{"ticker": "ITW", "price": {"title": "Illinois Tool Works Historical Annual Stock Price Data", "value": 200.94, "historical": {"2021": {"Average Stock Price": "202.7343", "Year Open": "203.1300", "Year High": "209.3400", "Year Low": "194.2100", "Year Close": "200.9400", "Annual % Change": "-1.44%"}, "2020": {"Average Stock Price": "182.0571", "Year Open": "181.6800", "Year High": "217.5400", "Year Low": "118.0900", "Year Close": "203.8800", "Annual % Change": "13.50%"}, "2019": {"Average Stock Price": "152.8262", "Year Open": "126.6000", "Year High": "181.2800", "Year Low": "123.4500", "Year Close": "179.6300", "Annual % Change": "41.79%"}, "2018": {"Average Stock Price": "146.5177", "Year Open": "165.2700", "Year High": "178.8800", "Year Low": "118.9500", "Year Close": "126.6900", "Annual % Change": "-24.07%"}, "2017": {"Average Stock Price": "142.6736", "Year Open": "122.5200", "Year High": "169.2500", "Year Low": "121.6100", "Year Close": "166.8500", "Annual % Change": "36.25%"}, "2016": {"Average Stock Price": "108.6798", "Year Open": "91.0600", "Year High": "127.9300", "Year Low": "81.0500", "Year Close": "122.4600", "Annual % Change": "32.13%"}, "2015": {"Average Stock Price": "92.4006", "Year Open": "94.6800", "Year High": "99.8100", "Year Low": "80.0900", "Year Close": "92.6800", "Annual % Change": "-2.13%"}, "2014": {"Average Stock Price": "86.1675", "Year Open": "83.1900", "Year High": "97.2100", "Year Low": "76.7800", "Year Close": "94.7000", "Annual % Change": "12.63%"}, "2013": {"Average Stock Price": "70.4550", "Year Open": "61.9800", "Year High": "84.0800", "Year Low": "59.7700", "Year Close": "84.0800", "Annual % Change": "38.27%"}, "2012": {"Average Stock Price": "56.7827", "Year Open": "48.0300", "Year High": "62.9500", "Year Low": "47.7900", "Year Close": "60.8100", "Annual % Change": "30.19%"}, "2011": {"Average Stock Price": "51.1140", "Year Open": "54.3900", "Year High": "59.0200", "Year Low": "40.1500", "Year Close": "46.7100", "Annual % Change": "-12.53%"}, "2010": {"Average Stock Price": "46.6448", "Year Open": "48.5700", "Year High": "53.7300", "Year Low": "40.7700", "Year Close": "53.4000", "Annual % Change": "11.27%"}, "2009": {"Average Stock Price": "38.7148", "Year Open": "36.6700", "Year High": "51.0200", "Year Low": "26.1900", "Year Close": "47.9900", "Annual % Change": "36.92%"}, "2008": {"Average Stock Price": "45.2348", "Year Open": "52.1700", "Year High": "55.2300", "Year Low": "28.7500", "Year Close": "35.0500", "Annual % Change": "-34.53%"}, "2007": {"Average Stock Price": "53.9484", "Year Open": "45.8900", "Year High": "60.0000", "Year Low": "45.8900", "Year Close": "53.5400", "Annual % Change": "15.91%"}, "2006": {"Average Stock Price": "46.5886", "Year Open": "44.7900", "Year High": "53.2900", "Year Low": "42.0000", "Year Close": "46.1900", "Annual % Change": "4.99%"}, "2005": {"Average Stock Price": "43.0408", "Year Open": "46.0800", "Year High": "47.1450", "Year Low": "39.4300", "Year Close": "43.9950", "Annual % Change": "-5.06%"}, "2004": {"Average Stock Price": "43.9697", "Year Open": "41.3150", "Year High": "47.9950", "Year Low": "36.7100", "Year Close": "46.3400", "Annual % Change": "10.45%"}, "2003": {"Average Stock Price": "33.8615", "Year Open": "33.8750", "Year High": "42.0750", "Year Low": "27.5750", "Year Close": "41.9550", "Annual % Change": "29.37%"}, "2002": {"Average Stock Price": "33.7146", "Year Open": "33.8700", "Year High": "38.6900", "Year Low": "27.8650", "Year Close": "32.4300", "Annual % Change": "-4.22%"}, "2001": {"Average Stock Price": "31.2398", "Year Open": "29.5300", "Year High": "35.6000", "Year Low": "24.5750", "Year Close": "33.8600", "Annual % Change": "13.70%"}, "2000": {"Average Stock Price": "29.1177", "Year Open": "31.9400", "Year High": "34.1550", "Year Low": "25.5300", "Year Close": "29.7800", "Annual % Change": "-11.84%"}, "1999": {"Average Stock Price": "35.4269", "Year Open": "30.1200", "Year High": "40.6650", "Year Low": "28.8800", "Year Close": "33.7800", "Annual % Change": "17.60%"}, "1998": {"Average Stock Price": "30.1095", "Year Open": "29.7500", "Year High": "35.9050", "Year Low": "22.3550", "Year Close": "28.7250", "Annual % Change": "-4.44%"}, "1997": {"Average Stock Price": "24.1108", "Year Open": "19.6875", "Year High": "30.0600", "Year Low": "19.1875", "Year Close": "30.0600", "Annual % Change": "50.53%"}, "1996": {"Average Stock Price": "17.1224", "Year Open": "14.6250", "Year High": "21.5625", "Year Low": "13.0000", "Year Close": "19.9700", "Annual % Change": "35.39%"}, "1995": {"Average Stock Price": "13.2600", "Year Open": "10.8450", "Year High": "15.8750", "Year Low": "10.0625", "Year Close": "14.7500", "Annual % Change": "34.86%"}, "1994": {"Average Stock Price": "10.3823", "Year Open": "9.7200", "Year High": "11.2800", "Year Low": "9.3750", "Year Close": "10.9375", "Annual % Change": "12.18%"}, "1993": {"Average Stock Price": "9.2698", "Year Open": "8.2350", "Year High": "10.1250", "Year Low": "8.2350", "Year Close": "9.7500", "Annual % Change": "19.54%"}, "1992": {"Average Stock Price": "7.9589", "Year Open": "8.1250", "Year High": "8.7500", "Year Low": "7.2188", "Year Close": "8.1563", "Annual % Change": "2.35%"}, "1991": {"Average Stock Price": "7.4070", "Year Open": "6.0313", "Year High": "8.6563", "Year Low": "5.7188", "Year Close": "7.9688", "Annual % Change": "32.12%"}, "1990": {"Average Stock Price": "5.9785", "Year Open": "5.8750", "Year High": "7.1563", "Year Low": "4.9375", "Year Close": "6.0313", "Annual % Change": "7.51%"}, "1989": {"Average Stock Price": "4.8585", "Year Open": "4.2350", "Year High": "5.8900", "Year Low": "4.1400", "Year Close": "5.6100", "Annual % Change": "29.15%"}, "1988": {"Average Stock Price": "4.4628", "Year Open": "4.2350", "Year High": "5.4225", "Year Low": "3.8438", "Year Close": "4.3438", "Annual % Change": "5.30%"}}}, "market cap": {"value": "$64.35B"}, "income statement": {"Revenue": {"2020-12-31": "12574.00000", "2019-12-31": "14109.00000", "2018-12-31": "14768.00000", "2017-12-31": "14314.00000", "2016-12-31": "13599.00000", "2015-12-31": "13405.00000", "2014-12-31": "14484.00000", "2013-12-31": "14135.00000", "2012-12-31": "14791.00000", "2011-12-31": "14515.00000", "2010-12-31": "15416.00000", "2009-12-31": "13573.00000", "2008-12-31": "17100.34000", "2007-12-31": "16110.27000", "2006-12-31": "12784.34000", "2005-12-31": "12540.36000"}, "Cost Of Goods Sold": {"2020-12-31": "7375.00000", "2019-12-31": "8187.00000", "2018-12-31": "8604.00000", "2017-12-31": "8306.00000", "2016-12-31": "7908.00000", "2015-12-31": "7888.00000", "2014-12-31": "8673.00000", "2013-12-31": "8554.00000", "2012-12-31": "9134.00000", "2011-12-31": "9089.00000", "2010-12-31": "9997.00000", "2009-12-31": "8953.38000", "2008-12-31": "11186.87000", "2007-12-31": "10430.96000", "2006-12-31": "8182.01400", "2005-12-31": "8158.92000"}, "Gross Profit": {"2020-12-31": "5199.00000", "2019-12-31": "5922.00000", "2018-12-31": "6164.00000", "2017-12-31": "6008.00000", "2016-12-31": "5691.00000", "2015-12-31": "5517.00000", "2014-12-31": "5811.00000", "2013-12-31": "5581.00000", "2012-12-31": "5657.00000", "2011-12-31": "5426.00000", "2010-12-31": "5419.00000", "2009-12-31": "4619.61600", "2008-12-31": "5913.47100", "2007-12-31": "5679.30500", "2006-12-31": "4602.32800", "2005-12-31": "4381.44000"}, "Research And Development Expenses": {"2020-12-31": "", "2019-12-31": "", "2018-12-31": "", "2017-12-31": "", "2016-12-31": "", "2015-12-31": "", "2014-12-31": "", "2013-12-31": "", "2012-12-31": "", "2011-12-31": "", "2010-12-31": "", "2009-12-31": "", "2008-12-31": "", "2007-12-31": "", "2006-12-31": "", "2005-12-31": ""}, "SG&A Expenses": {"2020-12-31": "2163.00000", "2019-12-31": "2361.00000", "2018-12-31": "2391.00000", "2017-12-31": "2412.00000", "2016-12-31": "2411.00000", "2015-12-31": "2417.00000", "2014-12-31": "2678.00000", "2013-12-31": "2815.00000", "2012-12-31": "2928.00000", "2011-12-31": "2846.00000", "2010-12-31": "2957.00000", "2009-12-31": "2933.61600", "2008-12-31": "3226.19900", "2007-12-31": "2903.68000", "2006-12-31": "2273.01700", "2005-12-31": "2182.36800"}, "Other Operating Income Or Expenses": {"2020-12-31": "", "2019-12-31": "", "2018-12-31": "", "2017-12-31": "95.00000", "2016-12-31": "", "2015-12-31": "", "2014-12-31": "", "2013-12-31": "", "2012-12-31": "", "2011-12-31": "", "2010-12-31": "", "2009-12-31": "", "2008-12-31": "", "2007-12-31": "", "2006-12-31": "", "2005-12-31": ""}, "Operating Expenses": {"2020-12-31": "9692.00000", "2019-12-31": "10707.00000", "2018-12-31": "11184.00000", "2017-12-31": "10829.00000", "2016-12-31": "10543.00000", "2015-12-31": "10538.00000", "2014-12-31": "11596.00000", "2013-12-31": "11621.00000", "2012-12-31": "12316.00000", "2011-12-31": "12154.00000", "2010-12-31": "13162.00000", "2009-12-31": "12190.03000", "2008-12-31": "14599.06000", "2007-12-31": "13482.50000", "2006-12-31": "10576.31000", "2005-12-31": "10425.13000"}, "Operating Income": {"2020-12-31": "2882.00000", "2019-12-31": "3402.00000", "2018-12-31": "3584.00000", "2017-12-31": "3485.00000", "2016-12-31": "3056.00000", "2015-12-31": "2867.00000", "2014-12-31": "2888.00000", "2013-12-31": "2514.00000", "2012-12-31": "2475.00000", "2011-12-31": "2361.00000", "2010-12-31": "2254.00000", "2009-12-31": "1382.96300", "2008-12-31": "2501.28600", "2007-12-31": "2627.76900", "2006-12-31": "2208.03500", "2005-12-31": "2115.23000"}, "Total Non-Operating Income/Expense": {"2020-12-31": "-178.00000", "2019-12-31": "-114.00000", "2018-12-31": "-190.00000", "2017-12-31": "-215.00000", "2016-12-31": "-148.00000", "2015-12-31": "-148.00000", "2014-12-31": "-189.00000", "2013-12-31": "-167.00000", "2012-12-31": "731.00000", "2011-12-31": "-138.00000", "2010-12-31": "-165.00000", "2009-12-31": "-169.04300", "2008-12-31": "-149.74800", "2007-12-31": "-43.82600", "2006-12-31": "5.69300", "2005-12-31": "41.01100"}, "Pre-Tax Income": {"2020-12-31": "2704.00000", "2019-12-31": "3288.00000", "2018-12-31": "3394.00000", "2017-12-31": "3270.00000", "2016-12-31": "2908.00000", "2015-12-31": "2719.00000", "2014-12-31": "2699.00000", "2013-12-31": "2347.00000", "2012-12-31": "3206.00000", "2011-12-31": "2223.00000", "2010-12-31": "2089.00000", "2009-12-31": "1213.92000", "2008-12-31": "2351.53800", "2007-12-31": "2583.94000", "2006-12-31": "2213.72800", "2005-12-31": "2156.24100"}, "Income Taxes": {"2020-12-31": "595.00000", "2019-12-31": "767.00000", "2018-12-31": "831.00000", "2017-12-31": "1583.00000", "2016-12-31": "873.00000", "2015-12-31": "820.00000", "2014-12-31": "809.00000", "2013-12-31": "717.00000", "2012-12-31": "973.00000", "2011-12-31": "448.00000", "2010-12-31": "637.00000", "2009-12-31": "245.28200", "2008-12-31": "660.44500", "2007-12-31": "756.24900", "2006-12-31": "646.67200", "2005-12-31": "675.80600"}, "Income After Taxes": {"2020-12-31": "2109.00000", "2019-12-31": "2521.00000", "2018-12-31": "2563.00000", "2017-12-31": "1687.00000", "2016-12-31": "2035.00000", "2015-12-31": "1899.00000", "2014-12-31": "1890.00000", "2013-12-31": "1630.00000", "2012-12-31": "2233.00000", "2011-12-31": "1775.00000", "2010-12-31": "1452.00000", "2009-12-31": "968.63810", "2008-12-31": "1691.09300", "2007-12-31": "1827.69100", "2006-12-31": "1567.05600", "2005-12-31": "1480.43500"}, "Other Income": {"2020-12-31": "", "2019-12-31": "", "2018-12-31": "", "2017-12-31": "", "2016-12-31": "", "2015-12-31": "", "2014-12-31": "", "2013-12-31": "", "2012-12-31": "", "2011-12-31": "", "2010-12-31": "", "2009-12-31": "", "2008-12-31": "", "2007-12-31": "", "2006-12-31": "", "2005-12-31": ""}, "Income From Continuous Operations": {"2020-12-31": "2109.00000", "2019-12-31": "2521.00000", "2018-12-31": "2563.00000", "2017-12-31": "1687.00000", "2016-12-31": "2035.00000", "2015-12-31": "1899.00000", "2014-12-31": "1890.00000", "2013-12-31": "1630.00000", "2012-12-31": "2233.00000", "2011-12-31": "1775.00000", "2010-12-31": "1452.00000", "2009-12-31": "968.63800", "2008-12-31": "1691.09300", "2007-12-31": "1827.69100", "2006-12-31": "1567.05600", "2005-12-31": "1480.43500"}, "Income From Discontinued Operations": {"2020-12-31": "", "2019-12-31": "", "2018-12-31": "", "2017-12-31": "", "2016-12-31": "", "2015-12-31": "", "2014-12-31": "1056.00000", "2013-12-31": "49.00000", "2012-12-31": "637.00000", "2011-12-31": "296.00000", "2010-12-31": "51.00000", "2009-12-31": "4.05900", "2008-12-31": "-172.09000", "2007-12-31": "42.17100", "2006-12-31": "150.69000", "2005-12-31": "14.43400"}, "Net Income": {"2020-12-31": "2109.00000", "2019-12-31": "2521.00000", "2018-12-31": "2563.00000", "2017-12-31": "1687.00000", "2016-12-31": "2035.00000", "2015-12-31": "1899.00000", "2014-12-31": "2946.00000", "2013-12-31": "1679.00000", "2012-12-31": "2870.00000", "2011-12-31": "2071.00000", "2010-12-31": "1503.00000", "2009-12-31": "972.69700", "2008-12-31": "1519.00300", "2007-12-31": "1869.86200", "2006-12-31": "1717.74600", "2005-12-31": "1494.86900"}, "EBITDA": {"2020-12-31": "2882.00000", "2019-12-31": "3828.00000", "2018-12-31": "4045.00000", "2017-12-31": "3947.00000", "2016-12-31": "3526.00000", "2015-12-31": "3344.00000", "2014-12-31": "3395.00000", "2013-12-31": "3127.00000", "2012-12-31": "3088.00000", "2011-12-31": "2955.00000", "2010-12-31": "2803.00000", "2009-12-31": "2067.80400", "2008-12-31": "3193.19300", "2007-12-31": "3152.51300", "2006-12-31": "2651.94100", "2005-12-31": "2498.30400"}, "EBIT": {"2020-12-31": "2882.00000", "2019-12-31": "3402.00000", "2018-12-31": "3584.00000", "2017-12-31": "3485.00000", "2016-12-31": "3056.00000", "2015-12-31": "2867.00000", "2014-12-31": "2888.00000", "2013-12-31": "2514.00000", "2012-12-31": "2475.00000", "2011-12-31": "2361.00000", "2010-12-31": "2254.00000", "2009-12-31": "1382.96300", "2008-12-31": "2501.28600", "2007-12-31": "2627.76900", "2006-12-31": "2208.03500", "2005-12-31": "2115.23000"}, "Basic Shares Outstanding": {"2020-12-31": "316.90000", "2019-12-31": "323.90000", "2018-12-31": "335.00000", "2017-12-31": "344.10000", "2016-12-31": "355.00000", "2015-12-31": "367.90000", "2014-12-31": "401.70000", "2013-12-31": "446.20000", "2012-12-31": "469.80000", "2011-12-31": "491.40000", "2010-12-31": "500.80000", "2009-12-31": "500.17700", "2008-12-31": "518.60900", "2007-12-31": "551.54900", "2006-12-31": "565.63200", "2005-12-31": "571.05800"}, "Shares Outstanding": {"2020-12-31": "318.30000", "2019-12-31": "325.60000", "2018-12-31": "337.10000", "2017-12-31": "346.80000", "2016-12-31": "357.10000", "2015-12-31": "370.10000", "2014-12-31": "404.60000", "2013-12-31": "449.30000", "2012-12-31": "473.20000", "2011-12-31": "494.60000", "2010-12-31": "503.30000", "2009-12-31": "501.92100", "2008-12-31": "521.21300", "2007-12-31": "556.03000", "2006-12-31": "569.89200", "2005-12-31": "575.43400"}, "Basic EPS": {"2020-12-31": "6.66000", "2019-12-31": "7.78000", "2018-12-31": "7.65000", "2017-12-31": "4.90000", "2016-12-31": "5.73000", "2015-12-31": "5.16000", "2014-12-31": "7.33000", "2013-12-31": "3.76000", "2012-12-31": "6.11000", "2011-12-31": "4.21000", "2010-12-31": "3.00000", "2009-12-31": "1.94000", "2008-12-31": "2.93000", "2007-12-31": "3.39000", "2006-12-31": "3.04000", "2005-12-31": "2.62000"}, "EPS - Earnings Per Share": {"2020-12-31": "6.63000", "2019-12-31": "7.74000", "2018-12-31": "7.60000", "2017-12-31": "4.86000", "2016-12-31": "5.70000", "2015-12-31": "5.13000", "2014-12-31": "7.28000", "2013-12-31": "3.74000", "2012-12-31": "6.06000", "2011-12-31": "4.19000", "2010-12-31": "2.99000", "2009-12-31": "1.94000", "2008-12-31": "2.91000", "2007-12-31": "3.36000", "2006-12-31": "3.01000", "2005-12-31": "2.60000"}}, "income statement, quarterly": {"Revenue": {"2020-12-31": "3475.00000", "2020-09-30": "3307.00000", "2020-06-30": "2564.00000", "2020-03-31": "3228.00000", "2019-12-31": "3469.00000", "2019-09-30": "3479.00000", "2019-06-30": "3609.00000", "2019-03-31": "3552.00000", "2018-12-31": "3580.00000", "2018-09-30": "3613.00000", "2018-06-30": "3831.00000", "2018-03-31": "3744.00000", "2017-12-31": "3629.00000", "2017-09-30": "3615.00000", "2017-06-30": "3599.00000", "2017-03-31": "3471.00000", "2016-12-31": "3399.00000", "2016-09-30": "3495.00000", "2016-06-30": "3431.00000", "2016-03-31": "3274.00000", "2015-12-31": "3275.00000", "2015-09-30": "3354.00000", "2015-06-30": "3434.00000", "2015-03-31": "3342.00000", "2014-12-31": "3504.00000", "2014-09-30": "3692.00000", "2014-06-30": "3719.00000", "2014-03-31": "3569.00000", "2013-12-31": "3554.00000", "2013-09-30": "3568.00000", "2013-06-30": "3593.00000", "2013-03-31": "3420.00000", "2012-12-31": "2237.00000", "2012-09-30": "3733.00000", "2012-06-30": "4463.00000", "2012-03-31": "4358.00000", "2011-12-31": "1048.00000", "2011-09-30": "4580.00000", "2011-06-30": "4615.00000", "2011-03-31": "4272.00000", "2010-12-31": "3809.21900", "2010-09-30": "3941.12400", "2010-06-30": "3928.05600", "2010-03-31": "3737.60100", "2009-12-31": "3453.35700", "2009-09-30": "3580.35400", "2009-06-30": "3392.90600", "2009-03-31": "3146.37900", "2008-12-31": "4256.56200", "2008-09-30": "4464.62100", "2008-06-30": "4555.88100", "2008-03-31": "3823.27800", "2007-12-31": "4512.39000", "2007-09-30": "3744.40200", "2007-06-30": "4136.83600", "2007-03-31": "3716.64100", "2006-12-31": "2369.82300", "2006-09-30": "3538.01400", "2006-06-30": "3579.47000", "2006-03-31": "3297.03600", "2005-12-31": "3002.26400", "2005-09-30": "3200.15400", "2005-06-30": "3286.06100", "2005-03-31": "3051.88100"}, "Cost Of Goods Sold": {"2020-12-31": "2000.00000", "2020-09-30": "1910.00000", "2020-06-30": "1594.00000", "2020-03-31": "1871.00000", "2019-12-31": "2022.00000", "2019-09-30": "2007.00000", "2019-06-30": "2099.00000", "2019-03-31": "2059.00000", "2018-12-31": "2096.00000", "2018-09-30": "2096.00000", "2018-06-30": "2231.00000", "2018-03-31": "2181.00000", "2017-12-31": "2124.00000", "2017-09-30": "2092.00000", "2017-06-30": "2087.00000", "2017-03-31": "2003.00000", "2016-12-31": "2018.00000", "2016-09-30": "2027.00000", "2016-06-30": "1967.00000", "2016-03-31": "1896.00000", "2015-12-31": "1941.00000", "2015-09-30": "1953.00000", "2015-06-30": "2024.00000", "2015-03-31": "1970.00000", "2014-12-31": "2114.00000", "2014-09-30": "2182.00000", "2014-06-30": "2219.00000", "2014-03-31": "2158.00000", "2013-12-31": "2173.00000", "2013-09-30": "2148.00000", "2013-06-30": "2155.00000", "2013-03-31": "2078.00000", "2012-12-31": "1268.00000", "2012-09-30": "2289.00000", "2012-06-30": "2814.00000", "2012-03-31": "2763.00000", "2011-12-31": "369.00000", "2011-09-30": "2962.00000", "2011-06-30": "2996.00000", "2011-03-31": "2762.00000", "2010-12-31": "2545.12300", "2010-09-30": "2548.45100", "2010-06-30": "2514.22200", "2010-03-31": "2389.20400", "2009-12-31": "2237.12500", "2009-09-30": "2315.17500", "2009-06-30": "2248.25300", "2009-03-31": "2152.82700", "2008-12-31": "2842.87100", "2008-09-30": "2936.59900", "2008-06-30": "2941.45700", "2008-03-31": "2465.94300", "2007-12-31": "2971.03000", "2007-09-30": "2389.52000", "2007-06-30": "2657.40500", "2007-03-31": "2413.01000", "2006-12-31": "1477.32700", "2006-09-30": "2292.19200", "2006-06-30": "2292.82100", "2006-03-31": "2119.67400", "2005-12-31": "1908.25700", "2005-09-30": "2077.75400", "2005-06-30": "2153.88400", "2005-03-31": "2019.02500"}, "Gross Profit": {"2020-12-31": "1475.00000", "2020-09-30": "1397.00000", "2020-06-30": "970.00000", "2020-03-31": "1357.00000", "2019-12-31": "1447.00000", "2019-09-30": "1472.00000", "2019-06-30": "1510.00000", "2019-03-31": "1493.00000", "2018-12-31": "1484.00000", "2018-09-30": "1517.00000", "2018-06-30": "1600.00000", "2018-03-31": "1563.00000", "2017-12-31": "1505.00000", "2017-09-30": "1523.00000", "2017-06-30": "1512.00000", "2017-03-31": "1468.00000", "2016-12-31": "1381.00000", "2016-09-30": "1468.00000", "2016-06-30": "1464.00000", "2016-03-31": "1378.00000", "2015-12-31": "1334.00000", "2015-09-30": "1401.00000", "2015-06-30": "1410.00000", "2015-03-31": "1372.00000", "2014-12-31": "1390.00000", "2014-09-30": "1510.00000", "2014-06-30": "1500.00000", "2014-03-31": "1411.00000", "2013-12-31": "1381.00000", "2013-09-30": "1420.00000", "2013-06-30": "1438.00000", "2013-03-31": "1342.00000", "2012-12-31": "969.00000", "2012-09-30": "1444.00000", "2012-06-30": "1649.00000", "2012-03-31": "1595.00000", "2011-12-31": "679.00000", "2011-09-30": "1618.00000", "2011-06-30": "1619.00000", "2011-03-31": "1510.00000", "2010-12-31": "1264.09600", "2010-09-30": "1392.67300", "2010-06-30": "1413.83400", "2010-03-31": "1348.39700", "2009-12-31": "1216.23200", "2009-09-30": "1265.17900", "2009-06-30": "1144.65300", "2009-03-31": "993.55200", "2008-12-31": "1413.69000", "2008-09-30": "1528.02200", "2008-06-30": "1614.42400", "2008-03-31": "1357.33500", "2007-12-31": "1541.36000", "2007-09-30": "1354.88200", "2007-06-30": "1479.43100", "2007-03-31": "1303.63100", "2006-12-31": "892.49540", "2006-09-30": "1245.82200", "2006-06-30": "1286.64900", "2006-03-31": "1177.36200", "2005-12-31": "1094.00700", "2005-09-30": "1122.40000", "2005-06-30": "1132.17700", "2005-03-31": "1032.85600"}, "Research And Development Expenses": {"2020-12-31": "", "2020-09-30": "", "2020-06-30": "", "2020-03-31": "", "2019-12-31": "", "2019-09-30": "", "2019-06-30": "", "2019-03-31": "", "2018-12-31": "", "2018-09-30": "", "2018-06-30": "", "2018-03-31": "", "2017-12-31": "", "2017-09-30": "", "2017-06-30": "", "2017-03-31": "", "2016-12-31": "", "2016-09-30": "", "2016-06-30": "", "2016-03-31": "", "2015-12-31": "", "2015-09-30": "", "2015-06-30": "", "2015-03-31": "", "2014-12-31": "", "2014-09-30": "", "2014-06-30": "", "2014-03-31": "", "2013-12-31": "", "2013-09-30": "", "2013-06-30": "", "2013-03-31": "", "2012-12-31": "", "2012-09-30": "", "2012-06-30": "", "2012-03-31": "", "2011-12-31": "", "2011-09-30": "", "2011-06-30": "", "2011-03-31": "", "2010-12-31": "", "2010-09-30": "", "2010-06-30": "", "2010-03-31": "", "2009-12-31": "", "2009-09-30": "", "2009-06-30": "", "2009-03-31": "", "2008-12-31": "", "2008-09-30": "", "2008-06-30": "", "2008-03-31": "", "2007-12-31": "", "2007-09-30": "", "2007-06-30": "", "2007-03-31": "", "2006-12-31": "", "2006-09-30": "", "2006-06-30": "", "2006-03-31": "", "2005-12-31": "", "2005-09-30": "", "2005-06-30": "", "2005-03-31": ""}, "SG&A Expenses": {"2020-12-31": "557.00000", "2020-09-30": "560.00000", "2020-06-30": "486.00000", "2020-03-31": "560.00000", "2019-12-31": "586.00000", "2019-09-30": "566.00000", "2019-06-30": "598.00000", "2019-03-31": "611.00000", "2018-12-31": "578.00000", "2018-09-30": "581.00000", "2018-06-30": "620.00000", "2018-03-31": "612.00000", "2017-12-31": "609.00000", "2017-09-30": "592.00000", "2017-06-30": "603.00000", "2017-03-31": "608.00000", "2016-12-31": "593.00000", "2016-09-30": "604.00000", "2016-06-30": "617.00000", "2016-03-31": "597.00000", "2015-12-31": "598.00000", "2015-09-30": "581.00000", "2015-06-30": "622.00000", "2015-03-31": "616.00000", "2014-12-31": "644.00000", "2014-09-30": "675.00000", "2014-06-30": "677.00000", "2014-03-31": "682.00000", "2013-12-31": "689.00000", "2013-09-30": "676.00000", "2013-06-30": "747.00000", "2013-03-31": "703.00000", "2012-12-31": "564.00000", "2012-09-30": "713.00000", "2012-06-30": "819.00000", "2012-03-31": "832.00000", "2011-12-31": "369.00000", "2011-09-30": "836.00000", "2011-06-30": "845.00000", "2011-03-31": "796.00000", "2010-12-31": "746.45520", "2010-09-30": "720.77600", "2010-06-30": "735.84700", "2010-03-31": "753.92200", "2009-12-31": "694.01200", "2009-09-30": "720.04200", "2009-06-30": "757.87100", "2009-03-31": "761.69100", "2008-12-31": "868.11310", "2008-09-30": "806.53300", "2008-06-30": "814.96200", "2008-03-31": "736.59100", "2007-12-31": "795.08490", "2007-09-30": "669.56300", "2007-06-30": "744.05600", "2007-03-31": "694.97600", "2006-12-31": "475.65610", "2006-09-30": "593.71900", "2006-06-30": "602.22100", "2006-03-31": "601.42100", "2005-12-31": "535.76190", "2005-09-30": "541.41400", "2005-06-30": "557.05800", "2005-03-31": "548.13400"}, "Other Operating Income Or Expenses": {"2020-12-31": "", "2020-09-30": "", "2020-06-30": "", "2020-03-31": "", "2019-12-31": "", "2019-09-30": "", "2019-06-30": "", "2019-03-31": "", "2018-12-31": "", "2018-09-30": "", "2018-06-30": "", "2018-03-31": "", "2017-12-31": "", "2017-09-30": "80.00000", "2017-06-30": "15.00000", "2017-03-31": "", "2016-12-31": "", "2016-09-30": "", "2016-06-30": "", "2016-03-31": "", "2015-12-31": "", "2015-09-30": "", "2015-06-30": "", "2015-03-31": "", "2014-12-31": "", "2014-09-30": "", "2014-06-30": "", "2014-03-31": "", "2013-12-31": "", "2013-09-30": "", "2013-06-30": "", "2013-03-31": "", "2012-12-31": "", "2012-09-30": "", "2012-06-30": "", "2012-03-31": "", "2011-12-31": "", "2011-09-30": "", "2011-06-30": "", "2011-03-31": "", "2010-12-31": "", "2010-09-30": "", "2010-06-30": "", "2010-03-31": "", "2009-12-31": "", "2009-09-30": "", "2009-06-30": "", "2009-03-31": "", "2008-12-31": "", "2008-09-30": "", "2008-06-30": "", "2008-03-31": "", "2007-12-31": "", "2007-09-30": "", "2007-06-30": "", "2007-03-31": "", "2006-12-31": "", "2006-09-30": "", "2006-06-30": "", "2006-03-31": "", "2005-12-31": "", "2005-09-30": "", "2005-06-30": "", "2005-03-31": ""}, "Operating Expenses": {"2020-12-31": "2592.00000", "2020-09-30": "2518.00000", "2020-06-30": "2115.00000", "2020-03-31": "2467.00000", "2019-12-31": "2645.00000", "2019-09-30": "2611.00000", "2019-06-30": "2738.00000", "2019-03-31": "2713.00000", "2018-12-31": "2720.00000", "2018-09-30": "2724.00000", "2018-06-30": "2899.00000", "2018-03-31": "2841.00000", "2017-12-31": "2783.00000", "2017-09-30": "2655.00000", "2017-06-30": "2727.00000", "2017-03-31": "2664.00000", "2016-12-31": "2665.00000", "2016-09-30": "2687.00000", "2016-06-30": "2639.00000", "2016-03-31": "2552.00000", "2015-12-31": "2596.00000", "2015-09-30": "2593.00000", "2015-06-30": "2704.00000", "2015-03-31": "2645.00000", "2014-12-31": "2818.00000", "2014-09-30": "2920.00000", "2014-06-30": "2956.00000", "2014-03-31": "2902.00000", "2013-12-31": "2926.00000", "2013-09-30": "2890.00000", "2013-06-30": "2963.00000", "2013-03-31": "2842.00000", "2012-12-31": "1881.00000", "2012-09-30": "3066.00000", "2012-06-30": "3705.00000", "2012-03-31": "3664.00000", "2011-12-31": "771.00000", "2011-09-30": "3866.00000", "2011-06-30": "3904.00000", "2011-03-31": "3613.00000", "2010-12-31": "3342.52100", "2010-09-30": "3321.39900", "2010-06-30": "3302.02100", "2010-03-31": "3196.06000", "2009-12-31": "2980.11900", "2009-09-30": "3096.75900", "2009-06-30": "3058.07100", "2009-03-31": "3055.08500", "2008-12-31": "3762.81400", "2008-09-30": "3793.62300", "2008-06-30": "3798.72200", "2008-03-31": "3243.89700", "2007-12-31": "3798.25200", "2007-09-30": "3094.84500", "2007-06-30": "3441.24000", "2007-03-31": "3148.16400", "2006-12-31": "1988.38500", "2006-09-30": "2911.14800", "2006-06-30": "2919.70600", "2006-03-31": "2757.06800", "2005-12-31": "2470.88800", "2005-09-30": "2634.93800", "2005-06-30": "2726.15500", "2005-03-31": "2593.14900"}, "Operating Income": {"2020-12-31": "883.00000", "2020-09-30": "789.00000", "2020-06-30": "449.00000", "2020-03-31": "761.00000", "2019-12-31": "824.00000", "2019-09-30": "868.00000", "2019-06-30": "871.00000", "2019-03-31": "839.00000", "2018-12-31": "860.00000", "2018-09-30": "889.00000", "2018-06-30": "932.00000", "2018-03-31": "903.00000", "2017-12-31": "846.00000", "2017-09-30": "960.00000", "2017-06-30": "872.00000", "2017-03-31": "807.00000", "2016-12-31": "734.00000", "2016-09-30": "808.00000", "2016-06-30": "792.00000", "2016-03-31": "722.00000", "2015-12-31": "679.00000", "2015-09-30": "761.00000", "2015-06-30": "730.00000", "2015-03-31": "697.00000", "2014-12-31": "686.00000", "2014-09-30": "772.00000", "2014-06-30": "763.00000", "2014-03-31": "667.00000", "2013-12-31": "628.00000", "2013-09-30": "678.00000", "2013-06-30": "630.00000", "2013-03-31": "578.00000", "2012-12-31": "356.00000", "2012-09-30": "667.00000", "2012-06-30": "758.00000", "2012-03-31": "694.00000", "2011-12-31": "277.00000", "2011-09-30": "714.00000", "2011-06-30": "711.00000", "2011-03-31": "659.00000", "2010-12-31": "466.69820", "2010-09-30": "619.72510", "2010-06-30": "626.03520", "2010-03-31": "541.54100", "2009-12-31": "473.23850", "2009-09-30": "483.59500", "2009-06-30": "334.83520", "2009-03-31": "91.29420", "2008-12-31": "493.74780", "2008-09-30": "670.99800", "2008-06-30": "757.15890", "2008-03-31": "579.38090", "2007-12-31": "714.13820", "2007-09-30": "649.55710", "2007-06-30": "695.59570", "2007-03-31": "568.47710", "2006-12-31": "381.43770", "2006-09-30": "626.86600", "2006-06-30": "659.76390", "2006-03-31": "539.96800", "2005-12-31": "531.37570", "2005-09-30": "565.21610", "2005-06-30": "559.90630", "2005-03-31": "458.73220"}, "Total Non-Operating Income/Expense": {"2020-12-31": "-59.00000", "2020-09-30": "-50.00000", "2020-06-30": "-43.00000", "2020-03-31": "-26.00000", "2019-12-31": "7.00000", "2019-09-30": "-26.00000", "2019-06-30": "-46.00000", "2019-03-31": "-49.00000", "2018-12-31": "-44.00000", "2018-09-30": "-54.00000", "2018-06-30": "-38.00000", "2018-03-31": "-54.00000", "2017-12-31": "-50.00000", "2017-09-30": "-54.00000", "2017-06-30": "-53.00000", "2017-03-31": "-58.00000", "2016-12-31": "-8.00000", "2016-09-30": "-45.00000", "2016-06-30": "-41.00000", "2016-03-31": "-54.00000", "2015-12-31": "-45.00000", "2015-09-30": "-36.00000", "2015-06-30": "-34.00000", "2015-03-31": "-33.00000", "2014-12-31": "-29.00000", "2014-09-30": "-48.00000", "2014-06-30": "-57.00000", "2014-03-31": "-55.00000", "2013-12-31": "-55.00000", "2013-09-30": "-50.00000", "2013-06-30": "-49.00000", "2013-03-31": "-13.00000", "2012-12-31": "850.00000", "2012-09-30": "-51.00000", "2012-06-30": "-26.00000", "2012-03-31": "-42.00000", "2011-12-31": "-46.00000", "2011-09-30": "-24.00000", "2011-06-30": "-30.00000", "2011-03-31": "-38.00000", "2010-12-31": "-41.67300", "2010-09-30": "-42.52900", "2010-06-30": "-41.06200", "2010-03-31": "-39.73600", "2009-12-31": "-35.01000", "2009-09-30": "-34.53100", "2009-06-30": "-63.72500", "2009-03-31": "-35.77700", "2008-12-31": "-57.86200", "2008-09-30": "-21.47700", "2008-06-30": "-12.29400", "2008-03-31": "-58.11500", "2007-12-31": "-28.16000", "2007-09-30": "-2.75900", "2007-06-30": "-3.58200", "2007-03-31": "-9.32500", "2006-12-31": "-7.28500", "2006-09-30": "15.02600", "2006-06-30": "6.69000", "2006-03-31": "-8.73800", "2005-12-31": "15.67500", "2005-09-30": "34.98600", "2005-06-30": "-13.52400", "2005-03-31": "3.87400"}, "Pre-Tax Income": {"2020-12-31": "824.00000", "2020-09-30": "739.00000", "2020-06-30": "406.00000", "2020-03-31": "735.00000", "2019-12-31": "831.00000", "2019-09-30": "842.00000", "2019-06-30": "825.00000", "2019-03-31": "790.00000", "2018-12-31": "816.00000", "2018-09-30": "835.00000", "2018-06-30": "894.00000", "2018-03-31": "849.00000", "2017-12-31": "796.00000", "2017-09-30": "906.00000", "2017-06-30": "819.00000", "2017-03-31": "749.00000", "2016-12-31": "726.00000", "2016-09-30": "763.00000", "2016-06-30": "751.00000", "2016-03-31": "668.00000", "2015-12-31": "634.00000", "2015-09-30": "725.00000", "2015-06-30": "696.00000", "2015-03-31": "664.00000", "2014-12-31": "657.00000", "2014-09-30": "724.00000", "2014-06-30": "706.00000", "2014-03-31": "612.00000", "2013-12-31": "573.00000", "2013-09-30": "628.00000", "2013-06-30": "581.00000", "2013-03-31": "565.00000", "2012-12-31": "1206.00000", "2012-09-30": "616.00000", "2012-06-30": "732.00000", "2012-03-31": "652.00000", "2011-12-31": "231.00000", "2011-09-30": "690.00000", "2011-06-30": "681.00000", "2011-03-31": "621.00000", "2010-12-31": "425.02590", "2010-09-30": "577.19600", "2010-06-30": "584.97300", "2010-03-31": "501.80500", "2009-12-31": "438.22910", "2009-09-30": "449.06400", "2009-06-30": "271.11000", "2009-03-31": "55.51700", "2008-12-31": "435.88610", "2008-09-30": "649.52100", "2008-06-30": "744.86500", "2008-03-31": "521.26600", "2007-12-31": "685.97600", "2007-09-30": "646.79800", "2007-06-30": "692.01400", "2007-03-31": "559.15200", "2006-12-31": "374.15200", "2006-09-30": "641.89200", "2006-06-30": "666.45400", "2006-03-31": "531.23000", "2005-12-31": "547.05090", "2005-09-30": "600.20200", "2005-06-30": "546.38200", "2005-03-31": "462.60600"}, "Income Taxes": {"2020-12-31": "182.00000", "2020-09-30": "157.00000", "2020-06-30": "87.00000", "2020-03-31": "169.00000", "2019-12-31": "190.00000", "2019-09-30": "182.00000", "2019-06-30": "202.00000", "2019-03-31": "193.00000", "2018-12-31": "209.00000", "2018-09-30": "197.00000", "2018-06-30": "228.00000", "2018-03-31": "197.00000", "2017-12-31": "872.00000", "2017-09-30": "266.00000", "2017-06-30": "232.00000", "2017-03-31": "213.00000", "2016-12-31": "219.00000", "2016-09-30": "228.00000", "2016-06-30": "226.00000", "2016-03-31": "200.00000", "2015-12-31": "184.00000", "2015-09-30": "214.00000", "2015-06-30": "216.00000", "2015-03-31": "206.00000", "2014-12-31": "196.00000", "2014-09-30": "217.00000", "2014-06-30": "212.00000", "2014-03-31": "184.00000", "2013-12-31": "166.00000", "2013-09-30": "222.00000", "2013-06-30": "165.00000", "2013-03-31": "164.00000", "2012-12-31": "401.00000", "2012-09-30": "171.00000", "2012-06-30": "213.00000", "2012-03-31": "188.00000", "2011-12-31": "36.00000", "2011-09-30": "200.00000", "2011-06-30": "197.00000", "2011-03-31": "15.00000", "2010-12-31": "109.67700", "2010-09-30": "174.14200", "2010-06-30": "185.18100", "2010-03-31": "168.00000", "2009-12-31": "-56.51800", "2009-09-30": "146.10000", "2009-06-30": "92.16700", "2009-03-31": "63.53300", "2008-12-31": "107.94400", "2008-09-30": "184.93500", "2008-06-30": "216.16100", "2008-03-31": "151.40500", "2007-12-31": "187.83500", "2007-09-30": "182.69700", "2007-06-30": "211.57800", "2007-03-31": "174.13900", "2006-12-31": "85.57200", "2006-09-30": "195.80000", "2006-06-30": "200.60000", "2006-03-31": "164.70000", "2005-12-31": "160.90600", "2005-09-30": "192.00000", "2005-06-30": "172.60000", "2005-03-31": "150.30000"}, "Income After Taxes": {"2020-12-31": "642.00000", "2020-09-30": "582.00000", "2020-06-30": "319.00000", "2020-03-31": "566.00000", "2019-12-31": "641.00000", "2019-09-30": "660.00000", "2019-06-30": "623.00000", "2019-03-31": "597.00000", "2018-12-31": "607.00000", "2018-09-30": "638.00000", "2018-06-30": "666.00000", "2018-03-31": "652.00000", "2017-12-31": "-76.00000", "2017-09-30": "640.00000", "2017-06-30": "587.00000", "2017-03-31": "536.00000", "2016-12-31": "507.00000", "2016-09-30": "535.00000", "2016-06-30": "525.00000", "2016-03-31": "468.00000", "2015-12-31": "450.00000", "2015-09-30": "511.00000", "2015-06-30": "480.00000", "2015-03-31": "458.00000", "2014-12-31": "461.00000", "2014-09-30": "507.00000", "2014-06-30": "494.00000", "2014-03-31": "428.00000", "2013-12-31": "407.00000", "2013-09-30": "406.00000", "2013-06-30": "416.00000", "2013-03-31": "401.00000", "2012-12-31": "805.00000", "2012-09-30": "445.00000", "2012-06-30": "519.00000", "2012-03-31": "464.00000", "2011-12-31": "195.00000", "2011-09-30": "490.00000", "2011-06-30": "484.00000", "2011-03-31": "606.00000", "2010-12-31": "315.34910", "2010-09-30": "403.05400", "2010-06-30": "399.79200", "2010-03-31": "333.80500", "2009-12-31": "494.74710", "2009-09-30": "302.96400", "2009-06-30": "178.94300", "2009-03-31": "-8.01600", "2008-12-31": "327.94210", "2008-09-30": "464.58600", "2008-06-30": "528.70400", "2008-03-31": "369.86100", "2007-12-31": "498.14100", "2007-09-30": "464.10100", "2007-06-30": "480.43600", "2007-03-31": "385.01300", "2006-12-31": "288.58000", "2006-09-30": "446.09200", "2006-06-30": "465.85400", "2006-03-31": "366.53000", "2005-12-31": "386.14500", "2005-09-30": "408.20200", "2005-06-30": "373.78200", "2005-03-31": "312.30600"}, "Other Income": {"2020-12-31": "", "2020-09-30": "", "2020-06-30": "", "2020-03-31": "", "2019-12-31": "", "2019-09-30": "", "2019-06-30": "", "2019-03-31": "", "2018-12-31": "", "2018-09-30": "", "2018-06-30": "", "2018-03-31": "", "2017-12-31": "", "2017-09-30": "", "2017-06-30": "", "2017-03-31": "", "2016-12-31": "", "2016-09-30": "", "2016-06-30": "", "2016-03-31": "", "2015-12-31": "", "2015-09-30": "", "2015-06-30": "", "2015-03-31": "", "2014-12-31": "", "2014-09-30": "", "2014-06-30": "", "2014-03-31": "", "2013-12-31": "", "2013-09-30": "", "2013-06-30": "", "2013-03-31": "", "2012-12-31": "", "2012-09-30": "", "2012-06-30": "", "2012-03-31": "", "2011-12-31": "", "2011-09-30": "", "2011-06-30": "", "2011-03-31": "", "2010-12-31": "", "2010-09-30": "", "2010-06-30": "", "2010-03-31": "", "2009-12-31": "", "2009-09-30": "", "2009-06-30": "", "2009-03-31": "", "2008-12-31": "", "2008-09-30": "", "2008-06-30": "", "2008-03-31": "", "2007-12-31": "", "2007-09-30": "", "2007-06-30": "", "2007-03-31": "", "2006-12-31": "", "2006-09-30": "", "2006-06-30": "", "2006-03-31": "", "2005-12-31": "", "2005-09-30": "", "2005-06-30": "", "2005-03-31": ""}, "Income From Continuous Operations": {"2020-12-31": "642.00000", "2020-09-30": "582.00000", "2020-06-30": "319.00000", "2020-03-31": "566.00000", "2019-12-31": "641.00000", "2019-09-30": "660.00000", "2019-06-30": "623.00000", "2019-03-31": "597.00000", "2018-12-31": "607.00000", "2018-09-30": "638.00000", "2018-06-30": "666.00000", "2018-03-31": "652.00000", "2017-12-31": "-76.00000", "2017-09-30": "640.00000", "2017-06-30": "587.00000", "2017-03-31": "536.00000", "2016-12-31": "507.00000", "2016-09-30": "535.00000", "2016-06-30": "525.00000", "2016-03-31": "468.00000", "2015-12-31": "450.00000", "2015-09-30": "511.00000", "2015-06-30": "480.00000", "2015-03-31": "458.00000", "2014-12-31": "461.00000", "2014-09-30": "507.00000", "2014-06-30": "494.00000", "2014-03-31": "428.00000", "2013-12-31": "407.00000", "2013-09-30": "406.00000", "2013-06-30": "416.00000", "2013-03-31": "401.00000", "2012-12-31": "805.00000", "2012-09-30": "445.00000", "2012-06-30": "519.00000", "2012-03-31": "464.00000", "2011-12-31": "195.00000", "2011-09-30": "490.00000", "2011-06-30": "484.00000", "2011-03-31": "606.00000", "2010-12-31": "315.34910", "2010-09-30": "403.05400", "2010-06-30": "399.79200", "2010-03-31": "333.80500", "2009-12-31": "494.74700", "2009-09-30": "302.96400", "2009-06-30": "178.94300", "2009-03-31": "-8.01600", "2008-12-31": "327.94210", "2008-09-30": "464.58600", "2008-06-30": "528.70400", "2008-03-31": "369.86100", "2007-12-31": "498.14110", "2007-09-30": "464.10100", "2007-06-30": "480.43600", "2007-03-31": "385.01300", "2006-12-31": "288.58000", "2006-09-30": "446.09200", "2006-06-30": "465.85400", "2006-03-31": "366.53000", "2005-12-31": "386.14510", "2005-09-30": "408.20200", "2005-06-30": "373.78200", "2005-03-31": "312.30600"}, "Income From Discontinued Operations": {"2020-12-31": "", "2020-09-30": "", "2020-06-30": "", "2020-03-31": "", "2019-12-31": "", "2019-09-30": "", "2019-06-30": "", "2019-03-31": "", "2018-12-31": "", "2018-09-30": "", "2018-06-30": "", "2018-03-31": "", "2017-12-31": "", "2017-09-30": "", "2017-06-30": "", "2017-03-31": "", "2016-12-31": "", "2016-09-30": "", "2016-06-30": "", "2016-03-31": "", "2015-12-31": "", "2015-09-30": "", "2015-06-30": "", "2015-03-31": "", "2014-12-31": "-11.00000", "2014-09-30": "24.00000", "2014-06-30": "998.00000", "2014-03-31": "45.00000", "2013-12-31": "1.00000", "2013-09-30": "46.00000", "2013-06-30": "49.00000", "2013-03-31": "-47.00000", "2012-12-31": "174.00000", "2012-09-30": "79.00000", "2012-06-30": "362.00000", "2012-03-31": "22.00000", "2011-12-31": "247.00000", "2011-09-30": "17.00000", "2011-06-30": "15.00000", "2011-03-31": "17.00000", "2010-12-31": "20.36200", "2010-09-30": "18.97400", "2010-06-30": "11.66400", "2010-03-31": "", "2009-12-31": "38.34100", "2009-09-30": "-0.54600", "2009-06-30": "-2.37800", "2009-03-31": "-31.35800", "2008-12-31": "-94.16800", "2008-09-30": "-11.06800", "2008-06-30": "-0.61400", "2008-03-31": "-66.24000", "2007-12-31": "-27.40800", "2007-09-30": "26.98700", "2007-06-30": "25.17000", "2007-03-31": "17.42200", "2006-12-31": "", "2006-09-30": "", "2006-06-30": "", "2006-03-31": "", "2005-12-31": "", "2005-09-30": "", "2005-06-30": "", "2005-03-31": ""}, "Net Income": {"2020-12-31": "642.00000", "2020-09-30": "582.00000", "2020-06-30": "319.00000", "2020-03-31": "566.00000", "2019-12-31": "641.00000", "2019-09-30": "660.00000", "2019-06-30": "623.00000", "2019-03-31": "597.00000", "2018-12-31": "607.00000", "2018-09-30": "638.00000", "2018-06-30": "666.00000", "2018-03-31": "652.00000", "2017-12-31": "-76.00000", "2017-09-30": "640.00000", "2017-06-30": "587.00000", "2017-03-31": "536.00000", "2016-12-31": "507.00000", "2016-09-30": "535.00000", "2016-06-30": "525.00000", "2016-03-31": "468.00000", "2015-12-31": "450.00000", "2015-09-30": "511.00000", "2015-06-30": "480.00000", "2015-03-31": "458.00000", "2014-12-31": "450.00000", "2014-09-30": "531.00000", "2014-06-30": "1492.00000", "2014-03-31": "473.00000", "2013-12-31": "408.00000", "2013-09-30": "452.00000", "2013-06-30": "465.00000", "2013-03-31": "354.00000", "2012-12-31": "979.00000", "2012-09-30": "524.00000", "2012-06-30": "881.00000", "2012-03-31": "486.00000", "2011-12-31": "442.00000", "2011-09-30": "507.00000", "2011-06-30": "499.00000", "2011-03-31": "623.00000", "2010-12-31": "335.71090", "2010-09-30": "422.02800", "2010-06-30": "411.45600", "2010-03-31": "333.80500", "2009-12-31": "533.08810", "2009-09-30": "302.41800", "2009-06-30": "176.56500", "2009-03-31": "-39.37400", "2008-12-31": "233.77410", "2008-09-30": "453.51800", "2008-06-30": "528.09000", "2008-03-31": "303.62100", "2007-12-31": "470.73310", "2007-09-30": "491.08800", "2007-06-30": "505.60600", "2007-03-31": "402.43500", "2006-12-31": "439.26990", "2006-09-30": "446.09200", "2006-06-30": "465.85400", "2006-03-31": "366.53000", "2005-12-31": "400.57900", "2005-09-30": "408.20200", "2005-06-30": "373.78200", "2005-03-31": "312.30600"}, "EBITDA": {"2020-12-31": "", "2020-09-30": "907.00000", "2020-06-30": "549.00000", "2020-03-31": "865.00000", "2019-12-31": "929.00000", "2019-09-30": "972.00000", "2019-06-30": "978.00000", "2019-03-31": "949.00000", "2018-12-31": "975.00000", "2018-09-30": "1004.00000", "2018-06-30": "1048.00000", "2018-03-31": "1018.00000", "2017-12-31": "964.00000", "2017-09-30": "1076.00000", "2017-06-30": "986.00000", "2017-03-31": "921.00000", "2016-12-31": "852.00000", "2016-09-30": "928.00000", "2016-06-30": "907.00000", "2016-03-31": "839.00000", "2015-12-31": "800.00000", "2015-09-30": "881.00000", "2015-06-30": "848.00000", "2015-03-31": "815.00000", "2014-12-31": "806.00000", "2014-09-30": "900.00000", "2014-06-30": "892.00000", "2014-03-31": "797.00000", "2013-12-31": "762.00000", "2013-09-30": "825.00000", "2013-06-30": "774.00000", "2013-03-31": "766.00000", "2012-12-31": "508.00000", "2012-09-30": "819.00000", "2012-06-30": "914.00000", "2012-03-31": "847.00000", "2011-12-31": "430.00000", "2011-09-30": "868.00000", "2011-06-30": "859.00000", "2011-03-31": "798.00000", "2010-12-31": "606.47720", "2010-09-30": "756.18410", "2010-06-30": "762.46510", "2010-03-31": "677.87300", "2009-12-31": "631.68760", "2009-09-30": "634.84000", "2009-06-30": "487.87620", "2009-03-31": "313.40020", "2008-12-31": "628.23970", "2008-09-30": "853.01110", "2008-06-30": "900.97890", "2008-03-31": "810.96290", "2007-12-31": "856.08620", "2007-09-30": "777.59710", "2007-06-30": "825.17470", "2007-03-31": "693.65410", "2006-12-31": "507.43180", "2006-09-30": "733.28200", "2006-06-30": "761.51590", "2006-03-31": "649.71200", "2005-12-31": "632.03580", "2005-09-30": "659.19810", "2005-06-30": "649.71230", "2005-03-31": "557.35820"}, "EBIT": {"2020-12-31": "883.00000", "2020-09-30": "789.00000", "2020-06-30": "449.00000", "2020-03-31": "761.00000", "2019-12-31": "824.00000", "2019-09-30": "868.00000", "2019-06-30": "871.00000", "2019-03-31": "839.00000", "2018-12-31": "860.00000", "2018-09-30": "889.00000", "2018-06-30": "932.00000", "2018-03-31": "903.00000", "2017-12-31": "846.00000", "2017-09-30": "960.00000", "2017-06-30": "872.00000", "2017-03-31": "807.00000", "2016-12-31": "734.00000", "2016-09-30": "808.00000", "2016-06-30": "792.00000", "2016-03-31": "722.00000", "2015-12-31": "679.00000", "2015-09-30": "761.00000", "2015-06-30": "730.00000", "2015-03-31": "697.00000", "2014-12-31": "686.00000", "2014-09-30": "772.00000", "2014-06-30": "763.00000", "2014-03-31": "667.00000", "2013-12-31": "628.00000", "2013-09-30": "678.00000", "2013-06-30": "630.00000", "2013-03-31": "578.00000", "2012-12-31": "356.00000", "2012-09-30": "667.00000", "2012-06-30": "758.00000", "2012-03-31": "694.00000", "2011-12-31": "277.00000", "2011-09-30": "714.00000", "2011-06-30": "711.00000", "2011-03-31": "659.00000", "2010-12-31": "466.69870", "2010-09-30": "619.72510", "2010-06-30": "626.03520", "2010-03-31": "541.54100", "2009-12-31": "473.23850", "2009-09-30": "483.59500", "2009-06-30": "334.83520", "2009-03-31": "91.29420", "2008-12-31": "493.74830", "2008-09-30": "670.99800", "2008-06-30": "757.15890", "2008-03-31": "579.38090", "2007-12-31": "714.13870", "2007-09-30": "649.55710", "2007-06-30": "695.59570", "2007-03-31": "568.47710", "2006-12-31": "381.43730", "2006-09-30": "626.86600", "2006-06-30": "659.76390", "2006-03-31": "539.96800", "2005-12-31": "531.37600", "2005-09-30": "565.21610", "2005-06-30": "559.90630", "2005-03-31": "458.73220"}, "Basic Shares Outstanding": {"2020-12-31": "316.70000", "2020-09-30": "316.50000", "2020-06-30": "316.10000", "2020-03-31": "318.30000", "2019-12-31": "323.90000", "2019-09-30": "322.30000", "2019-06-30": "324.80000", "2019-03-31": "327.30000", "2018-12-31": "335.00000", "2018-09-30": "333.30000", "2018-06-30": "336.70000", "2018-03-31": "340.20000", "2017-12-31": "344.10000", "2017-09-30": "343.40000", "2017-06-30": "344.70000", "2017-03-31": "346.20000", "2016-12-31": "355.00000", "2016-09-30": "353.50000", "2016-06-30": "356.60000", "2016-03-31": "362.00000", "2015-12-31": "367.90000", "2015-09-30": "365.10000", "2015-06-30": "366.20000", "2015-03-31": "376.60000", "2014-12-31": "401.70000", "2014-09-30": "394.00000", "2014-06-30": "404.70000", "2014-03-31": "421.90000", "2013-12-31": "446.20000", "2013-09-30": "445.90000", "2013-06-30": "449.60000", "2013-03-31": "451.70000", "2012-12-31": "469.80000", "2012-09-30": "464.80000", "2012-06-30": "472.90000", "2012-03-31": "482.00000", "2011-12-31": "491.40000", "2011-09-30": "486.30000", "2011-06-30": "497.80000", "2011-03-31": "498.60000", "2010-12-31": "500.80000", "2010-09-30": "500.75100", "2010-06-30": "503.26500", "2010-03-31": "502.42400", "2009-12-31": "500.17700", "2009-09-30": "500.31300", "2009-06-30": "499.38900", "2009-03-31": "499.18900", "2008-12-31": "518.60900", "2008-09-30": "517.91400", "2008-06-30": "521.48800", "2008-03-31": "526.29900", "2007-12-31": "551.54900", "2007-09-30": "549.56100", "2007-06-30": "556.79300", "2007-03-31": "559.00100", "2006-12-31": "565.63200", "2006-09-30": "567.63700", "2006-06-30": "567.44600", "2006-03-31": "563.87400", "2005-12-31": "571.05800", "2005-09-30": "565.59600", "2005-06-30": "575.80500", "2005-03-31": "582.78800"}, "Shares Outstanding": {"2020-12-31": "318.10000", "2020-09-30": "317.90000", "2020-06-30": "317.40000", "2020-03-31": "319.70000", "2019-12-31": "325.60000", "2019-09-30": "324.00000", "2019-06-30": "326.60000", "2019-03-31": "329.60000", "2018-12-31": "337.10000", "2018-09-30": "335.30000", "2018-06-30": "338.90000", "2018-03-31": "342.80000", "2017-12-31": "346.80000", "2017-09-30": "346.00000", "2017-06-30": "347.50000", "2017-03-31": "349.00000", "2016-12-31": "357.10000", "2016-09-30": "355.50000", "2016-06-30": "358.50000", "2016-03-31": "363.90000", "2015-12-31": "370.10000", "2015-09-30": "367.10000", "2015-06-30": "368.40000", "2015-03-31": "379.20000", "2014-12-31": "404.60000", "2014-09-30": "396.80000", "2014-06-30": "407.60000", "2014-03-31": "425.00000", "2013-12-31": "449.30000", "2013-09-30": "448.90000", "2013-06-30": "452.50000", "2013-03-31": "454.80000", "2012-12-31": "473.20000", "2012-09-30": "468.10000", "2012-06-30": "476.10000", "2012-03-31": "485.60000", "2011-12-31": "494.60000", "2011-09-30": "488.80000", "2011-06-30": "501.90000", "2011-03-31": "502.70000", "2010-12-31": "503.30000", "2010-09-30": "503.14900", "2010-06-30": "506.29700", "2010-03-31": "505.01400", "2009-12-31": "501.92100", "2009-09-30": "502.18700", "2009-06-30": "500.87500", "2009-03-31": "499.18900", "2008-12-31": "521.21300", "2008-09-30": "521.08600", "2008-06-30": "525.20900", "2008-03-31": "529.72500", "2007-12-31": "556.03000", "2007-09-30": "554.25500", "2007-06-30": "561.24400", "2007-03-31": "563.28000", "2006-12-31": "569.89200", "2006-09-30": "570.92900", "2006-06-30": "571.95400", "2006-03-31": "567.68900", "2005-12-31": "575.43400", "2005-09-30": "570.01800", "2005-06-30": "580.03000", "2005-03-31": "587.20000"}, "Basic EPS": {"2020-12-31": "2.03000", "2020-09-30": "1.84000", "2020-06-30": "1.01000", "2020-03-31": "1.78000", "2019-12-31": "1.99000", "2019-09-30": "2.05000", "2019-06-30": "1.92000", "2019-03-31": "1.82000", "2018-12-31": "1.84000", "2018-09-30": "1.91000", "2018-06-30": "1.98000", "2018-03-31": "1.92000", "2017-12-31": "-0.21000", "2017-09-30": "1.86000", "2017-06-30": "1.70000", "2017-03-31": "1.55000", "2016-12-31": "1.46000", "2016-09-30": "1.51000", "2016-06-30": "1.47000", "2016-03-31": "1.29000", "2015-12-31": "1.23000", "2015-09-30": "1.40000", "2015-06-30": "1.31000", "2015-03-31": "1.22000", "2014-12-31": "1.17000", "2014-09-30": "1.35000", "2014-06-30": "3.69000", "2014-03-31": "1.12000", "2013-12-31": "0.93000", "2013-09-30": "1.01000", "2013-06-30": "1.04000", "2013-03-31": "0.78000", "2012-12-31": "2.11000", "2012-09-30": "1.13000", "2012-06-30": "1.86000", "2012-03-31": "1.01000", "2011-12-31": "0.92000", "2011-09-30": "1.04000", "2011-06-30": "1.00000", "2011-03-31": "1.25000", "2010-12-31": "0.68000", "2010-09-30": "0.84000", "2010-06-30": "0.82000", "2010-03-31": "0.66000", "2009-12-31": "1.07000", "2009-09-30": "0.60000", "2009-06-30": "0.35000", "2009-03-31": "-0.08000", "2008-12-31": "0.46000", "2008-09-30": "0.88000", "2008-06-30": "1.01000", "2008-03-31": "0.58000", "2007-12-31": "0.87000", "2007-09-30": "0.89000", "2007-06-30": "0.91000", "2007-03-31": "0.72000", "2006-12-31": "0.78000", "2006-09-30": "0.79000", "2006-06-30": "0.82000", "2006-03-31": "0.65000", "2005-12-31": "0.71500", "2005-09-30": "0.72000", "2005-06-30": "0.65000", "2005-03-31": "0.53500"}, "EPS - Earnings Per Share": {"2020-12-31": "2.02000", "2020-09-30": "1.83000", "2020-06-30": "1.01000", "2020-03-31": "1.77000", "2019-12-31": "1.98000", "2019-09-30": "2.04000", "2019-06-30": "1.91000", "2019-03-31": "1.81000", "2018-12-31": "1.83000", "2018-09-30": "1.90000", "2018-06-30": "1.97000", "2018-03-31": "1.90000", "2017-12-31": "-0.22000", "2017-09-30": "1.85000", "2017-06-30": "1.69000", "2017-03-31": "1.54000", "2016-12-31": "1.45000", "2016-09-30": "1.50000", "2016-06-30": "1.46000", "2016-03-31": "1.29000", "2015-12-31": "1.23000", "2015-09-30": "1.39000", "2015-06-30": "1.30000", "2015-03-31": "1.21000", "2014-12-31": "1.16000", "2014-09-30": "1.34000", "2014-06-30": "3.66000", "2014-03-31": "1.12000", "2013-12-31": "0.92000", "2013-09-30": "1.01000", "2013-06-30": "1.03000", "2013-03-31": "0.78000", "2012-12-31": "2.09000", "2012-09-30": "1.12000", "2012-06-30": "1.85000", "2012-03-31": "1.00000", "2011-12-31": "0.92000", "2011-09-30": "1.04000", "2011-06-30": "0.99000", "2011-03-31": "1.24000", "2010-12-31": "0.68000", "2010-09-30": "0.84000", "2010-06-30": "0.81000", "2010-03-31": "0.66000", "2009-12-31": "1.07000", "2009-09-30": "0.60000", "2009-06-30": "0.35000", "2009-03-31": "-0.08000", "2008-12-31": "0.46000", "2008-09-30": "0.87000", "2008-06-30": "1.01000", "2008-03-31": "0.57000", "2007-12-31": "0.86000", "2007-09-30": "0.89000", "2007-06-30": "0.90000", "2007-03-31": "0.71000", "2006-12-31": "0.77000", "2006-09-30": "0.78000", "2006-06-30": "0.81000", "2006-03-31": "0.65000", "2005-12-31": "0.71000", "2005-09-30": "0.72000", "2005-06-30": "0.64000", "2005-03-31": "0.53000"}}, "balance sheet": {"Cash On Hand": {"2020-12-31": "2564.00000", "2019-12-31": "1981.00000", "2018-12-31": "1504.00000", "2017-12-31": "3094.00000", "2016-12-31": "2472.00000", "2015-12-31": "3090.00000", "2014-12-31": "3990.00000", "2013-12-31": "3618.00000", "2012-12-31": "2779.00000", "2011-12-31": "1178.00000", "2010-12-31": "1186.36700", "2009-12-31": "1318.77200", "2008-12-31": "742.95000", "2007-12-31": "827.52400", "2006-12-31": "590.20700", "2005-12-31": "370.41700"}, "Receivables": {"2020-12-31": "2506.00000", "2019-12-31": "2461.00000", "2018-12-31": "2622.00000", "2017-12-31": "2628.00000", "2016-12-31": "2357.00000", "2015-12-31": "2203.00000", "2014-12-31": "2293.00000", "2013-12-31": "2365.00000", "2012-12-31": "2742.00000", "2011-12-31": "2819.00000", "2010-12-31": "2581.59200", "2009-12-31": "2491.49200", "2008-12-31": "2571.98700", "2007-12-31": "2915.54600", "2006-12-31": "2471.27300", "2005-12-31": "2098.27600"}, "Inventory": {"2020-12-31": "1189.00000", "2019-12-31": "1164.00000", "2018-12-31": "1318.00000", "2017-12-31": "1220.00000", "2016-12-31": "1076.00000", "2015-12-31": "1086.00000", "2014-12-31": "1180.00000", "2013-12-31": "1247.00000", "2012-12-31": "1585.00000", "2011-12-31": "1716.00000", "2010-12-31": "1634.85600", "2009-12-31": "1356.23300", "2008-12-31": "1774.69700", "2007-12-31": "1625.82000", "2006-12-31": "1482.50800", "2005-12-31": "1203.06300"}, "Pre-Paid Expenses": {"2020-12-31": "264.00000", "2019-12-31": "296.00000", "2018-12-31": "334.00000", "2017-12-31": "336.00000", "2016-12-31": "218.00000", "2015-12-31": "341.00000", "2014-12-31": "401.00000", "2013-12-31": "366.00000", "2012-12-31": "522.00000", "2011-12-31": "384.00000", "2010-12-31": "266.18700", "2009-12-31": "276.24000", "2008-12-31": "375.77800", "2007-12-31": "464.14300", "2006-12-31": "465.55700", "2005-12-31": "271.11000"}, "Other Current Assets": {"2020-12-31": "", "2019-12-31": "", "2018-12-31": "", "2017-12-31": "", "2016-12-31": "", "2015-12-31": "", "2014-12-31": "", "2013-12-31": "", "2012-12-31": "", "2011-12-31": "", "2010-12-31": "", "2009-12-31": "", "2008-12-31": "", "2007-12-31": "", "2006-12-31": "", "2005-12-31": ""}, "Total Current Assets": {"2020-12-31": "6523.00000", "2019-12-31": "6253.00000", "2018-12-31": "5778.00000", "2017-12-31": "7278.00000", "2016-12-31": "6123.00000", "2015-12-31": "6720.00000", "2014-12-31": "7864.00000", "2013-12-31": "9816.00000", "2012-12-31": "7960.00000", "2011-12-31": "6849.00000", "2010-12-31": "5970.48800", "2009-12-31": "5674.59500", "2008-12-31": "5753.97900", "2007-12-31": "6165.65500", "2006-12-31": "5206.40500", "2005-12-31": "4111.60500"}, "Property, Plant, And Equipment": {"2020-12-31": "1777.00000", "2019-12-31": "1729.00000", "2018-12-31": "1791.00000", "2017-12-31": "1778.00000", "2016-12-31": "1652.00000", "2015-12-31": "1577.00000", "2014-12-31": "1686.00000", "2013-12-31": "1709.00000", "2012-12-31": "1994.00000", "2011-12-31": "2025.00000", "2010-12-31": "2066.15600", "2009-12-31": "2136.52700", "2008-12-31": "2109.43200", "2007-12-31": "2194.01000", "2006-12-31": "2053.45700", "2005-12-31": "1807.10900"}, "Long-Term Investments": {"2020-12-31": "", "2019-12-31": "", "2018-12-31": "", "2017-12-31": "", "2016-12-31": "", "2015-12-31": "", "2014-12-31": "", "2013-12-31": "", "2012-12-31": "", "2011-12-31": "409.00000", "2010-12-31": "440.76000", "2009-12-31": "451.29300", "2008-12-31": "465.89400", "2007-12-31": "507.56700", "2006-12-31": "595.08300", "2005-12-31": "896.48700"}, "Goodwill And Intangible Assets": {"2020-12-31": "5471.00000", "2019-12-31": "5343.00000", "2018-12-31": "5717.00000", "2017-12-31": "6024.00000", "2016-12-31": "6021.00000", "2015-12-31": "5999.00000", "2014-12-31": "6466.00000", "2013-12-31": "6885.00000", "2012-12-31": "7788.00000", "2011-12-31": "7431.00000", "2010-12-31": "6702.83400", "2009-12-31": "6584.14900", "2008-12-31": "6297.21900", "2007-12-31": "5683.34100", "2006-12-31": "5138.68700", "2005-12-31": "3678.93800"}, "Other Long-Term Assets": {"2020-12-31": "1308.00000", "2019-12-31": "1227.00000", "2018-12-31": "1030.00000", "2017-12-31": "1195.00000", "2016-12-31": "956.00000", "2015-12-31": "1087.00000", "2014-12-31": "1111.00000", "2013-12-31": "1197.00000", "2012-12-31": "1176.00000", "2011-12-31": "636.00000", "2010-12-31": "616.74700", "2009-12-31": "562.37600", "2008-12-31": "501.02800", "2007-12-31": "913.87300", "2006-12-31": "770.56200", "2005-12-31": "906.23500"}, "Total Long-Term Assets": {"2020-12-31": "9089.00000", "2019-12-31": "8815.00000", "2018-12-31": "9092.00000", "2017-12-31": "9502.00000", "2016-12-31": "9078.00000", "2015-12-31": "9009.00000", "2014-12-31": "9601.00000", "2013-12-31": "10150.00000", "2012-12-31": "11349.00000", "2011-12-31": "11135.00000", "2010-12-31": "10441.82000", "2009-12-31": "10407.39000", "2008-12-31": "9449.57200", "2007-12-31": "9360.20700", "2006-12-31": "8674.03400", "2005-12-31": "7334.03800"}, "Total Assets": {"2020-12-31": "15612.00000", "2019-12-31": "15068.00000", "2018-12-31": "14870.00000", "2017-12-31": "16780.00000", "2016-12-31": "15201.00000", "2015-12-31": "15729.00000", "2014-12-31": "17465.00000", "2013-12-31": "19966.00000", "2012-12-31": "19309.00000", "2011-12-31": "17984.00000", "2010-12-31": "16412.31000", "2009-12-31": "16081.98000", "2008-12-31": "15203.55000", "2007-12-31": "15525.86000", "2006-12-31": "13880.44000", "2005-12-31": "11445.64000"}, "Total Current Liabilities": {"2020-12-31": "2589.00000", "2019-12-31": "2154.00000", "2018-12-31": "3542.00000", "2017-12-31": "3053.00000", "2016-12-31": "2760.00000", "2015-12-31": "2368.00000", "2014-12-31": "3525.00000", "2013-12-31": "6034.00000", "2012-12-31": "2651.00000", "2011-12-31": "2977.00000", "2010-12-31": "3022.85200", "2009-12-31": "2835.63800", "2008-12-31": "4825.09300", "2007-12-31": "2960.28500", "2006-12-31": "2636.58400", "2005-12-31": "2000.73100"}, "Long Term Debt": {"2020-12-31": "7772.00000", "2019-12-31": "7754.00000", "2018-12-31": "6029.00000", "2017-12-31": "7478.00000", "2016-12-31": "7177.00000", "2015-12-31": "6896.00000", "2014-12-31": "5943.00000", "2013-12-31": "2793.00000", "2012-12-31": "4589.00000", "2011-12-31": "3488.00000", "2010-12-31": "2542.08700", "2009-12-31": "2914.87400", "2008-12-31": "1247.88300", "2007-12-31": "1888.83900", "2006-12-31": "955.61000", "2005-12-31": "958.32100"}, "Other Non-Current Liabilities": {"2020-12-31": "1481.00000", "2019-12-31": "1462.00000", "2018-12-31": "1334.00000", "2017-12-31": "1496.00000", "2016-12-31": "871.00000", "2015-12-31": "981.00000", "2014-12-31": "1002.00000", "2013-12-31": "923.00000", "2012-12-31": "1255.00000", "2011-12-31": "1368.00000", "2010-12-31": "1080.78300", "2009-12-31": "1305.91900", "2008-12-31": "1330.39500", "2007-12-31": "1064.75500", "2006-12-31": "1011.57800", "2005-12-31": "939.69600"}, "Total Long Term Liabilities": {"2020-12-31": "9841.00000", "2019-12-31": "9884.00000", "2018-12-31": "8070.00000", "2017-12-31": "9138.00000", "2016-12-31": "8182.00000", "2015-12-31": "8133.00000", "2014-12-31": "7116.00000", "2013-12-31": "4223.00000", "2012-12-31": "6088.00000", "2011-12-31": "4973.00000", "2010-12-31": "3817.46000", "2009-12-31": "4428.47000", "2008-12-31": "2703.36700", "2007-12-31": "3214.25200", "2006-12-31": "2226.34700", "2005-12-31": "1898.01700"}, "Total Liabilities": {"2020-12-31": "12430.00000", "2019-12-31": "12038.00000", "2018-12-31": "11612.00000", "2017-12-31": "12191.00000", "2016-12-31": "10942.00000", "2015-12-31": "10501.00000", "2014-12-31": "10641.00000", "2013-12-31": "10257.00000", "2012-12-31": "8739.00000", "2011-12-31": "7950.00000", "2010-12-31": "6840.31200", "2009-12-31": "7264.10800", "2008-12-31": "7528.45900", "2007-12-31": "6174.53700", "2006-12-31": "4862.93100", "2005-12-31": "3898.74800"}, "Common Stock Net": {"2020-12-31": "6.00000", "2019-12-31": "6.00000", "2018-12-31": "6.00000", "2017-12-31": "6.00000", "2016-12-31": "6.00000", "2015-12-31": "6.00000", "2014-12-31": "6.00000", "2013-12-31": "6.00000", "2012-12-31": "5.00000", "2011-12-31": "5.00000", "2010-12-31": "5.38500", "2009-12-31": "5.35000", "2008-12-31": "5.31800", "2007-12-31": "5.62500", "2006-12-31": "6.30900", "2005-12-31": "3.12000"}, "Retained Earnings (Accumulated Deficit)": {"2020-12-31": "23114.00000", "2019-12-31": "22403.00000", "2018-12-31": "21217.00000", "2017-12-31": "20210.00000", "2016-12-31": "19505.00000", "2015-12-31": "18316.00000", "2014-12-31": "17173.00000", "2013-12-31": "14943.00000", "2012-12-31": "13973.00000", "2011-12-31": "11794.00000", "2010-12-31": "10407.95000", "2009-12-31": "9521.74000", "2008-12-31": "9196.46500", "2007-12-31": "9879.06500", "2006-12-31": "10406.51000", "2005-12-31": "9112.32800"}, "Comprehensive Income": {"2020-12-31": "-1642.00000", "2019-12-31": "-1705.00000", "2018-12-31": "-1677.00000", "2017-12-31": "-1287.00000", "2016-12-31": "-1807.00000", "2015-12-31": "-1504.00000", "2014-12-31": "-658.00000", "2013-12-31": "384.00000", "2012-12-31": "293.00000", "2011-12-31": "224.00000", "2010-12-31": "427.15500", "2009-12-31": "400.72600", "2008-12-31": "-253.21100", "2007-12-31": "1050.78600", "2006-12-31": "446.63900", "2005-12-31": "122.01200"}, "Other Share Holders Equity": {"2020-12-31": "", "2019-12-31": "", "2018-12-31": "", "2017-12-31": "", "2016-12-31": "", "2015-12-31": "", "2014-12-31": "", "2013-12-31": "", "2012-12-31": "", "2011-12-31": "", "2010-12-31": "", "2009-12-31": "", "2008-12-31": "", "2007-12-31": "", "2006-12-31": "", "2005-12-31": ""}, "Share Holder Equity": {"2020-12-31": "3182.00000", "2019-12-31": "3030.00000", "2018-12-31": "3258.00000", "2017-12-31": "4589.00000", "2016-12-31": "4259.00000", "2015-12-31": "5228.00000", "2014-12-31": "6824.00000", "2013-12-31": "9709.00000", "2012-12-31": "10570.00000", "2011-12-31": "10034.00000", "2010-12-31": "9571.99900", "2009-12-31": "8817.87600", "2008-12-31": "7675.09100", "2007-12-31": "9351.32500", "2006-12-31": "9017.50800", "2005-12-31": "7546.89500"}, "Total Liabilities And Share Holders Equity": {"2020-12-31": "15612.00000", "2019-12-31": "15068.00000", "2018-12-31": "14870.00000", "2017-12-31": "16780.00000", "2016-12-31": "15201.00000", "2015-12-31": "15729.00000", "2014-12-31": "17465.00000", "2013-12-31": "19966.00000", "2012-12-31": "19309.00000", "2011-12-31": "17984.00000", "2010-12-31": "16412.31000", "2009-12-31": "16081.98000", "2008-12-31": "15203.55000", "2007-12-31": "15525.86000", "2006-12-31": "13880.44000", "2005-12-31": "11445.64000"}}, "balance sheet, quarterly": {"Cash On Hand": {"2020-12-31": "2564.00000", "2020-09-30": "2169.00000", "2020-06-30": "1812.00000", "2020-03-31": "1430.00000", "2019-12-31": "1981.00000", "2019-09-30": "1825.00000", "2019-06-30": "1677.00000", "2019-03-31": "1755.00000", "2018-12-31": "1504.00000", "2018-09-30": "1589.00000", "2018-06-30": "1628.00000", "2018-03-31": "1940.00000", "2017-12-31": "3094.00000", "2017-09-30": "2785.00000", "2017-06-30": "2496.00000", "2017-03-31": "2493.00000", "2016-12-31": "2472.00000", "2016-09-30": "2299.00000", "2016-06-30": "2355.00000", "2016-03-31": "2448.00000", "2015-12-31": "3090.00000", "2015-09-30": "3001.00000", "2015-06-30": "2858.00000", "2015-03-31": "2672.00000", "2014-12-31": "3990.00000", "2014-09-30": "4820.00000", "2014-06-30": "5297.00000", "2014-03-31": "3547.00000", "2013-12-31": "3618.00000", "2013-09-30": "3018.00000", "2013-06-30": "2768.00000", "2013-03-31": "2662.00000", "2012-12-31": "2779.00000", "2012-09-30": "2054.00000", "2012-06-30": "1692.00000", "2012-03-31": "1304.00000", "2011-12-31": "1178.00000", "2011-09-30": "1318.88500", "2011-06-30": "1230.66200", "2011-03-31": "1084.47000", "2010-12-31": "1186.36700", "2010-09-30": "1649.10100", "2010-06-30": "1265.23700", "2010-03-31": "1417.56600", "2009-12-31": "1318.77200", "2009-09-30": "942.85600", "2009-06-30": "616.40300", "2009-03-31": "1121.09900", "2008-12-31": "742.95000", "2008-09-30": "867.61800", "2008-06-30": "640.17400", "2008-03-31": "927.44100", "2007-12-31": "827.52400", "2007-09-30": "602.10400", "2007-06-30": "481.50800", "2007-03-31": "574.57500", "2006-12-31": "590.20700", "2006-09-30": "617.91200", "2006-06-30": "459.18600", "2006-03-31": "454.47000", "2005-12-31": "370.41700", "2005-09-30": "351.34500", "2005-06-30": "858.67900", "2005-03-31": "1052.94100"}, "Receivables": {"2020-12-31": "2506.00000", "2020-09-30": "2494.00000", "2020-06-30": "2156.00000", "2020-03-31": "2424.00000", "2019-12-31": "2461.00000", "2019-09-30": "2499.00000", "2019-06-30": "2629.00000", "2019-03-31": "2715.00000", "2018-12-31": "2622.00000", "2018-09-30": "2777.00000", "2018-06-30": "2878.00000", "2018-03-31": "2874.00000", "2017-12-31": "2628.00000", "2017-09-30": "2672.00000", "2017-06-30": "2629.00000", "2017-03-31": "2534.00000", "2016-12-31": "2357.00000", "2016-09-30": "2496.00000", "2016-06-30": "2413.00000", "2016-03-31": "2394.00000", "2015-12-31": "2203.00000", "2015-09-30": "2339.00000", "2015-06-30": "2412.00000", "2015-03-31": "2367.00000", "2014-12-31": "2293.00000", "2014-09-30": "2519.00000", "2014-06-30": "2598.00000", "2014-03-31": "2563.00000", "2013-12-31": "2365.00000", "2013-09-30": "2493.00000", "2013-06-30": "2907.00000", "2013-03-31": "2789.00000", "2012-12-31": "2742.00000", "2012-09-30": "3062.00000", "2012-06-30": "3164.00000", "2012-03-31": "3134.00000", "2011-12-31": "2819.00000", "2011-09-30": "2985.35400", "2011-06-30": "3146.00500", "2011-03-31": "2981.23000", "2010-12-31": "2581.59200", "2010-09-30": "2627.69600", "2010-06-30": "2582.66300", "2010-03-31": "2450.43800", "2009-12-31": "2491.49200", "2009-09-30": "2410.66700", "2009-06-30": "2393.17600", "2009-03-31": "2076.01300", "2008-12-31": "2571.98700", "2008-09-30": "2981.70700", "2008-06-30": "3302.28500", "2008-03-31": "3014.39100", "2007-12-31": "2915.54600", "2007-09-30": "2842.41400", "2007-06-30": "2882.69800", "2007-03-31": "2681.51500", "2006-12-31": "2471.27300", "2006-09-30": "2369.65400", "2006-06-30": "2374.17200", "2006-03-31": "2191.69800", "2005-12-31": "2098.27600", "2005-09-30": "2168.59200", "2005-06-30": "2134.21500", "2005-03-31": "2132.49200"}, "Inventory": {"2020-12-31": "1189.00000", "2020-09-30": "1149.00000", "2020-06-30": "1167.00000", "2020-03-31": "1185.00000", "2019-12-31": "1164.00000", "2019-09-30": "1209.00000", "2019-06-30": "1256.00000", "2019-03-31": "1346.00000", "2018-12-31": "1318.00000", "2018-09-30": "1338.00000", "2018-06-30": "1320.00000", "2018-03-31": "1335.00000", "2017-12-31": "1220.00000", "2017-09-30": "1225.00000", "2017-06-30": "1199.00000", "2017-03-31": "1158.00000", "2016-12-31": "1076.00000", "2016-09-30": "1167.00000", "2016-06-30": "1145.00000", "2016-03-31": "1134.00000", "2015-12-31": "1086.00000", "2015-09-30": "1153.00000", "2015-06-30": "1191.00000", "2015-03-31": "1187.00000", "2014-12-31": "1180.00000", "2014-09-30": "1265.00000", "2014-06-30": "1305.00000", "2014-03-31": "1298.00000", "2013-12-31": "1247.00000", "2013-09-30": "1308.00000", "2013-06-30": "1490.00000", "2013-03-31": "1514.00000", "2012-12-31": "1585.00000", "2012-09-30": "1760.00000", "2012-06-30": "1796.00000", "2012-03-31": "1824.00000", "2011-12-31": "1716.00000", "2011-09-30": "1794.32700", "2011-06-30": "1919.67900", "2011-03-31": "1824.08100", "2010-12-31": "1634.85600", "2010-09-30": "1544.72800", "2010-06-30": "1458.17900", "2010-03-31": "1413.08400", "2009-12-31": "1356.23300", "2009-09-30": "1361.20100", "2009-06-30": "1438.63700", "2009-03-31": "1470.94600", "2008-12-31": "1774.69700", "2008-09-30": "1835.52500", "2008-06-30": "1845.62100", "2008-03-31": "1766.01900", "2007-12-31": "1625.82000", "2007-09-30": "1607.75900", "2007-06-30": "1612.38000", "2007-03-31": "1601.70500", "2006-12-31": "1482.50800", "2006-09-30": "1444.56000", "2006-06-30": "1370.04700", "2006-03-31": "1279.10800", "2005-12-31": "1203.06300", "2005-09-30": "1229.66700", "2005-06-30": "1274.53800", "2005-03-31": "1361.40300"}, "Pre-Paid Expenses": {"2020-12-31": "264.00000", "2020-09-30": "219.00000", "2020-06-30": "253.00000", "2020-03-31": "244.00000", "2019-12-31": "296.00000", "2019-09-30": "292.00000", "2019-06-30": "288.00000", "2019-03-31": "259.00000", "2018-12-31": "334.00000", "2018-09-30": "236.00000", "2018-06-30": "293.00000", "2018-03-31": "274.00000", "2017-12-31": "336.00000", "2017-09-30": "230.00000", "2017-06-30": "246.00000", "2017-03-31": "245.00000", "2016-12-31": "218.00000", "2016-09-30": "223.00000", "2016-06-30": "254.00000", "2016-03-31": "265.00000", "2015-12-31": "341.00000", "2015-09-30": "287.00000", "2015-06-30": "387.00000", "2015-03-31": "253.00000", "2014-12-31": "401.00000", "2014-09-30": "282.00000", "2014-06-30": "284.00000", "2014-03-31": "345.00000", "2013-12-31": "366.00000", "2013-09-30": "421.00000", "2013-06-30": "452.00000", "2013-03-31": "486.00000", "2012-12-31": "522.00000", "2012-09-30": "364.00000", "2012-06-30": "449.00000", "2012-03-31": "360.00000", "2011-12-31": "384.00000", "2011-09-30": "498.11000", "2011-06-30": "507.43600", "2011-03-31": "394.88700", "2010-12-31": "266.18700", "2010-09-30": "285.97700", "2010-06-30": "243.35900", "2010-03-31": "282.21400", "2009-12-31": "276.24000", "2009-09-30": "327.08300", "2009-06-30": "453.42400", "2009-03-31": "363.48200", "2008-12-31": "375.77800", "2008-09-30": "505.85900", "2008-06-30": "553.05900", "2008-03-31": "529.92600", "2007-12-31": "464.14300", "2007-09-30": "431.93200", "2007-06-30": "463.79200", "2007-03-31": "444.16000", "2006-12-31": "465.55700", "2006-09-30": "462.44800", "2006-06-30": "426.99900", "2006-03-31": "245.03700", "2005-12-31": "271.11000", "2005-09-30": "144.26800", "2005-06-30": "143.02000", "2005-03-31": "174.01900"}, "Other Current Assets": {"2020-12-31": "", "2020-09-30": "", "2020-06-30": "", "2020-03-31": "", "2019-12-31": "", "2019-09-30": "", "2019-06-30": "", "2019-03-31": "", "2018-12-31": "", "2018-09-30": "", "2018-06-30": "", "2018-03-31": "", "2017-12-31": "", "2017-09-30": "", "2017-06-30": "", "2017-03-31": "", "2016-12-31": "", "2016-09-30": "", "2016-06-30": "", "2016-03-31": "", "2015-12-31": "", "2015-09-30": "", "2015-06-30": "", "2015-03-31": "", "2014-12-31": "", "2014-09-30": "", "2014-06-30": "", "2014-03-31": "", "2013-12-31": "", "2013-09-30": "", "2013-06-30": "", "2013-03-31": "", "2012-12-31": "", "2012-09-30": "", "2012-06-30": "", "2012-03-31": "", "2011-12-31": "", "2011-09-30": "", "2011-06-30": "", "2011-03-31": "", "2010-12-31": "", "2010-09-30": "", "2010-06-30": "", "2010-03-31": "", "2009-12-31": "", "2009-09-30": "", "2009-06-30": "", "2009-03-31": "", "2008-12-31": "", "2008-09-30": "", "2008-06-30": "", "2008-03-31": "", "2007-12-31": "", "2007-09-30": "", "2007-06-30": "", "2007-03-31": "", "2006-12-31": "", "2006-09-30": "", "2006-06-30": "", "2006-03-31": "", "2005-12-31": "", "2005-09-30": "", "2005-06-30": "", "2005-03-31": ""}, "Total Current Assets": {"2020-12-31": "6523.00000", "2020-09-30": "6031.00000", "2020-06-30": "5609.00000", "2020-03-31": "5506.00000", "2019-12-31": "6253.00000", "2019-09-30": "6245.00000", "2019-06-30": "6289.00000", "2019-03-31": "6075.00000", "2018-12-31": "5778.00000", "2018-09-30": "5940.00000", "2018-06-30": "6119.00000", "2018-03-31": "6423.00000", "2017-12-31": "7278.00000", "2017-09-30": "6912.00000", "2017-06-30": "6570.00000", "2017-03-31": "6430.00000", "2016-12-31": "6123.00000", "2016-09-30": "6185.00000", "2016-06-30": "6167.00000", "2016-03-31": "6241.00000", "2015-12-31": "6720.00000", "2015-09-30": "6969.00000", "2015-06-30": "7033.00000", "2015-03-31": "6667.00000", "2014-12-31": "7864.00000", "2014-09-30": "9152.00000", "2014-06-30": "9791.00000", "2014-03-31": "10028.00000", "2013-12-31": "9816.00000", "2013-09-30": "9582.00000", "2013-06-30": "8213.00000", "2013-03-31": "8110.00000", "2012-12-31": "7960.00000", "2012-09-30": "7650.00000", "2012-06-30": "7551.00000", "2012-03-31": "7389.00000", "2011-12-31": "6849.00000", "2011-09-30": "7334.41900", "2011-06-30": "7557.07900", "2011-03-31": "6596.42300", "2010-12-31": "5970.48800", "2010-09-30": "6334.84000", "2010-06-30": "5766.47000", "2010-03-31": "5792.35100", "2009-12-31": "5674.59500", "2009-09-30": "5285.09100", "2009-06-30": "5131.99400", "2009-03-31": "5685.71900", "2008-12-31": "5753.97900", "2008-09-30": "6978.95900", "2008-06-30": "6550.24200", "2008-03-31": "6428.71700", "2007-12-31": "6165.65500", "2007-09-30": "5702.41400", "2007-06-30": "5654.28300", "2007-03-31": "5504.46300", "2006-12-31": "5206.40500", "2006-09-30": "5091.75100", "2006-06-30": "4816.25800", "2006-03-31": "4352.10000", "2005-12-31": "4111.60500", "2005-09-30": "4052.82500", "2005-06-30": "4567.11600", "2005-03-31": "4856.24200"}, "Property, Plant, And Equipment": {"2020-12-31": "1777.00000", "2020-09-30": "1736.00000", "2020-06-30": "1711.00000", "2020-03-31": "1704.00000", "2019-12-31": "1729.00000", "2019-09-30": "1693.00000", "2019-06-30": "1717.00000", "2019-03-31": "1765.00000", "2018-12-31": "1791.00000", "2018-09-30": "1799.00000", "2018-06-30": "1783.00000", "2018-03-31": "1829.00000", "2017-12-31": "1778.00000", "2017-09-30": "1759.00000", "2017-06-30": "1726.00000", "2017-03-31": "1674.00000", "2016-12-31": "1652.00000", "2016-09-30": "1702.00000", "2016-06-30": "1580.00000", "2016-03-31": "1598.00000", "2015-12-31": "1577.00000", "2015-09-30": "1601.00000", "2015-06-30": "1636.00000", "2015-03-31": "1624.00000", "2014-12-31": "1686.00000", "2014-09-30": "1693.00000", "2014-06-30": "1700.00000", "2014-03-31": "1699.00000", "2013-12-31": "1709.00000", "2013-09-30": "1667.00000", "2013-06-30": "1936.00000", "2013-03-31": "1960.00000", "2012-12-31": "1994.00000", "2012-09-30": "2081.00000", "2012-06-30": "2067.00000", "2012-03-31": "2100.00000", "2011-12-31": "2025.00000", "2011-09-30": "2037.93400", "2011-06-30": "2132.01300", "2011-03-31": "2122.29600", "2010-12-31": "2066.15600", "2010-09-30": "1952.56700", "2010-06-30": "1943.87800", "2010-03-31": "2035.50300", "2009-12-31": "2136.52700", "2009-09-30": "2107.10300", "2009-06-30": "2137.98200", "2009-03-31": "1926.40400", "2008-12-31": "2109.43200", "2008-09-30": "2120.76900", "2008-06-30": "2285.04900", "2008-03-31": "2247.64100", "2007-12-31": "2194.01000", "2007-09-30": "2120.57100", "2007-06-30": "2116.82800", "2007-03-31": "2070.50900", "2006-12-31": "2053.45700", "2006-09-30": "1979.14000", "2006-06-30": "1916.03200", "2006-03-31": "1843.20700", "2005-12-31": "1807.10900", "2005-09-30": "1825.45900", "2005-06-30": "1822.23600", "2005-03-31": "1875.22100"}, "Long-Term Investments": {"2020-12-31": "", "2020-09-30": "", "2020-06-30": "", "2020-03-31": "", "2019-12-31": "", "2019-09-30": "", "2019-06-30": "", "2019-03-31": "", "2018-12-31": "", "2018-09-30": "", "2018-06-30": "", "2018-03-31": "", "2017-12-31": "", "2017-09-30": "", "2017-06-30": "", "2017-03-31": "", "2016-12-31": "", "2016-09-30": "", "2016-06-30": "", "2016-03-31": "", "2015-12-31": "", "2015-09-30": "", "2015-06-30": "", "2015-03-31": "", "2014-12-31": "", "2014-09-30": "", "2014-06-30": "", "2014-03-31": "", "2013-12-31": "", "2013-09-30": "", "2013-06-30": "", "2013-03-31": "", "2012-12-31": "", "2012-09-30": "226.00000", "2012-06-30": "271.00000", "2012-03-31": "287.00000", "2011-12-31": "409.00000", "2011-09-30": "424.44100", "2011-06-30": "435.57600", "2011-03-31": "430.97800", "2010-12-31": "440.76000", "2010-09-30": "437.96700", "2010-06-30": "445.15600", "2010-03-31": "445.70700", "2009-12-31": "451.29300", "2009-09-30": "456.45000", "2009-06-30": "450.88900", "2009-03-31": "458.50200", "2008-12-31": "465.89400", "2008-09-30": "498.34800", "2008-06-30": "506.40700", "2008-03-31": "506.98300", "2007-12-31": "507.56700", "2007-09-30": "546.34200", "2007-06-30": "560.66700", "2007-03-31": "552.20600", "2006-12-31": "595.08300", "2006-09-30": "917.74400", "2006-06-30": "907.51500", "2006-03-31": "890.22700", "2005-12-31": "896.48700", "2005-09-30": "1021.19900", "2005-06-30": "971.35400", "2005-03-31": "981.02800"}, "Goodwill And Intangible Assets": {"2020-12-31": "5471.00000", "2020-09-30": "5405.00000", "2020-06-30": "5244.00000", "2020-03-31": "5237.00000", "2019-12-31": "5343.00000", "2019-09-30": "5320.00000", "2019-06-30": "5431.00000", "2019-03-31": "5665.00000", "2018-12-31": "5717.00000", "2018-09-30": "5785.00000", "2018-06-30": "5852.00000", "2018-03-31": "6021.00000", "2017-12-31": "6024.00000", "2017-09-30": "6051.00000", "2017-06-30": "6041.00000", "2017-03-31": "6016.00000", "2016-12-31": "6021.00000", "2016-09-30": "6191.00000", "2016-06-30": "5907.00000", "2016-03-31": "6005.00000", "2015-12-31": "5999.00000", "2015-09-30": "6088.00000", "2015-06-30": "6222.00000", "2015-03-31": "6231.00000", "2014-12-31": "6466.00000", "2014-09-30": "6596.00000", "2014-06-30": "6780.00000", "2014-03-31": "6829.00000", "2013-12-31": "6885.00000", "2013-09-30": "6975.00000", "2013-06-30": "7491.00000", "2013-03-31": "7574.00000", "2012-12-31": "7788.00000", "2012-09-30": "7808.00000", "2012-06-30": "7824.00000", "2012-03-31": "7889.00000", "2011-12-31": "7431.00000", "2011-09-30": "7431.69700", "2011-06-30": "7206.86900", "2011-03-31": "7235.47400", "2010-12-31": "6702.83400", "2010-09-30": "6399.20800", "2010-06-30": "6385.18600", "2010-03-31": "6419.38500", "2009-12-31": "6584.14900", "2009-09-30": "6374.06900", "2009-06-30": "6373.77800", "2009-03-31": "6100.37300", "2008-12-31": "6297.21900", "2008-09-30": "6472.45700", "2008-06-30": "6279.88000", "2008-03-31": "5839.53600", "2007-12-31": "5683.34100", "2007-09-30": "5594.39400", "2007-06-30": "5409.11300", "2007-03-31": "5283.55400", "2006-12-31": "5138.68700", "2006-09-30": "4311.16200", "2006-06-30": "3997.55500", "2006-03-31": "3956.04100", "2005-12-31": "3678.93800", "2005-09-30": "3377.21300", "2005-06-30": "3312.10700", "2005-03-31": "3336.22600"}, "Other Long-Term Assets": {"2020-12-31": "1308.00000", "2020-09-30": "1259.00000", "2020-06-30": "1229.00000", "2020-03-31": "1229.00000", "2019-12-31": "1227.00000", "2019-09-30": "1223.00000", "2019-06-30": "1234.00000", "2019-03-31": "1274.00000", "2018-12-31": "1030.00000", "2018-09-30": "1181.00000", "2018-06-30": "1174.00000", "2018-03-31": "1232.00000", "2017-12-31": "1195.00000", "2017-09-30": "1119.00000", "2017-06-30": "1097.00000", "2017-03-31": "984.00000", "2016-12-31": "956.00000", "2016-09-30": "1164.00000", "2016-06-30": "1102.00000", "2016-03-31": "1088.00000", "2015-12-31": "1087.00000", "2015-09-30": "1160.00000", "2015-06-30": "1159.00000", "2015-03-31": "1137.00000", "2014-12-31": "1111.00000", "2014-09-30": "1258.00000", "2014-06-30": "1297.00000", "2014-03-31": "1231.00000", "2013-12-31": "1197.00000", "2013-09-30": "1174.00000", "2013-06-30": "1193.00000", "2013-03-31": "1172.00000", "2012-12-31": "1176.00000", "2012-09-30": "785.00000", "2012-06-30": "694.00000", "2012-03-31": "686.00000", "2011-12-31": "636.00000", "2011-09-30": "615.67100", "2011-06-30": "628.01700", "2011-03-31": "642.61800", "2010-12-31": "616.74700", "2010-09-30": "585.09800", "2010-06-30": "541.51700", "2010-03-31": "550.41600", "2009-12-31": "562.37600", "2009-09-30": "579.63300", "2009-06-30": "564.58400", "2009-03-31": "506.27800", "2008-12-31": "501.02800", "2008-09-30": "874.84800", "2008-06-30": "899.89500", "2008-03-31": "891.95300", "2007-12-31": "913.87300", "2007-09-30": "801.56100", "2007-06-30": "762.53100", "2007-03-31": "789.48000", "2006-12-31": "770.56200", "2006-09-30": "950.67200", "2006-06-30": "906.62600", "2006-03-31": "901.60500", "2005-12-31": "906.23500", "2005-09-30": "908.46200", "2005-06-30": "835.14300", "2005-03-31": "841.85700"}, "Total Long-Term Assets": {"2020-12-31": "9089.00000", "2020-09-30": "8909.00000", "2020-06-30": "8654.00000", "2020-03-31": "8643.00000", "2019-12-31": "8815.00000", "2019-09-30": "8715.00000", "2019-06-30": "8898.00000", "2019-03-31": "9251.00000", "2018-12-31": "9092.00000", "2018-09-30": "9379.00000", "2018-06-30": "9404.00000", "2018-03-31": "9740.00000", "2017-12-31": "9502.00000", "2017-09-30": "9402.00000", "2017-06-30": "9352.00000", "2017-03-31": "9099.00000", "2016-12-31": "9078.00000", "2016-09-30": "9524.00000", "2016-06-30": "9055.00000", "2016-03-31": "9196.00000", "2015-12-31": "9009.00000", "2015-09-30": "9135.00000", "2015-06-30": "9315.00000", "2015-03-31": "9270.00000", "2014-12-31": "9601.00000", "2014-09-30": "9876.00000", "2014-06-30": "10145.00000", "2014-03-31": "10142.00000", "2013-12-31": "10150.00000", "2013-09-30": "10169.00000", "2013-06-30": "10986.00000", "2013-03-31": "11096.00000", "2012-12-31": "11349.00000", "2012-09-30": "11373.00000", "2012-06-30": "11370.00000", "2012-03-31": "11555.00000", "2011-12-31": "11135.00000", "2011-09-30": "11028.85000", "2011-06-30": "10969.10000", "2011-03-31": "11044.78000", "2010-12-31": "10441.82000", "2010-09-30": "9968.88400", "2010-06-30": "9905.48900", "2010-03-31": "10074.21000", "2009-12-31": "10407.39000", "2009-09-30": "9599.12500", "2009-06-30": "9609.68100", "2009-03-31": "9072.28900", "2008-12-31": "9449.57200", "2008-09-30": "10040.63000", "2008-06-30": "10039.71000", "2008-03-31": "9556.22700", "2007-12-31": "9360.20700", "2007-09-30": "9179.77100", "2007-06-30": "8982.11600", "2007-03-31": "8869.14500", "2006-12-31": "8674.03400", "2006-09-30": "8158.71800", "2006-06-30": "7727.72800", "2006-03-31": "7598.42200", "2005-12-31": "7334.03800", "2005-09-30": "7182.38200", "2005-06-30": "7061.99900", "2005-03-31": "7149.67300"}, "Total Assets": {"2020-12-31": "15612.00000", "2020-09-30": "14940.00000", "2020-06-30": "14263.00000", "2020-03-31": "14149.00000", "2019-12-31": "15068.00000", "2019-09-30": "14960.00000", "2019-06-30": "15187.00000", "2019-03-31": "15326.00000", "2018-12-31": "14870.00000", "2018-09-30": "15319.00000", "2018-06-30": "15523.00000", "2018-03-31": "16163.00000", "2017-12-31": "16780.00000", "2017-09-30": "16314.00000", "2017-06-30": "15922.00000", "2017-03-31": "15529.00000", "2016-12-31": "15201.00000", "2016-09-30": "15709.00000", "2016-06-30": "15222.00000", "2016-03-31": "15437.00000", "2015-12-31": "15729.00000", "2015-09-30": "16104.00000", "2015-06-30": "16348.00000", "2015-03-31": "15937.00000", "2014-12-31": "17465.00000", "2014-09-30": "19028.00000", "2014-06-30": "19936.00000", "2014-03-31": "20170.00000", "2013-12-31": "19966.00000", "2013-09-30": "19751.00000", "2013-06-30": "19199.00000", "2013-03-31": "19206.00000", "2012-12-31": "19309.00000", "2012-09-30": "19023.00000", "2012-06-30": "18921.00000", "2012-03-31": "18944.00000", "2011-12-31": "17984.00000", "2011-09-30": "18363.27000", "2011-06-30": "18526.18000", "2011-03-31": "17641.21000", "2010-12-31": "16412.31000", "2010-09-30": "16303.72000", "2010-06-30": "15671.96000", "2010-03-31": "15866.56000", "2009-12-31": "16081.98000", "2009-09-30": "14884.22000", "2009-06-30": "14741.67000", "2009-03-31": "14758.01000", "2008-12-31": "15203.55000", "2008-09-30": "17019.59000", "2008-06-30": "16589.96000", "2008-03-31": "15984.94000", "2007-12-31": "15525.86000", "2007-09-30": "14882.19000", "2007-06-30": "14636.40000", "2007-03-31": "14373.61000", "2006-12-31": "13880.44000", "2006-09-30": "13250.47000", "2006-06-30": "12543.99000", "2006-03-31": "11950.52000", "2005-12-31": "11445.64000", "2005-09-30": "11235.21000", "2005-06-30": "11629.12000", "2005-03-31": "12005.92000"}, "Total Current Liabilities": {"2020-12-31": "2589.00000", "2020-09-30": "2540.00000", "2020-06-30": "2042.00000", "2020-03-31": "2032.00000", "2019-12-31": "2154.00000", "2019-09-30": "2223.00000", "2019-06-30": "2188.00000", "2019-03-31": "3961.00000", "2018-12-31": "3542.00000", "2018-09-30": "3663.00000", "2018-06-30": "3547.00000", "2018-03-31": "2925.00000", "2017-12-31": "3053.00000", "2017-09-30": "2867.00000", "2017-06-30": "2826.00000", "2017-03-31": "2875.00000", "2016-12-31": "2760.00000", "2016-09-30": "3486.00000", "2016-06-30": "2824.00000", "2016-03-31": "2716.00000", "2015-12-31": "2368.00000", "2015-09-30": "2724.00000", "2015-06-30": "2746.00000", "2015-03-31": "3744.00000", "2014-12-31": "3525.00000", "2014-09-30": "3874.00000", "2014-06-30": "3923.00000", "2014-03-31": "5360.00000", "2013-12-31": "6034.00000", "2013-09-30": "3941.00000", "2013-06-30": "3711.00000", "2013-03-31": "2802.00000", "2012-12-31": "2651.00000", "2012-09-30": "2928.00000", "2012-06-30": "3936.00000", "2012-03-31": "3777.00000", "2011-12-31": "2977.00000", "2011-09-30": "3635.89800", "2011-06-30": "4062.15500", "2011-03-31": "3249.55600", "2010-12-31": "3022.85200", "2010-09-30": "3221.34100", "2010-06-30": "2776.56000", "2010-03-31": "2840.57700", "2009-12-31": "2835.63800", "2009-09-30": "2466.63100", "2009-06-30": "2448.19200", "2009-03-31": "3235.02500", "2008-12-31": "4825.09300", "2008-09-30": "5014.23800", "2008-06-30": "4175.20900", "2008-03-31": "3923.20000", "2007-12-31": "2960.28500", "2007-09-30": "2406.01600", "2007-06-30": "2820.15200", "2007-03-31": "2756.63400", "2006-12-31": "2636.58400", "2006-09-30": "2443.66700", "2006-06-30": "1972.12800", "2006-03-31": "1945.89900", "2005-12-31": "2000.73100", "2005-09-30": "2020.40100", "2005-06-30": "2280.38200", "2005-03-31": "2371.31800"}, "Long Term Debt": {"2020-12-31": "7772.00000", "2020-09-30": "7592.00000", "2020-06-30": "7765.00000", "2020-03-31": "7690.00000", "2019-12-31": "7754.00000", "2019-09-30": "7643.00000", "2019-06-30": "7809.00000", "2019-03-31": "5981.00000", "2018-12-31": "6029.00000", "2018-09-30": "6054.00000", "2018-06-30": "6069.00000", "2018-03-31": "6889.00000", "2017-12-31": "7478.00000", "2017-09-30": "7439.00000", "2017-06-30": "7360.00000", "2017-03-31": "7205.00000", "2016-12-31": "7177.00000", "2016-09-30": "6329.00000", "2016-06-30": "6300.00000", "2016-03-31": "6353.00000", "2015-12-31": "6896.00000", "2015-09-30": "7000.00000", "2015-06-30": "6994.00000", "2015-03-31": "5845.00000", "2014-12-31": "5943.00000", "2014-09-30": "6034.00000", "2014-06-30": "6140.00000", "2014-03-31": "4789.00000", "2013-12-31": "2793.00000", "2013-09-30": "3808.00000", "2013-06-30": "3771.00000", "2013-03-31": "4556.00000", "2012-12-31": "4589.00000", "2012-09-30": "4572.00000", "2012-06-30": "3468.00000", "2012-03-31": "3521.00000", "2011-12-31": "3488.00000", "2011-09-30": "3522.12300", "2011-06-30": "2622.79600", "2011-03-31": "2597.31000", "2010-12-31": "2542.08700", "2010-09-30": "2737.37400", "2010-06-30": "2724.34200", "2010-03-31": "2807.18000", "2009-12-31": "2914.87400", "2009-09-30": "2869.37700", "2009-06-30": "2855.81200", "2009-03-31": "2740.22100", "2008-12-31": "1247.88300", "2008-09-30": "1398.16500", "2008-06-30": "1462.43500", "2008-03-31": "1435.46400", "2007-12-31": "1888.83900", "2007-09-30": "1573.07400", "2007-06-30": "956.57800", "2007-03-31": "956.29000", "2006-12-31": "955.61000", "2006-09-30": "964.30200", "2006-06-30": "960.14500", "2006-03-31": "959.97700", "2005-12-31": "958.32100", "2005-09-30": "965.53500", "2005-06-30": "967.20800", "2005-03-31": "967.85700"}, "Other Non-Current Liabilities": {"2020-12-31": "1481.00000", "2020-09-30": "1440.00000", "2020-06-30": "1422.00000", "2020-03-31": "1448.00000", "2019-12-31": "1462.00000", "2019-09-30": "1408.00000", "2019-06-30": "1412.00000", "2019-03-31": "1457.00000", "2018-12-31": "1334.00000", "2018-09-30": "1349.00000", "2018-06-30": "1415.00000", "2018-03-31": "1497.00000", "2017-12-31": "1496.00000", "2017-09-30": "870.00000", "2017-06-30": "841.00000", "2017-03-31": "830.00000", "2016-12-31": "871.00000", "2016-09-30": "970.00000", "2016-06-30": "999.00000", "2016-03-31": "995.00000", "2015-12-31": "981.00000", "2015-09-30": "948.00000", "2015-06-30": "939.00000", "2015-03-31": "986.00000", "2014-12-31": "1002.00000", "2014-09-30": "901.00000", "2014-06-30": "918.00000", "2014-03-31": "919.00000", "2013-12-31": "923.00000", "2013-09-30": "1081.00000", "2013-06-30": "1103.00000", "2013-03-31": "1260.00000", "2012-12-31": "1255.00000", "2012-09-30": "1141.00000", "2012-06-30": "1298.00000", "2012-03-31": "1391.00000", "2011-12-31": "1368.00000", "2011-09-30": "1230.66900", "2011-06-30": "1305.08000", "2011-03-31": "1303.26500", "2010-12-31": "1080.78300", "2010-09-30": "1271.91800", "2010-06-30": "1259.51900", "2010-03-31": "1288.77200", "2009-12-31": "1305.91900", "2009-09-30": "1234.44700", "2009-06-30": "1372.38000", "2009-03-31": "1329.54200", "2008-12-31": "1330.39500", "2008-09-30": "1046.46800", "2008-06-30": "1076.41100", "2008-03-31": "1077.18100", "2007-12-31": "1064.75500", "2007-09-30": "1192.27900", "2007-06-30": "1185.54600", "2007-03-31": "1211.30200", "2006-12-31": "1011.57800", "2006-09-30": "998.20900", "2006-06-30": "992.35200", "2006-03-31": "979.47400", "2005-12-31": "939.69600", "2005-09-30": "968.14500", "2005-06-30": "954.32400", "2005-03-31": "958.04700"}, "Total Long Term Liabilities": {"2020-12-31": "9841.00000", "2020-09-30": "9703.00000", "2020-06-30": "9863.00000", "2020-03-31": "9833.00000", "2019-12-31": "9884.00000", "2019-09-30": "9767.00000", "2019-06-30": "9904.00000", "2019-03-31": "8165.00000", "2018-12-31": "8070.00000", "2018-09-30": "8110.00000", "2018-06-30": "8188.00000", "2018-03-31": "9075.00000", "2017-12-31": "9138.00000", "2017-09-30": "8421.00000", "2017-06-30": "8322.00000", "2017-03-31": "8156.00000", "2016-12-31": "8182.00000", "2016-09-30": "7430.00000", "2016-06-30": "7448.00000", "2016-03-31": "7499.00000", "2015-12-31": "8133.00000", "2015-09-30": "8290.00000", "2015-06-30": "8296.00000", "2015-03-31": "7211.00000", "2014-12-31": "7116.00000", "2014-09-30": "7353.00000", "2014-06-30": "7573.00000", "2014-03-31": "6230.00000", "2013-12-31": "4223.00000", "2013-09-30": "5342.00000", "2013-06-30": "5257.00000", "2013-03-31": "6125.00000", "2012-12-31": "6088.00000", "2012-09-30": "5833.00000", "2012-06-30": "4884.00000", "2012-03-31": "5032.00000", "2011-12-31": "4973.00000", "2011-09-30": "4875.35800", "2011-06-30": "4041.99600", "2011-03-31": "4012.34800", "2010-12-31": "3817.46000", "2010-09-30": "4191.62100", "2010-06-30": "4163.53500", "2010-03-31": "4283.00800", "2009-12-31": "4428.47000", "2009-09-30": "4175.29200", "2009-06-30": "4367.35900", "2009-03-31": "4149.31500", "2008-12-31": "2703.36700", "2008-09-30": "2909.43300", "2008-06-30": "2915.58700", "2008-03-31": "2813.77100", "2007-12-31": "3214.25200", "2007-09-30": "3089.68500", "2007-06-30": "2427.79200", "2007-03-31": "2460.20800", "2006-12-31": "2226.34700", "2006-09-30": "2095.61400", "2006-06-30": "1977.94100", "2006-03-31": "1939.45100", "2005-12-31": "1898.01700", "2005-09-30": "1933.68000", "2005-06-30": "1921.53200", "2005-03-31": "1925.90400"}, "Total Liabilities": {"2020-12-31": "12430.00000", "2020-09-30": "12243.00000", "2020-06-30": "11905.00000", "2020-03-31": "11865.00000", "2019-12-31": "12038.00000", "2019-09-30": "11990.00000", "2019-06-30": "12092.00000", "2019-03-31": "12126.00000", "2018-12-31": "11612.00000", "2018-09-30": "11773.00000", "2018-06-30": "11735.00000", "2018-03-31": "12000.00000", "2017-12-31": "12191.00000", "2017-09-30": "11288.00000", "2017-06-30": "11148.00000", "2017-03-31": "11031.00000", "2016-12-31": "10942.00000", "2016-09-30": "10916.00000", "2016-06-30": "10272.00000", "2016-03-31": "10215.00000", "2015-12-31": "10501.00000", "2015-09-30": "11014.00000", "2015-06-30": "11042.00000", "2015-03-31": "10955.00000", "2014-12-31": "10641.00000", "2014-09-30": "11227.00000", "2014-06-30": "11496.00000", "2014-03-31": "11590.00000", "2013-12-31": "10257.00000", "2013-09-30": "9283.00000", "2013-06-30": "8968.00000", "2013-03-31": "8927.00000", "2012-12-31": "8739.00000", "2012-09-30": "8761.00000", "2012-06-30": "8820.00000", "2012-03-31": "8809.00000", "2011-12-31": "7950.00000", "2011-09-30": "8511.26100", "2011-06-30": "8104.15100", "2011-03-31": "7261.90400", "2010-12-31": "6840.31200", "2010-09-30": "7412.96200", "2010-06-30": "6940.09500", "2010-03-31": "7123.58500", "2009-12-31": "7264.10800", "2009-09-30": "6641.92300", "2009-06-30": "6815.55100", "2009-03-31": "7384.34000", "2008-12-31": "7528.45900", "2008-09-30": "7923.67100", "2008-06-30": "7090.79600", "2008-03-31": "6736.97100", "2007-12-31": "6174.53700", "2007-09-30": "5495.70100", "2007-06-30": "5247.94400", "2007-03-31": "5216.84200", "2006-12-31": "4862.93100", "2006-09-30": "4539.28100", "2006-06-30": "3950.06900", "2006-03-31": "3885.35000", "2005-12-31": "3898.74800", "2005-09-30": "3954.08100", "2005-06-30": "4201.91400", "2005-03-31": "4297.22200"}, "Common Stock Net": {"2020-12-31": "6.00000", "2020-09-30": "6.00000", "2020-06-30": "6.00000", "2020-03-31": "6.00000", "2019-12-31": "6.00000", "2019-09-30": "6.00000", "2019-06-30": "6.00000", "2019-03-31": "6.00000", "2018-12-31": "6.00000", "2018-09-30": "6.00000", "2018-06-30": "6.00000", "2018-03-31": "6.00000", "2017-12-31": "6.00000", "2017-09-30": "6.00000", "2017-06-30": "6.00000", "2017-03-31": "6.00000", "2016-12-31": "6.00000", "2016-09-30": "6.00000", "2016-06-30": "6.00000", "2016-03-31": "6.00000", "2015-12-31": "6.00000", "2015-09-30": "6.00000", "2015-06-30": "6.00000", "2015-03-31": "6.00000", "2014-12-31": "6.00000", "2014-09-30": "6.00000", "2014-06-30": "6.00000", "2014-03-31": "6.00000", "2013-12-31": "6.00000", "2013-09-30": "6.00000", "2013-06-30": "6.00000", "2013-03-31": "6.00000", "2012-12-31": "5.00000", "2012-09-30": "5.00000", "2012-06-30": "5.00000", "2012-03-31": "5.00000", "2011-12-31": "5.00000", "2011-09-30": "5.42100", "2011-06-30": "5.41800", "2011-03-31": "5.40800", "2010-12-31": "5.38500", "2010-09-30": "5.36700", "2010-06-30": "5.36200", "2010-03-31": "5.35200", "2009-12-31": "5.35000", "2009-09-30": "5.33600", "2009-06-30": "5.32300", "2009-03-31": "5.32000", "2008-12-31": "5.31800", "2008-09-30": "5.31400", "2008-06-30": "5.31100", "2008-03-31": "5.30700", "2007-12-31": "5.62500", "2007-09-30": "5.62000", "2007-06-30": "5.61200", "2007-03-31": "5.60400", "2006-12-31": "6.30900", "2006-09-30": "6.30400", "2006-06-30": "6.30300", "2006-03-31": "3.14700", "2005-12-31": "3.12000", "2005-09-30": "3.11700", "2005-06-30": "3.11700", "2005-03-31": "3.11600"}, "Retained Earnings (Accumulated Deficit)": {"2020-12-31": "23114.00000", "2020-09-30": "22833.00000", "2020-06-30": "22612.00000", "2020-03-31": "22631.00000", "2019-12-31": "22403.00000", "2019-09-30": "22104.00000", "2019-06-30": "21788.00000", "2019-03-31": "21488.00000", "2018-12-31": "21217.00000", "2018-09-30": "20938.00000", "2018-06-30": "20633.00000", "2018-03-31": "20228.00000", "2017-12-31": "20210.00000", "2017-09-30": "20553.00000", "2017-06-30": "20180.00000", "2017-03-31": "19817.00000", "2016-12-31": "19505.00000", "2016-09-30": "19223.00000", "2016-06-30": "18916.00000", "2016-03-31": "18586.00000", "2015-12-31": "18316.00000", "2015-09-30": "18066.00000", "2015-06-30": "17755.00000", "2015-03-31": "17453.00000", "2014-12-31": "17173.00000", "2014-09-30": "16909.00000", "2014-06-30": "16568.00000", "2014-03-31": "15243.00000", "2013-12-31": "14943.00000", "2013-09-30": "14716.00000", "2013-06-30": "14451.00000", "2013-03-31": "14156.00000", "2012-12-31": "13973.00000", "2012-09-30": "13168.00000", "2012-06-30": "12821.00000", "2012-03-31": "12108.00000", "2011-12-31": "11794.00000", "2011-09-30": "11526.09000", "2011-06-30": "11192.42000", "2011-03-31": "10861.07000", "2010-12-31": "10407.95000", "2010-09-30": "10175.66000", "2010-06-30": "9925.00400", "2010-03-31": "9660.30000", "2009-12-31": "9521.74000", "2009-09-30": "9170.06400", "2009-06-30": "9022.92700", "2009-03-31": "9001.25400", "2008-12-31": "9196.46500", "2008-09-30": "9117.41600", "2008-06-30": "8822.35900", "2008-03-31": "8439.69200", "2007-12-31": "9879.06500", "2007-09-30": "9556.75800", "2007-06-30": "9217.97800", "2007-03-31": "8828.24600", "2006-12-31": "10406.51000", "2006-09-30": "10084.58000", "2006-06-30": "9757.48500", "2006-03-31": "9385.29500", "2005-12-31": "9112.32800", "2005-09-30": "8804.36900", "2005-06-30": "8488.55000", "2005-03-31": "8194.67800"}, "Comprehensive Income": {"2020-12-31": "-1642.00000", "2020-09-30": "-1837.00000", "2020-06-30": "-1909.00000", "2020-03-31": "-1983.00000", "2019-12-31": "-1705.00000", "2019-09-30": "-1798.00000", "2019-06-30": "-1697.00000", "2019-03-31": "-1642.00000", "2018-12-31": "-1677.00000", "2018-09-30": "-1589.00000", "2018-06-30": "-1530.00000", "2018-03-31": "-1240.00000", "2017-12-31": "-1287.00000", "2017-09-30": "-1407.00000", "2017-06-30": "-1516.00000", "2017-03-31": "-1643.00000", "2016-12-31": "-1807.00000", "2016-09-30": "-1468.00000", "2016-06-30": "-1470.00000", "2016-03-31": "-1332.00000", "2015-12-31": "-1504.00000", "2015-09-30": "-1370.00000", "2015-06-30": "-1046.00000", "2015-03-31": "-1226.00000", "2014-12-31": "-658.00000", "2014-09-30": "-148.00000", "2014-06-30": "359.00000", "2014-03-31": "420.00000", "2013-12-31": "384.00000", "2013-09-30": "292.00000", "2013-06-30": "12.00000", "2013-03-31": "155.00000", "2012-12-31": "293.00000", "2012-09-30": "277.00000", "2012-06-30": "135.00000", "2012-03-31": "410.00000", "2011-12-31": "224.00000", "2011-09-30": "341.20700", "2011-06-30": "870.88100", "2011-03-31": "667.53400", "2010-12-31": "427.15500", "2010-09-30": "62.67000", "2010-06-30": "-162.18100", "2010-03-31": "169.49300", "2009-12-31": "400.72600", "2009-09-30": "249.47100", "2009-06-30": "130.36100", "2009-03-31": "-376.21900", "2008-12-31": "-253.21100", "2008-09-30": "883.11700", "2008-06-30": "1195.85000", "2008-03-31": "1157.61900", "2007-12-31": "1050.78600", "2007-09-30": "640.09800", "2007-06-30": "537.83100", "2007-03-31": "434.24900", "2006-12-31": "446.63900", "2006-09-30": "287.61900", "2006-06-30": "267.15600", "2006-03-31": "150.43000", "2005-12-31": "122.01200", "2005-09-30": "204.32100", "2005-06-30": "214.56400", "2005-03-31": "425.15700"}, "Other Share Holders Equity": {"2020-12-31": "", "2020-09-30": "", "2020-06-30": "", "2020-03-31": "", "2019-12-31": "", "2019-09-30": "", "2019-06-30": "", "2019-03-31": "", "2018-12-31": "", "2018-09-30": "", "2018-06-30": "", "2018-03-31": "", "2017-12-31": "", "2017-09-30": "", "2017-06-30": "", "2017-03-31": "", "2016-12-31": "", "2016-09-30": "", "2016-06-30": "", "2016-03-31": "", "2015-12-31": "", "2015-09-30": "", "2015-06-30": "", "2015-03-31": "", "2014-12-31": "", "2014-09-30": "", "2014-06-30": "", "2014-03-31": "", "2013-12-31": "", "2013-09-30": "", "2013-06-30": "", "2013-03-31": "", "2012-12-31": "", "2012-09-30": "", "2012-06-30": "", "2012-03-31": "", "2011-12-31": "", "2011-09-30": "", "2011-06-30": "", "2011-03-31": "", "2010-12-31": "", "2010-09-30": "", "2010-06-30": "", "2010-03-31": "", "2009-12-31": "", "2009-09-30": "", "2009-06-30": "", "2009-03-31": "", "2008-12-31": "", "2008-09-30": "", "2008-06-30": "", "2008-03-31": "", "2007-12-31": "", "2007-09-30": "", "2007-06-30": "", "2007-03-31": "", "2006-12-31": "", "2006-09-30": "", "2006-06-30": "", "2006-03-31": "", "2005-12-31": "", "2005-09-30": "", "2005-06-30": "", "2005-03-31": ""}, "Share Holder Equity": {"2020-12-31": "3182.00000", "2020-09-30": "2697.00000", "2020-06-30": "2358.00000", "2020-03-31": "2284.00000", "2019-12-31": "3030.00000", "2019-09-30": "2970.00000", "2019-06-30": "3095.00000", "2019-03-31": "3200.00000", "2018-12-31": "3258.00000", "2018-09-30": "3546.00000", "2018-06-30": "3788.00000", "2018-03-31": "4163.00000", "2017-12-31": "4589.00000", "2017-09-30": "5026.00000", "2017-06-30": "4774.00000", "2017-03-31": "4498.00000", "2016-12-31": "4259.00000", "2016-09-30": "4793.00000", "2016-06-30": "4950.00000", "2016-03-31": "5222.00000", "2015-12-31": "5228.00000", "2015-09-30": "5090.00000", "2015-06-30": "5306.00000", "2015-03-31": "4982.00000", "2014-12-31": "6824.00000", "2014-09-30": "7801.00000", "2014-06-30": "8440.00000", "2014-03-31": "8580.00000", "2013-12-31": "9709.00000", "2013-09-30": "10468.00000", "2013-06-30": "10231.00000", "2013-03-31": "10279.00000", "2012-12-31": "10570.00000", "2012-09-30": "10262.00000", "2012-06-30": "10101.00000", "2012-03-31": "10135.00000", "2011-12-31": "10034.00000", "2011-09-30": "9852.00900", "2011-06-30": "10422.02000", "2011-03-31": "10379.30000", "2010-12-31": "9571.99900", "2010-09-30": "8890.76200", "2010-06-30": "8731.86400", "2010-03-31": "8742.97300", "2009-12-31": "8817.87600", "2009-09-30": "8242.29300", "2009-06-30": "7926.12400", "2009-03-31": "7373.66700", "2008-12-31": "7675.09100", "2008-09-30": "9095.92000", "2008-06-30": "9499.15900", "2008-03-31": "9247.97200", "2007-12-31": "9351.32500", "2007-09-30": "9386.48500", "2007-06-30": "9388.45600", "2007-03-31": "9156.76500", "2006-12-31": "9017.50800", "2006-09-30": "8711.18800", "2006-06-30": "8593.91700", "2006-03-31": "8065.17200", "2005-12-31": "7546.89500", "2005-09-30": "7281.12600", "2005-06-30": "7427.20100", "2005-03-31": "7708.69300"}, "Total Liabilities And Share Holders Equity": {"2020-12-31": "15612.00000", "2020-09-30": "14940.00000", "2020-06-30": "14263.00000", "2020-03-31": "14149.00000", "2019-12-31": "15068.00000", "2019-09-30": "14960.00000", "2019-06-30": "15187.00000", "2019-03-31": "15326.00000", "2018-12-31": "14870.00000", "2018-09-30": "15319.00000", "2018-06-30": "15523.00000", "2018-03-31": "16163.00000", "2017-12-31": "16780.00000", "2017-09-30": "16314.00000", "2017-06-30": "15922.00000", "2017-03-31": "15529.00000", "2016-12-31": "15201.00000", "2016-09-30": "15709.00000", "2016-06-30": "15222.00000", "2016-03-31": "15437.00000", "2015-12-31": "15729.00000", "2015-09-30": "16104.00000", "2015-06-30": "16348.00000", "2015-03-31": "15937.00000", "2014-12-31": "17465.00000", "2014-09-30": "19028.00000", "2014-06-30": "19936.00000", "2014-03-31": "20170.00000", "2013-12-31": "19966.00000", "2013-09-30": "19751.00000", "2013-06-30": "19199.00000", "2013-03-31": "19206.00000", "2012-12-31": "19309.00000", "2012-09-30": "19023.00000", "2012-06-30": "18921.00000", "2012-03-31": "18944.00000", "2011-12-31": "17984.00000", "2011-09-30": "18363.27000", "2011-06-30": "18526.18000", "2011-03-31": "17641.21000", "2010-12-31": "16412.31000", "2010-09-30": "16303.72000", "2010-06-30": "15671.96000", "2010-03-31": "15866.56000", "2009-12-31": "16081.98000", "2009-09-30": "14884.22000", "2009-06-30": "14741.67000", "2009-03-31": "14758.01000", "2008-12-31": "15203.55000", "2008-09-30": "17019.59000", "2008-06-30": "16589.96000", "2008-03-31": "15984.94000", "2007-12-31": "15525.86000", "2007-09-30": "14882.19000", "2007-06-30": "14636.40000", "2007-03-31": "14373.61000", "2006-12-31": "13880.44000", "2006-09-30": "13250.47000", "2006-06-30": "12543.99000", "2006-03-31": "11950.52000", "2005-12-31": "11445.64000", "2005-09-30": "11235.21000", "2005-06-30": "11629.12000", "2005-03-31": "12005.92000"}}, "cash flow statement": {"Net Income/Loss": {"2020-12-31": "0.00000", "2019-12-31": "2521.00000", "2018-12-31": "2563.00000", "2017-12-31": "1687.00000", "2016-12-31": "2035.00000", "2015-12-31": "1899.00000", "2014-12-31": "2946.00000", "2013-12-31": "1679.00000", "2012-12-31": "2870.00000", "2011-12-31": "2071.00000", "2010-12-31": "1503.00000", "2009-12-31": "972.69700", "2008-12-31": "1519.00300", "2007-12-31": "1869.86200", "2006-12-31": "1717.74600", "2005-12-31": "1494.86900"}, "Total Depreciation And Amortization - Cash Flow": {"2020-12-31": "", "2019-12-31": "426.00000", "2018-12-31": "461.00000", "2017-12-31": "462.00000", "2016-12-31": "470.00000", "2015-12-31": "477.00000", "2014-12-31": "507.00000", "2013-12-31": "613.00000", "2012-12-31": "613.00000", "2011-12-31": "594.00000", "2010-12-31": "549.00000", "2009-12-31": "684.84100", "2008-12-31": "691.90700", "2007-12-31": "524.74400", "2006-12-31": "443.90600", "2005-12-31": "383.07400"}, "Other Non-Cash Items": {"2020-12-31": "", "2019-12-31": "20.00000", "2018-12-31": "75.00000", "2017-12-31": "95.00000", "2016-12-31": "-240.00000", "2015-12-31": "30.00000", "2014-12-31": "-1606.00000", "2013-12-31": "119.00000", "2012-12-31": "-1114.00000", "2011-12-31": "-138.00000", "2010-12-31": "-120.00000", "2009-12-31": "-382.52100", "2008-12-31": "-7.23500", "2007-12-31": "-54.13800", "2006-12-31": "116.76700", "2005-12-31": "25.72900"}, "Total Non-Cash Items": {"2020-12-31": "", "2019-12-31": "446.00000", "2018-12-31": "536.00000", "2017-12-31": "557.00000", "2016-12-31": "230.00000", "2015-12-31": "507.00000", "2014-12-31": "-1099.00000", "2013-12-31": "732.00000", "2012-12-31": "-501.00000", "2011-12-31": "456.00000", "2010-12-31": "429.00000", "2009-12-31": "302.32000", "2008-12-31": "684.67190", "2007-12-31": "470.60600", "2006-12-31": "560.67300", "2005-12-31": "408.80300"}, "Change In Accounts Receivable": {"2020-12-31": "", "2019-12-31": "40.00000", "2018-12-31": "-60.00000", "2017-12-31": "-138.00000", "2016-12-31": "-132.00000", "2015-12-31": "-42.00000", "2014-12-31": "-70.00000", "2013-12-31": "-83.00000", "2012-12-31": "-13.00000", "2011-12-31": "-303.00000", "2010-12-31": "-170.00000", "2009-12-31": "223.05500", "2008-12-31": "263.47800", "2007-12-31": "-56.97100", "2006-12-31": "-45.58100", "2005-12-31": "-58.90200"}, "Change In Inventories": {"2020-12-31": "", "2019-12-31": "98.00000", "2018-12-31": "-108.00000", "2017-12-31": "-81.00000", "2016-12-31": "9.00000", "2015-12-31": "25.00000", "2014-12-31": "-10.00000", "2013-12-31": "24.00000", "2012-12-31": "82.00000", "2011-12-31": "-51.00000", "2010-12-31": "-223.00000", "2009-12-31": "576.93200", "2008-12-31": "-97.31900", "2007-12-31": "-4.54300", "2006-12-31": "-60.20400", "2005-12-31": "104.41900"}, "Change In Accounts Payable": {"2020-12-31": "", "2019-12-31": "-16.00000", "2018-12-31": "-46.00000", "2017-12-31": "39.00000", "2016-12-31": "-3.00000", "2015-12-31": "-30.00000", "2014-12-31": "-20.00000", "2013-12-31": "8.00000", "2012-12-31": "-21.00000", "2011-12-31": "-55.00000", "2010-12-31": "70.00000", "2009-12-31": "-19.63600", "2008-12-31": "-191.85600", "2007-12-31": "-37.82300", "2006-12-31": "10.94100", "2005-12-31": "-39.21600"}, "Change In Assets/Liabilities": {"2020-12-31": "", "2019-12-31": "8.00000", "2018-12-31": "3.00000", "2017-12-31": "-121.00000", "2016-12-31": "-64.00000", "2015-12-31": "23.00000", "2014-12-31": "-169.00000", "2013-12-31": "183.00000", "2012-12-31": "-85.00000", "2011-12-31": "-32.00000", "2010-12-31": "-39.00000", "2009-12-31": "2.99300", "2008-12-31": "-82.27300", "2007-12-31": "-14.96000", "2006-12-31": "-63.60000", "2005-12-31": "-77.27400"}, "Total Change In Assets/Liabilities": {"2020-12-31": "", "2019-12-31": "28.00000", "2018-12-31": "-288.00000", "2017-12-31": "158.00000", "2016-12-31": "37.00000", "2015-12-31": "-107.00000", "2014-12-31": "-231.00000", "2013-12-31": "117.00000", "2012-12-31": "-297.00000", "2011-12-31": "-571.00000", "2010-12-31": "-444.00000", "2009-12-31": "892.53500", "2008-12-31": "18.54900", "2007-12-31": "143.82900", "2006-12-31": "-212.39100", "2005-12-31": "-52.12900"}, "Cash Flow From Operating Activities": {"2020-12-31": "", "2019-12-31": "2995.00000", "2018-12-31": "2811.00000", "2017-12-31": "2402.00000", "2016-12-31": "2302.00000", "2015-12-31": "2299.00000", "2014-12-31": "1616.00000", "2013-12-31": "2528.00000", "2012-12-31": "2072.00000", "2011-12-31": "1956.00000", "2010-12-31": "1488.00000", "2009-12-31": "2167.55200", "2008-12-31": "2222.22400", "2007-12-31": "2484.29700", "2006-12-31": "2066.02800", "2005-12-31": "1851.54300"}, "Net Change In Property, Plant, And Equipment": {"2020-12-31": "", "2019-12-31": "-301.00000", "2018-12-31": "-338.00000", "2017-12-31": "-283.00000", "2016-12-31": "-257.00000", "2015-12-31": "-254.00000", "2014-12-31": "-333.00000", "2013-12-31": "-330.00000", "2012-12-31": "-352.00000", "2011-12-31": "-336.00000", "2010-12-31": "-270.00000", "2009-12-31": "-229.00300", "2008-12-31": "-338.91900", "2007-12-31": "-331.53400", "2006-12-31": "-286.81600", "2005-12-31": "-259.24200"}, "Net Change In Intangible Assets": {"2020-12-31": "", "2019-12-31": "", "2018-12-31": "", "2017-12-31": "", "2016-12-31": "", "2015-12-31": "", "2014-12-31": "", "2013-12-31": "", "2012-12-31": "", "2011-12-31": "", "2010-12-31": "", "2009-12-31": "", "2008-12-31": "", "2007-12-31": "", "2006-12-31": "", "2005-12-31": ""}, "Net Acquisitions/Divestitures": {"2020-12-31": "", "2019-12-31": "-4.00000", "2018-12-31": "", "2017-12-31": "-3.00000", "2016-12-31": "-453.00000", "2015-12-31": "-6.00000", "2014-12-31": "3146.00000", "2013-12-31": "-163.00000", "2012-12-31": "92.00000", "2011-12-31": "-1308.00000", "2010-12-31": "-497.00000", "2009-12-31": "-281.40400", "2008-12-31": "-1546.98200", "2007-12-31": "-812.75700", "2006-12-31": "-1378.70800", "2005-12-31": "-626.92200"}, "Net Change In Short-term Investments": {"2020-12-31": "", "2019-12-31": "", "2018-12-31": "", "2017-12-31": "", "2016-12-31": "", "2015-12-31": "", "2014-12-31": "", "2013-12-31": "", "2012-12-31": "", "2011-12-31": "", "2010-12-31": "", "2009-12-31": "", "2008-12-31": "", "2007-12-31": "", "2006-12-31": "", "2005-12-31": ""}, "Net Change In Long-Term Investments": {"2020-12-31": "", "2019-12-31": "20.00000", "2018-12-31": "16.00000", "2017-12-31": "43.00000", "2016-12-31": "188.00000", "2015-12-31": "22.00000", "2014-12-31": "28.00000", "2013-12-31": "40.00000", "2012-12-31": "281.00000", "2011-12-31": "37.00000", "2010-12-31": "11.00000", "2009-12-31": "2.62900", "2008-12-31": "7.34900", "2007-12-31": "62.45000", "2006-12-31": "342.01800", "2005-12-31": "99.84200"}, "Net Change In Investments - Total": {"2020-12-31": "", "2019-12-31": "20.00000", "2018-12-31": "16.00000", "2017-12-31": "43.00000", "2016-12-31": "188.00000", "2015-12-31": "22.00000", "2014-12-31": "28.00000", "2013-12-31": "40.00000", "2012-12-31": "281.00000", "2011-12-31": "37.00000", "2010-12-31": "11.00000", "2009-12-31": "2.62900", "2008-12-31": "7.34900", "2007-12-31": "62.45000", "2006-12-31": "342.01800", "2005-12-31": "99.84200"}, "Investing Activities - Other": {"2020-12-31": "", "2019-12-31": "102.00000", "2018-12-31": "-3.00000", "2017-12-31": "-8.00000", "2016-12-31": "-10.00000", "2015-12-31": "28.00000", "2014-12-31": "1.00000", "2013-12-31": "-3.00000", "2012-12-31": "1026.00000", "2011-12-31": "28.00000", "2010-12-31": "84.00000", "2009-12-31": "-6.22200", "2008-12-31": "115.23500", "2007-12-31": "157.79300", "2006-12-31": "49.09100", "2005-12-31": "-3.08400"}, "Cash Flow From Investing Activities": {"2020-12-31": "", "2019-12-31": "-183.00000", "2018-12-31": "-325.00000", "2017-12-31": "-251.00000", "2016-12-31": "-532.00000", "2015-12-31": "-210.00000", "2014-12-31": "2842.00000", "2013-12-31": "-456.00000", "2012-12-31": "1047.00000", "2011-12-31": "-1579.00000", "2010-12-31": "-672.00000", "2009-12-31": "-514.00000", "2008-12-31": "-1763.31700", "2007-12-31": "-924.04800", "2006-12-31": "-1274.41500", "2005-12-31": "-789.40600"}, "Net Long-Term Debt": {"2020-12-31": "", "2019-12-31": "423.00000", "2018-12-31": "-1.00000", "2017-12-31": "-652.00000", "2016-12-31": "991.00000", "2015-12-31": "1097.00000", "2014-12-31": "3090.00000", "2013-12-31": "-3.00000", "2012-12-31": "807.00000", "2011-12-31": "981.00000", "2010-12-31": "-33.00000", "2009-12-31": "873.57090", "2008-12-31": "-42.76100", "2007-12-31": "1044.35400", "2006-12-31": "-16.45500", "2005-12-31": "48.72000"}, "Net Current Debt": {"2020-12-31": "", "2019-12-31": "-1.00000", "2018-12-31": "-850.00000", "2017-12-31": "849.00000", "2016-12-31": "-526.00000", "2015-12-31": "-946.00000", "2014-12-31": "-1751.00000", "2013-12-31": "1267.00000", "2012-12-31": "208.00000", "2011-12-31": "167.00000", "2010-12-31": "-157.00000", "2009-12-31": "-1615.99800", "2008-12-31": "1510.37400", "2007-12-31": "-266.96800", "2006-12-31": "194.89600", "2005-12-31": "44.40600"}, "Debt Issuance/Retirement Net - Total": {"2020-12-31": "", "2019-12-31": "422.00000", "2018-12-31": "-851.00000", "2017-12-31": "197.00000", "2016-12-31": "465.00000", "2015-12-31": "151.00000", "2014-12-31": "1339.00000", "2013-12-31": "1264.00000", "2012-12-31": "1015.00000", "2011-12-31": "1148.00000", "2010-12-31": "-190.00000", "2009-12-31": "-742.42710", "2008-12-31": "1467.61300", "2007-12-31": "777.38600", "2006-12-31": "178.44100", "2005-12-31": "93.12600"}, "Net Common Equity Issued/Repurchased": {"2020-12-31": "", "2019-12-31": "-1415.00000", "2018-12-31": "-1978.00000", "2017-12-31": "-916.00000", "2016-12-31": "-1916.00000", "2015-12-31": "-1943.00000", "2014-12-31": "-4198.00000", "2013-12-31": "-1900.00000", "2012-12-31": "-1737.00000", "2011-12-31": "-797.00000", "2010-12-31": "-235.00000", "2009-12-31": "101.73300", "2008-12-31": "-1334.40500", "2007-12-31": "-1641.09600", "2006-12-31": "-367.90700", "2005-12-31": "-1017.23500"}, "Net Total Equity Issued/Repurchased": {"2020-12-31": "", "2019-12-31": "-1415.00000", "2018-12-31": "-1978.00000", "2017-12-31": "-916.00000", "2016-12-31": "-1916.00000", "2015-12-31": "-1943.00000", "2014-12-31": "-4198.00000", "2013-12-31": "-1900.00000", "2012-12-31": "-1737.00000", "2011-12-31": "-797.00000", "2010-12-31": "-235.00000", "2009-12-31": "101.73300", "2008-12-31": "-1334.40500", "2007-12-31": "-1681.09600", "2006-12-31": "-367.90700", "2005-12-31": "-1037.23500"}, "Total Common And Preferred Stock Dividends Paid": {"2020-12-31": "", "2019-12-31": "-1321.00000", "2018-12-31": "-1124.00000", "2017-12-31": "-941.00000", "2016-12-31": "-821.00000", "2015-12-31": "-742.00000", "2014-12-31": "-711.00000", "2013-12-31": "-528.00000", "2012-12-31": "-865.00000", "2011-12-31": "-680.00000", "2010-12-31": "-636.00000", "2009-12-31": "-619.68100", "2008-12-31": "-598.69000", "2007-12-31": "-502.43000", "2006-12-31": "-398.84600", "2005-12-31": "-335.09200"}, "Financial Activities - Other": {"2020-12-31": "", "2019-12-31": "-12.00000", "2018-12-31": "-11.00000", "2017-12-31": "-14.00000", "2016-12-31": "17.00000", "2015-12-31": "8.00000", "2014-12-31": "19.00000", "2013-12-31": "24.00000", "2012-12-31": "16.00000", "2011-12-31": "8.00000", "2010-12-31": "8.00000", "2009-12-31": "4.05100", "2008-12-31": "4.00300", "2007-12-31": "16.21200", "2006-12-31": "13.08600", "2005-12-31": "12.87900"}, "Cash Flow From Financial Activities": {"2020-12-31": "", "2019-12-31": "-2326.00000", "2018-12-31": "-3964.00000", "2017-12-31": "-1674.00000", "2016-12-31": "-2255.00000", "2015-12-31": "-2526.00000", "2014-12-31": "-3551.00000", "2013-12-31": "-1140.00000", "2012-12-31": "-1571.00000", "2011-12-31": "-321.00000", "2010-12-31": "-1053.00000", "2009-12-31": "-1256.32400", "2008-12-31": "-461.47900", "2007-12-31": "-1389.92800", "2006-12-31": "-575.22600", "2005-12-31": "-1266.32200"}, "Net Cash Flow": {"2020-12-31": "", "2019-12-31": "477.00000", "2018-12-31": "-1590.00000", "2017-12-31": "622.00000", "2016-12-31": "-618.00000", "2015-12-31": "-900.00000", "2014-12-31": "372.00000", "2013-12-31": "839.00000", "2012-12-31": "1601.00000", "2011-12-31": "-8.00000", "2010-12-31": "-160.00000", "2009-12-31": "485.17900", "2008-12-31": "-84.57400", "2007-12-31": "237.31700", "2006-12-31": "219.79000", "2005-12-31": "-296.97300"}, "Stock-Based Compensation": {"2020-12-31": "", "2019-12-31": "41.00000", "2018-12-31": "40.00000", "2017-12-31": "36.00000", "2016-12-31": "39.00000", "2015-12-31": "41.00000", "2014-12-31": "39.00000", "2013-12-31": "37.00000", "2012-12-31": "54.00000", "2011-12-31": "56.00000", "2010-12-31": "56.00000", "2009-12-31": "51.85800", "2008-12-31": "41.68600", "2007-12-31": "30.47100", "2006-12-31": "34.78100", "2005-12-31": "64.14400"}, "Common Stock Dividends Paid": {"2020-12-31": "", "2019-12-31": "-1321.00000", "2018-12-31": "-1124.00000", "2017-12-31": "-941.00000", "2016-12-31": "-821.00000", "2015-12-31": "-742.00000", "2014-12-31": "-711.00000", "2013-12-31": "-528.00000", "2012-12-31": "-865.00000", "2011-12-31": "-680.00000", "2010-12-31": "-636.00000", "2009-12-31": "-619.68100", "2008-12-31": "-598.69000", "2007-12-31": "-502.43000", "2006-12-31": "-398.84600", "2005-12-31": "-335.09200"}}, "cash flow statement, quarterly": {"Net Income/Loss": {"2020-12-31": -1467, "2020-09-30": 582, "2020-06-30": 319, "2020-03-31": "566.00000", "2019-12-31": 641, "2019-09-30": 660, "2019-06-30": 623, "2019-03-31": "597.00000", "2018-12-31": 607, "2018-09-30": 638, "2018-06-30": 666, "2018-03-31": "652.00000", "2017-12-31": -76, "2017-09-30": 640, "2017-06-30": 587, "2017-03-31": "536.00000", "2016-12-31": 507, "2016-09-30": 535, "2016-06-30": 525, "2016-03-31": "468.00000", "2015-12-31": 450, "2015-09-30": 511, "2015-06-30": 480, "2015-03-31": "458.00000", "2014-12-31": 450, "2014-09-30": 531, "2014-06-30": 1492, "2014-03-31": "473.00000", "2013-12-31": 408, "2013-09-30": 452, "2013-06-30": 465, "2013-03-31": "354.00000", "2012-12-31": 979, "2012-09-30": 524, "2012-06-30": 881, "2012-03-31": "486.00000", "2011-12-31": 442, "2011-09-30": 507, "2011-06-30": 499, "2011-03-31": "623.00000", "2010-12-31": 335.711, "2010-09-30": 422.028, "2010-06-30": 411.456, "2010-03-31": "333.80500", "2009-12-31": 533.088, "2009-09-30": 302.418, "2009-06-30": 176.565, "2009-03-31": "-39.37400", "2008-12-31": 233.774, "2008-09-30": 453.518, "2008-06-30": 528.09, "2008-03-31": "303.62100", "2007-12-31": 470.733, "2007-09-30": 491.088, "2007-06-30": 505.606, "2007-03-31": "402.43500", "2006-12-31": 439.27, "2006-09-30": 446.092, "2006-06-30": 465.854, "2006-03-31": "366.53000", "2005-12-31": 400.579, "2005-09-30": 408.202, "2005-06-30": 373.782, "2005-03-31": "312.30600"}, "Total Depreciation And Amortization - Cash Flow": {"2020-12-31": -322, "2020-09-30": 118, "2020-06-30": 100, "2020-03-31": "104.00000", "2019-12-31": 105, "2019-09-30": 104, "2019-06-30": 107, "2019-03-31": "110.00000", "2018-12-31": 115, "2018-09-30": 115, "2018-06-30": 116, "2018-03-31": "115.00000", "2017-12-31": 118, "2017-09-30": 116, "2017-06-30": 114, "2017-03-31": "114.00000", "2016-12-31": 118, "2016-09-30": 120, "2016-06-30": 115, "2016-03-31": "117.00000", "2015-12-31": 121, "2015-09-30": 120, "2015-06-30": 118, "2015-03-31": "118.00000", "2014-12-31": 120, "2014-09-30": 128, "2014-06-30": 129, "2014-03-31": "130.00000", "2013-12-31": 134, "2013-09-30": 147, "2013-06-30": 144, "2013-03-31": "188.00000", "2012-12-31": 152, "2012-09-30": 152, "2012-06-30": 156, "2012-03-31": "153.00000", "2011-12-31": 153, "2011-09-30": 154, "2011-06-30": 148, "2011-03-31": "139.00000", "2010-12-31": 139.779, "2010-09-30": 136.459, "2010-06-30": 136.43, "2010-03-31": "136.33200", "2009-12-31": 158.449, "2009-09-30": 151.245, "2009-06-30": 153.041, "2009-03-31": "222.10600", "2008-12-31": 134.492, "2008-09-30": 182.013, "2008-06-30": 143.82, "2008-03-31": "231.58200", "2007-12-31": 141.948, "2007-09-30": 128.04, "2007-06-30": 129.579, "2007-03-31": "125.17700", "2006-12-31": 125.994, "2006-09-30": 106.416, "2006-06-30": 101.752, "2006-03-31": "109.74400", "2005-12-31": 100.66, "2005-09-30": 93.982, "2005-06-30": 89.806, "2005-03-31": "98.62600"}, "Other Non-Cash Items": {"2020-12-31": -55, "2020-09-30": 14, "2020-06-30": 15, "2020-03-31": "26.00000", "2019-12-31": -55, "2019-09-30": 9, "2019-06-30": 33, "2019-03-31": "33.00000", "2018-12-31": 63, "2018-09-30": -20, "2018-06-30": 27, "2018-03-31": "5.00000", "2017-12-31": 17, "2017-09-30": 40, "2017-06-30": 9, "2017-03-31": "29.00000", "2016-12-31": -49, "2016-09-30": -19, "2016-06-30": 26, "2016-03-31": "-198.00000", "2015-12-31": 35, "2015-09-30": -19, "2015-06-30": -13, "2015-03-31": "27.00000", "2014-12-31": 57, "2014-09-30": -34, "2014-06-30": -1661, "2014-03-31": "32.00000", "2013-12-31": -77, "2013-09-30": 74, "2013-06-30": 70, "2013-03-31": "52.00000", "2012-12-31": -610, "2012-09-30": -58, "2012-06-30": -491, "2012-03-31": "45.00000", "2011-12-31": -113, "2011-09-30": 13, "2011-06-30": 26, "2011-03-31": "-64.00000", "2010-12-31": -122.259, "2010-09-30": -10.489, "2010-06-30": -6.59, "2010-03-31": "19.33800", "2009-12-31": -384.343, "2009-09-30": -63.707, "2009-06-30": 51.503, "2009-03-31": "14.02600", "2008-12-31": -28.449, "2008-09-30": 42.484, "2008-06-30": -20.517, "2008-03-31": "-0.75300", "2007-12-31": 0.136, "2007-09-30": 24.48, "2007-06-30": -30.721, "2007-03-31": "-48.03300", "2006-12-31": 46.239, "2006-09-30": 30.717, "2006-06-30": 29.044, "2006-03-31": "10.76700", "2005-12-31": -65.988, "2005-09-30": 25.489, "2005-06-30": -21.185, "2005-03-31": "87.41300"}, "Total Non-Cash Items": {"2020-12-31": -377, "2020-09-30": 132, "2020-06-30": 115, "2020-03-31": "130.00000", "2019-12-31": 50, "2019-09-30": 113, "2019-06-30": 140, "2019-03-31": "143.00000", "2018-12-31": 178, "2018-09-30": 95, "2018-06-30": 143, "2018-03-31": "120.00000", "2017-12-31": 135, "2017-09-30": 156, "2017-06-30": 123, "2017-03-31": "143.00000", "2016-12-31": 69, "2016-09-30": 101, "2016-06-30": 141, "2016-03-31": "-81.00000", "2015-12-31": 156, "2015-09-30": 101, "2015-06-30": 105, "2015-03-31": "145.00000", "2014-12-31": 177, "2014-09-30": 94, "2014-06-30": -1532, "2014-03-31": "162.00000", "2013-12-31": 57, "2013-09-30": 221, "2013-06-30": 214, "2013-03-31": "240.00000", "2012-12-31": -458, "2012-09-30": 94, "2012-06-30": -335, "2012-03-31": "198.00000", "2011-12-31": 40, "2011-09-30": 167, "2011-06-30": 174, "2011-03-31": "75.00000", "2010-12-31": 17.52, "2010-09-30": 125.97, "2010-06-30": 129.84, "2010-03-31": "155.67000", "2009-12-31": -225.894, "2009-09-30": 87.538, "2009-06-30": 204.544, "2009-03-31": "236.13200", "2008-12-31": 106.0428, "2008-09-30": 224.4971, "2008-06-30": 123.303, "2008-03-31": "230.82900", "2007-12-31": 142.084, "2007-09-30": 152.52, "2007-06-30": 98.858, "2007-03-31": "77.14400", "2006-12-31": 172.233, "2006-09-30": 137.133, "2006-06-30": 130.796, "2006-03-31": "120.51100", "2005-12-31": 34.672, "2005-09-30": 119.471, "2005-06-30": 68.621, "2005-03-31": "186.03900"}, "Change In Accounts Receivable": {"2020-12-31": -42, "2020-09-30": -260, "2020-06-30": 292, "2020-03-31": "10.00000", "2019-12-31": 78, "2019-09-30": 78, "2019-06-30": -10, "2019-03-31": "-106.00000", "2018-12-31": 142, "2018-09-30": 86, "2018-06-30": -96, "2018-03-31": "-192.00000", "2017-12-31": 59, "2017-09-30": -11, "2017-06-30": -38, "2017-03-31": "-148.00000", "2016-12-31": 66, "2016-09-30": 12, "2016-06-30": -55, "2016-03-31": "-155.00000", "2015-12-31": 115, "2015-09-30": 32, "2015-06-30": -16, "2015-03-31": "-173.00000", "2014-12-31": 169, "2014-09-30": -7, "2014-06-30": -35, "2014-03-31": "-197.00000", "2013-12-31": 132, "2013-09-30": 100, "2013-06-30": -140, "2013-03-31": "-175.00000", "2012-12-31": 196, "2012-09-30": 130, "2012-06-30": -96, "2012-03-31": "-243.00000", "2011-12-31": 164, "2011-09-30": 59, "2011-06-30": -205, "2011-03-31": "-321.00000", "2010-12-31": 189.013, "2010-09-30": 34.123, "2010-06-30": -211.075, "2010-03-31": "-182.06100", "2009-12-31": -101.033, "2009-09-30": 1.663, "2009-06-30": -18.568, "2009-03-31": "340.99300", "2008-12-31": 368.697, "2008-09-30": 108.034, "2008-06-30": -193.909, "2008-03-31": "-19.34400", "2007-12-31": 64.705, "2007-09-30": 70.475, "2007-06-30": -132.108, "2007-03-31": "-60.04300", "2006-12-31": 30.132, "2006-09-30": 71.523, "2006-06-30": -86.182, "2006-03-31": "-61.05400", "2005-12-31": 74.405, "2005-09-30": -12.672, "2005-06-30": -69.597, "2005-03-31": "-51.03800"}, "Change In Inventories": {"2020-12-31": -50, "2020-09-30": 64, "2020-06-30": 34, "2020-03-31": "-48.00000", "2019-12-31": 67, "2019-09-30": 20, "2019-06-30": 43, "2019-03-31": "-32.00000", "2018-12-31": 14, "2018-09-30": -27, "2018-06-30": -27, "2018-03-31": "-68.00000", "2017-12-31": 12, "2017-09-30": -11, "2017-06-30": -15, "2017-03-31": "-67.00000", "2016-12-31": 56, "2016-09-30": 7, "2016-06-30": -25, "2016-03-31": "-29.00000", "2015-12-31": 57, "2015-09-30": 16, "2015-06-30": 10, "2015-03-31": "-58.00000", "2014-12-31": 52, "2014-09-30": -7, "2014-06-30": -6, "2014-03-31": "-49.00000", "2013-12-31": 60, "2013-09-30": -3, "2013-06-30": 5, "2013-03-31": "-38.00000", "2012-12-31": 89, "2012-09-30": 39, "2012-06-30": -3, "2012-03-31": "-43.00000", "2011-12-31": 78, "2011-09-30": 65, "2011-06-30": -112, "2011-03-31": "-82.00000", "2010-12-31": -9.653, "2010-09-30": -38.853, "2010-06-30": -63.783, "2010-03-31": "-110.71100", "2009-12-31": 51.435, "2009-09-30": 96.838, "2009-06-30": 234.296, "2009-03-31": "194.36300", "2008-12-31": 34.264, "2008-09-30": -32.802, "2008-06-30": -33.445, "2008-03-31": "-65.33600", "2007-12-31": 50.866, "2007-09-30": 17.357, "2007-06-30": -5.69, "2007-03-31": "-67.07600", "2006-12-31": 42.366, "2006-09-30": -11.729, "2006-06-30": -44.795, "2006-03-31": "-46.04600", "2005-12-31": 47.189, "2005-09-30": 65.733, "2005-06-30": 49.014, "2005-03-31": "-57.51700"}, "Change In Accounts Payable": {"2020-12-31": -23, "2020-09-30": 99, "2020-06-30": -93, "2020-03-31": "17.00000", "2019-12-31": -31, "2019-09-30": -5, "2019-06-30": -28, "2019-03-31": "48.00000", "2018-12-31": -49, "2018-09-30": -44, "2018-06-30": -8, "2018-03-31": "55.00000", "2017-12-31": -2, "2017-09-30": -6, "2017-06-30": -9, "2017-03-31": "56.00000", "2016-12-31": -26, "2016-09-30": -45, "2016-06-30": 23, "2016-03-31": "45.00000", "2015-12-31": -43, "2015-09-30": -27, "2015-06-30": -22, "2015-03-31": "62.00000", "2014-12-31": -44, "2014-09-30": 46, "2014-06-30": -17, "2014-03-31": "-5.00000", "2013-12-31": -35, "2013-09-30": -32, "2013-06-30": -19, "2013-03-31": "94.00000", "2012-12-31": -51, "2012-09-30": -43, "2012-06-30": -2, "2012-03-31": "75.00000", "2011-12-31": -75, "2011-09-30": -71, "2011-06-30": -2, "2011-03-31": "93.00000", "2010-12-31": -5.031, "2010-09-30": -72.011, "2010-06-30": 62.626, "2010-03-31": "84.41600", "2009-12-31": 98.19, "2009-09-30": 38.635, "2009-06-30": -1.935, "2009-03-31": "-154.52600", "2008-12-31": -156.467, "2008-09-30": -27.554, "2008-06-30": 10.936, "2008-03-31": "-18.77100", "2007-12-31": 11.439, "2007-09-30": -39.144, "2007-06-30": -18.609, "2007-03-31": "8.49100", "2006-12-31": 10.005, "2006-09-30": -41.47, "2006-06-30": 25.458, "2006-03-31": "16.94800", "2005-12-31": 19.508, "2005-09-30": -24.633, "2005-06-30": -22.695, "2005-03-31": "-11.39600"}, "Change In Assets/Liabilities": {"2020-12-31": -52, "2020-09-30": 27, "2020-06-30": 39, "2020-03-31": "-14.00000", "2019-12-31": -18, "2019-09-30": 12, "2019-06-30": 36, "2019-03-31": "-22.00000", "2018-12-31": -7, "2018-09-30": 13, "2018-06-30": 26, "2018-03-31": "-29.00000", "2017-12-31": -24, "2017-09-30": 15, "2017-06-30": -91, "2017-03-31": "-21.00000", "2016-12-31": -34, "2016-09-30": 29, "2016-06-30": -39, "2016-03-31": "-20.00000", "2015-12-31": 1, "2015-09-30": -2, "2015-06-30": 8, "2015-03-31": "16.00000", "2014-12-31": -51, "2014-09-30": 26, "2014-06-30": -49, "2014-03-31": "-95.00000", "2013-12-31": 132, "2013-09-30": 65, "2013-06-30": 13, "2013-03-31": "-27.00000", "2012-12-31": 3, "2012-09-30": -33, "2012-06-30": 8, "2012-03-31": "-63.00000", "2011-12-31": -36, "2011-09-30": 22, "2011-06-30": 70, "2011-03-31": "-88.00000", "2010-12-31": 13.944, "2010-09-30": -70.217, "2010-06-30": 54.139, "2010-03-31": "-36.86600", "2009-12-31": 21.054, "2009-09-30": -6.23, "2009-06-30": -5.47, "2009-03-31": "-6.36100", "2008-12-31": -48.514, "2008-09-30": -20.159, "2008-06-30": 2.939, "2008-03-31": "-16.53900", "2007-12-31": 5.052, "2007-09-30": 19.449, "2007-06-30": 20.078, "2007-03-31": "-59.53900", "2006-12-31": -23.86, "2006-09-30": -51.705, "2006-06-30": -20.216, "2006-03-31": "32.18100", "2005-12-31": -25.386, "2005-09-30": -52.226, "2005-06-30": 20.434, "2005-03-31": "-20.09600"}, "Total Change In Assets/Liabilities": {"2020-12-31": -190, "2020-09-30": -31, "2020-06-30": 303, "2020-03-31": "-82.00000", "2019-12-31": 83, "2019-09-30": 147, "2019-06-30": -78, "2019-03-31": "-124.00000", "2018-12-31": 24, "2018-09-30": 111, "2018-06-30": -189, "2018-03-31": "-234.00000", "2017-12-31": 636, "2017-09-30": -16, "2017-06-30": -246, "2017-03-31": "-216.00000", "2016-12-31": 88, "2016-09-30": -12, "2016-06-30": -131, "2016-03-31": "92.00000", "2015-12-31": 97, "2015-09-30": 94, "2015-06-30": -137, "2015-03-31": "-161.00000", "2014-12-31": -169, "2014-09-30": -354, "2014-06-30": 613, "2014-03-31": "-321.00000", "2013-12-31": 243, "2013-09-30": 138, "2013-06-30": -36, "2013-03-31": "-228.00000", "2012-12-31": 84, "2012-09-30": 17, "2012-06-30": -37, "2012-03-31": "-361.00000", "2011-12-31": 230, "2011-09-30": 113, "2011-06-30": -361, "2011-03-31": "-553.00000", "2010-12-31": 2.63, "2010-09-30": -24.03, "2010-06-30": -207.945, "2010-03-31": "-214.65500", "2009-12-31": 220.0789, "2009-09-30": 179.2401, "2009-06-30": 242.973, "2009-03-31": "250.24300", "2008-12-31": 249.62, "2008-09-30": 10.744, "2008-06-30": -201.289, "2008-03-31": "-40.52600", "2007-12-31": 180.582, "2007-09-30": 92.833, "2007-06-30": -72.826, "2007-03-31": "-56.76000", "2006-12-31": 131.928, "2006-09-30": -13.62, "2006-06-30": -235.043, "2006-03-31": "-95.65600", "2005-12-31": 53.421, "2005-09-30": 33.923, "2005-06-30": 55.921, "2005-03-31": "-195.39400"}, "Cash Flow From Operating Activities": {"2020-12-31": -2034, "2020-09-30": 683, "2020-06-30": 737, "2020-03-31": "614.00000", "2019-12-31": 774, "2019-09-30": 920, "2019-06-30": 685, "2019-03-31": "616.00000", "2018-12-31": 809, "2018-09-30": 844, "2018-06-30": 620, "2018-03-31": "538.00000", "2017-12-31": 695, "2017-09-30": 780, "2017-06-30": 464, "2017-03-31": "463.00000", "2016-12-31": 664, "2016-09-30": 624, "2016-06-30": 535, "2016-03-31": "479.00000", "2015-12-31": 703, "2015-09-30": 706, "2015-06-30": 448, "2015-03-31": "442.00000", "2014-12-31": 458, "2014-09-30": 271, "2014-06-30": 573, "2014-03-31": "314.00000", "2013-12-31": 708, "2013-09-30": 811, "2013-06-30": 643, "2013-03-31": "366.00000", "2012-12-31": 605, "2012-09-30": 635, "2012-06-30": 509, "2012-03-31": "323.00000", "2011-12-31": 712, "2011-09-30": 787, "2011-06-30": 312, "2011-03-31": "145.00000", "2010-12-31": 355.861, "2010-09-30": 523.968, "2010-06-30": 333.351, "2010-03-31": "274.82000", "2009-12-31": 527.273, "2009-09-30": 569.196, "2009-06-30": 624.082, "2009-03-31": "447.00100", "2008-12-31": 589.437, "2008-09-30": 688.759, "2008-06-30": 450.104, "2008-03-31": "493.92400", "2007-12-31": 793.399, "2007-09-30": 736.441, "2007-06-30": 531.638, "2007-03-31": "422.81900", "2006-12-31": 743.431, "2006-09-30": 569.605, "2006-06-30": 361.607, "2006-03-31": "391.38500", "2005-12-31": 488.672, "2005-09-30": 561.596, "2005-06-30": 498.324, "2005-03-31": "302.95100"}, "Net Change In Property, Plant, And Equipment": {"2020-12-31": 160, "2020-09-30": -49, "2020-06-30": -54, "2020-03-31": "-57.00000", "2019-12-31": -79, "2019-09-30": -74, "2019-06-30": -73, "2019-03-31": "-75.00000", "2018-12-31": -70, "2018-09-30": -95, "2018-06-30": -81, "2018-03-31": "-92.00000", "2017-12-31": -72, "2017-09-30": -73, "2017-06-30": -77, "2017-03-31": "-61.00000", "2016-12-31": -66, "2016-09-30": -74, "2016-06-30": -62, "2016-03-31": "-55.00000", "2015-12-31": -64, "2015-09-30": -55, "2015-06-30": -60, "2015-03-31": "-75.00000", "2014-12-31": -82, "2014-09-30": -120, "2014-06-30": -70, "2014-03-31": "-61.00000", "2013-12-31": -96, "2013-09-30": -67, "2013-06-30": -82, "2013-03-31": "-85.00000", "2012-12-31": -98, "2012-09-30": -80, "2012-06-30": -95, "2012-03-31": "-79.00000", "2011-12-31": -91, "2011-09-30": -74, "2011-06-30": -84, "2011-03-31": "-87.00000", "2010-12-31": -83.679, "2010-09-30": -71.812, "2010-06-30": -60.619, "2010-03-31": "-53.89000", "2009-12-31": -77.333, "2009-09-30": -45.237, "2009-06-30": -47.614, "2009-03-31": "-58.81900", "2008-12-31": -80.079, "2008-09-30": -84.443, "2008-06-30": -91.687, "2008-03-31": "-82.71000", "2007-12-31": -91.368, "2007-09-30": -74.549, "2007-06-30": -85.05, "2007-03-31": "-80.56700", "2006-12-31": -74.997, "2006-09-30": -73.931, "2006-06-30": -73.382, "2006-03-31": "-64.50600", "2005-12-31": -68.516, "2005-09-30": -62.315, "2005-06-30": -76.147, "2005-03-31": "-52.26400"}, "Net Change In Intangible Assets": {"2020-12-31": 0, "2020-09-30": 0, "2020-06-30": 0, "2020-03-31": "", "2019-12-31": 0, "2019-09-30": 0, "2019-06-30": 0, "2019-03-31": "", "2018-12-31": 0, "2018-09-30": 0, "2018-06-30": 0, "2018-03-31": "", "2017-12-31": 0, "2017-09-30": 0, "2017-06-30": 0, "2017-03-31": "", "2016-12-31": 0, "2016-09-30": 0, "2016-06-30": 0, "2016-03-31": "", "2015-12-31": 0, "2015-09-30": 0, "2015-06-30": 0, "2015-03-31": "", "2014-12-31": 0, "2014-09-30": 0, "2014-06-30": 0, "2014-03-31": "", "2013-12-31": 0, "2013-09-30": 0, "2013-06-30": 0, "2013-03-31": "", "2012-12-31": 0, "2012-09-30": 0, "2012-06-30": 0, "2012-03-31": "", "2011-12-31": 0, "2011-09-30": 0, "2011-06-30": 0, "2011-03-31": "", "2010-12-31": 0, "2010-09-30": 0, "2010-06-30": 0, "2010-03-31": "", "2009-12-31": 0, "2009-09-30": 0, "2009-06-30": 0, "2009-03-31": "", "2008-12-31": 0, "2008-09-30": 0, "2008-06-30": 0, "2008-03-31": "", "2007-12-31": 0, "2007-09-30": 0, "2007-06-30": 0, "2007-03-31": "", "2006-12-31": 0, "2006-09-30": 0, "2006-06-30": 0, "2006-03-31": "", "2005-12-31": 0, "2005-09-30": 0, "2005-06-30": 0, "2005-03-31": ""}, "Net Acquisitions/Divestitures": {"2020-12-31": 0, "2020-09-30": 0, "2020-06-30": 0, "2020-03-31": "", "2019-12-31": 0, "2019-09-30": 0, "2019-06-30": 0, "2019-03-31": "-4.00000", "2018-12-31": 0, "2018-09-30": 0, "2018-06-30": 0, "2018-03-31": "", "2017-12-31": 0, "2017-09-30": 0, "2017-06-30": 0, "2017-03-31": "-3.00000", "2016-12-31": 3, "2016-09-30": -454, "2016-06-30": 0, "2016-03-31": "-2.00000", "2015-12-31": 0, "2015-09-30": 0, "2015-06-30": -4, "2015-03-31": "-2.00000", "2014-12-31": -2, "2014-09-30": -23, "2014-06-30": 3173, "2014-03-31": "-2.00000", "2013-12-31": 16, "2013-09-30": -161, "2013-06-30": 41, "2013-03-31": "-59.00000", "2012-12-31": -49, "2012-09-30": 102, "2012-06-30": 520, "2012-03-31": "-481.00000", "2011-12-31": -109, "2011-09-30": -451, "2011-06-30": -205, "2011-03-31": "-543.00000", "2010-12-31": -195.515, "2010-09-30": -84.655, "2010-06-30": -189.785, "2010-03-31": "-27.04500", "2009-12-31": -163.062, "2009-09-30": -4.702, "2009-06-30": -49.131, "2009-03-31": "-64.50900", "2008-12-31": -222.743, "2008-09-30": -646.045, "2008-06-30": -442.152, "2008-03-31": "-236.04200", "2007-12-31": -193.248, "2007-09-30": -195.089, "2007-06-30": -155.338, "2007-03-31": "-269.08200", "2006-12-31": -650.405, "2006-09-30": -446.824, "2006-06-30": -82.482, "2006-03-31": "-198.99700", "2005-12-31": -314.186, "2005-09-30": -112.592, "2005-06-30": -11.79, "2005-03-31": "-188.35400"}, "Net Change In Short-term Investments": {"2020-12-31": 0, "2020-09-30": 0, "2020-06-30": 0, "2020-03-31": "", "2019-12-31": 0, "2019-09-30": 0, "2019-06-30": 0, "2019-03-31": "", "2018-12-31": 0, "2018-09-30": 0, "2018-06-30": 0, "2018-03-31": "", "2017-12-31": 0, "2017-09-30": 0, "2017-06-30": 0, "2017-03-31": "", "2016-12-31": 0, "2016-09-30": 0, "2016-06-30": 0, "2016-03-31": "", "2015-12-31": 0, "2015-09-30": 0, "2015-06-30": 0, "2015-03-31": "", "2014-12-31": 0, "2014-09-30": 0, "2014-06-30": 0, "2014-03-31": "", "2013-12-31": 0, "2013-09-30": 0, "2013-06-30": 0, "2013-03-31": "", "2012-12-31": 0, "2012-09-30": 0, "2012-06-30": 0, "2012-03-31": "", "2011-12-31": 0, "2011-09-30": 0, "2011-06-30": 0, "2011-03-31": "", "2010-12-31": 0, "2010-09-30": 0, "2010-06-30": 0, "2010-03-31": "", "2009-12-31": 0, "2009-09-30": 0, "2009-06-30": 0, "2009-03-31": "", "2008-12-31": 0, "2008-09-30": 0, "2008-06-30": 0, "2008-03-31": "", "2007-12-31": 0, "2007-09-30": 0, "2007-06-30": 0, "2007-03-31": "", "2006-12-31": 0, "2006-09-30": 0, "2006-06-30": 0, "2006-03-31": "", "2005-12-31": 0, "2005-09-30": 0, "2005-06-30": 0, "2005-03-31": ""}, "Net Change In Long-Term Investments": {"2020-12-31": -10, "2020-09-30": 0, "2020-06-30": 3, "2020-03-31": "7.00000", "2019-12-31": 4, "2019-09-30": 1, "2019-06-30": 8, "2019-03-31": "7.00000", "2018-12-31": 3, "2018-09-30": 3, "2018-06-30": 5, "2018-03-31": "5.00000", "2017-12-31": 18, "2017-09-30": 7, "2017-06-30": 11, "2017-03-31": "7.00000", "2016-12-31": 171, "2016-09-30": 7, "2016-06-30": 4, "2016-03-31": "6.00000", "2015-12-31": 5, "2015-09-30": 14, "2015-06-30": 2, "2015-03-31": "1.00000", "2014-12-31": 5, "2014-09-30": 12, "2014-06-30": 10, "2014-03-31": "1.00000", "2013-12-31": 22, "2013-09-30": 4, "2013-06-30": 1, "2013-03-31": "13.00000", "2012-12-31": 80, "2012-09-30": 55, "2012-06-30": 23, "2012-03-31": "123.00000", "2011-12-31": 16, "2011-09-30": 9, "2011-06-30": 3, "2011-03-31": "9.00000", "2010-12-31": -4.989, "2010-09-30": 7.819, "2010-06-30": 2.744, "2010-03-31": "5.42600", "2009-12-31": -6.448, "2009-09-30": 5.524, "2009-06-30": 14.471, "2009-03-31": "-10.91800", "2008-12-31": -11.08, "2008-09-30": 6.473, "2008-06-30": 8.116, "2008-03-31": "3.84000", "2007-12-31": 19.874, "2007-09-30": 25.242, "2007-06-30": 10.444, "2007-03-31": "6.89000", "2006-12-31": 315.559, "2006-09-30": 11.719, "2006-06-30": 4.53, "2006-03-31": "10.21000", "2005-12-31": 144.897, "2005-09-30": 0.551, "2005-06-30": 9.671, "2005-03-31": "-55.27700"}, "Net Change In Investments - Total": {"2020-12-31": -10, "2020-09-30": 0, "2020-06-30": 3, "2020-03-31": "7.00000", "2019-12-31": 4, "2019-09-30": 1, "2019-06-30": 8, "2019-03-31": "7.00000", "2018-12-31": 3, "2018-09-30": 3, "2018-06-30": 5, "2018-03-31": "5.00000", "2017-12-31": 18, "2017-09-30": 7, "2017-06-30": 11, "2017-03-31": "7.00000", "2016-12-31": 171, "2016-09-30": 7, "2016-06-30": 4, "2016-03-31": "6.00000", "2015-12-31": 5, "2015-09-30": 14, "2015-06-30": 2, "2015-03-31": "1.00000", "2014-12-31": 5, "2014-09-30": 12, "2014-06-30": 10, "2014-03-31": "1.00000", "2013-12-31": 22, "2013-09-30": 4, "2013-06-30": 1, "2013-03-31": "13.00000", "2012-12-31": 80, "2012-09-30": 55, "2012-06-30": 23, "2012-03-31": "123.00000", "2011-12-31": 16, "2011-09-30": 9, "2011-06-30": 3, "2011-03-31": "9.00000", "2010-12-31": -4.989, "2010-09-30": 7.819, "2010-06-30": 2.744, "2010-03-31": "5.42600", "2009-12-31": -6.448, "2009-09-30": 5.524, "2009-06-30": 14.471, "2009-03-31": "-10.91800", "2008-12-31": -11.08, "2008-09-30": 6.473, "2008-06-30": 8.116, "2008-03-31": "3.84000", "2007-12-31": 19.874, "2007-09-30": 25.242, "2007-06-30": 10.444, "2007-03-31": "6.89000", "2006-12-31": 315.559, "2006-09-30": 11.719, "2006-06-30": 4.53, "2006-03-31": "10.21000", "2005-12-31": 144.897, "2005-09-30": 0.551, "2005-06-30": 9.671, "2005-03-31": "-55.27700"}, "Investing Activities - Other": {"2020-12-31": 1, "2020-09-30": 1, "2020-06-30": 1, "2020-03-31": "-3.00000", "2019-12-31": 112, "2019-09-30": 4, "2019-06-30": -14, "2019-03-31": "", "2018-12-31": 0, "2018-09-30": -1, "2018-06-30": 0, "2018-03-31": "-2.00000", "2017-12-31": -3, "2017-09-30": -6, "2017-06-30": 1, "2017-03-31": "", "2016-12-31": -3, "2016-09-30": -1, "2016-06-30": -7, "2016-03-31": "1.00000", "2015-12-31": 2, "2015-09-30": 49, "2015-06-30": -41, "2015-03-31": "18.00000", "2014-12-31": -27, "2014-09-30": 5, "2014-06-30": 27, "2014-03-31": "-4.00000", "2013-12-31": -1, "2013-09-30": 3, "2013-06-30": -2, "2013-03-31": "-3.00000", "2012-12-31": 1023, "2012-09-30": 3, "2012-06-30": 0, "2012-03-31": "", "2011-12-31": 14, "2011-09-30": 4, "2011-06-30": 2, "2011-03-31": "8.00000", "2010-12-31": -0.88, "2010-09-30": 62.862, "2010-06-30": 14.795, "2010-03-31": "7.22300", "2009-12-31": 13.542, "2009-09-30": -4.283, "2009-06-30": -13.444, "2009-03-31": "-2.03700", "2008-12-31": 13.55, "2008-09-30": 99.828, "2008-06-30": 7.17, "2008-03-31": "-5.31300", "2007-12-31": 4.304, "2007-09-30": 3.797, "2007-06-30": 57.862, "2007-03-31": "91.83000", "2006-12-31": 34.054, "2006-09-30": -6.942, "2006-06-30": 2.096, "2006-03-31": "19.88300", "2005-12-31": 1.073, "2005-09-30": -10.121, "2005-06-30": -1.052, "2005-03-31": "7.01600"}, "Cash Flow From Investing Activities": {"2020-12-31": 151, "2020-09-30": -48, "2020-06-30": -50, "2020-03-31": "-53.00000", "2019-12-31": 37, "2019-09-30": -69, "2019-06-30": -79, "2019-03-31": "-72.00000", "2018-12-31": -67, "2018-09-30": -93, "2018-06-30": -76, "2018-03-31": "-89.00000", "2017-12-31": -57, "2017-09-30": -72, "2017-06-30": -65, "2017-03-31": "-57.00000", "2016-12-31": 105, "2016-09-30": -522, "2016-06-30": -65, "2016-03-31": "-50.00000", "2015-12-31": -57, "2015-09-30": 8, "2015-06-30": -103, "2015-03-31": "-58.00000", "2014-12-31": -106, "2014-09-30": -126, "2014-06-30": 3140, "2014-03-31": "-66.00000", "2013-12-31": -59, "2013-09-30": -221, "2013-06-30": -42, "2013-03-31": "-134.00000", "2012-12-31": 956, "2012-09-30": 80, "2012-06-30": 448, "2012-03-31": "-437.00000", "2011-12-31": -170, "2011-09-30": -512, "2011-06-30": -284, "2011-03-31": "-613.00000", "2010-12-31": -285.063, "2010-09-30": -85.786, "2010-06-30": -232.865, "2010-03-31": "-68.28600", "2009-12-31": -233.301, "2009-09-30": -48.698, "2009-06-30": -95.718, "2009-03-31": "-136.28300", "2008-12-31": -300.352, "2008-09-30": -624.187, "2008-06-30": -518.553, "2008-03-31": "-320.22500", "2007-12-31": -260.438, "2007-09-30": -240.599, "2007-06-30": -172.082, "2007-03-31": "-250.92900", "2006-12-31": -375.789, "2006-09-30": -515.978, "2006-06-30": -149.238, "2006-03-31": "-233.41000", "2005-12-31": -236.732, "2005-09-30": -184.477, "2005-06-30": -79.318, "2005-03-31": "-288.87900"}, "Net Long-Term Debt": {"2020-12-31": 0, "2020-09-30": 0, "2020-06-30": 0, "2020-03-31": "", "2019-12-31": -1, "2019-09-30": 0, "2019-06-30": 1074, "2019-03-31": "-650.00000", "2018-12-31": 0, "2018-09-30": -1, "2018-06-30": 0, "2018-03-31": "", "2017-12-31": 0, "2017-09-30": -691, "2017-06-30": 691, "2017-03-31": "-652.00000", "2016-12-31": 991, "2016-09-30": 0, "2016-06-30": 525, "2016-03-31": "-525.00000", "2015-12-31": 0, "2015-09-30": -1, "2015-06-30": 1098, "2015-03-31": "", "2014-12-31": 562, "2014-09-30": 0, "2014-06-30": 540, "2014-03-31": "1988.00000", "2013-12-31": -3, "2013-09-30": 0, "2013-06-30": 0, "2013-03-31": "", "2012-12-31": -7, "2012-09-30": 1074, "2012-06-30": -1, "2012-03-31": "-259.00000", "2011-12-31": -1, "2011-09-30": 984, "2011-06-30": -1, "2011-03-31": "-1.00000", "2010-12-31": 26.24, "2010-09-30": -36.271, "2010-06-30": -22.486, "2010-03-31": "-0.48300", "2009-12-31": -5.874, "2009-09-30": -19.9312, "2009-06-30": -638.6569, "2009-03-31": "1538.03300", "2008-12-31": -39.71, "2008-09-30": 0.687, "2008-06-30": -4.703, "2008-03-31": "0.96500", "2007-12-31": 1055.513, "2007-09-30": -1.453, "2007-06-30": -1.171, "2007-03-31": "-8.53500", "2006-12-31": -9.169, "2006-09-30": -1.219, "2006-06-30": -0.592, "2006-03-31": "-5.47500", "2005-12-31": -0.646, "2005-09-30": -2.592, "2005-06-30": -0.612, "2005-03-31": "52.57000"}, "Net Current Debt": {"2020-12-31": 0, "2020-09-30": 0, "2020-06-30": 0, "2020-03-31": "", "2019-12-31": 0, "2019-09-30": 1, "2019-06-30": -1060, "2019-03-31": "1058.00000", "2018-12-31": 0, "2018-09-30": 0, "2018-06-30": -10, "2018-03-31": "-840.00000", "2017-12-31": 152, "2017-09-30": 697, "2017-06-30": -671, "2017-03-31": "671.00000", "2016-12-31": -714, "2016-09-30": 499, "2016-06-30": -311, "2016-03-31": "", "2015-12-31": -284, "2015-09-30": -6, "2015-06-30": -889, "2015-03-31": "233.00000", "2014-12-31": -579, "2014-09-30": 508, "2014-06-30": -958, "2014-03-31": "-722.00000", "2013-12-31": 1199, "2013-09-30": 26, "2013-06-30": 46, "2013-03-31": "-4.00000", "2012-12-31": 38, "2012-09-30": -1016, "2012-06-30": 192, "2012-03-31": "994.00000", "2011-12-31": -542, "2011-09-30": -406, "2011-06-30": 696, "2011-03-31": "419.00000", "2010-12-31": -556.043, "2010-09-30": 303.381, "2010-06-30": -18.749, "2010-03-31": "114.41100", "2009-12-31": 137.885, "2009-09-30": -84.901, "2009-06-30": -327.071, "2009-03-31": "-1341.91100", "2008-12-31": 234.707, "2008-09-30": 736.353, "2008-06-30": 115.124, "2008-03-31": "424.19000", "2007-12-31": -463.88, "2007-09-30": 184.284, "2007-06-30": -85.122, "2007-03-31": "97.75000", "2006-12-31": -80.372, "2006-09-30": 433.111, "2006-06-30": -139.348, "2006-03-31": "-18.49500", "2005-12-31": -130.928, "2005-09-30": -316.081, "2005-06-30": -86.767, "2005-03-31": "578.18200"}, "Debt Issuance/Retirement Net - Total": {"2020-12-31": 0, "2020-09-30": 0, "2020-06-30": 0, "2020-03-31": "", "2019-12-31": -1, "2019-09-30": 1, "2019-06-30": 14, "2019-03-31": "408.00000", "2018-12-31": 0, "2018-09-30": -1, "2018-06-30": -10, "2018-03-31": "-840.00000", "2017-12-31": 152, "2017-09-30": 6, "2017-06-30": 20, "2017-03-31": "19.00000", "2016-12-31": 277, "2016-09-30": 499, "2016-06-30": 214, "2016-03-31": "-525.00000", "2015-12-31": -284, "2015-09-30": -7, "2015-06-30": 209, "2015-03-31": "233.00000", "2014-12-31": -17, "2014-09-30": 508, "2014-06-30": -418, "2014-03-31": "1266.00000", "2013-12-31": 1196, "2013-09-30": 26, "2013-06-30": 46, "2013-03-31": "-4.00000", "2012-12-31": 31, "2012-09-30": 58, "2012-06-30": 191, "2012-03-31": "735.00000", "2011-12-31": -543, "2011-09-30": 578, "2011-06-30": 695, "2011-03-31": "418.00000", "2010-12-31": -529.803, "2010-09-30": 267.11, "2010-06-30": -41.235, "2010-03-31": "113.92800", "2009-12-31": 132.011, "2009-09-30": -104.8321, "2009-06-30": -965.7279, "2009-03-31": "196.12190", "2008-12-31": 194.997, "2008-09-30": 737.04, "2008-06-30": 110.421, "2008-03-31": "425.15500", "2007-12-31": 591.633, "2007-09-30": 182.831, "2007-06-30": -86.293, "2007-03-31": "89.21500", "2006-12-31": -89.541, "2006-09-30": 431.892, "2006-06-30": -139.94, "2006-03-31": "-23.97000", "2005-12-31": -131.574, "2005-09-30": -318.673, "2005-06-30": -87.379, "2005-03-31": "630.75200"}, "Net Common Equity Issued/Repurchased": {"2020-12-31": 646, "2020-09-30": 32, "2020-06-30": 11, "2020-03-31": "-689.00000", "2019-12-31": -340, "2019-09-30": -349, "2019-06-30": -362, "2019-03-31": "-364.00000", "2018-12-31": -489, "2018-09-30": -499, "2018-06-30": -500, "2018-03-31": "-490.00000", "2017-12-31": -224, "2017-09-30": -237, "2017-06-30": -223, "2017-03-31": "-232.00000", "2016-12-31": -508, "2016-09-30": -465, "2016-06-30": -502, "2016-03-31": "-441.00000", "2015-12-31": 11, "2015-09-30": -215, "2015-06-30": -291, "2015-03-31": "-1448.00000", "2014-12-31": -775, "2014-09-30": -599, "2014-06-30": -1411, "2014-03-31": "-1413.00000", "2013-12-31": -1052, "2013-09-30": -299, "2013-06-30": -241, "2013-03-31": "-308.00000", "2012-12-31": -556, "2012-09-30": -294, "2012-06-30": -515, "2012-03-31": "-372.00000", "2011-12-31": 13, "2011-09-30": -391, "2011-06-30": -500, "2011-03-31": "81.00000", "2010-12-31": 56.339, "2010-09-30": -334.191, "2010-06-30": 37.711, "2010-03-31": "5.14100", "2009-12-31": 46.405, "2009-09-30": 39.373, "2009-06-30": 10.572, "2009-03-31": "5.38300", "2008-12-31": -388.155, "2008-09-30": -395.871, "2008-06-30": -182.358, "2008-03-31": "-368.02100", "2007-12-31": -782.042, "2007-09-30": -456.282, "2007-06-30": -273.902, "2007-03-31": "-128.87000", "2006-12-31": -186.339, "2006-09-30": -244.575, "2006-06-30": 21, "2006-03-31": "42.00700", "2005-12-31": 6.245, "2005-09-30": -465.797, "2005-06-30": -380.285, "2005-03-31": "-177.39800"}, "Net Total Equity Issued/Repurchased": {"2020-12-31": 646, "2020-09-30": 32, "2020-06-30": 11, "2020-03-31": "-689.00000", "2019-12-31": -340, "2019-09-30": -349, "2019-06-30": -362, "2019-03-31": "-364.00000", "2018-12-31": -489, "2018-09-30": -499, "2018-06-30": -500, "2018-03-31": "-490.00000", "2017-12-31": -224, "2017-09-30": -237, "2017-06-30": -223, "2017-03-31": "-232.00000", "2016-12-31": -508, "2016-09-30": -465, "2016-06-30": -502, "2016-03-31": "-441.00000", "2015-12-31": 11, "2015-09-30": -215, "2015-06-30": -291, "2015-03-31": "-1448.00000", "2014-12-31": -775, "2014-09-30": -599, "2014-06-30": -1411, "2014-03-31": "-1413.00000", "2013-12-31": -1052, "2013-09-30": -299, "2013-06-30": -241, "2013-03-31": "-308.00000", "2012-12-31": -556, "2012-09-30": -294, "2012-06-30": -515, "2012-03-31": "-372.00000", "2011-12-31": 13, "2011-09-30": -391, "2011-06-30": -500, "2011-03-31": "81.00000", "2010-12-31": 56.339, "2010-09-30": -334.191, "2010-06-30": 37.711, "2010-03-31": "5.14100", "2009-12-31": 46.405, "2009-09-30": 39.373, "2009-06-30": 10.572, "2009-03-31": "5.38300", "2008-12-31": -388.155, "2008-09-30": -395.871, "2008-06-30": -182.358, "2008-03-31": "-368.02100", "2007-12-31": -782.042, "2007-09-30": -456.282, "2007-06-30": -273.902, "2007-03-31": "-168.87000", "2006-12-31": -186.339, "2006-09-30": -244.575, "2006-06-30": 21, "2006-03-31": "42.00700", "2005-12-31": -13.755, "2005-09-30": -465.797, "2005-06-30": -380.285, "2005-03-31": "-177.39800"}, "Total Common And Preferred Stock Dividends Paid": {"2020-12-31": 1019, "2020-09-30": -339, "2020-06-30": -338, "2020-03-31": "-342.00000", "2019-12-31": -344, "2019-09-30": -323, "2019-06-30": -326, "2019-03-31": "-328.00000", "2018-12-31": -332, "2018-09-30": -262, "2018-06-30": -264, "2018-03-31": "-266.00000", "2017-12-31": -267, "2017-09-30": -224, "2017-06-30": -224, "2017-03-31": "-226.00000", "2016-12-31": -228, "2016-09-30": -195, "2016-06-30": -198, "2016-03-31": "-200.00000", "2015-12-31": -200, "2015-09-30": -177, "2015-06-30": -179, "2015-03-31": "-186.00000", "2014-12-31": -190, "2014-09-30": -166, "2014-06-30": -174, "2014-03-31": "-181.00000", "2013-12-31": -186, "2013-09-30": -171, "2013-06-30": -171, "2013-03-31": "", "2012-12-31": -350, "2012-09-30": -169, "2012-06-30": -172, "2012-03-31": "-174.00000", "2011-12-31": -174, "2011-09-30": -167, "2011-06-30": -170, "2011-03-31": "-169.00000", "2010-12-31": -168.417, "2010-09-30": -156.088, "2010-06-30": -155.771, "2010-03-31": "-155.72400", "2009-12-31": -155.282, "2009-09-30": -154.892, "2009-06-30": -154.781, "2009-03-31": "-154.72600", "2008-12-31": -158.461, "2008-09-30": -145.423, "2008-06-30": -146.379, "2008-03-31": "-148.42700", "2007-12-31": -152.308, "2007-09-30": -115.874, "2007-06-30": -116.911, "2007-03-31": "-117.33700", "2006-12-31": -118.999, "2006-09-30": -93.664, "2006-06-30": -93.563, "2006-03-31": "-92.62000", "2005-12-31": -92.384, "2005-09-30": -79.909, "2005-06-30": -81.146, "2005-03-31": "-81.65300"}, "Financial Activities - Other": {"2020-12-31": 16, "2020-09-30": 1, "2020-06-30": -1, "2020-03-31": "-16.00000", "2019-12-31": 0, "2019-09-30": 0, "2019-06-30": -1, "2019-03-31": "-11.00000", "2018-12-31": 0, "2018-09-30": 1, "2018-06-30": 0, "2018-03-31": "-12.00000", "2017-12-31": -1, "2017-09-30": 0, "2017-06-30": -2, "2017-03-31": "-11.00000", "2016-12-31": 3, "2016-09-30": 6, "2016-06-30": 5, "2016-03-31": "3.00000", "2015-12-31": 1, "2015-09-30": 4, "2015-06-30": -1, "2015-03-31": "4.00000", "2014-12-31": 10, "2014-09-30": 2, "2014-06-30": 8, "2014-03-31": "-1.00000", "2013-12-31": 4, "2013-09-30": 6, "2013-06-30": 7, "2013-03-31": "7.00000", "2012-12-31": 3, "2012-09-30": 11, "2012-06-30": 1, "2012-03-31": "1.00000", "2011-12-31": 0, "2011-09-30": 1, "2011-06-30": 2, "2011-03-31": "5.00000", "2010-12-31": 4.535, "2010-09-30": 1.154, "2010-06-30": 2.123, "2010-03-31": "0.18800", "2009-12-31": 3.442, "2009-09-30": 0.581, "2009-06-30": 0.025, "2009-03-31": "0.00300", "2008-12-31": 0.029, "2008-09-30": 0.561, "2008-06-30": 1.616, "2008-03-31": "1.79700", "2007-12-31": 2.302, "2007-09-30": 4.024, "2007-06-30": 3.895, "2007-03-31": "5.99100", "2006-12-31": -4.164, "2006-09-30": 6.698, "2006-06-30": 10.552, "2006-03-31": "", "2005-12-31": 12.879, "2005-09-30": 0, "2005-06-30": 0, "2005-03-31": ""}, "Cash Flow From Financial Activities": {"2020-12-31": 1681, "2020-09-30": -306, "2020-06-30": -328, "2020-03-31": "-1047.00000", "2019-12-31": -685, "2019-09-30": -671, "2019-06-30": -675, "2019-03-31": "-295.00000", "2018-12-31": -821, "2018-09-30": -761, "2018-06-30": -774, "2018-03-31": "-1608.00000", "2017-12-31": -340, "2017-09-30": -455, "2017-06-30": -429, "2017-03-31": "-450.00000", "2016-12-31": -456, "2016-09-30": -155, "2016-06-30": -481, "2016-03-31": "-1163.00000", "2015-12-31": -472, "2015-09-30": -395, "2015-06-30": -262, "2015-03-31": "-1397.00000", "2014-12-31": -972, "2014-09-30": -255, "2014-06-30": -1995, "2014-03-31": "-329.00000", "2013-12-31": -38, "2013-09-30": -438, "2013-06-30": -359, "2013-03-31": "-305.00000", "2012-12-31": -872, "2012-09-30": -394, "2012-06-30": -495, "2012-03-31": "190.00000", "2011-12-31": -704, "2011-09-30": 21, "2011-06-30": 27, "2011-03-31": "335.00000", "2010-12-31": -637.346, "2010-09-30": -222.015, "2010-06-30": -157.172, "2010-03-31": "-36.46700", "2009-12-31": 26.576, "2009-09-30": -219.77, "2009-06-30": -1109.912, "2009-03-31": "46.78200", "2008-12-31": -351.59, "2008-09-30": 196.307, "2008-06-30": -216.7, "2008-03-31": "-89.49600", "2007-12-31": -340.415, "2007-09-30": -385.301, "2007-06-30": -473.211, "2007-03-31": "-191.00100", "2006-12-31": -399.043, "2006-09-30": 100.351, "2006-06-30": -201.951, "2006-03-31": "-74.58300", "2005-12-31": -224.834, "2005-09-30": -864.379, "2005-06-30": -548.81, "2005-03-31": "371.70100"}, "Net Cash Flow": {"2020-12-31": -188, "2020-09-30": 357, "2020-06-30": 382, "2020-03-31": "-551.00000", "2019-12-31": 156, "2019-09-30": 148, "2019-06-30": -78, "2019-03-31": "251.00000", "2018-12-31": -85, "2018-09-30": -39, "2018-06-30": -312, "2018-03-31": "-1154.00000", "2017-12-31": 309, "2017-09-30": 289, "2017-06-30": 3, "2017-03-31": "21.00000", "2016-12-31": 173, "2016-09-30": -56, "2016-06-30": -93, "2016-03-31": "-642.00000", "2015-12-31": 89, "2015-09-30": 143, "2015-06-30": 186, "2015-03-31": "-1318.00000", "2014-12-31": -830, "2014-09-30": -477, "2014-06-30": 1750, "2014-03-31": "-71.00000", "2013-12-31": 600, "2013-09-30": 250, "2013-06-30": 106, "2013-03-31": "-117.00000", "2012-12-31": 725, "2012-09-30": 362, "2012-06-30": 388, "2012-03-31": "126.00000", "2011-12-31": -141, "2011-09-30": 88, "2011-06-30": 147, "2011-03-31": "-102.00000", "2010-12-31": -539.173, "2010-09-30": 384.024, "2010-06-30": -160.221, "2010-03-31": "155.37000", "2009-12-31": 285.273, "2009-09-30": 326.453, "2009-06-30": -504.696, "2009-03-31": "378.14900", "2008-12-31": -124.668, "2008-09-30": 227.444, "2008-06-30": -287.267, "2008-03-31": "99.91700", "2007-12-31": 225.42, "2007-09-30": 120.596, "2007-06-30": -93.067, "2007-03-31": "-15.63200", "2006-12-31": -27.705, "2006-09-30": 158.726, "2006-06-30": 4.716, "2006-03-31": "84.05300", "2005-12-31": 19.072, "2005-09-30": -507.334, "2005-06-30": -194.262, "2005-03-31": "385.55100"}, "Stock-Based Compensation": {"2020-12-31": -31, "2020-09-30": 14, "2020-06-30": 8, "2020-03-31": "9.00000", "2019-12-31": 9, "2019-09-30": 10, "2019-06-30": 12, "2019-03-31": "10.00000", "2018-12-31": 9, "2018-09-30": 11, "2018-06-30": 11, "2018-03-31": "9.00000", "2017-12-31": 9, "2017-09-30": 8, "2017-06-30": 10, "2017-03-31": "9.00000", "2016-12-31": 8, "2016-09-30": 11, "2016-06-30": 11, "2016-03-31": "9.00000", "2015-12-31": 8, "2015-09-30": 9, "2015-06-30": 10, "2015-03-31": "14.00000", "2014-12-31": 9, "2014-09-30": 9, "2014-06-30": 12, "2014-03-31": "9.00000", "2013-12-31": 11, "2013-09-30": 8, "2013-06-30": 9, "2013-03-31": "9.00000", "2012-12-31": 18, "2012-09-30": 12, "2012-06-30": 12, "2012-03-31": "12.00000", "2011-12-31": 14, "2011-09-30": 14, "2011-06-30": 14, "2011-03-31": "14.00000", "2010-12-31": 13.681, "2010-09-30": 14.92, "2010-06-30": 14.979, "2010-03-31": "12.42000", "2009-12-31": 16.201, "2009-09-30": 11.688, "2009-06-30": 12.332, "2009-03-31": "11.63700", "2008-12-31": 9.736, "2008-09-30": 10.116, "2008-06-30": 10.53, "2008-03-31": "11.30400", "2007-12-31": 7.696, "2007-09-30": 7.73, "2007-06-30": 7.659, "2007-03-31": "7.38600", "2006-12-31": 6.923, "2006-09-30": 8.081, "2006-06-30": 8.276, "2006-03-31": "11.50100", "2005-12-31": 18.904, "2005-09-30": 14.147, "2005-06-30": 15.514, "2005-03-31": "15.57900"}, "Common Stock Dividends Paid": {"2020-12-31": 1019, "2020-09-30": -339, "2020-06-30": -338, "2020-03-31": "-342.00000", "2019-12-31": -344, "2019-09-30": -323, "2019-06-30": -326, "2019-03-31": "-328.00000", "2018-12-31": -332, "2018-09-30": -262, "2018-06-30": -264, "2018-03-31": "-266.00000", "2017-12-31": -267, "2017-09-30": -224, "2017-06-30": -224, "2017-03-31": "-226.00000", "2016-12-31": -228, "2016-09-30": -195, "2016-06-30": -198, "2016-03-31": "-200.00000", "2015-12-31": -200, "2015-09-30": -177, "2015-06-30": -179, "2015-03-31": "-186.00000", "2014-12-31": -190, "2014-09-30": -166, "2014-06-30": -174, "2014-03-31": "-181.00000", "2013-12-31": -186, "2013-09-30": -171, "2013-06-30": -171, "2013-03-31": "0.00000", "2012-12-31": -350, "2012-09-30": -169, "2012-06-30": -172, "2012-03-31": "-174.00000", "2011-12-31": -174, "2011-09-30": -167, "2011-06-30": -170, "2011-03-31": "-169.00000", "2010-12-31": -168.417, "2010-09-30": -156.088, "2010-06-30": -155.771, "2010-03-31": "-155.72400", "2009-12-31": -155.282, "2009-09-30": -154.892, "2009-06-30": -154.781, "2009-03-31": "-154.72600", "2008-12-31": -158.461, "2008-09-30": -145.423, "2008-06-30": -146.379, "2008-03-31": "-148.42700", "2007-12-31": -152.308, "2007-09-30": -115.874, "2007-06-30": -116.911, "2007-03-31": "-117.33700", "2006-12-31": -118.999, "2006-09-30": -93.664, "2006-06-30": -93.563, "2006-03-31": "-92.62000", "2005-12-31": -92.384, "2005-09-30": -79.909, "2005-06-30": -81.146, "2005-03-31": "-81.65300"}}, "financial ratios": {"Current Ratio": {"2019-12-31": "2.90300", "2018-12-31": "1.63130", "2017-12-31": "2.38390", "2016-12-31": "2.21850", "2015-12-31": "2.83780", "2014-12-31": "2.23090", "2013-12-31": "1.62680", "2012-12-31": "3.00260", "2011-12-31": "2.30060", "2010-12-31": "1.97510", "2009-12-31": "2.00120", "2008-12-31": "1.19250", "2007-12-31": "2.08280", "2006-12-31": "1.97470", "2005-12-31": "2.05510"}, "Long-term Debt / Capital": {"2019-12-31": "0.71900", "2018-12-31": "0.64920", "2017-12-31": "0.61970", "2016-12-31": "0.62760", "2015-12-31": "0.56880", "2014-12-31": "0.46550", "2013-12-31": "0.22340", "2012-12-31": "0.30270", "2011-12-31": "0.25800", "2010-12-31": "0.20980", "2009-12-31": "0.24840", "2008-12-31": "0.13990", "2007-12-31": "0.16800", "2006-12-31": "0.09580", "2005-12-31": "0.11270"}, "Debt/Equity Ratio": {"2019-12-31": "2.56040", "2018-12-31": "2.26520", "2017-12-31": "1.81480", "2016-12-31": "1.83820", "2015-12-31": "1.41970", "2014-12-31": "1.08720", "2013-12-31": "0.65340", "2012-12-31": "0.47760", "2011-12-31": "0.39760", "2010-12-31": "0.29970", "2009-12-31": "0.35480", "2008-12-31": "0.47970", "2007-12-31": "0.24590", "2006-12-31": "0.15730", "2005-12-31": "0.16050"}, "Gross Margin": {"2019-12-31": "41.97320", "2018-12-31": "41.73890", "2017-12-31": "41.97290", "2016-12-31": "41.84870", "2015-12-31": "41.15630", "2014-12-31": "40.12010", "2013-12-31": "39.48360", "2012-12-31": "38.24620", "2011-12-31": "37.38200", "2010-12-31": "35.15180", "2009-12-31": "34.03540", "2008-12-31": "34.58100", "2007-12-31": "35.25270", "2006-12-31": "35.99970", "2005-12-31": "34.93870"}, "Operating Margin": {"2019-12-31": "24.11230", "2018-12-31": "24.26870", "2017-12-31": "24.34680", "2016-12-31": "22.47220", "2015-12-31": "21.38750", "2014-12-31": "19.93920", "2013-12-31": "17.78560", "2012-12-31": "16.73320", "2011-12-31": "16.26590", "2010-12-31": "14.62120", "2009-12-31": "10.18910", "2008-12-31": "14.62710", "2007-12-31": "16.31110", "2006-12-31": "17.27140", "2005-12-31": "16.86740"}, "EBIT Margin": {"2019-12-31": "24.11230", "2018-12-31": "24.26870", "2017-12-31": "24.34680", "2016-12-31": "22.47220", "2015-12-31": "21.38750", "2014-12-31": "19.93920", "2013-12-31": "17.78560", "2012-12-31": "16.73320", "2011-12-31": "16.26590", "2010-12-31": "14.62120", "2009-12-31": "10.18910", "2008-12-31": "14.62710", "2007-12-31": "16.31110", "2006-12-31": "17.27140", "2005-12-31": "16.86740"}, "EBITDA Margin": {"2019-12-31": "27.13160", "2018-12-31": "27.39030", "2017-12-31": "27.57440", "2016-12-31": "25.92840", "2015-12-31": "24.94590", "2014-12-31": "23.43970", "2013-12-31": "22.12240", "2012-12-31": "20.87760", "2011-12-31": "20.35830", "2010-12-31": "18.18240", "2009-12-31": "15.23470", "2008-12-31": "18.67330", "2007-12-31": "19.56830", "2006-12-31": "20.74370", "2005-12-31": "19.92210"}, "Pre-Tax Profit Margin": {"2019-12-31": "23.30430", "2018-12-31": "22.98210", "2017-12-31": "22.84480", "2016-12-31": "21.38390", "2015-12-31": "20.28350", "2014-12-31": "18.63440", "2013-12-31": "16.60420", "2012-12-31": "21.67530", "2011-12-31": "15.31520", "2010-12-31": "13.55090", "2009-12-31": "8.94360", "2008-12-31": "13.75140", "2007-12-31": "16.03910", "2006-12-31": "17.31590", "2005-12-31": "17.19440"}, "Net Profit Margin": {"2019-12-31": "17.86800", "2018-12-31": "17.35510", "2017-12-31": "11.78570", "2016-12-31": "14.96430", "2015-12-31": "14.16640", "2014-12-31": "20.33970", "2013-12-31": "11.87830", "2012-12-31": "19.40370", "2011-12-31": "14.26800", "2010-12-31": "9.74960", "2009-12-31": "7.16640", "2008-12-31": "8.88290", "2007-12-31": "11.60670", "2006-12-31": "13.43630", "2005-12-31": "11.92050"}, "Asset Turnover": {"2019-12-31": "0.93640", "2018-12-31": "0.99310", "2017-12-31": "0.85300", "2016-12-31": "0.89460", "2015-12-31": "0.85220", "2014-12-31": "0.82930", "2013-12-31": "0.70800", "2012-12-31": "0.76600", "2011-12-31": "0.80710", "2010-12-31": "0.93930", "2009-12-31": "0.84400", "2008-12-31": "1.12480", "2007-12-31": "1.03760", "2006-12-31": "0.92100", "2005-12-31": "1.09560"}, "Inventory Turnover Ratio": {"2019-12-31": "7.03350", "2018-12-31": "6.52810", "2017-12-31": "6.80820", "2016-12-31": "7.34940", "2015-12-31": "7.26340", "2014-12-31": "7.35000", "2013-12-31": "6.85970", "2012-12-31": "5.76280", "2011-12-31": "5.29660", "2010-12-31": "6.11490", "2009-12-31": "6.60170", "2008-12-31": "6.30350", "2007-12-31": "6.41580", "2006-12-31": "5.51900", "2005-12-31": "6.78180"}, "Receiveable Turnover": {"2019-12-31": "5.73300", "2018-12-31": "5.63230", "2017-12-31": "5.44670", "2016-12-31": "5.76960", "2015-12-31": "6.08490", "2014-12-31": "6.31660", "2013-12-31": "5.97670", "2012-12-31": "5.39420", "2011-12-31": "5.14900", "2010-12-31": "5.97150", "2009-12-31": "5.44770", "2008-12-31": "6.64870", "2007-12-31": "5.52560", "2006-12-31": "5.17320", "2005-12-31": "5.97650"}, "Days Sales In Receivables": {"2019-12-31": "63.66610", "2018-12-31": "64.80430", "2017-12-31": "67.01270", "2016-12-31": "63.26240", "2015-12-31": "59.98470", "2014-12-31": "57.78410", "2013-12-31": "61.07000", "2012-12-31": "67.66480", "2011-12-31": "70.88770", "2010-12-31": "61.12360", "2009-12-31": "67.00030", "2008-12-31": "54.89800", "2007-12-31": "66.05570", "2006-12-31": "70.55620", "2005-12-31": "61.07250"}, "ROE - Return On Equity": {"2019-12-31": "83.20130", "2018-12-31": "78.66790", "2017-12-31": "36.76180", "2016-12-31": "47.78120", "2015-12-31": "36.32360", "2014-12-31": "27.69640", "2013-12-31": "16.78860", "2012-12-31": "21.12580", "2011-12-31": "17.68990", "2010-12-31": "15.16920", "2009-12-31": "10.98490", "2008-12-31": "22.03350", "2007-12-31": "19.54470", "2006-12-31": "17.37790", "2005-12-31": "19.61650"}, "Return On Tangible Equity": {"2019-12-31": "-108.99260", "2018-12-31": "-104.22940", "2017-12-31": "-117.56100", "2016-12-31": "-115.49380", "2015-12-31": "-246.30350", "2014-12-31": "527.93300", "2013-12-31": "57.71960", "2012-12-31": "80.26600", "2011-12-31": "68.19060", "2010-12-31": "50.60710", "2009-12-31": "43.36430", "2008-12-31": "122.73210", "2007-12-31": "49.82820", "2006-12-31": "40.40030", "2005-12-31": "38.27440"}, "ROA - Return On Assets": {"2019-12-31": "16.73080", "2018-12-31": "17.23610", "2017-12-31": "10.05360", "2016-12-31": "13.38730", "2015-12-31": "12.07320", "2014-12-31": "10.82160", "2013-12-31": "8.16390", "2012-12-31": "11.56460", "2011-12-31": "9.86990", "2010-12-31": "8.84700", "2009-12-31": "6.02310", "2008-12-31": "11.12300", "2007-12-31": "11.77190", "2006-12-31": "11.28970", "2005-12-31": "12.93450"}, "ROI - Return On Investment": {"2019-12-31": "23.37720", "2018-12-31": "27.59770", "2017-12-31": "13.98030", "2016-12-31": "17.79470", "2015-12-31": "15.66320", "2014-12-31": "14.80380", "2013-12-31": "13.03790", "2012-12-31": "14.73050", "2011-12-31": "13.12680", "2010-12-31": "11.98610", "2009-12-31": "8.25580", "2008-12-31": "18.95210", "2007-12-31": "16.26040", "2006-12-31": "15.71280", "2005-12-31": "17.40620"}, "Book Value Per Share": {"2019-12-31": "9.47470", "2018-12-31": "9.92990", "2017-12-31": "13.43780", "2016-12-31": "12.27730", "2015-12-31": "14.37450", "2014-12-31": "17.80810", "2013-12-31": "22.58430", "2012-12-31": "23.22570", "2011-12-31": "20.74860", "2010-12-31": "19.23080", "2009-12-31": "17.69460", "2008-12-31": "15.37740", "2007-12-31": "17.64080", "2006-12-31": "16.13870", "2005-12-31": "13.43760"}, "Operating Cash Flow Per Share": {"2019-12-31": 0.8596, "2018-12-31": 1.4126, "2017-12-31": 0.4798, "2016-12-31": 0.2346, "2015-12-31": 2.2177, "2014-12-31": -1.6324, "2013-12-31": 1.2478, "2012-12-31": 0.424, "2011-12-31": 0.9982, "2010-12-31": -1.362, "2009-12-31": 0.0549, "2008-12-31": -0.2043, "2007-12-31": 0.8426, "2006-12-31": 0.4077, "2005-12-31": 3.2176}, "Free Cash Flow Per Share": {"2019-12-31": 0.9379, "2018-12-31": 1.2259, "2017-12-31": 0.3835, "2016-12-31": 0.2012, "2015-12-31": 2.3545, "2014-12-31": -1.7211, "2013-12-31": 1.2573, "2012-12-31": 0.3594, "2011-12-31": 0.8554, "2010-12-31": -1.4423, "2009-12-31": 0.249, "2008-12-31": -0.2584, "2007-12-31": 0.7497, "2006-12-31": 0.3549, "2005-12-31": 2.7671}}, "financial ratios, quarterly": {"Current Ratio": {"2020-09-30": "2.37440", "2020-06-30": "2.74680", "2020-03-31": "2.70960", "2019-12-31": "2.90300", "2019-09-30": "2.80930", "2019-06-30": "2.87430", "2019-03-31": "1.53370", "2018-12-31": "1.63130", "2018-09-30": "1.62160", "2018-06-30": "1.72510", "2018-03-31": "2.19590", "2017-12-31": "2.38390", "2017-09-30": "2.41090", "2017-06-30": "2.32480", "2017-03-31": "2.23650", "2016-12-31": "2.21850", "2016-09-30": "1.77420", "2016-06-30": "2.18380", "2016-03-31": "2.29790", "2015-12-31": "2.83780", "2015-09-30": "2.55840", "2015-06-30": "2.56120", "2015-03-31": "1.78070", "2014-12-31": "2.23090", "2014-09-30": "2.36240", "2014-06-30": "2.49580", "2014-03-31": "1.87090", "2013-12-31": "1.62680", "2013-09-30": "2.43140", "2013-06-30": "2.21320", "2013-03-31": "2.89440", "2012-12-31": "3.00260", "2012-09-30": "2.61270", "2012-06-30": "1.91840", "2012-03-31": "1.95630", "2011-12-31": "2.30060", "2011-09-30": "2.01720", "2011-06-30": "1.86040", "2011-03-31": "2.02990", "2010-12-31": "1.97510", "2010-09-30": "1.96650", "2010-06-30": "2.07680", "2010-03-31": "2.03910", "2009-12-31": "2.00120", "2009-09-30": "2.14260", "2009-06-30": "2.09620", "2009-03-31": "1.75760", "2008-12-31": "1.19250", "2008-09-30": "1.39180", "2008-06-30": "1.56880", "2008-03-31": "1.63860", "2007-12-31": "2.08280", "2007-09-30": "2.37010", "2007-06-30": "2.00500", "2007-03-31": "1.99680", "2006-12-31": "1.97470", "2006-09-30": "2.08370", "2006-06-30": "2.44220", "2006-03-31": "2.23660", "2005-12-31": "2.05510", "2005-09-30": "2.00600", "2005-06-30": "2.00280", "2005-03-31": "2.04790"}, "Long-term Debt / Capital": {"2020-09-30": "0.73790", "2020-06-30": "0.76710", "2020-03-31": "0.77100", "2019-12-31": "0.71900", "2019-09-30": "0.72020", "2019-06-30": "0.71620", "2019-03-31": "0.65150", "2018-12-31": "0.64920", "2018-09-30": "0.63060", "2018-06-30": "0.61570", "2018-03-31": "0.62330", "2017-12-31": "0.61970", "2017-09-30": "0.59680", "2017-06-30": "0.60660", "2017-03-31": "0.61570", "2016-12-31": "0.62760", "2016-09-30": "0.56910", "2016-06-30": "0.56000", "2016-03-31": "0.54890", "2015-12-31": "0.56880", "2015-09-30": "0.57900", "2015-06-30": "0.56860", "2015-03-31": "0.53990", "2014-12-31": "0.46550", "2014-09-30": "0.43610", "2014-06-30": "0.42110", "2014-03-31": "0.35820", "2013-12-31": "0.22340", "2013-09-30": "0.26670", "2013-06-30": "0.26930", "2013-03-31": "0.30710", "2012-12-31": "0.30270", "2012-09-30": "0.30820", "2012-06-30": "0.25560", "2012-03-31": "0.25780", "2011-12-31": "0.25800", "2011-09-30": "0.26340", "2011-06-30": "0.20110", "2011-03-31": "0.20020", "2010-12-31": "0.20980", "2010-09-30": "0.23540", "2010-06-30": "0.23780", "2010-03-31": "0.24300", "2009-12-31": "0.24840", "2009-09-30": "0.25820", "2009-06-30": "0.26490", "2009-03-31": "0.27090", "2008-12-31": "0.13990", "2008-09-30": "0.13320", "2008-06-30": "0.13340", "2008-03-31": "0.13440", "2007-12-31": "0.16800", "2007-09-30": "0.14350", "2007-06-30": "0.09250", "2007-03-31": "0.09460", "2006-12-31": "0.09580", "2006-09-30": "0.09970", "2006-06-30": "0.10050", "2006-03-31": "0.10640", "2005-12-31": "0.11270", "2005-09-30": "0.11710", "2005-06-30": "0.11520", "2005-03-31": "0.11150"}, "Debt/Equity Ratio": {"2020-09-30": "2.94590", "2020-06-30": "3.29470", "2020-03-31": "3.36870", "2019-12-31": "2.56040", "2019-09-30": "2.57340", "2019-06-30": "2.52310", "2019-03-31": "2.41910", "2018-12-31": "2.26520", "2018-09-30": "2.08800", "2018-06-30": "1.95860", "2018-03-31": "1.81340", "2017-12-31": "1.81480", "2017-09-30": "1.61900", "2017-06-30": "1.68640", "2017-03-31": "1.75100", "2016-12-31": "1.83820", "2016-09-30": "1.60500", "2016-06-30": "1.44730", "2016-03-31": "1.34110", "2015-12-31": "1.41970", "2015-09-30": "1.53480", "2015-06-30": "1.47250", "2015-03-31": "1.51610", "2014-12-31": "1.08720", "2014-09-30": "0.96530", "2014-06-30": "0.85430", "2014-03-31": "0.88830", "2013-12-31": "0.65340", "2013-09-30": "0.49060", "2013-06-30": "0.49570", "2013-03-31": "0.48760", "2012-12-31": "0.47760", "2012-09-30": "0.48680", "2012-06-30": "0.48570", "2012-03-31": "0.47020", "2011-12-31": "0.39760", "2011-09-30": "0.46310", "2011-06-30": "0.39080", "2011-03-31": "0.32260", "2010-12-31": "0.29970", "2010-09-30": "0.38040", "2010-06-30": "0.34700", "2010-03-31": "0.35820", "2009-12-31": "0.35480", "2009-09-30": "0.35630", "2009-06-30": "0.38310", "2009-03-31": "0.52500", "2008-12-31": "0.47970", "2008-09-30": "0.39530", "2008-06-30": "0.30830", "2008-03-31": "0.30010", "2007-12-31": "0.24590", "2007-09-30": "0.17840", "2007-06-30": "0.15810", "2007-03-31": "0.16750", "2006-12-31": "0.15730", "2006-09-30": "0.17090", "2006-06-30": "0.12240", "2006-03-31": "0.14760", "2005-12-31": "0.16050", "2005-09-30": "0.18460", "2005-06-30": "0.22400", "2005-03-31": "0.22750"}, "Gross Margin": {"2020-09-30": "42.24370", "2020-06-30": "37.83150", "2020-03-31": "42.03840", "2019-12-31": "41.71230", "2019-09-30": "42.31100", "2019-06-30": "41.83980", "2019-03-31": "42.03270", "2018-12-31": "41.45250", "2018-09-30": "41.98730", "2018-06-30": "41.76460", "2018-03-31": "41.74680", "2017-12-31": "41.47150", "2017-09-30": "42.13000", "2017-06-30": "42.01170", "2017-03-31": "42.29330", "2016-12-31": "40.62960", "2016-09-30": "42.00290", "2016-06-30": "42.66980", "2016-03-31": "42.08920", "2015-12-31": "40.73280", "2015-09-30": "41.77100", "2015-06-30": "41.06000", "2015-03-31": "41.05330", "2014-12-31": "39.66900", "2014-09-30": "40.89920", "2014-06-30": "40.33340", "2014-03-31": "39.53490", "2013-12-31": "38.85760", "2013-09-30": "39.79820", "2013-06-30": "40.02230", "2013-03-31": "39.23980", "2012-12-31": "43.31690", "2012-09-30": "38.68200", "2012-06-30": "36.94820", "2012-03-31": "36.59940", "2011-12-31": "64.79010", "2011-09-30": "35.32750", "2011-06-30": "35.08130", "2011-03-31": "35.34640", "2010-12-31": "33.18520", "2010-09-30": "35.33700", "2010-06-30": "35.99320", "2010-03-31": "36.07650", "2009-12-31": "35.21890", "2009-09-30": "35.33670", "2009-06-30": "33.73670", "2009-03-31": "31.57760", "2008-12-31": "33.21200", "2008-09-30": "34.22510", "2008-06-30": "35.43600", "2008-03-31": "35.50190", "2007-12-31": "34.15850", "2007-09-30": "36.18420", "2007-06-30": "35.76240", "2007-03-31": "35.07550", "2006-12-31": "37.66080", "2006-09-30": "35.21250", "2006-06-30": "35.94520", "2006-03-31": "35.70970", "2005-12-31": "36.43940", "2005-09-30": "35.07330", "2005-06-30": "34.45390", "2005-03-31": "33.84330"}, "Operating Margin": {"2020-09-30": "23.85850", "2020-06-30": "17.51170", "2020-03-31": "23.57500", "2019-12-31": "23.75320", "2019-09-30": "24.94970", "2019-06-30": "24.13410", "2019-03-31": "23.62050", "2018-12-31": "24.02240", "2018-09-30": "24.60560", "2018-06-30": "24.32790", "2018-03-31": "24.11860", "2017-12-31": "23.31220", "2017-09-30": "26.55600", "2017-06-30": "24.22900", "2017-03-31": "23.24980", "2016-12-31": "21.59460", "2016-09-30": "23.11870", "2016-06-30": "23.08370", "2016-03-31": "22.05250", "2015-12-31": "20.73280", "2015-09-30": "22.68930", "2015-06-30": "21.25800", "2015-03-31": "20.85580", "2014-12-31": "19.57760", "2014-09-30": "20.91010", "2014-06-30": "20.51630", "2014-03-31": "18.68870", "2013-12-31": "17.67020", "2013-09-30": "19.00220", "2013-06-30": "17.53410", "2013-03-31": "16.90060", "2012-12-31": "15.91420", "2012-09-30": "17.86770", "2012-06-30": "16.98410", "2012-03-31": "15.92470", "2011-12-31": "26.43130", "2011-09-30": "15.58950", "2011-06-30": "15.40630", "2011-03-31": "15.42600", "2010-12-31": "12.25180", "2010-09-30": "15.72460", "2010-06-30": "15.93750", "2010-03-31": "14.48900", "2009-12-31": "13.70370", "2009-09-30": "13.50690", "2009-06-30": "9.86870", "2009-03-31": "2.90160", "2008-12-31": "11.59970", "2008-09-30": "15.02920", "2008-06-30": "16.61940", "2008-03-31": "15.15400", "2007-12-31": "15.82620", "2007-09-30": "17.34740", "2007-06-30": "16.81470", "2007-03-31": "15.29550", "2006-12-31": "16.09560", "2006-09-30": "17.71800", "2006-06-30": "18.43190", "2006-03-31": "16.37740", "2005-12-31": "17.69920", "2005-09-30": "17.66220", "2005-06-30": "17.03880", "2005-03-31": "15.03110"}, "EBIT Margin": {"2020-09-30": "23.85850", "2020-06-30": "17.51170", "2020-03-31": "23.57500", "2019-12-31": "23.75320", "2019-09-30": "24.94970", "2019-06-30": "24.13410", "2019-03-31": "23.62050", "2018-12-31": "24.02240", "2018-09-30": "24.60560", "2018-06-30": "24.32790", "2018-03-31": "24.11860", "2017-12-31": "23.31220", "2017-09-30": "26.55600", "2017-06-30": "24.22900", "2017-03-31": "23.24980", "2016-12-31": "21.59460", "2016-09-30": "23.11870", "2016-06-30": "23.08370", "2016-03-31": "22.05250", "2015-12-31": "20.73280", "2015-09-30": "22.68930", "2015-06-30": "21.25800", "2015-03-31": "20.85580", "2014-12-31": "19.57760", "2014-09-30": "20.91010", "2014-06-30": "20.51630", "2014-03-31": "18.68870", "2013-12-31": "17.67020", "2013-09-30": "19.00220", "2013-06-30": "17.53410", "2013-03-31": "16.90060", "2012-12-31": "15.91420", "2012-09-30": "17.86770", "2012-06-30": "16.98410", "2012-03-31": "15.92470", "2011-12-31": "26.43130", "2011-09-30": "15.58950", "2011-06-30": "15.40630", "2011-03-31": "15.42600", "2010-12-31": "12.25180", "2010-09-30": "15.72460", "2010-06-30": "15.93750", "2010-03-31": "14.48900", "2009-12-31": "13.70370", "2009-09-30": "13.50690", "2009-06-30": "9.86870", "2009-03-31": "2.90160", "2008-12-31": "11.59970", "2008-09-30": "15.02920", "2008-06-30": "16.61940", "2008-03-31": "15.15400", "2007-12-31": "15.82620", "2007-09-30": "17.34740", "2007-06-30": "16.81470", "2007-03-31": "15.29550", "2006-12-31": "16.09560", "2006-09-30": "17.71800", "2006-06-30": "18.43190", "2006-03-31": "16.37740", "2005-12-31": "17.69920", "2005-09-30": "17.66220", "2005-06-30": "17.03880", "2005-03-31": "15.03110"}, "EBITDA Margin": {"2020-09-30": "", "2020-06-30": "", "2020-03-31": "", "2019-12-31": "", "2019-09-30": "", "2019-06-30": "", "2019-03-31": "", "2018-12-31": "", "2018-09-30": "", "2018-06-30": "", "2018-03-31": "", "2017-12-31": "", "2017-09-30": "", "2017-06-30": "", "2017-03-31": "", "2016-12-31": "", "2016-09-30": "", "2016-06-30": "", "2016-03-31": "", "2015-12-31": "", "2015-09-30": "", "2015-06-30": "", "2015-03-31": "", "2014-12-31": "", "2014-09-30": "", "2014-06-30": "", "2014-03-31": "", "2013-12-31": "", "2013-09-30": "", "2013-06-30": "", "2013-03-31": "", "2012-12-31": "", "2012-09-30": "", "2012-06-30": "", "2012-03-31": "", "2011-12-31": "", "2011-09-30": "", "2011-06-30": "", "2011-03-31": "", "2010-12-31": "", "2010-09-30": "", "2010-06-30": "", "2010-03-31": "", "2009-12-31": "", "2009-09-30": "", "2009-06-30": "", "2009-03-31": "", "2008-12-31": "", "2008-09-30": "", "2008-06-30": "", "2008-03-31": "", "2007-12-31": "", "2007-09-30": "", "2007-06-30": "", "2007-03-31": "", "2006-12-31": "", "2006-09-30": "", "2006-06-30": "", "2006-03-31": "", "2005-12-31": "", "2005-09-30": "", "2005-06-30": "", "2005-03-31": ""}, "Pre-Tax Profit Margin": {"2020-09-30": "22.34650", "2020-06-30": "15.83460", "2020-03-31": "22.76950", "2019-12-31": "23.95500", "2019-09-30": "24.20240", "2019-06-30": "22.85950", "2019-03-31": "22.24100", "2018-12-31": "22.79330", "2018-09-30": "23.11100", "2018-06-30": "23.33590", "2018-03-31": "22.67630", "2017-12-31": "21.93440", "2017-09-30": "25.06220", "2017-06-30": "22.75630", "2017-03-31": "21.57880", "2016-12-31": "21.35920", "2016-09-30": "21.83120", "2016-06-30": "21.88870", "2016-03-31": "20.40320", "2015-12-31": "19.35880", "2015-09-30": "21.61600", "2015-06-30": "20.26790", "2015-03-31": "19.86830", "2014-12-31": "18.75000", "2014-09-30": "19.61000", "2014-06-30": "18.98360", "2014-03-31": "17.14770", "2013-12-31": "16.12270", "2013-09-30": "17.60090", "2013-06-30": "16.17030", "2013-03-31": "16.52050", "2012-12-31": "53.91150", "2012-09-30": "16.50150", "2012-06-30": "16.40150", "2012-03-31": "14.96100", "2011-12-31": "22.04200", "2011-09-30": "15.06550", "2011-06-30": "14.75620", "2011-03-31": "14.53650", "2010-12-31": "11.15780", "2010-09-30": "14.64550", "2010-06-30": "14.89220", "2010-03-31": "13.42590", "2009-12-31": "12.68990", "2009-09-30": "12.54250", "2009-06-30": "7.99050", "2009-03-31": "1.76450", "2008-12-31": "10.24030", "2008-09-30": "14.54820", "2008-06-30": "16.34950", "2008-03-31": "13.63400", "2007-12-31": "15.20210", "2007-09-30": "17.27370", "2007-06-30": "16.72810", "2007-03-31": "15.04460", "2006-12-31": "15.78820", "2006-09-30": "18.14270", "2006-06-30": "18.61880", "2006-03-31": "16.11240", "2005-12-31": "18.22130", "2005-09-30": "18.75540", "2005-06-30": "16.62730", "2005-03-31": "15.15810"}, "Net Profit Margin": {"2020-09-30": "17.59900", "2020-06-30": "12.44150", "2020-03-31": "17.53410", "2019-12-31": "18.47800", "2019-09-30": "18.97100", "2019-06-30": "17.26240", "2019-03-31": "16.80740", "2018-12-31": "16.95530", "2018-09-30": "17.65850", "2018-06-30": "17.38450", "2018-03-31": "17.41450", "2017-12-31": "-2.09420", "2017-09-30": "17.70400", "2017-06-30": "16.31010", "2017-03-31": "15.44220", "2016-12-31": "14.91620", "2016-09-30": "15.30760", "2016-06-30": "15.30170", "2016-03-31": "14.29440", "2015-12-31": "13.74050", "2015-09-30": "15.23550", "2015-06-30": "13.97790", "2015-03-31": "13.70440", "2014-12-31": "12.84250", "2014-09-30": "14.38250", "2014-06-30": "40.11830", "2014-03-31": "13.25300", "2013-12-31": "11.48000", "2013-09-30": "12.66820", "2013-06-30": "12.94180", "2013-03-31": "10.35090", "2012-12-31": "43.76400", "2012-09-30": "14.03700", "2012-06-30": "19.74010", "2012-03-31": "11.15190", "2011-12-31": "42.17560", "2011-09-30": "11.06990", "2011-06-30": "10.81260", "2011-03-31": "14.58330", "2010-12-31": "8.81310", "2010-09-30": "10.70830", "2010-06-30": "10.47480", "2010-03-31": "8.93100", "2009-12-31": "15.43680", "2009-09-30": "8.44660", "2009-06-30": "5.20390", "2009-03-31": "-1.25140", "2008-12-31": "5.49210", "2008-09-30": "10.15800", "2008-06-30": "11.59140", "2008-03-31": "7.94140", "2007-12-31": "10.43200", "2007-09-30": "13.11530", "2007-06-30": "12.22210", "2007-03-31": "10.82790", "2006-12-31": "18.53600", "2006-09-30": "12.60850", "2006-06-30": "13.01460", "2006-03-31": "11.11700", "2005-12-31": "13.34260", "2005-09-30": "12.75570", "2005-06-30": "11.37480", "2005-03-31": "10.23320"}, "Asset Turnover": {"2020-09-30": "0.22140", "2020-06-30": "0.17980", "2020-03-31": "0.22810", "2019-12-31": "0.23020", "2019-09-30": "0.23260", "2019-06-30": "0.23760", "2019-03-31": "0.23180", "2018-12-31": "0.24080", "2018-09-30": "0.23590", "2018-06-30": "0.24680", "2018-03-31": "0.23160", "2017-12-31": "0.21630", "2017-09-30": "0.22160", "2017-06-30": "0.22600", "2017-03-31": "0.22350", "2016-12-31": "0.22360", "2016-09-30": "0.22250", "2016-06-30": "0.22540", "2016-03-31": "0.21210", "2015-12-31": "0.20820", "2015-09-30": "0.20830", "2015-06-30": "0.21010", "2015-03-31": "0.20970", "2014-12-31": "0.20060", "2014-09-30": "0.19400", "2014-06-30": "0.18650", "2014-03-31": "0.17690", "2013-12-31": "0.17800", "2013-09-30": "0.18060", "2013-06-30": "0.18710", "2013-03-31": "0.17810", "2012-12-31": "0.11590", "2012-09-30": "0.19620", "2012-06-30": "0.23590", "2012-03-31": "0.23000", "2011-12-31": "0.05830", "2011-09-30": "0.24940", "2011-06-30": "0.24910", "2011-03-31": "0.24220", "2010-12-31": "0.23210", "2010-09-30": "0.24170", "2010-06-30": "0.25060", "2010-03-31": "0.23560", "2009-12-31": "0.21470", "2009-09-30": "0.24050", "2009-06-30": "0.23020", "2009-03-31": "0.21320", "2008-12-31": "0.28000", "2008-09-30": "0.26230", "2008-06-30": "0.27460", "2008-03-31": "0.23920", "2007-12-31": "0.29060", "2007-09-30": "0.25160", "2007-06-30": "0.28260", "2007-03-31": "0.25860", "2006-12-31": "0.17070", "2006-09-30": "0.26700", "2006-06-30": "0.28540", "2006-03-31": "0.27590", "2005-12-31": "0.26230", "2005-09-30": "0.28480", "2005-06-30": "0.28260", "2005-03-31": "0.25420"}, "Inventory Turnover Ratio": {"2020-09-30": "1.66230", "2020-06-30": "1.36590", "2020-03-31": "1.57890", "2019-12-31": "1.73710", "2019-09-30": "1.66010", "2019-06-30": "1.67120", "2019-03-31": "1.52970", "2018-12-31": "1.59030", "2018-09-30": "1.56650", "2018-06-30": "1.69020", "2018-03-31": "1.63370", "2017-12-31": "1.74100", "2017-09-30": "1.70780", "2017-06-30": "1.74060", "2017-03-31": "1.72970", "2016-12-31": "1.87550", "2016-09-30": "1.73690", "2016-06-30": "1.71790", "2016-03-31": "1.67200", "2015-12-31": "1.78730", "2015-09-30": "1.69380", "2015-06-30": "1.69940", "2015-03-31": "1.65960", "2014-12-31": "1.79150", "2014-09-30": "1.72490", "2014-06-30": "1.70040", "2014-03-31": "1.66260", "2013-12-31": "1.74260", "2013-09-30": "1.64220", "2013-06-30": "1.44630", "2013-03-31": "1.37250", "2012-12-31": "0.80000", "2012-09-30": "1.30060", "2012-06-30": "1.56680", "2012-03-31": "1.51480", "2011-12-31": "0.21500", "2011-09-30": "1.65080", "2011-06-30": "1.56070", "2011-03-31": "1.51420", "2010-12-31": "1.55680", "2010-09-30": "1.64980", "2010-06-30": "1.72420", "2010-03-31": "1.69080", "2009-12-31": "1.64950", "2009-09-30": "1.70080", "2009-06-30": "1.56280", "2009-03-31": "1.46360", "2008-12-31": "1.60190", "2008-09-30": "1.59990", "2008-06-30": "1.59370", "2008-03-31": "1.39630", "2007-12-31": "1.82740", "2007-09-30": "1.48620", "2007-06-30": "1.64810", "2007-03-31": "1.50650", "2006-12-31": "0.99650", "2006-09-30": "1.58680", "2006-06-30": "1.67350", "2006-03-31": "1.65720", "2005-12-31": "1.58620", "2005-09-30": "1.68970", "2005-06-30": "1.68990", "2005-03-31": "1.48300"}, "Receiveable Turnover": {"2020-09-30": "1.32600", "2020-06-30": "1.18920", "2020-03-31": "1.33170", "2019-12-31": "1.40960", "2019-09-30": "1.39220", "2019-06-30": "1.37280", "2019-03-31": "1.30830", "2018-12-31": "1.36540", "2018-09-30": "1.30100", "2018-06-30": "1.33110", "2018-03-31": "1.30270", "2017-12-31": "1.38090", "2017-09-30": "1.35290", "2017-06-30": "1.36900", "2017-03-31": "1.36980", "2016-12-31": "1.44210", "2016-09-30": "1.40020", "2016-06-30": "1.42190", "2016-03-31": "1.36760", "2015-12-31": "1.48660", "2015-09-30": "1.43390", "2015-06-30": "1.42370", "2015-03-31": "1.41190", "2014-12-31": "1.52810", "2014-09-30": "1.46570", "2014-06-30": "1.43150", "2014-03-31": "1.39250", "2013-12-31": "1.50270", "2013-09-30": "1.43120", "2013-06-30": "1.23600", "2013-03-31": "1.22620", "2012-12-31": "0.81580", "2012-09-30": "1.21910", "2012-06-30": "1.41060", "2012-03-31": "1.39060", "2011-12-31": "0.37180", "2011-09-30": "1.53420", "2011-06-30": "1.46690", "2011-03-31": "1.43300", "2010-12-31": "1.47550", "2010-09-30": "1.49980", "2010-06-30": "1.52090", "2010-03-31": "1.52530", "2009-12-31": "1.38610", "2009-09-30": "1.48520", "2009-06-30": "1.41770", "2009-03-31": "1.51560", "2008-12-31": "1.65500", "2008-09-30": "1.49730", "2008-06-30": "1.37960", "2008-03-31": "1.26830", "2007-12-31": "1.54770", "2007-09-30": "1.31730", "2007-06-30": "1.43510", "2007-03-31": "1.38600", "2006-12-31": "0.95890", "2006-09-30": "1.49310", "2006-06-30": "1.50770", "2006-03-31": "1.50430", "2005-12-31": "1.43080", "2005-09-30": "1.47570", "2005-06-30": "1.53970", "2005-03-31": "1.43110"}, "Days Sales In Receivables": {"2020-09-30": "67.87420", "2020-06-30": "75.67860", "2020-03-31": "67.58360", "2019-12-31": "63.84840", "2019-09-30": "64.64790", "2019-06-30": "65.56110", "2019-03-31": "68.79220", "2018-12-31": "65.91620", "2018-09-30": "69.17520", "2018-06-30": "67.61160", "2018-03-31": "69.08650", "2017-12-31": "65.17500", "2017-09-30": "66.52280", "2017-06-30": "65.74330", "2017-03-31": "65.70440", "2016-12-31": "62.40950", "2016-09-30": "64.27470", "2016-06-30": "63.29640", "2016-03-31": "65.80940", "2015-12-31": "60.54050", "2015-09-30": "62.76390", "2015-06-30": "63.21490", "2015-03-31": "63.74330", "2014-12-31": "58.89560", "2014-09-30": "61.40570", "2014-06-30": "62.87170", "2014-03-31": "64.63160", "2013-12-31": "59.89030", "2013-09-30": "62.88400", "2013-06-30": "72.81660", "2013-03-31": "73.39470", "2012-12-31": "110.31740", "2012-09-30": "73.82270", "2012-06-30": "63.80460", "2012-03-31": "64.72240", "2011-12-31": "242.08970", "2011-09-30": "58.66420", "2011-06-30": "61.35220", "2011-03-31": "62.80680", "2010-12-31": "60.99500", "2010-09-30": "60.00640", "2010-06-30": "59.17420", "2010-03-31": "59.00560", "2009-12-31": "64.93230", "2009-09-30": "60.59740", "2009-06-30": "63.48120", "2009-03-31": "59.38290", "2008-12-31": "54.38170", "2008-09-30": "60.10670", "2008-06-30": "65.23560", "2008-03-31": "70.95880", "2007-12-31": "58.15080", "2007-09-30": "68.31990", "2007-06-30": "62.71530", "2007-03-31": "64.93400", "2006-12-31": "93.85280", "2006-09-30": "60.27930", "2006-06-30": "59.69470", "2006-03-31": "59.82730", "2005-12-31": "62.90080", "2005-09-30": "60.98870", "2005-06-30": "58.45280", "2005-03-31": "62.88720"}, "ROE - Return On Equity": {"2020-09-30": "21.57950", "2020-06-30": "13.52840", "2020-03-31": "24.78110", "2019-12-31": "21.15510", "2019-09-30": "22.22220", "2019-06-30": "20.12920", "2019-03-31": "18.65630", "2018-12-31": "18.63110", "2018-09-30": "17.99210", "2018-06-30": "17.58180", "2018-03-31": "15.66180", "2017-12-31": "-1.65610", "2017-09-30": "12.73380", "2017-06-30": "12.29580", "2017-03-31": "11.91640", "2016-12-31": "11.90420", "2016-09-30": "11.16210", "2016-06-30": "10.60610", "2016-03-31": "8.96210", "2015-12-31": "8.60750", "2015-09-30": "10.03930", "2015-06-30": "9.04640", "2015-03-31": "9.19310", "2014-12-31": "6.75560", "2014-09-30": "6.49920", "2014-06-30": "5.85310", "2014-03-31": "4.98830", "2013-12-31": "4.19200", "2013-09-30": "3.87850", "2013-06-30": "4.06610", "2013-03-31": "3.90120", "2012-12-31": "7.61590", "2012-09-30": "4.33640", "2012-06-30": "5.13810", "2012-03-31": "4.57820", "2011-12-31": "1.94340", "2011-09-30": "4.97360", "2011-06-30": "4.64400", "2011-03-31": "5.83850", "2010-12-31": "3.29450", "2010-09-30": "4.53340", "2010-06-30": "4.57850", "2010-03-31": "3.81800", "2009-12-31": "5.61070", "2009-09-30": "3.67570", "2009-06-30": "2.25760", "2009-03-31": "-0.10870", "2008-12-31": "4.27280", "2008-09-30": "5.10760", "2008-06-30": "5.56580", "2008-03-31": "3.99940", "2007-12-31": "5.32700", "2007-09-30": "4.94440", "2007-06-30": "5.11730", "2007-03-31": "4.20470", "2006-12-31": "3.20020", "2006-09-30": "5.12090", "2006-06-30": "5.42070", "2006-03-31": "4.54460", "2005-12-31": "5.11660", "2005-09-30": "5.60630", "2005-06-30": "5.03260", "2005-03-31": "4.05130"}, "Return On Tangible Equity": {"2020-09-30": "-21.49190", "2020-06-30": "-11.05340", "2020-03-31": "-19.16700", "2019-12-31": "-27.71290", "2019-09-30": "-28.08510", "2019-06-30": "-26.66950", "2019-03-31": "-24.21910", "2018-12-31": "-24.68480", "2018-09-30": "-28.49490", "2018-06-30": "-32.26740", "2018-03-31": "-35.09150", "2017-12-31": "5.29620", "2017-09-30": "-62.43900", "2017-06-30": "-46.32990", "2017-03-31": "-35.30960", "2016-12-31": "-28.77410", "2016-09-30": "-38.26900", "2016-06-30": "-54.85890", "2016-03-31": "-59.77010", "2015-12-31": "-58.36580", "2015-09-30": "-51.20240", "2015-06-30": "-52.40170", "2015-03-31": "-36.66930", "2014-12-31": "128.77100", "2014-09-30": "42.07470", "2014-06-30": "29.75900", "2014-03-31": "24.44320", "2013-12-31": "14.41220", "2013-09-30": "11.62330", "2013-06-30": "15.18250", "2013-03-31": "14.82440", "2012-12-31": "28.93600", "2012-09-30": "18.13370", "2012-06-30": "22.79320", "2012-03-31": "20.65900", "2011-12-31": "7.49140", "2011-09-30": "20.24540", "2011-06-30": "15.05370", "2011-03-31": "19.27590", "2010-12-31": "10.99100", "2010-09-30": "16.17680", "2010-06-30": "17.03650", "2010-03-31": "14.36590", "2009-12-31": "22.14900", "2009-09-30": "16.21670", "2009-06-30": "11.52730", "2009-03-31": "-0.62950", "2008-12-31": "23.80060", "2008-09-30": "17.70890", "2008-06-30": "16.42310", "2008-03-31": "10.85130", "2007-12-31": "13.58080", "2007-09-30": "12.23870", "2007-06-30": "12.07330", "2007-03-31": "9.94040", "2006-12-31": "7.43990", "2006-09-30": "10.13840", "2006-06-30": "10.13530", "2006-03-31": "8.91990", "2005-12-31": "9.98320", "2005-09-30": "10.45620", "2005-06-30": "9.08320", "2005-03-31": "7.14260"}, "ROA - Return On Assets": {"2020-09-30": "3.89560", "2020-06-30": "2.23660", "2020-03-31": "4.00030", "2019-12-31": "4.25400", "2019-09-30": "4.41180", "2019-06-30": "4.10220", "2019-03-31": "3.89530", "2018-12-31": "4.08200", "2018-09-30": "4.16480", "2018-06-30": "4.29040", "2018-03-31": "4.03390", "2017-12-31": "-0.45290", "2017-09-30": "3.92300", "2017-06-30": "3.68670", "2017-03-31": "3.45160", "2016-12-31": "3.33530", "2016-09-30": "3.40570", "2016-06-30": "3.44900", "2016-03-31": "3.03170", "2015-12-31": "2.86100", "2015-09-30": "3.17310", "2015-06-30": "2.93610", "2015-03-31": "2.87380", "2014-12-31": "2.63960", "2014-09-30": "2.66450", "2014-06-30": "2.47790", "2014-03-31": "2.12200", "2013-12-31": "2.03850", "2013-09-30": "2.05560", "2013-06-30": "2.16680", "2013-03-31": "2.08790", "2012-12-31": "4.16900", "2012-09-30": "2.33930", "2012-06-30": "2.74300", "2012-03-31": "2.44930", "2011-12-31": "1.08430", "2011-09-30": "2.66840", "2011-06-30": "2.61250", "2011-03-31": "3.43510", "2010-12-31": "1.92140", "2010-09-30": "2.47220", "2010-06-30": "2.55100", "2010-03-31": "2.10380", "2009-12-31": "3.07640", "2009-09-30": "2.03550", "2009-06-30": "1.21390", "2009-03-31": "-0.05430", "2008-12-31": "2.15700", "2008-09-30": "2.72970", "2008-06-30": "3.18690", "2008-03-31": "2.31380", "2007-12-31": "3.20850", "2007-09-30": "3.11850", "2007-06-30": "3.28250", "2007-03-31": "2.67860", "2006-12-31": "2.07900", "2006-09-30": "3.36660", "2006-06-30": "3.71380", "2006-03-31": "3.06710", "2005-12-31": "3.37370", "2005-09-30": "3.63320", "2005-06-30": "3.21420", "2005-03-31": "2.60130"}, "ROI - Return On Investment": {"2020-09-30": "5.65650", "2020-06-30": "3.15120", "2020-03-31": "5.67480", "2019-12-31": "5.94400", "2019-09-30": "6.21880", "2019-06-30": "5.71350", "2019-03-31": "6.50260", "2018-12-31": "6.53600", "2018-09-30": "6.64580", "2018-06-30": "6.75660", "2018-03-31": "5.89940", "2017-12-31": "-0.62980", "2017-09-30": "5.13440", "2017-06-30": "4.83760", "2017-03-31": "4.58000", "2016-12-31": "4.43340", "2016-09-30": "4.81030", "2016-06-30": "4.66670", "2016-03-31": "4.04320", "2015-12-31": "3.71160", "2015-09-30": "4.22660", "2015-06-30": "3.90240", "2015-03-31": "4.23020", "2014-12-31": "3.61090", "2014-09-30": "3.66460", "2014-06-30": "3.38820", "2014-03-31": "3.20140", "2013-12-31": "3.25550", "2013-09-30": "2.84390", "2013-06-30": "2.97100", "2013-03-31": "2.70310", "2012-12-31": "5.31040", "2012-09-30": "2.99990", "2012-06-30": "3.82490", "2012-03-31": "3.39780", "2011-12-31": "1.44210", "2011-09-30": "3.66380", "2011-06-30": "3.71030", "2011-03-31": "4.66990", "2010-12-31": "2.60320", "2010-09-30": "3.46620", "2010-06-30": "3.48970", "2010-03-31": "2.89000", "2009-12-31": "4.21680", "2009-09-30": "2.72650", "2009-06-30": "1.65970", "2009-03-31": "-0.07930", "2008-12-31": "3.67530", "2008-09-30": "4.42710", "2008-06-30": "4.82320", "2008-03-31": "3.46200", "2007-12-31": "4.43180", "2007-09-30": "4.23470", "2007-06-30": "4.64410", "2007-03-31": "3.80710", "2006-12-31": "2.89360", "2006-09-30": "4.61050", "2006-06-30": "4.87600", "2006-03-31": "4.06120", "2005-12-31": "4.54010", "2005-09-30": "4.94990", "2005-06-30": "4.45270", "2005-03-31": "3.59940"}, "Book Value Per Share": {"2020-09-30": "8.52130", "2020-06-30": "7.45730", "2020-03-31": "7.23010", "2019-12-31": "9.47470", "2019-09-30": "9.24080", "2019-06-30": "9.56720", "2019-03-31": "9.82200", "2018-12-31": "9.92990", "2018-09-30": "10.68720", "2018-06-30": "11.29400", "2018-03-31": "12.28750", "2017-12-31": "13.43780", "2017-09-30": "14.67020", "2017-06-30": "13.87390", "2017-03-31": "13.01880", "2016-12-31": "12.27730", "2016-09-30": "13.65510", "2016-06-30": "13.94520", "2016-03-31": "14.53100", "2015-12-31": "14.37450", "2015-09-30": "14.00310", "2015-06-30": "14.49370", "2015-03-31": "13.54940", "2014-12-31": "17.80810", "2014-09-30": "19.95480", "2014-06-30": "21.28560", "2014-03-31": "20.79570", "2013-12-31": "22.58430", "2013-09-30": "23.58520", "2013-06-30": "22.84320", "2013-03-31": "22.82030", "2012-12-31": "23.22570", "2012-09-30": "22.14270", "2012-06-30": "21.54570", "2012-03-31": "21.23150", "2011-12-31": "20.74860", "2011-09-30": "20.38940", "2011-06-30": "21.20820", "2011-03-31": "20.75660", "2010-12-31": "19.23080", "2010-09-30": "17.92740", "2010-06-30": "17.34200", "2010-03-31": "17.39950", "2009-12-31": "17.69460", "2009-09-30": "16.45460", "2009-06-30": "15.84770", "2009-03-31": "14.76750", "2008-12-31": "15.37740", "2008-09-30": "17.79460", "2008-06-30": "18.28980", "2008-03-31": "17.68990", "2007-12-31": "17.64080", "2007-09-30": "17.25600", "2007-06-30": "17.00700", "2007-03-31": "16.44770", "2006-12-31": "16.13870", "2006-09-30": "15.36700", "2006-06-30": "15.13320", "2006-03-31": "14.21580", "2005-12-31": "13.43760", "2005-09-30": "12.97870", "2005-06-30": "12.98580", "2005-03-31": "13.27260"}, "Operating Cash Flow Per Share": {"2020-09-30": 2.1417, "2020-06-30": 2.3359, "2020-03-31": "1.92060", "2019-12-31": 2.3435, "2019-09-30": 2.8714, "2019-06-30": 2.1146, "2019-03-31": "1.86890", "2018-12-31": 2.368, "2018-09-30": 2.5539, "2018-06-30": 1.8475, "2018-03-31": "1.56940", "2017-12-31": 1.9927, "2017-09-30": 2.2659, "2017-06-30": 1.341, "2017-03-31": "1.32660", "2016-12-31": 1.8388, "2016-09-30": 1.7791, "2016-06-30": 1.5122, "2016-03-31": "1.31630", "2015-12-31": 1.8642, "2015-09-30": 1.9317, "2015-06-30": 1.2503, "2015-03-31": "1.16560", "2014-12-31": 1.0758, "2014-09-30": 0.7421, "2014-06-30": 1.4374, "2014-03-31": "0.73880", "2013-12-31": 1.5721, "2013-09-30": 1.8246, "2013-06-30": 1.4251, "2013-03-31": "0.80470", "2012-12-31": 1.2448, "2012-09-30": 1.3864, "2012-06-30": 1.0823, "2012-03-31": "0.66520", "2011-12-31": 1.4097, "2011-09-30": 1.6345, "2011-06-30": 0.6221, "2011-03-31": "0.28840", "2010-12-31": 0.7064, "2010-09-30": 1.0489, "2010-06-30": 0.657, "2010-03-31": "0.54420", "2009-12-31": 1.0522, "2009-09-30": 1.1279, "2009-06-30": 1.2429, "2009-03-31": "0.89550", "2008-12-31": 1.1302, "2008-09-30": 1.336, "2008-06-30": 0.865, "2008-03-31": "0.93240", "2007-12-31": 1.4171, "2007-09-30": 1.3502, "2007-06-30": 0.95, "2007-03-31": "0.75060", "2006-12-31": 1.3087, "2006-09-30": 1.0001, "2006-06-30": 0.6271, "2006-03-31": "0.68940", "2005-12-31": 0.8267, "2005-09-30": 1.0095, "2005-06-30": 0.8655, "2005-03-31": "0.51590"}, "Free Cash Flow Per Share": {"2020-09-30": 1.9882, "2020-06-30": 2.1644, "2020-03-31": "1.74230", "2019-12-31": 2.1042, "2019-09-30": 2.6395, "2019-06-30": 1.8889, "2019-03-31": "1.64140", "2018-12-31": 2.1646, "2018-09-30": 2.265, "2018-06-30": 1.6054, "2018-03-31": "1.30110", "2017-12-31": 1.7865, "2017-09-30": 2.0532, "2017-06-30": 1.1186, "2017-03-31": "1.15190", "2016-12-31": 1.6564, "2016-09-30": 1.5682, "2016-06-30": 1.3369, "2016-03-31": "1.16520", "2015-12-31": 1.6955, "2015-09-30": 1.7806, "2015-06-30": 1.0816, "2015-03-31": "0.96780", "2014-12-31": 0.8852, "2014-09-30": 0.431, "2014-06-30": 1.2595, "2014-03-31": "0.59530", "2013-12-31": 1.359, "2013-09-30": 1.6723, "2013-06-30": 1.2429, "2013-03-31": "0.61790", "2012-12-31": 1.0435, "2012-09-30": 1.2092, "2012-06-30": 0.8796, "2012-03-31": "0.50250", "2011-12-31": 1.2316, "2011-09-30": 1.474, "2011-06-30": 0.4544, "2011-03-31": "0.11540", "2010-12-31": 0.5402, "2010-09-30": 0.9048, "2010-06-30": 0.5375, "2010-03-31": "0.43750", "2009-12-31": 0.898, "2009-09-30": 1.0384, "2009-06-30": 1.1483, "2009-03-31": "0.77760", "2008-12-31": 0.9766, "2008-09-30": 1.1713, "2008-06-30": 0.6891, "2008-03-31": "0.77630", "2007-12-31": 1.2543, "2007-09-30": 1.2119, "2007-06-30": 0.7979, "2007-03-31": "0.60760", "2006-12-31": 1.1764, "2006-09-30": 0.8702, "2006-06-30": 0.4996, "2006-03-31": "0.57580", "2005-12-31": 0.7108, "2005-09-30": 0.8962, "2005-06-30": 0.7332, "2005-03-31": "0.42690"}}, "revenue": {"Illinois Tool Works Annual Revenue (Millions of US $)": {"2020": "$12,574", "2019": "$14,109", "2018": "$14,768", "2017": "$14,314", "2016": "$13,599", "2015": "$13,405", "2014": "$14,484", "2013": "$14,135", "2012": "$14,791", "2011": "$14,515", "2010": "$15,416", "2009": "$13,573", "2008": "$17,100", "2007": "$16,110", "2006": "$12,784", "2005": "$12,540"}, "Illinois Tool Works Quarterly Revenue (Millions of US $)": {"2020-12-31": "$3,475", "2020-09-30": "$3,307", "2020-06-30": "$2,564", "2020-03-31": "$3,228", "2019-12-31": "$3,469", "2019-09-30": "$3,479", "2019-06-30": "$3,609", "2019-03-31": "$3,552", "2018-12-31": "$3,580", "2018-09-30": "$3,613", "2018-06-30": "$3,831", "2018-03-31": "$3,744", "2017-12-31": "$3,629", "2017-09-30": "$3,615", "2017-06-30": "$3,599", "2017-03-31": "$3,471", "2016-12-31": "$3,399", "2016-09-30": "$3,495", "2016-06-30": "$3,431", "2016-03-31": "$3,274", "2015-12-31": "$3,275", "2015-09-30": "$3,354", "2015-06-30": "$3,434", "2015-03-31": "$3,342", "2014-12-31": "$3,504", "2014-09-30": "$3,692", "2014-06-30": "$3,719", "2014-03-31": "$3,569", "2013-12-31": "$3,554", "2013-09-30": "$3,568", "2013-06-30": "$3,593", "2013-03-31": "$3,420", "2012-12-31": "$2,237", "2012-09-30": "$3,733", "2012-06-30": "$4,463", "2012-03-31": "$4,358", "2011-12-31": "$1,048", "2011-09-30": "$4,580", "2011-06-30": "$4,615", "2011-03-31": "$4,272", "2010-12-31": "$3,809", "2010-09-30": "$3,941", "2010-06-30": "$3,928", "2010-03-31": "$3,738", "2009-12-31": "$3,453", "2009-09-30": "$3,580", "2009-06-30": "$3,393", "2009-03-31": "$3,146", "2008-12-31": "$4,257", "2008-09-30": "$4,465", "2008-06-30": "$4,556", "2008-03-31": "$3,823", "2007-12-31": "$4,512", "2007-09-30": "$3,744", "2007-06-30": "$4,137", "2007-03-31": "$3,717", "2006-12-31": "$2,370", "2006-09-30": "$3,538", "2006-06-30": "$3,579", "2006-03-31": "$3,297", "2005-12-31": "$3,002", "2005-09-30": "$3,200", "2005-06-30": "$3,286", "2005-03-31": "$3,052"}}, "gross-profit": {"Illinois Tool Works Annual Gross Profit (Millions of US $)": {"2020": "$5,199", "2019": "$5,922", "2018": "$6,164", "2017": "$6,008", "2016": "$5,691", "2015": "$5,517", "2014": "$5,811", "2013": "$5,581", "2012": "$5,657", "2011": "$5,426", "2010": "$5,419", "2009": "$4,620", "2008": "$5,913", "2007": "$5,679", "2006": "$4,602", "2005": "$4,381"}, "Illinois Tool Works Quarterly Gross Profit (Millions of US $)": {"2020-12-31": "$1,475", "2020-09-30": "$1,397", "2020-06-30": "$970", "2020-03-31": "$1,357", "2019-12-31": "$1,447", "2019-09-30": "$1,472", "2019-06-30": "$1,510", "2019-03-31": "$1,493", "2018-12-31": "$1,484", "2018-09-30": "$1,517", "2018-06-30": "$1,600", "2018-03-31": "$1,563", "2017-12-31": "$1,505", "2017-09-30": "$1,523", "2017-06-30": "$1,512", "2017-03-31": "$1,468", "2016-12-31": "$1,381", "2016-09-30": "$1,468", "2016-06-30": "$1,464", "2016-03-31": "$1,378", "2015-12-31": "$1,334", "2015-09-30": "$1,401", "2015-06-30": "$1,410", "2015-03-31": "$1,372", "2014-12-31": "$1,390", "2014-09-30": "$1,510", "2014-06-30": "$1,500", "2014-03-31": "$1,411", "2013-12-31": "$1,381", "2013-09-30": "$1,420", "2013-06-30": "$1,438", "2013-03-31": "$1,342", "2012-12-31": "$969", "2012-09-30": "$1,444", "2012-06-30": "$1,649", "2012-03-31": "$1,595", "2011-12-31": "$679", "2011-09-30": "$1,618", "2011-06-30": "$1,619", "2011-03-31": "$1,510", "2010-12-31": "$1,264", "2010-09-30": "$1,393", "2010-06-30": "$1,414", "2010-03-31": "$1,348", "2009-12-31": "$1,216", "2009-09-30": "$1,265", "2009-06-30": "$1,145", "2009-03-31": "$994", "2008-12-31": "$1,414", "2008-09-30": "$1,528", "2008-06-30": "$1,614", "2008-03-31": "$1,357", "2007-12-31": "$1,541", "2007-09-30": "$1,355", "2007-06-30": "$1,479", "2007-03-31": "$1,304", "2006-12-31": "$892", "2006-09-30": "$1,246", "2006-06-30": "$1,287", "2006-03-31": "$1,177", "2005-12-31": "$1,094", "2005-09-30": "$1,122", "2005-06-30": "$1,132", "2005-03-31": "$1,033"}}, "operating-income": {"Illinois Tool Works Annual Operating Income (Millions of US $)": {"2020": "$2,882", "2019": "$3,402", "2018": "$3,584", "2017": "$3,485", "2016": "$3,056", "2015": "$2,867", "2014": "$2,888", "2013": "$2,514", "2012": "$2,475", "2011": "$2,361", "2010": "$2,254", "2009": "$1,383", "2008": "$2,501", "2007": "$2,628", "2006": "$2,208", "2005": "$2,115"}, "Illinois Tool Works Quarterly Operating Income (Millions of US $)": {"2020-12-31": "$883", "2020-09-30": "$789", "2020-06-30": "$449", "2020-03-31": "$761", "2019-12-31": "$824", "2019-09-30": "$868", "2019-06-30": "$871", "2019-03-31": "$839", "2018-12-31": "$860", "2018-09-30": "$889", "2018-06-30": "$932", "2018-03-31": "$903", "2017-12-31": "$846", "2017-09-30": "$960", "2017-06-30": "$872", "2017-03-31": "$807", "2016-12-31": "$734", "2016-09-30": "$808", "2016-06-30": "$792", "2016-03-31": "$722", "2015-12-31": "$679", "2015-09-30": "$761", "2015-06-30": "$730", "2015-03-31": "$697", "2014-12-31": "$686", "2014-09-30": "$772", "2014-06-30": "$763", "2014-03-31": "$667", "2013-12-31": "$628", "2013-09-30": "$678", "2013-06-30": "$630", "2013-03-31": "$578", "2012-12-31": "$356", "2012-09-30": "$667", "2012-06-30": "$758", "2012-03-31": "$694", "2011-12-31": "$277", "2011-09-30": "$714", "2011-06-30": "$711", "2011-03-31": "$659", "2010-12-31": "$467", "2010-09-30": "$620", "2010-06-30": "$626", "2010-03-31": "$542", "2009-12-31": "$473", "2009-09-30": "$484", "2009-06-30": "$335", "2009-03-31": "$91", "2008-12-31": "$494", "2008-09-30": "$671", "2008-06-30": "$757", "2008-03-31": "$579", "2007-12-31": "$714", "2007-09-30": "$650", "2007-06-30": "$696", "2007-03-31": "$568", "2006-12-31": "$381", "2006-09-30": "$627", "2006-06-30": "$660", "2006-03-31": "$540", "2005-12-31": "$531", "2005-09-30": "$565", "2005-06-30": "$560", "2005-03-31": "$459"}}, "ebitda": {"Illinois Tool Works Annual EBITDA (Millions of US $)": {"2019": "$3,828", "2018": "$4,045", "2017": "$3,947", "2016": "$3,526", "2015": "$3,344", "2014": "$3,395", "2013": "$3,127", "2012": "$3,088", "2011": "$2,955", "2010": "$2,803", "2009": "$2,068", "2008": "$3,193", "2007": "$3,153", "2006": "$2,652", "2005": "$2,498"}, "Illinois Tool Works Quarterly EBITDA (Millions of US $)": {"2020-09-30": "$907", "2020-06-30": "$549", "2020-03-31": "$865", "2019-12-31": "$929", "2019-09-30": "$972", "2019-06-30": "$978", "2019-03-31": "$949", "2018-12-31": "$975", "2018-09-30": "$1,004", "2018-06-30": "$1,048", "2018-03-31": "$1,018", "2017-12-31": "$964", "2017-09-30": "$1,076", "2017-06-30": "$986", "2017-03-31": "$921", "2016-12-31": "$852", "2016-09-30": "$928", "2016-06-30": "$907", "2016-03-31": "$839", "2015-12-31": "$800", "2015-09-30": "$881", "2015-06-30": "$848", "2015-03-31": "$815", "2014-12-31": "$806", "2014-09-30": "$900", "2014-06-30": "$892", "2014-03-31": "$797", "2013-12-31": "$762", "2013-09-30": "$825", "2013-06-30": "$774", "2013-03-31": "$766", "2012-12-31": "$508", "2012-09-30": "$819", "2012-06-30": "$914", "2012-03-31": "$847", "2011-12-31": "$430", "2011-09-30": "$868", "2011-06-30": "$859", "2011-03-31": "$798", "2010-12-31": "$606", "2010-09-30": "$756", "2010-06-30": "$762", "2010-03-31": "$678", "2009-12-31": "$632", "2009-09-30": "$635", "2009-06-30": "$488", "2009-03-31": "$313", "2008-12-31": "$628", "2008-09-30": "$853", "2008-06-30": "$901", "2008-03-31": "$811", "2007-12-31": "$856", "2007-09-30": "$778", "2007-06-30": "$825", "2007-03-31": "$694", "2006-12-31": "$507", "2006-09-30": "$733", "2006-06-30": "$762", "2006-03-31": "$650", "2005-12-31": "$632", "2005-09-30": "$659", "2005-06-30": "$650", "2005-03-31": "$557"}}, "net-income": {"Illinois Tool Works Annual Net Income (Millions of US $)": {"2020": "$2,109", "2019": "$2,521", "2018": "$2,563", "2017": "$1,687", "2016": "$2,035", "2015": "$1,899", "2014": "$2,946", "2013": "$1,679", "2012": "$2,870", "2011": "$2,071", "2010": "$1,503", "2009": "$973", "2008": "$1,519", "2007": "$1,870", "2006": "$1,718", "2005": "$1,495"}, "Illinois Tool Works Quarterly Net Income (Millions of US $)": {"2020-12-31": "$642", "2020-09-30": "$582", "2020-06-30": "$319", "2020-03-31": "$566", "2019-12-31": "$641", "2019-09-30": "$660", "2019-06-30": "$623", "2019-03-31": "$597", "2018-12-31": "$607", "2018-09-30": "$638", "2018-06-30": "$666", "2018-03-31": "$652", "2017-12-31": "$-76", "2017-09-30": "$640", "2017-06-30": "$587", "2017-03-31": "$536", "2016-12-31": "$507", "2016-09-30": "$535", "2016-06-30": "$525", "2016-03-31": "$468", "2015-12-31": "$450", "2015-09-30": "$511", "2015-06-30": "$480", "2015-03-31": "$458", "2014-12-31": "$450", "2014-09-30": "$531", "2014-06-30": "$1,492", "2014-03-31": "$473", "2013-12-31": "$408", "2013-09-30": "$452", "2013-06-30": "$465", "2013-03-31": "$354", "2012-12-31": "$979", "2012-09-30": "$524", "2012-06-30": "$881", "2012-03-31": "$486", "2011-12-31": "$442", "2011-09-30": "$507", "2011-06-30": "$499", "2011-03-31": "$623", "2010-12-31": "$336", "2010-09-30": "$422", "2010-06-30": "$411", "2010-03-31": "$334", "2009-12-31": "$533", "2009-09-30": "$302", "2009-06-30": "$177", "2009-03-31": "$-39", "2008-12-31": "$234", "2008-09-30": "$454", "2008-06-30": "$528", "2008-03-31": "$304", "2007-12-31": "$471", "2007-09-30": "$491", "2007-06-30": "$506", "2007-03-31": "$402", "2006-12-31": "$439", "2006-09-30": "$446", "2006-06-30": "$466", "2006-03-31": "$367", "2005-12-31": "$401", "2005-09-30": "$408", "2005-06-30": "$374", "2005-03-31": "$312"}}, "eps-earnings-per-share-diluted": {"Illinois Tool Works Annual EPS": {"2020": "$6.63", "2019": "$7.74", "2018": "$7.60", "2017": "$4.86", "2016": "$5.70", "2015": "$5.13", "2014": "$7.28", "2013": "$3.74", "2012": "$6.06", "2011": "$4.19", "2010": "$2.99", "2009": "$1.94", "2008": "$2.91", "2007": "$3.36", "2006": "$3.01", "2005": "$2.60"}, "Illinois Tool Works Quarterly EPS": {"2020-12-31": "$2.02", "2020-09-30": "$1.83", "2020-06-30": "$1.01", "2020-03-31": "$1.77", "2019-12-31": "$1.98", "2019-09-30": "$2.04", "2019-06-30": "$1.91", "2019-03-31": "$1.81", "2018-12-31": "$1.83", "2018-09-30": "$1.90", "2018-06-30": "$1.97", "2018-03-31": "$1.90", "2017-12-31": "$-0.22", "2017-09-30": "$1.85", "2017-06-30": "$1.69", "2017-03-31": "$1.54", "2016-12-31": "$1.45", "2016-09-30": "$1.50", "2016-06-30": "$1.46", "2016-03-31": "$1.29", "2015-12-31": "$1.23", "2015-09-30": "$1.39", "2015-06-30": "$1.30", "2015-03-31": "$1.21", "2014-12-31": "$1.16", "2014-09-30": "$1.34", "2014-06-30": "$3.66", "2014-03-31": "$1.12", "2013-12-31": "$0.92", "2013-09-30": "$1.01", "2013-06-30": "$1.03", "2013-03-31": "$0.78", "2012-12-31": "$2.09", "2012-09-30": "$1.12", "2012-06-30": "$1.85", "2012-03-31": "$1.00", "2011-12-31": "$0.92", "2011-09-30": "$1.04", "2011-06-30": "$0.99", "2011-03-31": "$1.24", "2010-12-31": "$0.68", "2010-09-30": "$0.84", "2010-06-30": "$0.81", "2010-03-31": "$0.66", "2009-12-31": "$1.07", "2009-09-30": "$0.60", "2009-06-30": "$0.35", "2009-03-31": "$-0.08", "2008-12-31": "$0.46", "2008-09-30": "$0.87", "2008-06-30": "$1.01", "2008-03-31": "$0.57", "2007-12-31": "$0.86", "2007-09-30": "$0.89", "2007-06-30": "$0.90", "2007-03-31": "$0.71", "2006-12-31": "$0.77", "2006-09-30": "$0.78", "2006-06-30": "$0.81", "2006-03-31": "$0.65", "2005-12-31": "$0.71", "2005-09-30": "$0.72", "2005-06-30": "$0.64", "2005-03-31": "$0.53"}}, "shares-outstanding": {"Illinois Tool Works Annual Shares Outstanding (Millions of Shares)": {"2020": "318", "2019": "326", "2018": "337", "2017": "347", "2016": "357", "2015": "370", "2014": "405", "2013": "449", "2012": "473", "2011": "495", "2010": "503", "2009": "502", "2008": "521", "2007": "556", "2006": "570", "2005": "575"}, "Illinois Tool Works Quarterly Shares Outstanding (Millions of Shares)": {"2020-12-31": "318", "2020-09-30": "318", "2020-06-30": "317", "2020-03-31": "320", "2019-12-31": "326", "2019-09-30": "324", "2019-06-30": "327", "2019-03-31": "330", "2018-12-31": "337", "2018-09-30": "335", "2018-06-30": "339", "2018-03-31": "343", "2017-12-31": "347", "2017-09-30": "346", "2017-06-30": "348", "2017-03-31": "349", "2016-12-31": "357", "2016-09-30": "356", "2016-06-30": "359", "2016-03-31": "364", "2015-12-31": "370", "2015-09-30": "367", "2015-06-30": "368", "2015-03-31": "379", "2014-12-31": "405", "2014-09-30": "397", "2014-06-30": "408", "2014-03-31": "425", "2013-12-31": "449", "2013-09-30": "449", "2013-06-30": "453", "2013-03-31": "455", "2012-12-31": "473", "2012-09-30": "468", "2012-06-30": "476", "2012-03-31": "486", "2011-12-31": "495", "2011-09-30": "489", "2011-06-30": "502", "2011-03-31": "503", "2010-12-31": "503", "2010-09-30": "503", "2010-06-30": "506", "2010-03-31": "505", "2009-12-31": "502", "2009-09-30": "502", "2009-06-30": "501", "2009-03-31": "499", "2008-12-31": "521", "2008-09-30": "521", "2008-06-30": "525", "2008-03-31": "530", "2007-12-31": "556", "2007-09-30": "554", "2007-06-30": "561", "2007-03-31": "563", "2006-12-31": "570", "2006-09-30": "571", "2006-06-30": "572", "2006-03-31": "568", "2005-12-31": "575", "2005-09-30": "570", "2005-06-30": "580", "2005-03-31": "587"}}, "total-assets": {"Illinois Tool Works Annual Total Assets (Millions of US $)": {"2019": "$15,068", "2018": "$14,870", "2017": "$16,780", "2016": "$15,201", "2015": "$15,729", "2014": "$17,465", "2013": "$19,966", "2012": "$19,309", "2011": "$17,984", "2010": "$16,412", "2009": "$16,082", "2008": "$15,204", "2007": "$15,526", "2006": "$13,880", "2005": "$11,446"}, "Illinois Tool Works Quarterly Total Assets (Millions of US $)": {"2020-09-30": "$14,940", "2020-06-30": "$14,263", "2020-03-31": "$14,149", "2019-12-31": "$15,068", "2019-09-30": "$14,960", "2019-06-30": "$15,187", "2019-03-31": "$15,326", "2018-12-31": "$14,870", "2018-09-30": "$15,319", "2018-06-30": "$15,523", "2018-03-31": "$16,163", "2017-12-31": "$16,780", "2017-09-30": "$16,314", "2017-06-30": "$15,922", "2017-03-31": "$15,529", "2016-12-31": "$15,201", "2016-09-30": "$15,709", "2016-06-30": "$15,222", "2016-03-31": "$15,437", "2015-12-31": "$15,729", "2015-09-30": "$16,104", "2015-06-30": "$16,348", "2015-03-31": "$15,937", "2014-12-31": "$17,465", "2014-09-30": "$19,028", "2014-06-30": "$19,936", "2014-03-31": "$20,170", "2013-12-31": "$19,966", "2013-09-30": "$19,751", "2013-06-30": "$19,199", "2013-03-31": "$19,206", "2012-12-31": "$19,309", "2012-09-30": "$19,023", "2012-06-30": "$18,921", "2012-03-31": "$18,944", "2011-12-31": "$17,984", "2011-09-30": "$18,363", "2011-06-30": "$18,526", "2011-03-31": "$17,641", "2010-12-31": "$16,412", "2010-09-30": "$16,304", "2010-06-30": "$15,672", "2010-03-31": "$15,867", "2009-12-31": "$16,082", "2009-09-30": "$14,884", "2009-06-30": "$14,742", "2009-03-31": "$14,758", "2008-12-31": "$15,204", "2008-09-30": "$17,020", "2008-06-30": "$16,590", "2008-03-31": "$15,985", "2007-12-31": "$15,526", "2007-09-30": "$14,882", "2007-06-30": "$14,636", "2007-03-31": "$14,374", "2006-12-31": "$13,880", "2006-09-30": "$13,250", "2006-06-30": "$12,544", "2006-03-31": "$11,951", "2005-12-31": "$11,446", "2005-09-30": "$11,235", "2005-06-30": "$11,629", "2005-03-31": "$12,006"}}, "cash-on-hand": {"Illinois Tool Works Annual Cash on Hand (Millions of US $)": {"2019": "$1,981", "2018": "$1,504", "2017": "$3,094", "2016": "$2,472", "2015": "$3,090", "2014": "$3,990", "2013": "$3,618", "2012": "$2,779", "2011": "$1,178", "2010": "$1,186", "2009": "$1,319", "2008": "$743", "2007": "$828", "2006": "$590", "2005": "$370"}, "Illinois Tool Works Quarterly Cash on Hand (Millions of US $)": {"2020-09-30": "$2,169", "2020-06-30": "$1,812", "2020-03-31": "$1,430", "2019-12-31": "$1,981", "2019-09-30": "$1,825", "2019-06-30": "$1,677", "2019-03-31": "$1,755", "2018-12-31": "$1,504", "2018-09-30": "$1,589", "2018-06-30": "$1,628", "2018-03-31": "$1,940", "2017-12-31": "$3,094", "2017-09-30": "$2,785", "2017-06-30": "$2,496", "2017-03-31": "$2,493", "2016-12-31": "$2,472", "2016-09-30": "$2,299", "2016-06-30": "$2,355", "2016-03-31": "$2,448", "2015-12-31": "$3,090", "2015-09-30": "$3,001", "2015-06-30": "$2,858", "2015-03-31": "$2,672", "2014-12-31": "$3,990", "2014-09-30": "$4,820", "2014-06-30": "$5,297", "2014-03-31": "$3,547", "2013-12-31": "$3,618", "2013-09-30": "$3,018", "2013-06-30": "$2,768", "2013-03-31": "$2,662", "2012-12-31": "$2,779", "2012-09-30": "$2,054", "2012-06-30": "$1,692", "2012-03-31": "$1,304", "2011-12-31": "$1,178", "2011-09-30": "$1,319", "2011-06-30": "$1,231", "2011-03-31": "$1,084", "2010-12-31": "$1,186", "2010-09-30": "$1,649", "2010-06-30": "$1,265", "2010-03-31": "$1,418", "2009-12-31": "$1,319", "2009-09-30": "$943", "2009-06-30": "$616", "2009-03-31": "$1,121", "2008-12-31": "$743", "2008-09-30": "$868", "2008-06-30": "$640", "2008-03-31": "$927", "2007-12-31": "$828", "2007-09-30": "$602", "2007-06-30": "$482", "2007-03-31": "$575", "2006-12-31": "$590", "2006-09-30": "$618", "2006-06-30": "$459", "2006-03-31": "$454", "2005-12-31": "$370", "2005-09-30": "$351", "2005-06-30": "$859", "2005-03-31": "$1,053"}}, "long-term-debt": {"Illinois Tool Works Annual Long Term Debt (Millions of US $)": {"2019": "$7,754", "2018": "$6,029", "2017": "$7,478", "2016": "$7,177", "2015": "$6,896", "2014": "$5,943", "2013": "$2,793", "2012": "$4,589", "2011": "$3,488", "2010": "$2,542", "2009": "$2,915", "2008": "$1,248", "2007": "$1,889", "2006": "$956", "2005": "$958"}, "Illinois Tool Works Quarterly Long Term Debt (Millions of US $)": {"2020-09-30": "$7,592", "2020-06-30": "$7,765", "2020-03-31": "$7,690", "2019-12-31": "$7,754", "2019-09-30": "$7,643", "2019-06-30": "$7,809", "2019-03-31": "$5,981", "2018-12-31": "$6,029", "2018-09-30": "$6,054", "2018-06-30": "$6,069", "2018-03-31": "$6,889", "2017-12-31": "$7,478", "2017-09-30": "$7,439", "2017-06-30": "$7,360", "2017-03-31": "$7,205", "2016-12-31": "$7,177", "2016-09-30": "$6,329", "2016-06-30": "$6,300", "2016-03-31": "$6,353", "2015-12-31": "$6,896", "2015-09-30": "$7,000", "2015-06-30": "$6,994", "2015-03-31": "$5,845", "2014-12-31": "$5,943", "2014-09-30": "$6,034", "2014-06-30": "$6,140", "2014-03-31": "$4,789", "2013-12-31": "$2,793", "2013-09-30": "$3,808", "2013-06-30": "$3,771", "2013-03-31": "$4,556", "2012-12-31": "$4,589", "2012-09-30": "$4,572", "2012-06-30": "$3,468", "2012-03-31": "$3,521", "2011-12-31": "$3,488", "2011-09-30": "$3,522", "2011-06-30": "$2,623", "2011-03-31": "$2,597", "2010-12-31": "$2,542", "2010-09-30": "$2,737", "2010-06-30": "$2,724", "2010-03-31": "$2,807", "2009-12-31": "$2,915", "2009-09-30": "$2,869", "2009-06-30": "$2,856", "2009-03-31": "$2,740", "2008-12-31": "$1,248", "2008-09-30": "$1,398", "2008-06-30": "$1,462", "2008-03-31": "$1,435", "2007-12-31": "$1,889", "2007-09-30": "$1,573", "2007-06-30": "$957", "2007-03-31": "$956", "2006-12-31": "$956", "2006-09-30": "$964", "2006-06-30": "$960", "2006-03-31": "$960", "2005-12-31": "$958", "2005-09-30": "$966", "2005-06-30": "$967", "2005-03-31": "$968"}}, "total-liabilities": {"Illinois Tool Works Annual Total Liabilities (Millions of US $)": {"2019": "$12,038", "2018": "$11,612", "2017": "$12,191", "2016": "$10,942", "2015": "$10,501", "2014": "$10,641", "2013": "$10,257", "2012": "$8,739", "2011": "$7,950", "2010": "$6,840", "2009": "$7,264", "2008": "$7,528", "2007": "$6,175", "2006": "$4,863", "2005": "$3,899"}, "Illinois Tool Works Quarterly Total Liabilities (Millions of US $)": {"2020-09-30": "$12,243", "2020-06-30": "$11,905", "2020-03-31": "$11,865", "2019-12-31": "$12,038", "2019-09-30": "$11,990", "2019-06-30": "$12,092", "2019-03-31": "$12,126", "2018-12-31": "$11,612", "2018-09-30": "$11,773", "2018-06-30": "$11,735", "2018-03-31": "$12,000", "2017-12-31": "$12,191", "2017-09-30": "$11,288", "2017-06-30": "$11,148", "2017-03-31": "$11,031", "2016-12-31": "$10,942", "2016-09-30": "$10,916", "2016-06-30": "$10,272", "2016-03-31": "$10,215", "2015-12-31": "$10,501", "2015-09-30": "$11,014", "2015-06-30": "$11,042", "2015-03-31": "$10,955", "2014-12-31": "$10,641", "2014-09-30": "$11,227", "2014-06-30": "$11,496", "2014-03-31": "$11,590", "2013-12-31": "$10,257", "2013-09-30": "$9,283", "2013-06-30": "$8,968", "2013-03-31": "$8,927", "2012-12-31": "$8,739", "2012-09-30": "$8,761", "2012-06-30": "$8,820", "2012-03-31": "$8,809", "2011-12-31": "$7,950", "2011-09-30": "$8,511", "2011-06-30": "$8,104", "2011-03-31": "$7,262", "2010-12-31": "$6,840", "2010-09-30": "$7,413", "2010-06-30": "$6,940", "2010-03-31": "$7,124", "2009-12-31": "$7,264", "2009-09-30": "$6,642", "2009-06-30": "$6,816", "2009-03-31": "$7,384", "2008-12-31": "$7,528", "2008-09-30": "$7,924", "2008-06-30": "$7,091", "2008-03-31": "$6,737", "2007-12-31": "$6,175", "2007-09-30": "$5,496", "2007-06-30": "$5,248", "2007-03-31": "$5,217", "2006-12-31": "$4,863", "2006-09-30": "$4,539", "2006-06-30": "$3,950", "2006-03-31": "$3,885", "2005-12-31": "$3,899", "2005-09-30": "$3,954", "2005-06-30": "$4,202", "2005-03-31": "$4,297"}}, "total-share-holder-equity": {"Illinois Tool Works Annual Share Holder Equity (Millions of US $)": {"2019": "$3,030", "2018": "$3,258", "2017": "$4,589", "2016": "$4,259", "2015": "$5,228", "2014": "$6,824", "2013": "$9,709", "2012": "$10,570", "2011": "$10,034", "2010": "$9,572", "2009": "$8,818", "2008": "$7,675", "2007": "$9,351", "2006": "$9,018", "2005": "$7,547"}, "Illinois Tool Works Quarterly Share Holder Equity (Millions of US $)": {"2020-09-30": "$2,697", "2020-06-30": "$2,358", "2020-03-31": "$2,284", "2019-12-31": "$3,030", "2019-09-30": "$2,970", "2019-06-30": "$3,095", "2019-03-31": "$3,200", "2018-12-31": "$3,258", "2018-09-30": "$3,546", "2018-06-30": "$3,788", "2018-03-31": "$4,163", "2017-12-31": "$4,589", "2017-09-30": "$5,026", "2017-06-30": "$4,774", "2017-03-31": "$4,498", "2016-12-31": "$4,259", "2016-09-30": "$4,793", "2016-06-30": "$4,950", "2016-03-31": "$5,222", "2015-12-31": "$5,228", "2015-09-30": "$5,090", "2015-06-30": "$5,306", "2015-03-31": "$4,982", "2014-12-31": "$6,824", "2014-09-30": "$7,801", "2014-06-30": "$8,440", "2014-03-31": "$8,580", "2013-12-31": "$9,709", "2013-09-30": "$10,468", "2013-06-30": "$10,231", "2013-03-31": "$10,279", "2012-12-31": "$10,570", "2012-09-30": "$10,262", "2012-06-30": "$10,101", "2012-03-31": "$10,135", "2011-12-31": "$10,034", "2011-09-30": "$9,852", "2011-06-30": "$10,422", "2011-03-31": "$10,379", "2010-12-31": "$9,572", "2010-09-30": "$8,891", "2010-06-30": "$8,732", "2010-03-31": "$8,743", "2009-12-31": "$8,818", "2009-09-30": "$8,242", "2009-06-30": "$7,926", "2009-03-31": "$7,374", "2008-12-31": "$7,675", "2008-09-30": "$9,096", "2008-06-30": "$9,499", "2008-03-31": "$9,248", "2007-12-31": "$9,351", "2007-09-30": "$9,386", "2007-06-30": "$9,388", "2007-03-31": "$9,157", "2006-12-31": "$9,018", "2006-09-30": "$8,711", "2006-06-30": "$8,594", "2006-03-31": "$8,065", "2005-12-31": "$7,547", "2005-09-30": "$7,281", "2005-06-30": "$7,427", "2005-03-31": "$7,709"}}, "profit-margins": {"current": "16.77%"}, "gross margin": {"2020-12-31": "41.35%", "2020-09-30": "41.14%", "2020-06-30": "41.18%", "2020-03-31": "41.97%", "2019-12-31": "41.97%", "2019-09-30": "41.91%", "2019-06-30": "41.83%", "2019-03-31": "41.81%", "2018-12-31": "41.74%", "2018-09-30": "41.74%", "2018-06-30": "41.78%", "2018-03-31": "41.84%", "2017-12-31": "41.97%", "2017-09-30": "41.78%", "2017-06-30": "41.74%", "2017-03-31": "41.90%", "2016-12-31": "41.85%", "2016-09-30": "41.88%", "2016-06-30": "41.83%", "2016-03-31": "41.41%", "2015-12-31": "41.16%", "2015-09-30": "40.88%", "2015-06-30": "40.67%", "2015-03-31": "40.49%", "2014-12-31": "40.12%", "2014-09-30": "39.92%", "2014-06-30": "39.64%", "2014-03-31": "39.55%", "2013-12-31": "39.48%", "2013-09-30": "40.33%", "2013-06-30": "40.00%", "2013-03-31": "39.01%", "2012-12-31": "38.25%", "2012-09-30": "39.46%", "2012-06-30": "38.35%", "2012-03-31": "37.74%", "2011-12-31": "37.38%", "2011-09-30": "34.79%", "2011-06-30": "34.78%", "2011-03-31": "34.99%", "2010-12-31": "35.15%", "2010-09-30": "35.66%", "2010-06-30": "35.67%", "2010-03-31": "35.12%", "2009-12-31": "34.04%", "2009-09-30": "33.51%", "2009-06-30": "33.29%", "2009-03-31": "33.79%", "2008-12-31": "34.58%", "2008-09-30": "34.80%", "2008-06-30": "35.27%", "2008-03-31": "35.35%", "2007-12-31": "35.25%", "2007-09-30": "36.01%", "2007-06-30": "35.76%", "2007-03-31": "35.81%", "2006-12-31": "36.00%", "2006-09-30": "35.81%", "2006-06-30": "35.79%", "2006-03-31": "35.39%", "2005-12-31": "34.94%"}, "operating margin": {"2020-12-31": "22.92%", "2020-09-30": "22.46%", "2020-06-30": "22.78%", "2020-03-31": "24.11%", "2019-12-31": "24.11%", "2019-09-30": "24.18%", "2019-06-30": "24.10%", "2019-03-31": "24.15%", "2018-12-31": "24.27%", "2018-09-30": "24.09%", "2018-06-30": "24.57%", "2018-03-31": "24.55%", "2017-12-31": "24.35%", "2017-09-30": "23.95%", "2017-06-30": "23.07%", "2017-03-31": "22.77%", "2016-12-31": "22.47%", "2016-09-30": "22.27%", "2016-06-30": "22.15%", "2016-03-31": "21.68%", "2015-12-31": "21.39%", "2015-09-30": "21.08%", "2015-06-30": "20.65%", "2015-03-31": "20.47%", "2014-12-31": "19.94%", "2014-09-30": "19.47%", "2014-06-30": "18.99%", "2014-03-31": "18.22%", "2013-12-31": "17.79%", "2013-09-30": "17.49%", "2013-06-30": "17.18%", "2013-03-31": "17.03%", "2012-12-31": "16.73%", "2012-09-30": "17.62%", "2012-06-30": "16.91%", "2012-03-31": "16.41%", "2011-12-31": "16.27%", "2011-09-30": "14.77%", "2011-06-30": "14.77%", "2011-03-31": "14.87%", "2010-12-31": "14.63%", "2010-09-30": "15.01%", "2010-06-30": "14.46%", "2010-03-31": "12.95%", "2009-12-31": "10.19%", "2009-09-30": "9.77%", "2009-06-30": "10.43%", "2009-03-31": "12.26%", "2008-12-31": "14.62%", "2008-09-30": "15.68%", "2008-06-30": "16.23%", "2008-03-31": "16.27%", "2007-12-31": "16.31%", "2007-09-30": "16.43%", "2007-06-30": "16.51%", "2007-03-31": "16.93%", "2006-12-31": "17.27%", "2006-09-30": "17.58%", "2006-06-30": "17.56%", "2006-03-31": "17.18%", "2005-12-31": "16.87%"}, "ebitda margin": {"2020-09-30": "25.86%", "2020-06-30": "26.02%", "2020-03-31": "27.16%", "2019-12-31": "27.13%", "2019-09-30": "27.24%", "2019-06-30": "27.21%", "2019-03-31": "27.28%", "2018-12-31": "27.39%", "2018-09-30": "27.23%", "2018-06-30": "27.71%", "2018-03-31": "27.72%", "2017-12-31": "27.57%", "2017-09-30": "27.23%", "2017-06-30": "26.40%", "2017-03-31": "26.15%", "2016-12-31": "25.93%", "2016-09-30": "25.78%", "2016-06-30": "25.70%", "2016-03-31": "25.25%", "2015-12-31": "24.95%", "2015-09-30": "24.57%", "2015-06-30": "24.11%", "2015-03-31": "23.94%", "2014-12-31": "23.44%", "2014-09-30": "23.06%", "2014-06-30": "22.73%", "2014-03-31": "22.11%", "2013-12-31": "22.12%", "2013-09-30": "22.41%", "2013-06-30": "22.08%", "2013-03-31": "21.71%", "2012-12-31": "20.88%", "2012-09-30": "22.13%", "2012-06-30": "21.17%", "2012-03-31": "20.57%", "2011-12-31": "20.36%", "2011-09-30": "18.12%", "2011-06-30": "18.15%", "2011-03-31": "18.32%", "2010-12-31": "18.18%", "2010-09-30": "18.78%", "2010-06-30": "18.42%", "2010-03-31": "17.18%", "2009-12-31": "15.24%", "2009-09-30": "14.36%", "2009-06-30": "14.95%", "2009-03-31": "16.41%", "2008-12-31": "18.67%", "2008-09-30": "19.71%", "2008-06-30": "20.11%", "2008-03-31": "20.17%", "2007-12-31": "19.57%", "2007-09-30": "20.07%", "2007-06-30": "20.05%", "2007-03-31": "20.42%", "2006-12-31": "20.74%", "2006-09-30": "20.70%", "2006-06-30": "20.67%", "2006-03-31": "20.27%", "2005-12-31": "19.92%"}, "pre tax profit margin": {"2020-12-31": "21.50%", "2020-09-30": "21.57%", "2020-06-30": "22.09%", "2020-03-31": "23.45%", "2019-12-31": "23.30%", "2019-09-30": "23.02%", "2019-06-30": "22.75%", "2019-03-31": "22.88%", "2018-12-31": "22.98%", "2018-09-30": "22.77%", "2018-06-30": "23.25%", "2018-03-31": "23.10%", "2017-12-31": "22.84%", "2017-09-30": "22.72%", "2017-06-30": "21.89%", "2017-03-31": "21.67%", "2016-12-31": "21.38%", "2016-09-30": "20.90%", "2016-06-30": "20.83%", "2016-03-31": "20.42%", "2015-12-31": "20.28%", "2015-09-30": "20.11%", "2015-06-30": "19.62%", "2015-03-31": "19.30%", "2014-12-31": "18.63%", "2014-09-30": "17.99%", "2014-06-30": "17.48%", "2014-03-31": "16.76%", "2013-12-31": "16.60%", "2013-09-30": "23.25%", "2013-06-30": "22.86%", "2013-03-31": "22.51%", "2012-12-31": "21.68%", "2012-09-30": "16.40%", "2012-06-30": "15.95%", "2012-03-31": "15.44%", "2011-12-31": "15.32%", "2011-09-30": "13.99%", "2011-06-30": "13.85%", "2011-03-31": "13.84%", "2010-12-31": "13.55%", "2010-09-30": "13.96%", "2010-06-30": "13.43%", "2010-03-31": "11.72%", "2009-12-31": "8.94%", "2009-09-30": "8.43%", "2009-06-30": "9.26%", "2009-03-31": "11.49%", "2008-12-31": "13.75%", "2008-09-30": "14.99%", "2008-06-30": "15.62%", "2008-03-31": "15.70%", "2007-12-31": "16.04%", "2007-09-30": "16.27%", "2007-06-30": "16.47%", "2007-03-31": "16.97%", "2006-12-31": "17.31%", "2006-09-30": "17.78%", "2006-06-30": "17.92%", "2006-03-31": "17.40%", "2005-12-31": "17.19%"}, "net profit margin": {"2020-12-31": "16.77%", "2020-09-30": "16.77%", "2020-06-30": "17.16%", "2020-03-31": "18.06%", "2019-12-31": "17.87%", "2019-09-30": "17.49%", "2019-06-30": "17.17%", "2019-03-31": "17.21%", "2018-12-31": "17.36%", "2018-09-30": "12.69%", "2018-06-30": "12.70%", "2018-03-31": "12.36%", "2017-12-31": "11.79%", "2017-09-30": "16.12%", "2017-06-30": "15.50%", "2017-03-31": "15.24%", "2016-12-31": "14.96%", "2016-09-30": "14.68%", "2016-06-30": "14.65%", "2016-03-31": "14.31%", "2015-12-31": "14.17%", "2015-09-30": "13.93%", "2015-06-30": "13.73%", "2015-03-31": "20.56%", "2014-12-31": "20.34%", "2014-09-30": "19.98%", "2014-06-30": "19.60%", "2014-03-31": "12.59%", "2013-12-31": "11.88%", "2013-09-30": "17.55%", "2013-06-30": "17.88%", "2013-03-31": "19.76%", "2012-12-31": "19.40%", "2012-09-30": "17.15%", "2012-06-30": "16.03%", "2012-03-31": "13.25%", "2011-12-31": "14.27%", "2011-09-30": "11.37%", "2011-06-30": "11.30%", "2011-03-31": "11.24%", "2010-12-31": "9.75%", "2010-09-30": "11.29%", "2010-06-30": "10.75%", "2010-03-31": "9.50%", "2009-12-31": "7.17%", "2009-09-30": "4.69%", "2009-06-30": "5.41%", "2009-03-31": "7.17%", "2008-12-31": "8.89%", "2008-09-30": "10.12%", "2008-06-30": "10.78%", "2008-03-31": "10.93%", "2007-12-31": "11.61%", "2007-09-30": "13.16%", "2007-06-30": "13.03%", "2007-03-31": "13.28%", "2006-12-31": "13.44%", "2006-09-30": "12.52%", "2006-06-30": "12.56%", "2006-03-31": "12.12%", "2005-12-31": "11.92%"}, "pe ratio": {"current": "29.90", "2021-02-11": "43.59", "2020-12-31": "44.23", "2020-09-30": "29.11", "2020-06-30": "25.38", "2020-03-31": "18.11", "2019-12-31": "22.60", "2019-09-30": "19.99", "2019-06-30": "19.49", "2019-03-31": "18.28", "2018-12-31": "15.83", "2018-09-30": "23.95", "2018-06-30": "23.56", "2018-03-31": "27.92", "2017-12-31": "31.77", "2017-09-30": "20.87", "2017-06-30": "21.24", "2017-03-31": "20.31", "2016-12-31": "19.50", "2016-09-30": "19.75", "2016-06-30": "17.42", "2016-03-31": "17.56", "2015-12-31": "16.05", "2015-09-30": "14.37", "2015-06-30": "16.07", "2015-03-31": "11.50", "2014-12-31": "11.31", "2014-09-30": "10.36", "2014-06-30": "11.21", "2014-03-31": "17.04", "2013-12-31": "19.07", "2013-09-30": "13.09", "2013-06-30": "11.55", "2013-03-31": "8.71", "2012-12-31": "8.32", "2012-09-30": "10.07", "2012-06-30": "9.05", "2012-03-31": "11.82", "2011-12-31": "9.06", "2011-09-30": "8.24", "2011-06-30": "11.70", "2011-03-31": "11.54", "2010-12-31": "13.88", "2010-09-30": "11.36", "2010-06-30": "10.66", "2010-03-31": "14.44", "2009-12-31": "19.67", "2009-09-30": "24.46", "2009-06-30": "17.65", "2009-03-31": "10.24", "2008-12-31": "8.95", "2008-09-30": "9.85", "2008-06-30": "10.40", "2008-03-31": "10.85", "2007-12-31": "11.48", "2007-09-30": "13.11", "2007-06-30": "12.27", "2007-03-31": "11.98", "2006-12-31": "10.91"}, "price sales": {"2021-02-11": "5.09", "2020-12-31": "5.16", "2020-09-30": "4.90", "2020-06-30": "4.37", "2020-03-31": "3.28", "2019-12-31": "4.05", "2019-09-30": "3.51", "2019-06-30": "3.36", "2019-03-31": "3.16", "2018-12-31": "2.76", "2018-09-30": "3.06", "2018-06-30": "3.00", "2018-03-31": "3.45", "2017-12-31": "3.75", "2017-09-30": "3.38", "2017-06-30": "3.31", "2017-03-31": "3.11", "2016-12-31": "2.93", "2016-09-30": "2.91", "2016-06-30": "2.56", "2016-03-31": "2.52", "2015-12-31": "2.28", "2015-09-30": "2.02", "2015-06-30": "2.23", "2015-03-31": "2.36", "2014-12-31": "2.32", "2014-09-30": "2.10", "2014-06-30": "2.25", "2014-03-31": "2.16", "2013-12-31": "2.28", "2013-09-30": "2.29", "2013-06-30": "2.07", "2013-03-31": "1.72", "2012-12-31": "1.63", "2012-09-30": "1.73", "2012-06-30": "1.46", "2012-03-31": "1.57", "2011-12-31": "1.30", "2011-09-30": "0.97", "2011-06-30": "1.36", "2011-03-31": "1.35", "2010-12-31": "1.38", "2010-09-30": "1.23", "2010-06-30": "1.10", "2010-03-31": "1.30", "2009-12-31": "1.36", "2009-09-30": "1.15", "2009-06-30": "0.95", "2009-03-31": "0.73", "2008-12-31": "0.80", "2008-09-30": "1.00", "2008-06-30": "1.13", "2008-03-31": "1.19", "2007-12-31": "1.34", "2007-09-30": "1.72", "2007-06-30": "1.59", "2007-03-31": "1.58", "2006-12-31": "1.46"}, "price book": {"current": "20.22", "2021-02-11": "23.58", "2020-09-30": "22.55", "2020-06-30": "23.18", "2020-03-31": "19.31", "2019-12-31": "18.49", "2019-09-30": "16.41", "2019-06-30": "15.17", "2019-03-31": "13.97", "2018-12-31": "12.12", "2018-09-30": "12.44", "2018-06-30": "11.47", "2018-03-31": "11.86", "2017-12-31": "11.49", "2017-09-30": "9.29", "2017-06-30": "9.46", "2017-03-31": "9.28", "2016-12-31": "9.05", "2016-09-30": "7.92", "2016-06-30": "6.71", "2016-03-31": "6.30", "2015-12-31": "5.73", "2015-09-30": "5.19", "2015-06-30": "5.56", "2015-03-31": "6.26", "2014-12-31": "4.62", "2014-09-30": "3.66", "2014-06-30": "3.53", "2014-03-31": "3.34", "2013-12-31": "3.17", "2013-09-30": "2.74", "2013-06-30": "2.55", "2013-03-31": "2.24", "2012-12-31": "2.18", "2012-09-30": "2.22", "2012-06-30": "2.02", "2012-03-31": "2.19", "2011-12-31": "1.82", "2011-09-30": "1.64", "2011-06-30": "2.12", "2011-03-31": "2.05", "2010-12-31": "2.19", "2010-09-30": "2.05", "2010-06-30": "1.85", "2010-03-31": "2.10", "2009-12-31": "2.08", "2009-09-30": "1.98", "2009-06-30": "1.78", "2009-03-31": "1.57", "2008-12-31": "1.69", "2008-09-30": "1.84", "2008-06-30": "1.90", "2008-03-31": "1.98", "2007-12-31": "2.19", "2007-09-30": "2.48", "2007-06-30": "2.28", "2007-03-31": "2.24", "2006-12-31": "2.03", "2006-09-30": "2.06", "2006-06-30": "2.21", "2006-03-31": "2.37"}, "price fcf": {"2021-02-11": "", "2020-09-30": "$8.00", "2020-06-30": "$8.65", "2020-03-31": "$8.37", "2019-12-31": "$8.27", "2019-09-30": "$8.33", "2019-06-30": "$7.96", "2019-03-31": "$7.68", "2018-12-31": "$7.34", "2018-09-30": "$6.96", "2018-06-30": "$6.75", "2018-03-31": "$6.26", "2017-12-31": "$6.11", "2017-09-30": "$5.98", "2017-06-30": "$5.50", "2017-03-31": "$5.71", "2016-12-31": "$5.73", "2016-09-30": "$5.77", "2016-06-30": "$5.98", "2016-03-31": "$5.72", "2015-12-31": "$5.53", "2015-09-30": "$4.72", "2015-06-30": "$3.37", "2015-03-31": "$3.54", "2014-12-31": "$3.17", "2014-09-30": "$3.64", "2014-06-30": "$4.89", "2014-03-31": "$4.87", "2013-12-31": "$4.89", "2013-09-30": "$4.58", "2013-06-30": "$4.11", "2013-03-31": "$3.75", "2012-12-31": "$3.63", "2012-09-30": "$3.82", "2012-06-30": "$4.09", "2012-03-31": "$3.66", "2011-12-31": "$3.28", "2011-09-30": "$2.58", "2011-06-30": "$2.01", "2011-03-31": "$2.10", "2010-12-31": "$2.42", "2010-09-30": "$2.78", "2010-06-30": "$2.91", "2010-03-31": "$3.52", "2009-12-31": "$3.86", "2009-09-30": "$3.94", "2009-06-30": "$4.07", "2009-03-31": "$3.61", "2008-12-31": "$3.61", "2008-09-30": "$3.89", "2008-06-30": "$3.93", "2008-03-31": "$4.04", "2007-12-31": "$3.87", "2007-09-30": "$3.79", "2007-06-30": "$3.45", "2007-03-31": "$3.15", "2006-12-31": "$3.12"}, "net worth": {"value": "$64.35B"}, "current ratio": {"2020-12-31": "2.52", "2020-09-30": "2.37", "2020-06-30": "2.75", "2020-03-31": "2.71", "2019-12-31": "2.90", "2019-09-30": "2.81", "2019-06-30": "2.87", "2019-03-31": "1.53", "2018-12-31": "1.63", "2018-09-30": "1.62", "2018-06-30": "1.73", "2018-03-31": "2.20", "2017-12-31": "2.38", "2017-09-30": "2.41", "2017-06-30": "2.33", "2017-03-31": "2.24", "2016-12-31": "2.22", "2016-09-30": "1.77", "2016-06-30": "2.18", "2016-03-31": "2.30", "2015-12-31": "2.84", "2015-09-30": "2.56", "2015-06-30": "2.56", "2015-03-31": "1.78", "2014-12-31": "2.23", "2014-09-30": "2.36", "2014-06-30": "2.50", "2014-03-31": "1.87", "2013-12-31": "1.63", "2013-09-30": "2.43", "2013-06-30": "2.21", "2013-03-31": "2.89", "2012-12-31": "3.00", "2012-09-30": "2.61", "2012-06-30": "1.92", "2012-03-31": "1.96", "2011-12-31": "2.30", "2011-09-30": "2.02", "2011-06-30": "1.86", "2011-03-31": "2.03", "2010-12-31": "1.98", "2010-09-30": "1.97", "2010-06-30": "2.08", "2010-03-31": "2.04", "2009-12-31": "2.00", "2009-09-30": "2.14", "2009-06-30": "2.10", "2009-03-31": "1.76", "2008-12-31": "1.19", "2008-09-30": "1.39", "2008-06-30": "1.57", "2008-03-31": "1.64", "2007-12-31": "2.08", "2007-09-30": "2.37", "2007-06-30": "2.01", "2007-03-31": "2.00", "2006-12-31": "1.98", "2006-09-30": "2.08", "2006-06-30": "2.44", "2006-03-31": "2.24", "2005-12-31": "2.06", "2005-09-30": "2.01", "2005-06-30": "2.00", "2005-03-31": "2.05"}, "quick ratio": {"2020-12-31": "2.06", "2020-09-30": "1.92", "2020-06-30": "2.18", "2020-03-31": "2.13", "2019-12-31": "2.36", "2019-09-30": "2.27", "2019-06-30": "2.30", "2019-03-31": "1.19", "2018-12-31": "1.26", "2018-09-30": "1.26", "2018-06-30": "1.35", "2018-03-31": "1.74", "2017-12-31": "1.98", "2017-09-30": "1.98", "2017-06-30": "1.90", "2017-03-31": "1.83", "2016-12-31": "1.83", "2016-09-30": "1.44", "2016-06-30": "1.78", "2016-03-31": "1.88", "2015-12-31": "2.38", "2015-09-30": "2.14", "2015-06-30": "2.13", "2015-03-31": "1.46", "2014-12-31": "1.90", "2014-09-30": "2.04", "2014-06-30": "2.16", "2014-03-31": "1.63", "2013-12-31": "1.42", "2013-09-30": "2.10", "2013-06-30": "1.81", "2013-03-31": "2.35", "2012-12-31": "2.41", "2012-09-30": "2.01", "2012-06-30": "1.46", "2012-03-31": "1.47", "2011-12-31": "1.72", "2011-09-30": "1.52", "2011-06-30": "1.39", "2011-03-31": "1.47", "2010-12-31": "1.43", "2010-09-30": "1.49", "2010-06-30": "1.55", "2010-03-31": "1.54", "2009-12-31": "1.52", "2009-09-30": "1.59", "2009-06-30": "1.51", "2009-03-31": "1.30", "2008-12-31": "0.83", "2008-09-30": "1.03", "2008-06-30": "1.13", "2008-03-31": "1.19", "2007-12-31": "1.53", "2007-09-30": "1.70", "2007-06-30": "1.43", "2007-03-31": "1.42", "2006-12-31": "1.41", "2006-09-30": "1.49", "2006-06-30": "1.75", "2006-03-31": "1.58", "2005-12-31": "1.45", "2005-09-30": "1.40", "2005-06-30": "1.44", "2005-03-31": "1.47"}, "debt equity ratio": {"current": "2.44", "2020-12-31": "3.91", "2020-09-30": "4.54", "2020-06-30": "5.05", "2020-03-31": "5.20", "2019-12-31": "3.97", "2019-09-30": "4.04", "2019-06-30": "3.91", "2019-03-31": "3.79", "2018-12-31": "3.56", "2018-09-30": "3.32", "2018-06-30": "3.10", "2018-03-31": "2.88", "2017-12-31": "2.66", "2017-09-30": "2.25", "2017-06-30": "2.34", "2017-03-31": "2.45", "2016-12-31": "2.57", "2016-09-30": "2.28", "2016-06-30": "2.08", "2016-03-31": "1.96", "2015-12-31": "2.01", "2015-09-30": "2.16", "2015-06-30": "2.08", "2015-03-31": "2.20", "2014-12-31": "1.56", "2014-09-30": "1.44", "2014-06-30": "1.36", "2014-03-31": "1.35", "2013-12-31": "1.06", "2013-09-30": "0.89", "2013-06-30": "0.88", "2013-03-31": "0.87", "2012-12-31": "0.83", "2012-09-30": "0.85", "2012-06-30": "0.87", "2012-03-31": "0.87", "2011-12-31": "0.79", "2011-09-30": "0.86", "2011-06-30": "0.78", "2011-03-31": "0.70", "2010-12-31": "0.72", "2010-09-30": "0.83", "2010-06-30": "0.80", "2010-03-31": "0.82", "2009-12-31": "0.82", "2009-09-30": "0.81", "2009-06-30": "0.86", "2009-03-31": "1.00", "2008-12-31": "0.98", "2008-09-30": "0.87", "2008-06-30": "0.75", "2008-03-31": "0.73", "2007-12-31": "0.66", "2007-09-30": "0.59", "2007-06-30": "0.56", "2007-03-31": "0.57", "2006-12-31": "0.54", "2006-09-30": "0.52", "2006-06-30": "0.46", "2006-03-31": "0.48", "2005-12-31": "0.52", "2005-09-30": "0.54", "2005-06-30": "0.57", "2005-03-31": "0.56"}, "return on equity": {"2020-12-31": "80.18%", "2020-09-30": "81.32%", "2020-06-30": "82.17%", "2020-03-31": "87.53%", "2019-12-31": "82.02%", "2019-09-30": "79.44%", "2019-06-30": "75.27%", "2019-03-31": "72.74%", "2018-12-31": "69.48%", "2018-09-30": "46.75%", "2018-06-30": "42.86%", "2018-03-31": "38.87%", "2017-12-31": "35.73%", "2017-09-30": "48.93%", "2017-06-30": "47.26%", "2017-03-31": "45.47%", "2016-12-31": "42.34%", "2016-09-30": "39.18%", "2016-06-30": "38.15%", "2016-03-31": "36.63%", "2015-12-31": "36.86%", "2015-09-30": "34.21%", "2015-06-30": "30.81%", "2015-03-31": "41.80%", "2014-12-31": "37.24%", "2014-09-30": "33.64%", "2014-06-30": "30.38%", "2014-03-31": "18.45%", "2013-12-31": "16.51%", "2013-09-30": "21.66%", "2013-06-30": "22.47%", "2013-03-31": "26.57%", "2012-12-31": "27.95%", "2012-09-30": "23.02%", "2012-06-30": "23.09%", "2012-03-31": "19.13%", "2011-12-31": "20.36%", "2011-09-30": "19.54%", "2011-06-30": "19.15%", "2011-03-31": "19.08%", "2010-12-31": "16.73%", "2010-09-30": "19.33%", "2010-06-30": "18.30%", "2010-03-31": "15.96%", "2009-12-31": "12.03%", "2009-09-30": "8.64%", "2009-06-30": "10.30%", "2009-03-31": "13.99%", "2008-12-31": "17.12%", "2008-09-30": "18.90%", "2008-06-30": "19.14%", "2008-03-31": "18.97%", "2007-12-31": "20.06%", "2007-09-30": "19.90%", "2007-06-30": "19.77%", "2007-03-31": "19.76%", "2006-12-31": "19.98%", "2006-09-30": "20.41%", "2006-06-30": "20.86%", "2006-03-31": "20.45%", "2005-12-31": "19.96%"}, "return on assets": {"2020-12-31": "14.31%", "2020-09-30": "14.43%", "2020-06-30": "14.96%", "2020-03-31": "16.78%", "2019-12-31": "16.66%", "2019-09-30": "16.49%", "2019-06-30": "16.24%", "2019-03-31": "16.44%", "2018-12-31": "16.57%", "2018-09-30": "11.79%", "2018-06-30": "11.62%", "2018-03-31": "11.06%", "2017-12-31": "10.45%", "2017-09-30": "14.42%", "2017-06-30": "13.89%", "2017-03-31": "13.64%", "2016-12-31": "13.22%", "2016-09-30": "12.74%", "2016-06-30": "12.51%", "2016-03-31": "12.00%", "2015-12-31": "11.85%", "2015-09-30": "11.53%", "2015-06-30": "11.16%", "2015-03-31": "16.20%", "2014-12-31": "15.38%", "2014-09-30": "14.69%", "2014-06-30": "14.16%", "2014-03-31": "9.09%", "2013-12-31": "8.60%", "2013-09-30": "11.62%", "2013-06-30": "12.10%", "2013-03-31": "14.32%", "2012-12-31": "15.07%", "2012-09-30": "12.46%", "2012-06-30": "12.48%", "2012-03-31": "10.48%", "2011-12-31": "11.42%", "2011-09-30": "11.08%", "2011-06-30": "10.92%", "2011-03-31": "10.86%", "2010-12-31": "9.36%", "2010-09-30": "10.64%", "2010-06-30": "10.11%", "2010-03-31": "8.74%", "2009-12-31": "6.44%", "2009-09-30": "4.52%", "2009-06-30": "5.35%", "2009-03-31": "7.41%", "2008-12-31": "9.38%", "2008-09-30": "10.79%", "2008-06-30": "11.39%", "2008-03-31": "11.61%", "2007-12-31": "12.59%", "2007-09-30": "12.73%", "2007-06-30": "12.78%", "2007-03-31": "12.97%", "2006-12-31": "13.31%", "2006-09-30": "13.66%", "2006-06-30": "13.92%", "2006-03-31": "13.40%", "2005-12-31": "12.91%"}, "return on investments": {"2020-12-31": "27.89%", "2020-09-30": "27.43%", "2020-06-30": "27.98%", "2020-03-31": "31.45%", "2019-12-31": "32.80%", "2019-09-30": "34.39%", "2019-06-30": "35.50%", "2019-03-31": "37.13%", "2018-12-31": "36.02%", "2018-09-30": "33.54%", "2018-06-30": "32.05%", "2018-03-31": "30.02%", "2017-12-31": "28.82%", "2017-09-30": "28.26%", "2017-06-30": "27.77%", "2017-03-31": "27.61%", "2016-12-31": "26.94%", "2016-09-30": "26.06%", "2016-06-30": "25.12%", "2016-03-31": "24.06%", "2015-12-31": "24.22%", "2015-09-30": "23.96%", "2015-06-30": "23.21%", "2015-03-31": "22.44%", "2014-12-31": "21.18%", "2014-09-30": "20.85%", "2014-06-30": "20.00%", "2014-03-31": "19.23%", "2013-12-31": "18.08%", "2013-09-30": "15.39%", "2013-06-30": "15.17%", "2013-03-31": "16.16%", "2012-12-31": "17.30%", "2012-09-30": "17.24%", "2012-06-30": "18.06%", "2012-03-31": "17.88%", "2011-12-31": "17.85%", "2011-09-30": "19.81%", "2011-06-30": "19.75%", "2011-03-31": "19.69%", "2010-12-31": "19.29%", "2010-09-30": "19.51%", "2010-06-30": "18.54%", "2010-03-31": "16.24%", "2009-12-31": "12.65%", "2009-09-30": "13.72%", "2009-06-30": "15.79%", "2009-03-31": "19.88%", "2008-12-31": "24.36%", "2008-09-30": "25.09%", "2008-06-30": "24.63%", "2008-03-31": "24.42%", "2007-12-31": "24.64%", "2007-09-30": "22.18%", "2007-06-30": "22.66%", "2007-03-31": "22.75%", "2006-12-31": "23.10%", "2006-09-30": "25.66%", "2006-06-30": "25.99%", "2006-03-31": "25.71%", "2005-12-31": "25.01%"}, "return on tangible equity": {"2020-09-30": "-77.64%", "2020-06-30": "-83.26%", "2020-03-31": "-100.08%", "2019-12-31": "-106.55%", "2019-09-30": "-103.52%", "2019-06-30": "-103.80%", "2019-03-31": "-108.72%", "2018-12-31": "-118.93%", "2018-09-30": "-99.00%", "2018-06-30": "-117.96%", "2018-03-31": "-129.13%", "2017-12-31": "-128.66%", "2017-09-30": "-162.96%", "2017-06-30": "-145.67%", "2017-03-31": "-149.28%", "2016-12-31": "-166.12%", "2016-09-30": "-202.40%", "2016-06-30": "-222.74%", "2016-03-31": "-220.18%", "2015-12-31": "-193.09%", "2015-09-30": "-270.80%", "2015-06-30": "-1275.08%", "2015-03-31": "593.92%", "2014-12-31": "236.91%", "2014-09-30": "156.13%", "2014-06-30": "116.16%", "2014-03-31": "66.54%", "2013-12-31": "57.10%", "2013-09-30": "76.79%", "2013-06-30": "86.96%", "2013-03-31": "107.18%", "2012-12-31": "117.64%", "2012-09-30": "97.41%", "2012-06-30": "97.05%", "2012-03-31": "73.79%", "2011-12-31": "72.78%", "2011-09-30": "67.48%", "2011-06-30": "64.16%", "2011-03-31": "66.05%", "2010-12-31": "59.93%", "2010-09-30": "72.36%", "2010-06-30": "72.04%", "2010-03-31": "67.49%", "2009-12-31": "56.19%", "2009-09-30": "44.41%", "2009-06-30": "48.40%", "2009-03-31": "55.43%", "2008-12-31": "57.21%", "2008-09-30": "54.40%", "2008-06-30": "50.94%", "2008-03-31": "47.74%", "2007-12-31": "48.85%", "2007-09-30": "47.36%", "2007-06-30": "44.46%", "2007-03-31": "41.87%", "2006-12-31": "40.46%", "2006-09-30": "39.59%", "2006-06-30": "39.86%", "2006-03-31": "38.76%", "2005-12-31": "36.78%"}, "dividend yield history": {"last payout": "$4.56", "last yield": "2.24%"}}