{"ticker": "JBHT", "price": {"title": "J.B Hunt Transport Services Historical Annual Stock Price Data", "value": 144.65, "historical": {"2021": {"Average Stock Price": "144.1758", "Year Open": "134.8400", "Year High": "151.9500", "Year Low": "134.6600", "Year Close": "144.6500", "Annual % Change": "5.85%"}, "2020": {"Average Stock Price": "119.5165", "Year Open": "117.5200", "Year High": "142.8000", "Year Low": "75.3800", "Year Close": "136.6500", "Annual % Change": "17.01%"}, "2019": {"Average Stock Price": "104.0156", "Year Open": "93.2400", "Year High": "120.6600", "Year Low": "84.8400", "Year Close": "116.7800", "Annual % Change": "25.52%"}, "2018": {"Average Stock Price": "117.4054", "Year Open": "116.0900", "Year High": "130.8200", "Year Low": "88.6700", "Year Close": "93.0400", "Annual % Change": "-19.08%"}, "2017": {"Average Stock Price": "97.4388", "Year Open": "96.7700", "Year High": "115.4700", "Year Low": "83.5200", "Year Close": "114.9800", "Annual % Change": "18.45%"}, "2016": {"Average Stock Price": "82.2741", "Year Open": "71.3200", "Year High": "100.6800", "Year Low": "65.1900", "Year Close": "97.0700", "Annual % Change": "32.32%"}, "2015": {"Average Stock Price": "81.1959", "Year Open": "83.2150", "Year High": "92.0000", "Year Low": "70.6200", "Year Close": "73.3600", "Annual % Change": "-12.93%"}, "2014": {"Average Stock Price": "76.2728", "Year Open": "76.6000", "Year High": "85.0000", "Year Low": "69.7500", "Year Close": "84.2500", "Annual % Change": "8.99%"}, "2013": {"Average Stock Price": "72.3254", "Year Open": "61.0400", "Year High": "77.7800", "Year Low": "60.7700", "Year Close": "77.3000", "Annual % Change": "29.46%"}, "2012": {"Average Stock Price": "54.8470", "Year Open": "45.2600", "Year High": "60.6200", "Year Low": "44.2300", "Year Close": "59.7100", "Annual % Change": "32.48%"}, "2011": {"Average Stock Price": "43.0797", "Year Open": "41.6400", "Year High": "49.1000", "Year Low": "35.6000", "Year Close": "45.0700", "Annual % Change": "10.44%"}, "2010": {"Average Stock Price": "35.2571", "Year Open": "33.0600", "Year High": "40.8300", "Year Low": "30.2900", "Year Close": "40.8100", "Annual % Change": "26.46%"}, "2009": {"Average Stock Price": "28.4508", "Year Open": "26.7200", "Year High": "34.6500", "Year Low": "18.5900", "Year Close": "32.2700", "Annual % Change": "22.84%"}, "2008": {"Average Stock Price": "31.1192", "Year Open": "26.0300", "Year High": "39.9500", "Year Low": "22.1300", "Year Close": "26.2700", "Annual % Change": "-4.65%"}, "2007": {"Average Stock Price": "27.3017", "Year Open": "22.4200", "Year High": "31.6500", "Year Low": "22.4200", "Year Close": "27.5500", "Annual % Change": "32.64%"}, "2006": {"Average Stock Price": "22.4616", "Year Open": "22.7300", "Year High": "25.8400", "Year Low": "19.0700", "Year Close": "20.7700", "Annual % Change": "-8.26%"}, "2005": {"Average Stock Price": "20.7425", "Year Open": "22.0450", "Year High": "24.6000", "Year Low": "17.6600", "Year Close": "22.6400", "Annual % Change": "0.96%"}, "2004": {"Average Stock Price": "17.1489", "Year Open": "13.7050", "Year High": "22.5050", "Year Low": "12.7050", "Year Close": "22.4250", "Annual % Change": "66.05%"}, "2003": {"Average Stock Price": "10.1579", "Year Open": "7.3725", "Year High": "14.2000", "Year Low": "5.8875", "Year Close": "13.5050", "Annual % Change": "84.37%"}, "2002": {"Average Stock Price": "6.6065", "Year Open": "5.6325", "Year High": "8.0500", "Year Low": "5.3950", "Year Close": "7.3250", "Annual % Change": "26.29%"}, "2001": {"Average Stock Price": "4.6000", "Year Open": "3.8750", "Year High": "6.2875", "Year Low": "3.0925", "Year Close": "5.8000", "Annual % Change": "38.01%"}, "2000": {"Average Stock Price": "3.5144", "Year Open": "3.3600", "Year High": "4.2975", "Year Low": "2.6575", "Year Close": "4.2025", "Annual % Change": "21.46%"}, "1999": {"Average Stock Price": "4.3164", "Year Open": "5.4225", "Year High": "6.5150", "Year Low": "3.1250", "Year Close": "3.4600", "Annual % Change": "-39.83%"}, "1998": {"Average Stock Price": "6.1118", "Year Open": "4.6575", "Year High": "9.5325", "Year Low": "3.1250", "Year Close": "5.7500", "Annual % Change": "22.67%"}, "1997": {"Average Stock Price": "3.8743", "Year Open": "3.5325", "Year High": "4.7825", "Year Low": "3.3750", "Year Close": "4.6875", "Annual % Change": "33.93%"}, "1996": {"Average Stock Price": "4.4280", "Year Open": "4.1875", "Year High": "5.5000", "Year Low": "3.4688", "Year Close": "3.5000", "Annual % Change": "-16.42%"}, "1995": {"Average Stock Price": "4.2581", "Year Open": "3.9375", "Year High": "5.0000", "Year Low": "3.2825", "Year Close": "4.1875", "Annual % Change": "9.84%"}, "1994": {"Average Stock Price": "4.8526", "Year Open": "5.8750", "Year High": "6.3750", "Year Low": "3.7500", "Year Close": "3.8125", "Annual % Change": "-34.41%"}, "1993": {"Average Stock Price": "5.4936", "Year Open": "5.6875", "Year High": "6.5625", "Year Low": "4.3125", "Year Close": "5.8125", "Annual % Change": "0.00%"}, "1992": {"Average Stock Price": "5.3817", "Year Open": "5.0200", "Year High": "6.5000", "Year Low": "4.2083", "Year Close": "5.8125", "Annual % Change": "16.25%"}, "1991": {"Average Stock Price": "3.7292", "Year Open": "2.8950", "Year High": "5.0000", "Year Low": "2.8750", "Year Close": "5.0000", "Annual % Change": "71.43%"}}}, "market cap": {"value": "$15.29B"}, "income statement": {"Revenue": {"2020-12-31": "9636.57300", "2019-12-31": "9165.25800", "2018-12-31": "8614.87400", "2017-12-31": "7189.56800", "2016-12-31": "6555.45900", "2015-12-31": "6187.64600", "2014-12-31": "6165.44100", "2013-12-31": "5584.57100", "2012-12-31": "5054.98000", "2011-12-31": "4526.84200", "2010-12-31": "3793.48500", "2009-12-31": "3203.32100", "2008-12-31": "3731.94300", "2007-12-31": "3489.89900", "2006-12-31": "3327.98700", "2005-12-31": "3127.89900"}, "Cost Of Goods Sold": {"2020-12-31": "5645.95600", "2019-12-31": "5325.12000", "2018-12-31": "5197.08000", "2017-12-31": "4255.61800", "2016-12-31": "3772.35200", "2015-12-31": "3528.21700", "2014-12-31": "3757.73400", "2013-12-31": "3464.19400", "2012-12-31": "3130.11900", "2011-12-31": "2746.83300", "2010-12-31": "2207.40400", "2009-12-31": "1823.51700", "2008-12-31": "2158.08300", "2007-12-31": "1854.82100", "2006-12-31": "1717.83700", "2005-12-31": "1580.26300"}, "Gross Profit": {"2020-12-31": "3990.61700", "2019-12-31": "3840.13800", "2018-12-31": "3417.79400", "2017-12-31": "2933.95000", "2016-12-31": "2783.10700", "2015-12-31": "2659.42900", "2014-12-31": "2407.70700", "2013-12-31": "2120.37700", "2012-12-31": "1924.86100", "2011-12-31": "1780.00900", "2010-12-31": "1586.08100", "2009-12-31": "1379.80400", "2008-12-31": "1573.86000", "2007-12-31": "1635.07800", "2006-12-31": "1610.15000", "2005-12-31": "1547.63600"}, "Research And Development Expenses": {"2020-12-31": "", "2019-12-31": "", "2018-12-31": "", "2017-12-31": "", "2016-12-31": "", "2015-12-31": "", "2014-12-31": "", "2013-12-31": "", "2012-12-31": "", "2011-12-31": "", "2010-12-31": "", "2009-12-31": "", "2008-12-31": "", "2007-12-31": "", "2006-12-31": "", "2005-12-31": ""}, "SG&A Expenses": {"2020-12-31": "2750.12300", "2019-12-31": "2607.16800", "2018-12-31": "2300.88000", "2017-12-31": "1926.64300", "2016-12-31": "1700.57700", "2015-12-31": "1604.12200", "2014-12-31": "1481.66900", "2013-12-31": "1290.28900", "2012-12-31": "1165.49500", "2011-12-31": "1121.83300", "2010-12-31": "1041.39400", "2009-12-31": "942.78800", "2008-12-31": "1013.15400", "2007-12-31": "1061.15600", "2006-12-31": "1053.89300", "2005-12-31": "1014.90100"}, "Other Operating Income Or Expenses": {"2020-12-31": "", "2019-12-31": "", "2018-12-31": "", "2017-12-31": "", "2016-12-31": "", "2015-12-31": "", "2014-12-31": "", "2013-12-31": "", "2012-12-31": "", "2011-12-31": "", "2010-12-31": "", "2009-12-31": "", "2008-12-31": "", "2007-12-31": "", "2006-12-31": "", "2005-12-31": "-25.80100"}, "Operating Expenses": {"2020-12-31": "8923.45400", "2019-12-31": "8431.43300", "2018-12-31": "7933.85300", "2017-12-31": "6565.77900", "2016-12-31": "5834.43900", "2015-12-31": "5471.95200", "2014-12-31": "5533.89900", "2013-12-31": "5007.86300", "2012-12-31": "4524.78000", "2011-12-31": "4082.60900", "2010-12-31": "3445.86000", "2009-12-31": "2955.35000", "2008-12-31": "3373.52500", "2007-12-31": "3121.11000", "2006-12-31": "2955.33400", "2005-12-31": "2783.99900"}, "Operating Income": {"2020-12-31": "713.11910", "2019-12-31": "733.82520", "2018-12-31": "681.02150", "2017-12-31": "623.78910", "2016-12-31": "721.02000", "2015-12-31": "715.69380", "2014-12-31": "631.54200", "2013-12-31": "576.70750", "2012-12-31": "530.19970", "2011-12-31": "444.23290", "2010-12-31": "347.62500", "2009-12-31": "247.97090", "2008-12-31": "358.41800", "2007-12-31": "368.78880", "2006-12-31": "372.65310", "2005-12-31": "343.90010"}, "Total Non-Operating Income/Expense": {"2020-12-31": "-47.09400", "2019-12-31": "-52.93000", "2018-12-31": "-40.20300", "2017-12-31": "-28.55000", "2016-12-31": "-25.22300", "2015-12-31": "-25.49100", "2014-12-31": "-26.94100", "2013-12-31": "-23.14000", "2012-12-31": "-25.55900", "2011-12-31": "-28.50000", "2010-12-31": "-27.93100", "2009-12-31": "-23.90300", "2008-12-31": "-36.18200", "2007-12-31": "-43.74200", "2006-12-31": "-18.34000", "2005-12-31": "-10.27400"}, "Pre-Tax Income": {"2020-12-31": "666.02500", "2019-12-31": "680.89500", "2018-12-31": "640.81800", "2017-12-31": "595.23900", "2016-12-31": "695.79700", "2015-12-31": "690.20300", "2014-12-31": "604.60100", "2013-12-31": "553.56800", "2012-12-31": "504.64100", "2011-12-31": "415.73300", "2010-12-31": "319.69400", "2009-12-31": "224.06800", "2008-12-31": "322.23600", "2007-12-31": "325.04700", "2006-12-31": "354.31300", "2005-12-31": "333.62600"}, "Income Taxes": {"2020-12-31": "159.99000", "2019-12-31": "164.57500", "2018-12-31": "151.23300", "2017-12-31": "-91.02400", "2016-12-31": "263.70700", "2015-12-31": "262.96800", "2014-12-31": "229.80900", "2013-12-31": "211.18600", "2012-12-31": "194.28700", "2011-12-31": "158.72700", "2010-12-31": "120.07700", "2009-12-31": "87.63300", "2008-12-31": "121.64300", "2007-12-31": "111.91300", "2006-12-31": "134.36100", "2005-12-31": "126.31500"}, "Income After Taxes": {"2020-12-31": "506.03500", "2019-12-31": "516.32000", "2018-12-31": "489.58500", "2017-12-31": "686.26300", "2016-12-31": "432.09000", "2015-12-31": "427.23500", "2014-12-31": "374.79200", "2013-12-31": "342.38200", "2012-12-31": "310.35400", "2011-12-31": "257.00600", "2010-12-31": "199.61700", "2009-12-31": "136.43500", "2008-12-31": "200.59300", "2007-12-31": "213.13400", "2006-12-31": "219.95200", "2005-12-31": "207.31100"}, "Other Income": {"2020-12-31": "", "2019-12-31": "", "2018-12-31": "", "2017-12-31": "", "2016-12-31": "", "2015-12-31": "", "2014-12-31": "", "2013-12-31": "", "2012-12-31": "", "2011-12-31": "", "2010-12-31": "", "2009-12-31": "", "2008-12-31": "", "2007-12-31": "", "2006-12-31": "", "2005-12-31": ""}, "Income From Continuous Operations": {"2020-12-31": "506.03500", "2019-12-31": "516.32000", "2018-12-31": "489.58500", "2017-12-31": "686.26300", "2016-12-31": "432.09000", "2015-12-31": "427.23500", "2014-12-31": "374.79200", "2013-12-31": "342.38200", "2012-12-31": "310.35400", "2011-12-31": "257.00600", "2010-12-31": "199.61700", "2009-12-31": "136.43500", "2008-12-31": "200.59300", "2007-12-31": "213.13400", "2006-12-31": "219.95200", "2005-12-31": "207.31100"}, "Income From Discontinued Operations": {"2020-12-31": "", "2019-12-31": "", "2018-12-31": "", "2017-12-31": "", "2016-12-31": "", "2015-12-31": "", "2014-12-31": "", "2013-12-31": "", "2012-12-31": "", "2011-12-31": "", "2010-12-31": "", "2009-12-31": "", "2008-12-31": "", "2007-12-31": "", "2006-12-31": "", "2005-12-31": ""}, "Net Income": {"2020-12-31": "506.03500", "2019-12-31": "516.32000", "2018-12-31": "489.58500", "2017-12-31": "686.26300", "2016-12-31": "432.09000", "2015-12-31": "427.23500", "2014-12-31": "374.79200", "2013-12-31": "342.38200", "2012-12-31": "310.35400", "2011-12-31": "257.00600", "2010-12-31": "199.61700", "2009-12-31": "136.43500", "2008-12-31": "200.59300", "2007-12-31": "213.13400", "2006-12-31": "219.95200", "2005-12-31": "207.31100"}, "EBITDA": {"2020-12-31": "713.11910", "2019-12-31": "1232.97000", "2018-12-31": "1116.91500", "2017-12-31": "1007.30700", "2016-12-31": "1082.53000", "2015-12-31": "1055.30700", "2014-12-31": "926.03800", "2013-12-31": "830.08750", "2012-12-31": "759.36570", "2011-12-31": "658.17590", "2010-12-31": "544.68700", "2009-12-31": "437.01590", "2008-12-31": "560.70590", "2007-12-31": "573.92180", "2006-12-31": "556.25710", "2005-12-31": "506.93410"}, "EBIT": {"2020-12-31": "713.11910", "2019-12-31": "733.82520", "2018-12-31": "681.02150", "2017-12-31": "623.78910", "2016-12-31": "721.02000", "2015-12-31": "715.69380", "2014-12-31": "631.54200", "2013-12-31": "576.70750", "2012-12-31": "530.19970", "2011-12-31": "444.23290", "2010-12-31": "347.62500", "2009-12-31": "247.97090", "2008-12-31": "358.41800", "2007-12-31": "368.78880", "2006-12-31": "372.65310", "2005-12-31": "343.90010"}, "Basic Shares Outstanding": {"2020-12-31": "", "2019-12-31": "107.32900", "2018-12-31": "109.37500", "2017-12-31": "109.98700", "2016-12-31": "112.47400", "2015-12-31": "115.67700", "2014-12-31": "117.00000", "2013-12-31": "117.44900", "2012-12-31": "117.57200", "2011-12-31": "119.15800", "2010-12-31": "124.71200", "2009-12-31": "126.67600", "2008-12-31": "125.41600", "2007-12-31": "134.33400", "2006-12-31": "148.58100", "2005-12-31": "157.58300"}, "Shares Outstanding": {"2020-12-31": "106.76600", "2019-12-31": "108.30700", "2018-12-31": "110.42800", "2017-12-31": "111.04900", "2016-12-31": "113.36100", "2015-12-31": "116.72800", "2014-12-31": "118.44500", "2013-12-31": "119.40400", "2012-12-31": "120.02200", "2011-12-31": "121.92200", "2010-12-31": "127.76700", "2009-12-31": "129.46200", "2008-12-31": "128.53300", "2007-12-31": "137.63900", "2006-12-31": "152.31700", "2005-12-31": "162.55900"}, "Basic EPS": {"2020-12-31": "", "2019-12-31": "4.81000", "2018-12-31": "4.48000", "2017-12-31": "6.24000", "2016-12-31": "3.84000", "2015-12-31": "3.69000", "2014-12-31": "3.20000", "2013-12-31": "2.92000", "2012-12-31": "2.64000", "2011-12-31": "2.16000", "2010-12-31": "1.60000", "2009-12-31": "1.08000", "2008-12-31": "1.60000", "2007-12-31": "1.59000", "2006-12-31": "1.48000", "2005-12-31": "1.32000"}, "EPS - Earnings Per Share": {"2020-12-31": "4.74000", "2019-12-31": "4.77000", "2018-12-31": "4.43000", "2017-12-31": "6.18000", "2016-12-31": "3.81000", "2015-12-31": "3.66000", "2014-12-31": "3.16000", "2013-12-31": "2.87000", "2012-12-31": "2.59000", "2011-12-31": "2.11000", "2010-12-31": "1.56000", "2009-12-31": "1.05000", "2008-12-31": "1.56000", "2007-12-31": "1.55000", "2006-12-31": "1.44000", "2005-12-31": "1.28000"}}, "income statement, quarterly": {"Revenue": {"2020-12-31": "2737.65200", "2020-09-30": "2472.52300", "2020-06-30": "2145.57300", "2020-03-31": "2280.82600", "2019-12-31": "2450.32400", "2019-09-30": "2363.66000", "2019-06-30": "2261.64700", "2019-03-31": "2089.62700", "2018-12-31": "2317.84200", "2018-09-30": "2209.76000", "2018-06-30": "2139.02700", "2018-03-31": "1948.24500", "2017-12-31": "1990.16100", "2017-09-30": "1843.33400", "2017-06-30": "1726.91500", "2017-03-31": "1629.15800", "2016-12-31": "1721.06200", "2016-09-30": "1690.65900", "2016-06-30": "1615.02600", "2016-03-31": "1528.71200", "2015-12-31": "1621.01500", "2015-09-30": "1586.49400", "2015-06-30": "1539.95700", "2015-03-31": "1440.18000", "2014-12-31": "1609.51000", "2014-09-30": "1601.15600", "2014-06-30": "1547.86700", "2014-03-31": "1406.90800", "2013-12-31": "1474.27600", "2013-09-30": "1435.85000", "2013-06-30": "1382.85800", "2013-03-31": "1291.58700", "2012-12-31": "1338.13600", "2012-09-30": "1295.79200", "2012-06-30": "1255.13000", "2012-03-31": "1165.92200", "2011-12-31": "1204.93700", "2011-09-30": "1171.27000", "2011-06-30": "1149.85500", "2011-03-31": "1000.78000", "2010-12-31": "1020.01200", "2010-09-30": "986.02400", "2010-06-30": "942.77600", "2010-03-31": "844.67300", "2009-12-31": "876.95310", "2009-09-30": "833.74900", "2009-06-30": "769.78400", "2009-03-31": "722.83500", "2008-12-31": "879.78700", "2008-09-30": "996.43400", "2008-06-30": "977.33900", "2008-03-31": "878.38300", "2007-12-31": "944.95000", "2007-09-30": "891.63800", "2007-06-30": "855.86000", "2007-03-31": "797.45100", "2006-12-31": "851.56810", "2006-09-30": "858.26500", "2006-06-30": "838.25400", "2006-03-31": "779.90000", "2005-12-31": "858.37480", "2005-09-30": "801.14000", "2005-06-30": "759.20600", "2005-03-31": "709.17800"}, "Cost Of Goods Sold": {"2020-12-31": "1663.40700", "2020-09-30": "1470.78600", "2020-06-30": "1188.89000", "2020-03-31": "1322.87200", "2019-12-31": "1448.03100", "2019-09-30": "1398.18500", "2019-06-30": "1288.71700", "2019-03-31": "1190.18600", "2018-12-31": "1465.88800", "2018-09-30": "1322.58700", "2018-06-30": "1265.15100", "2018-03-31": "1143.45400", "2017-12-31": "1194.10200", "2017-09-30": "1101.72900", "2017-06-30": "1014.68000", "2017-03-31": "945.10700", "2016-12-31": "1012.50000", "2016-09-30": "982.60800", "2016-06-30": "922.89100", "2016-03-31": "854.35300", "2015-12-31": "925.57620", "2015-09-30": "904.20200", "2015-06-30": "872.46000", "2015-03-31": "825.97900", "2014-12-31": "956.35190", "2014-09-30": "974.57300", "2014-06-30": "950.65700", "2014-03-31": "876.15200", "2013-12-31": "910.54430", "2013-09-30": "893.94200", "2013-06-30": "853.70090", "2013-03-31": "806.00700", "2012-12-31": "829.26520", "2012-09-30": "809.02400", "2012-06-30": "775.34800", "2012-03-31": "716.48200", "2011-12-31": "736.11220", "2011-09-30": "713.45200", "2011-06-30": "697.94100", "2011-03-31": "599.32800", "2010-12-31": "602.43010", "2010-09-30": "571.21800", "2010-06-30": "542.56800", "2010-03-31": "491.18800", "2009-12-31": "513.32790", "2009-09-30": "477.96500", "2009-06-30": "437.94600", "2009-03-31": "394.27800", "2008-12-31": "494.98100", "2008-09-30": "585.59300", "2008-06-30": "576.03500", "2008-03-31": "501.47400", "2007-12-31": "524.08220", "2007-09-30": "476.80400", "2007-06-30": "445.81900", "2007-03-31": "408.11600", "2006-12-31": "432.56790", "2006-09-30": "444.78700", "2006-06-30": "435.40400", "2006-03-31": "405.07800", "2005-12-31": "446.92600", "2005-09-30": "405.72000", "2005-06-30": "374.01600", "2005-03-31": "353.60100"}, "Gross Profit": {"2020-12-31": "1074.24500", "2020-09-30": "1001.73700", "2020-06-30": "956.68300", "2020-03-31": "957.95390", "2019-12-31": "1002.29200", "2019-09-30": "965.47500", "2019-06-30": "972.92990", "2019-03-31": "899.44090", "2018-12-31": "851.95400", "2018-09-30": "887.17310", "2018-06-30": "873.87610", "2018-03-31": "804.79100", "2017-12-31": "796.05910", "2017-09-30": "741.60500", "2017-06-30": "712.23500", "2017-03-31": "684.05100", "2016-12-31": "708.56200", "2016-09-30": "708.05110", "2016-06-30": "692.13500", "2016-03-31": "674.35910", "2015-12-31": "695.43860", "2015-09-30": "682.29200", "2015-06-30": "667.49700", "2015-03-31": "614.20100", "2014-12-31": "653.15840", "2014-09-30": "626.58300", "2014-06-30": "597.21000", "2014-03-31": "530.75590", "2013-12-31": "563.73150", "2013-09-30": "541.90800", "2013-06-30": "529.15710", "2013-03-31": "485.58000", "2012-12-31": "508.87090", "2012-09-30": "486.76790", "2012-06-30": "479.78200", "2012-03-31": "449.44000", "2011-12-31": "468.82460", "2011-09-30": "457.81810", "2011-06-30": "451.91400", "2011-03-31": "401.45200", "2010-12-31": "417.58220", "2010-09-30": "414.80600", "2010-06-30": "400.20800", "2010-03-31": "353.48500", "2009-12-31": "363.62510", "2009-09-30": "355.78400", "2009-06-30": "331.83800", "2009-03-31": "328.55700", "2008-12-31": "384.80610", "2008-09-30": "410.84100", "2008-06-30": "401.30400", "2008-03-31": "376.90900", "2007-12-31": "420.86790", "2007-09-30": "414.83400", "2007-06-30": "410.04100", "2007-03-31": "389.33500", "2006-12-31": "419.00020", "2006-09-30": "413.47800", "2006-06-30": "402.85000", "2006-03-31": "374.82200", "2005-12-31": "411.44880", "2005-09-30": "395.42000", "2005-06-30": "385.19000", "2005-03-31": "355.57700"}, "Research And Development Expenses": {"2020-12-31": "", "2020-09-30": "", "2020-06-30": "", "2020-03-31": "", "2019-12-31": "", "2019-09-30": "", "2019-06-30": "", "2019-03-31": "", "2018-12-31": "", "2018-09-30": "", "2018-06-30": "", "2018-03-31": "", "2017-12-31": "", "2017-09-30": "", "2017-06-30": "", "2017-03-31": "", "2016-12-31": "", "2016-09-30": "", "2016-06-30": "", "2016-03-31": "", "2015-12-31": "", "2015-09-30": "", "2015-06-30": "", "2015-03-31": "", "2014-12-31": "", "2014-09-30": "", "2014-06-30": "", "2014-03-31": "", "2013-12-31": "", "2013-09-30": "", "2013-06-30": "", "2013-03-31": "", "2012-12-31": "", "2012-09-30": "", "2012-06-30": "", "2012-03-31": "", "2011-12-31": "", "2011-09-30": "", "2011-06-30": "", "2011-03-31": "", "2010-12-31": "", "2010-09-30": "", "2010-06-30": "", "2010-03-31": "", "2009-12-31": "", "2009-09-30": "", "2009-06-30": "", "2009-03-31": "", "2008-12-31": "", "2008-09-30": "", "2008-06-30": "", "2008-03-31": "", "2007-12-31": "", "2007-09-30": "", "2007-06-30": "", "2007-03-31": "", "2006-12-31": "", "2006-09-30": "", "2006-06-30": "", "2006-03-31": "", "2005-12-31": "", "2005-09-30": "", "2005-06-30": "", "2005-03-31": ""}, "SG&A Expenses": {"2020-12-31": "731.96500", "2020-09-30": "693.84200", "2020-06-30": "651.20200", "2020-03-31": "673.11800", "2019-12-31": "668.79990", "2019-09-30": "670.81000", "2019-06-30": "655.84200", "2019-03-31": "611.71600", "2018-12-31": "615.12780", "2018-09-30": "603.68400", "2018-06-30": "551.64100", "2018-03-31": "530.42700", "2017-12-31": "547.92600", "2017-09-30": "480.67400", "2017-06-30": "455.57000", "2017-03-31": "442.47300", "2016-12-31": "422.40810", "2016-09-30": "434.07300", "2016-06-30": "425.97900", "2016-03-31": "418.11700", "2015-12-31": "414.17300", "2015-09-30": "402.24500", "2015-06-30": "410.10100", "2015-03-31": "377.60300", "2014-12-31": "391.86600", "2014-09-30": "379.06700", "2014-06-30": "366.25400", "2014-03-31": "344.48200", "2013-12-31": "344.12310", "2013-09-30": "326.88800", "2013-06-30": "319.46700", "2013-03-31": "299.81100", "2012-12-31": "306.48900", "2012-09-30": "295.94300", "2012-06-30": "286.34000", "2012-03-31": "276.72300", "2011-12-31": "290.90700", "2011-09-30": "284.73400", "2011-06-30": "285.92000", "2011-03-31": "260.27200", "2010-12-31": "270.14010", "2010-09-30": "273.50800", "2010-06-30": "259.71300", "2010-03-31": "238.03300", "2009-12-31": "243.19890", "2009-09-30": "237.73200", "2009-06-30": "237.65300", "2009-03-31": "224.20400", "2008-12-31": "248.39900", "2008-09-30": "253.90900", "2008-06-30": "256.53100", "2008-03-31": "254.31500", "2007-12-31": "271.81600", "2007-09-30": "266.63600", "2007-06-30": "263.28800", "2007-03-31": "259.41600", "2006-12-31": "273.89090", "2006-09-30": "267.17700", "2006-06-30": "262.92100", "2006-03-31": "249.90400", "2005-12-31": "262.23800", "2005-09-30": "263.40900", "2005-06-30": "252.07600", "2005-03-31": "237.17800"}, "Other Operating Income Or Expenses": {"2020-12-31": "", "2020-09-30": "", "2020-06-30": "", "2020-03-31": "", "2019-12-31": "", "2019-09-30": "", "2019-06-30": "", "2019-03-31": "", "2018-12-31": "", "2018-09-30": "", "2018-06-30": "", "2018-03-31": "", "2017-12-31": "", "2017-09-30": "", "2017-06-30": "", "2017-03-31": "", "2016-12-31": "", "2016-09-30": "", "2016-06-30": "", "2016-03-31": "", "2015-12-31": "", "2015-09-30": "", "2015-06-30": "", "2015-03-31": "", "2014-12-31": "", "2014-09-30": "", "2014-06-30": "", "2014-03-31": "", "2013-12-31": "", "2013-09-30": "", "2013-06-30": "", "2013-03-31": "", "2012-12-31": "", "2012-09-30": "", "2012-06-30": "", "2012-03-31": "", "2011-12-31": "", "2011-09-30": "", "2011-06-30": "", "2011-03-31": "", "2010-12-31": "", "2010-09-30": "", "2010-06-30": "", "2010-03-31": "", "2009-12-31": "", "2009-09-30": "", "2009-06-30": "", "2009-03-31": "", "2008-12-31": "", "2008-09-30": "", "2008-06-30": "", "2008-03-31": "", "2007-12-31": "", "2007-09-30": "", "2007-06-30": "", "2007-03-31": "", "2006-12-31": "", "2006-09-30": "", "2006-06-30": "", "2006-03-31": "", "2005-12-31": "", "2005-09-30": "-25.80100", "2005-06-30": "", "2005-03-31": ""}, "Operating Expenses": {"2020-12-31": "2529.96100", "2020-09-30": "2297.02000", "2020-06-30": "1970.39000", "2020-03-31": "2126.08500", "2019-12-31": "2245.24900", "2019-09-30": "2195.79800", "2019-06-30": "2068.55400", "2019-03-31": "1921.83200", "2018-12-31": "2195.10200", "2018-09-30": "2035.07200", "2018-06-30": "1924.21500", "2018-03-31": "1779.46400", "2017-12-31": "1844.34800", "2017-09-30": "1678.36200", "2017-06-30": "1563.30000", "2017-03-31": "1479.76900", "2016-12-31": "1526.70100", "2016-09-30": "1507.68200", "2016-06-30": "1439.23400", "2016-03-31": "1360.82200", "2015-12-31": "1428.12200", "2015-09-30": "1392.64800", "2015-06-30": "1366.22200", "2015-03-31": "1284.96000", "2014-12-31": "1426.60500", "2014-09-30": "1429.05600", "2014-06-30": "1388.63700", "2014-03-31": "1289.60100", "2013-12-31": "1320.74300", "2013-09-30": "1285.12100", "2013-06-30": "1235.45100", "2013-03-31": "1166.54800", "2012-12-31": "1194.80000", "2012-09-30": "1162.74000", "2012-06-30": "1117.91500", "2012-03-31": "1049.32500", "2011-12-31": "1082.65000", "2011-09-30": "1052.59000", "2011-06-30": "1036.41200", "2011-03-31": "910.95700", "2010-12-31": "922.66420", "2010-09-30": "894.53400", "2010-06-30": "851.42900", "2010-03-31": "777.23300", "2009-12-31": "804.01720", "2009-09-30": "762.79500", "2009-06-30": "722.69300", "2009-03-31": "665.84500", "2008-12-31": "793.73510", "2008-09-30": "890.16800", "2008-06-30": "883.29410", "2008-03-31": "806.32800", "2007-12-31": "848.68600", "2007-09-30": "795.73900", "2007-06-30": "759.63300", "2007-03-31": "717.05200", "2006-12-31": "756.20120", "2006-09-30": "757.77600", "2006-06-30": "742.84500", "2006-03-31": "698.51200", "2005-12-31": "751.74880", "2005-09-30": "736.03800", "2005-06-30": "666.20100", "2005-03-31": "630.01100"}, "Operating Income": {"2020-12-31": "207.69120", "2020-09-30": "175.50290", "2020-06-30": "175.18310", "2020-03-31": "154.74100", "2019-12-31": "205.07470", "2019-09-30": "167.86210", "2019-06-30": "193.09300", "2019-03-31": "167.79490", "2018-12-31": "122.74020", "2018-09-30": "174.68800", "2018-06-30": "214.81210", "2018-03-31": "168.78100", "2017-12-31": "145.81270", "2017-09-30": "164.97190", "2017-06-30": "163.61510", "2017-03-31": "149.38890", "2016-12-31": "194.36080", "2016-09-30": "182.97710", "2016-06-30": "175.79200", "2016-03-31": "167.89010", "2015-12-31": "192.89270", "2015-09-30": "193.84610", "2015-06-30": "173.73500", "2015-03-31": "155.22010", "2014-12-31": "182.90550", "2014-09-30": "172.10000", "2014-06-30": "159.23000", "2014-03-31": "117.30690", "2013-12-31": "153.53250", "2013-09-30": "150.72900", "2013-06-30": "147.40710", "2013-03-31": "125.03910", "2012-12-31": "143.33610", "2012-09-30": "133.05190", "2012-06-30": "137.21500", "2012-03-31": "116.59700", "2011-12-31": "122.28670", "2011-09-30": "118.68010", "2011-06-30": "113.44300", "2011-03-31": "89.82300", "2010-12-31": "97.34800", "2010-09-30": "91.49000", "2010-06-30": "91.34710", "2010-03-31": "67.43990", "2009-12-31": "72.93590", "2009-09-30": "70.95400", "2009-06-30": "47.09100", "2009-03-31": "56.99000", "2008-12-31": "86.05190", "2008-09-30": "106.26600", "2008-06-30": "94.04490", "2008-03-31": "72.05500", "2007-12-31": "96.26400", "2007-09-30": "95.89900", "2007-06-30": "96.22700", "2007-03-31": "80.39900", "2006-12-31": "95.36690", "2006-09-30": "100.48900", "2006-06-30": "95.40910", "2006-03-31": "81.38810", "2005-12-31": "106.62600", "2005-09-30": "65.10200", "2005-06-30": "93.00500", "2005-03-31": "79.16700"}, "Total Non-Operating Income/Expense": {"2020-12-31": "-10.34400", "2020-09-30": "-11.89500", "2020-06-30": "-12.81800", "2020-03-31": "-12.03600", "2019-12-31": "-12.77700", "2019-09-30": "-12.35700", "2019-06-30": "-14.76300", "2019-03-31": "-13.03300", "2018-12-31": "-11.23500", "2018-09-30": "-9.96100", "2018-06-30": "-9.85500", "2018-03-31": "-9.15200", "2017-12-31": "-6.03000", "2017-09-30": "-8.31000", "2017-06-30": "-7.39300", "2017-03-31": "-6.81700", "2016-12-31": "-5.87600", "2016-09-30": "-6.48500", "2016-06-30": "-6.42000", "2016-03-31": "-6.44200", "2015-12-31": "-4.28900", "2015-09-30": "-7.83800", "2015-06-30": "-6.66100", "2015-03-31": "-6.70300", "2014-12-31": "-5.58300", "2014-09-30": "-6.64900", "2014-06-30": "-8.32900", "2014-03-31": "-6.38000", "2013-12-31": "-4.81900", "2013-09-30": "-5.83500", "2013-06-30": "-6.23000", "2013-03-31": "-6.25600", "2012-12-31": "-5.29700", "2012-09-30": "-6.34600", "2012-06-30": "-6.92900", "2012-03-31": "-6.98700", "2011-12-31": "-6.21500", "2011-09-30": "-7.14500", "2011-06-30": "-6.70600", "2011-03-31": "-8.43400", "2010-12-31": "-8.16400", "2010-09-30": "-6.66200", "2010-06-30": "-6.61100", "2010-03-31": "-6.49400", "2009-12-31": "-2.71500", "2009-09-30": "-6.07900", "2009-06-30": "-7.72800", "2009-03-31": "-7.38100", "2008-12-31": "-3.00600", "2008-09-30": "-9.72700", "2008-06-30": "-11.08800", "2008-03-31": "-12.36100", "2007-12-31": "-12.04400", "2007-09-30": "-12.51200", "2007-06-30": "-11.31600", "2007-03-31": "-7.87000", "2006-12-31": "-6.87000", "2006-09-30": "-5.67900", "2006-06-30": "-4.69800", "2006-03-31": "-1.09300", "2005-12-31": "-3.28400", "2005-09-30": "-2.24400", "2005-06-30": "-2.81300", "2005-03-31": "-1.93300"}, "Pre-Tax Income": {"2020-12-31": "197.34700", "2020-09-30": "163.60800", "2020-06-30": "162.36500", "2020-03-31": "142.70500", "2019-12-31": "192.29800", "2019-09-30": "155.50500", "2019-06-30": "178.33000", "2019-03-31": "154.76200", "2018-12-31": "111.50500", "2018-09-30": "164.72700", "2018-06-30": "204.95700", "2018-03-31": "159.62900", "2017-12-31": "139.78300", "2017-09-30": "156.66200", "2017-06-30": "156.22200", "2017-03-31": "142.57200", "2016-12-31": "188.48500", "2016-09-30": "176.49200", "2016-06-30": "169.37200", "2016-03-31": "161.44800", "2015-12-31": "188.60400", "2015-09-30": "186.00800", "2015-06-30": "167.07400", "2015-03-31": "148.51700", "2014-12-31": "177.32200", "2014-09-30": "165.45100", "2014-06-30": "150.90100", "2014-03-31": "110.92700", "2013-12-31": "148.71400", "2013-09-30": "144.89400", "2013-06-30": "141.17700", "2013-03-31": "118.78300", "2012-12-31": "138.03900", "2012-09-30": "126.70600", "2012-06-30": "130.28600", "2012-03-31": "109.61000", "2011-12-31": "116.07200", "2011-09-30": "111.53500", "2011-06-30": "106.73700", "2011-03-31": "81.38900", "2010-12-31": "89.18400", "2010-09-30": "84.82800", "2010-06-30": "84.73600", "2010-03-31": "60.94600", "2009-12-31": "70.22100", "2009-09-30": "64.87500", "2009-06-30": "39.36300", "2009-03-31": "49.60900", "2008-12-31": "83.04600", "2008-09-30": "96.53900", "2008-06-30": "82.95700", "2008-03-31": "59.69400", "2007-12-31": "84.22000", "2007-09-30": "83.38700", "2007-06-30": "84.91100", "2007-03-31": "72.52900", "2006-12-31": "88.49700", "2006-09-30": "94.81000", "2006-06-30": "90.71100", "2006-03-31": "80.29500", "2005-12-31": "103.34200", "2005-09-30": "62.85800", "2005-06-30": "90.19200", "2005-03-31": "77.23400"}, "Income Taxes": {"2020-12-31": "43.34000", "2020-09-30": "38.11200", "2020-06-30": "40.66700", "2020-03-31": "37.87100", "2019-12-31": "47.62200", "2019-09-30": "37.09500", "2019-06-30": "44.69700", "2019-03-31": "35.16100", "2018-12-31": "22.82400", "2018-09-30": "33.61700", "2018-06-30": "53.30500", "2018-03-31": "41.48700", "2017-12-31": "-245.52400", "2017-09-30": "56.27700", "2017-06-30": "58.35300", "2017-03-31": "39.87000", "2016-12-31": "70.92900", "2016-09-30": "67.06700", "2016-06-30": "64.36100", "2016-03-31": "61.35000", "2015-12-31": "71.85900", "2015-09-30": "70.86900", "2015-06-30": "63.65500", "2015-03-31": "56.58500", "2014-12-31": "67.01600", "2014-09-30": "63.03700", "2014-06-30": "57.49300", "2014-03-31": "42.26300", "2013-12-31": "56.85000", "2013-09-30": "55.42200", "2013-06-30": "53.48000", "2013-03-31": "45.43400", "2012-12-31": "54.06100", "2012-09-30": "48.46500", "2012-06-30": "49.83500", "2012-03-31": "41.92600", "2011-12-31": "43.50700", "2011-09-30": "42.88500", "2011-06-30": "41.04100", "2011-03-31": "31.29400", "2010-12-31": "31.33100", "2010-09-30": "32.65900", "2010-06-30": "32.62300", "2010-03-31": "23.46400", "2009-12-31": "28.55600", "2009-09-30": "24.91200", "2009-06-30": "15.31400", "2009-03-31": "18.85100", "2008-12-31": "29.77000", "2008-09-30": "36.23900", "2008-06-30": "32.35300", "2008-03-31": "23.28100", "2007-12-31": "29.89600", "2007-09-30": "32.60400", "2007-06-30": "21.05400", "2007-03-31": "28.35900", "2006-12-31": "30.69300", "2006-09-30": "36.97600", "2006-06-30": "35.37700", "2006-03-31": "31.31500", "2005-12-31": "38.00400", "2005-09-30": "23.01500", "2005-06-30": "35.56100", "2005-03-31": "29.73500"}, "Income After Taxes": {"2020-12-31": "154.00700", "2020-09-30": "125.49600", "2020-06-30": "121.69800", "2020-03-31": "104.83400", "2019-12-31": "144.67600", "2019-09-30": "118.41000", "2019-06-30": "133.63300", "2019-03-31": "119.60100", "2018-12-31": "88.68100", "2018-09-30": "131.11000", "2018-06-30": "151.65200", "2018-03-31": "118.14200", "2017-12-31": "385.30690", "2017-09-30": "100.38500", "2017-06-30": "97.86900", "2017-03-31": "102.70200", "2016-12-31": "117.55600", "2016-09-30": "109.42500", "2016-06-30": "105.01100", "2016-03-31": "100.09800", "2015-12-31": "116.74500", "2015-09-30": "115.13900", "2015-06-30": "103.41900", "2015-03-31": "91.93200", "2014-12-31": "110.30600", "2014-09-30": "102.41400", "2014-06-30": "93.40800", "2014-03-31": "68.66400", "2013-12-31": "91.86400", "2013-09-30": "89.47200", "2013-06-30": "87.69700", "2013-03-31": "73.34900", "2012-12-31": "83.97800", "2012-09-30": "78.24100", "2012-06-30": "80.45100", "2012-03-31": "67.68400", "2011-12-31": "72.56500", "2011-09-30": "68.65000", "2011-06-30": "65.69600", "2011-03-31": "50.09500", "2010-12-31": "57.85300", "2010-09-30": "52.16900", "2010-06-30": "52.11300", "2010-03-31": "37.48200", "2009-12-31": "41.66500", "2009-09-30": "39.96300", "2009-06-30": "24.04900", "2009-03-31": "30.75800", "2008-12-31": "53.27600", "2008-09-30": "60.30000", "2008-06-30": "50.60400", "2008-03-31": "36.41300", "2007-12-31": "54.32400", "2007-09-30": "50.78300", "2007-06-30": "63.85700", "2007-03-31": "44.17000", "2006-12-31": "57.80400", "2006-09-30": "57.83400", "2006-06-30": "55.33400", "2006-03-31": "48.98000", "2005-12-31": "65.33800", "2005-09-30": "39.84300", "2005-06-30": "54.63100", "2005-03-31": "47.49900"}, "Other Income": {"2020-12-31": "", "2020-09-30": "", "2020-06-30": "", "2020-03-31": "", "2019-12-31": "", "2019-09-30": "", "2019-06-30": "", "2019-03-31": "", "2018-12-31": "", "2018-09-30": "", "2018-06-30": "", "2018-03-31": "", "2017-12-31": "", "2017-09-30": "", "2017-06-30": "", "2017-03-31": "", "2016-12-31": "", "2016-09-30": "", "2016-06-30": "", "2016-03-31": "", "2015-12-31": "", "2015-09-30": "", "2015-06-30": "", "2015-03-31": "", "2014-12-31": "", "2014-09-30": "", "2014-06-30": "", "2014-03-31": "", "2013-12-31": "", "2013-09-30": "", "2013-06-30": "", "2013-03-31": "", "2012-12-31": "", "2012-09-30": "", "2012-06-30": "", "2012-03-31": "", "2011-12-31": "", "2011-09-30": "", "2011-06-30": "", "2011-03-31": "", "2010-12-31": "", "2010-09-30": "", "2010-06-30": "", "2010-03-31": "", "2009-12-31": "", "2009-09-30": "", "2009-06-30": "", "2009-03-31": "", "2008-12-31": "", "2008-09-30": "", "2008-06-30": "", "2008-03-31": "", "2007-12-31": "", "2007-09-30": "", "2007-06-30": "", "2007-03-31": "", "2006-12-31": "", "2006-09-30": "", "2006-06-30": "", "2006-03-31": "", "2005-12-31": "", "2005-09-30": "", "2005-06-30": "", "2005-03-31": ""}, "Income From Continuous Operations": {"2020-12-31": "154.00700", "2020-09-30": "125.49600", "2020-06-30": "121.69800", "2020-03-31": "104.83400", "2019-12-31": "144.67600", "2019-09-30": "118.41000", "2019-06-30": "133.63300", "2019-03-31": "119.60100", "2018-12-31": "88.68100", "2018-09-30": "131.11000", "2018-06-30": "151.65200", "2018-03-31": "118.14200", "2017-12-31": "385.30690", "2017-09-30": "100.38500", "2017-06-30": "97.86900", "2017-03-31": "102.70200", "2016-12-31": "117.55600", "2016-09-30": "109.42500", "2016-06-30": "105.01100", "2016-03-31": "100.09800", "2015-12-31": "116.74500", "2015-09-30": "115.13900", "2015-06-30": "103.41900", "2015-03-31": "91.93200", "2014-12-31": "110.30600", "2014-09-30": "102.41400", "2014-06-30": "93.40800", "2014-03-31": "68.66400", "2013-12-31": "91.86400", "2013-09-30": "89.47200", "2013-06-30": "87.69700", "2013-03-31": "73.34900", "2012-12-31": "83.97800", "2012-09-30": "78.24100", "2012-06-30": "80.45100", "2012-03-31": "67.68400", "2011-12-31": "72.56500", "2011-09-30": "68.65000", "2011-06-30": "65.69600", "2011-03-31": "50.09500", "2010-12-31": "57.85300", "2010-09-30": "52.16900", "2010-06-30": "52.11300", "2010-03-31": "37.48200", "2009-12-31": "41.66500", "2009-09-30": "39.96300", "2009-06-30": "24.04900", "2009-03-31": "30.75800", "2008-12-31": "53.27600", "2008-09-30": "60.30000", "2008-06-30": "50.60400", "2008-03-31": "36.41300", "2007-12-31": "54.32400", "2007-09-30": "50.78300", "2007-06-30": "63.85700", "2007-03-31": "44.17000", "2006-12-31": "57.80400", "2006-09-30": "57.83400", "2006-06-30": "55.33400", "2006-03-31": "48.98000", "2005-12-31": "65.33800", "2005-09-30": "39.84300", "2005-06-30": "54.63100", "2005-03-31": "47.49900"}, "Income From Discontinued Operations": {"2020-12-31": "", "2020-09-30": "", "2020-06-30": "", "2020-03-31": "", "2019-12-31": "", "2019-09-30": "", "2019-06-30": "", "2019-03-31": "", "2018-12-31": "", "2018-09-30": "", "2018-06-30": "", "2018-03-31": "", "2017-12-31": "", "2017-09-30": "", "2017-06-30": "", "2017-03-31": "", "2016-12-31": "", "2016-09-30": "", "2016-06-30": "", "2016-03-31": "", "2015-12-31": "", "2015-09-30": "", "2015-06-30": "", "2015-03-31": "", "2014-12-31": "", "2014-09-30": "", "2014-06-30": "", "2014-03-31": "", "2013-12-31": "", "2013-09-30": "", "2013-06-30": "", "2013-03-31": "", "2012-12-31": "", "2012-09-30": "", "2012-06-30": "", "2012-03-31": "", "2011-12-31": "", "2011-09-30": "", "2011-06-30": "", "2011-03-31": "", "2010-12-31": "", "2010-09-30": "", "2010-06-30": "", "2010-03-31": "", "2009-12-31": "", "2009-09-30": "", "2009-06-30": "", "2009-03-31": "", "2008-12-31": "", "2008-09-30": "", "2008-06-30": "", "2008-03-31": "", "2007-12-31": "", "2007-09-30": "", "2007-06-30": "", "2007-03-31": "", "2006-12-31": "", "2006-09-30": "", "2006-06-30": "", "2006-03-31": "", "2005-12-31": "", "2005-09-30": "", "2005-06-30": "", "2005-03-31": ""}, "Net Income": {"2020-12-31": "154.00700", "2020-09-30": "125.49600", "2020-06-30": "121.69800", "2020-03-31": "104.83400", "2019-12-31": "144.67600", "2019-09-30": "118.41000", "2019-06-30": "133.63300", "2019-03-31": "119.60100", "2018-12-31": "88.68100", "2018-09-30": "131.11000", "2018-06-30": "151.65200", "2018-03-31": "118.14200", "2017-12-31": "385.30700", "2017-09-30": "100.38500", "2017-06-30": "97.86900", "2017-03-31": "102.70200", "2016-12-31": "117.55600", "2016-09-30": "109.42500", "2016-06-30": "105.01100", "2016-03-31": "100.09800", "2015-12-31": "116.74500", "2015-09-30": "115.13900", "2015-06-30": "103.41900", "2015-03-31": "91.93200", "2014-12-31": "110.30600", "2014-09-30": "102.41400", "2014-06-30": "93.40800", "2014-03-31": "68.66400", "2013-12-31": "91.86400", "2013-09-30": "89.47200", "2013-06-30": "87.69700", "2013-03-31": "73.34900", "2012-12-31": "83.97800", "2012-09-30": "78.24100", "2012-06-30": "80.45100", "2012-03-31": "67.68400", "2011-12-31": "72.56500", "2011-09-30": "68.65000", "2011-06-30": "65.69600", "2011-03-31": "50.09500", "2010-12-31": "57.85300", "2010-09-30": "52.16900", "2010-06-30": "52.11300", "2010-03-31": "37.48200", "2009-12-31": "41.66500", "2009-09-30": "39.96300", "2009-06-30": "24.04900", "2009-03-31": "30.75800", "2008-12-31": "53.27600", "2008-09-30": "60.30000", "2008-06-30": "50.60400", "2008-03-31": "36.41300", "2007-12-31": "54.32400", "2007-09-30": "50.78300", "2007-06-30": "63.85700", "2007-03-31": "44.17000", "2006-12-31": "57.80400", "2006-09-30": "57.83400", "2006-06-30": "55.33400", "2006-03-31": "48.98000", "2005-12-31": "65.33800", "2005-09-30": "39.84300", "2005-06-30": "54.63100", "2005-03-31": "47.49900"}, "EBITDA": {"2020-12-31": "", "2020-09-30": "307.89590", "2020-06-30": "305.48110", "2020-03-31": "284.83600", "2019-12-31": "333.49170", "2019-09-30": "294.66610", "2019-06-30": "317.08700", "2019-03-31": "287.72490", "2018-12-31": "236.82620", "2018-09-30": "283.48900", "2018-06-30": "322.23510", "2018-03-31": "274.36400", "2017-12-31": "248.13280", "2017-09-30": "260.93190", "2017-06-30": "256.66410", "2017-03-31": "241.57790", "2016-12-31": "286.15380", "2016-09-30": "273.97810", "2016-06-30": "266.15600", "2016-03-31": "256.24210", "2015-12-31": "281.26670", "2015-09-30": "280.04710", "2015-06-30": "257.39500", "2015-03-31": "236.59810", "2014-12-31": "261.29250", "2014-09-30": "247.51600", "2014-06-30": "230.95600", "2014-03-31": "186.27390", "2013-12-31": "219.60850", "2013-09-30": "215.02000", "2013-06-30": "209.69010", "2013-03-31": "185.76910", "2012-12-31": "202.38210", "2012-09-30": "190.82490", "2012-06-30": "193.44200", "2012-03-31": "172.71700", "2011-12-31": "177.91770", "2011-09-30": "173.08400", "2011-06-30": "165.99400", "2011-03-31": "141.18000", "2010-12-31": "147.44200", "2010-09-30": "141.29800", "2010-06-30": "140.49510", "2010-03-31": "115.45190", "2009-12-31": "120.42590", "2009-09-30": "118.05200", "2009-06-30": "94.18500", "2009-03-31": "104.35300", "2008-12-31": "136.40590", "2008-09-30": "156.93300", "2008-06-30": "144.77290", "2008-03-31": "122.59400", "2007-12-31": "149.05100", "2007-09-30": "148.19800", "2007-06-30": "146.75400", "2007-03-31": "129.91900", "2006-12-31": "145.10890", "2006-09-30": "146.30100", "2006-06-30": "139.92910", "2006-03-31": "124.91810", "2005-12-31": "149.21200", "2005-09-30": "106.20900", "2005-06-30": "133.11400", "2005-03-31": "118.39900"}, "EBIT": {"2020-12-31": "207.69120", "2020-09-30": "175.50290", "2020-06-30": "175.18310", "2020-03-31": "154.74100", "2019-12-31": "205.07520", "2019-09-30": "167.86210", "2019-06-30": "193.09300", "2019-03-31": "167.79490", "2018-12-31": "122.74040", "2018-09-30": "174.68800", "2018-06-30": "214.81210", "2018-03-31": "168.78100", "2017-12-31": "145.81310", "2017-09-30": "164.97190", "2017-06-30": "163.61510", "2017-03-31": "149.38890", "2016-12-31": "194.36080", "2016-09-30": "182.97710", "2016-06-30": "175.79200", "2016-03-31": "167.89010", "2015-12-31": "192.89270", "2015-09-30": "193.84610", "2015-06-30": "173.73500", "2015-03-31": "155.22010", "2014-12-31": "182.90520", "2014-09-30": "172.10000", "2014-06-30": "159.23000", "2014-03-31": "117.30690", "2013-12-31": "153.53230", "2013-09-30": "150.72900", "2013-06-30": "147.40710", "2013-03-31": "125.03910", "2012-12-31": "143.33580", "2012-09-30": "133.05190", "2012-06-30": "137.21500", "2012-03-31": "116.59700", "2011-12-31": "122.28690", "2011-09-30": "118.68010", "2011-06-30": "113.44300", "2011-03-31": "89.82300", "2010-12-31": "97.34800", "2010-09-30": "91.49000", "2010-06-30": "91.34710", "2010-03-31": "67.43990", "2009-12-31": "72.93600", "2009-09-30": "70.95400", "2009-06-30": "47.09100", "2009-03-31": "56.99000", "2008-12-31": "86.05210", "2008-09-30": "106.26600", "2008-06-30": "94.04490", "2008-03-31": "72.05500", "2007-12-31": "96.26390", "2007-09-30": "95.89900", "2007-06-30": "96.22700", "2007-03-31": "80.39900", "2006-12-31": "95.36690", "2006-09-30": "100.48900", "2006-06-30": "95.40910", "2006-03-31": "81.38810", "2005-12-31": "106.62620", "2005-09-30": "65.10200", "2005-06-30": "93.00500", "2005-03-31": "79.16700"}, "Basic Shares Outstanding": {"2020-12-31": "", "2020-09-30": "105.65300", "2020-06-30": "105.50500", "2020-03-31": "105.98500", "2019-12-31": "107.32900", "2019-09-30": "106.73500", "2019-06-30": "107.38700", "2019-03-31": "108.73000", "2018-12-31": "109.37500", "2018-09-30": "109.25400", "2018-06-30": "109.44900", "2018-03-31": "109.75400", "2017-12-31": "109.98700", "2017-09-30": "109.70300", "2017-06-30": "109.63000", "2017-03-31": "110.87800", "2016-12-31": "112.47400", "2016-09-30": "112.63000", "2016-06-30": "112.66900", "2016-03-31": "113.07200", "2015-12-31": "115.67700", "2015-09-30": "115.45600", "2015-06-30": "116.47000", "2015-03-31": "116.55800", "2014-12-31": "117.00000", "2014-09-30": "117.05000", "2014-06-30": "116.76400", "2014-03-31": "117.25000", "2013-12-31": "117.44900", "2013-09-30": "117.72300", "2013-06-30": "117.13900", "2013-03-31": "117.55300", "2012-12-31": "117.57200", "2012-09-30": "118.13100", "2012-06-30": "117.22600", "2012-03-31": "117.01700", "2011-12-31": "119.15800", "2011-09-30": "118.62700", "2011-06-30": "120.23700", "2011-03-31": "120.98000", "2010-12-31": "124.71200", "2010-09-30": "123.39000", "2010-06-30": "125.68600", "2010-03-31": "127.28200", "2009-12-31": "126.67600", "2009-09-30": "127.07300", "2009-06-30": "126.34600", "2009-03-31": "126.07800", "2008-12-31": "125.41600", "2008-09-30": "125.90700", "2008-06-30": "125.04700", "2008-03-31": "124.65700", "2007-12-31": "134.33400", "2007-09-30": "130.53700", "2007-06-30": "138.56000", "2007-03-31": "142.96900", "2006-12-31": "148.58100", "2006-09-30": "145.26200", "2006-06-30": "150.67800", "2006-03-31": "154.05000", "2005-12-31": "157.58300", "2005-09-30": "156.71000", "2005-06-30": "158.38700", "2005-03-31": "160.70400"}, "Shares Outstanding": {"2020-12-31": "106.73800", "2020-09-30": "106.79800", "2020-06-30": "106.58000", "2020-03-31": "106.95000", "2019-12-31": "108.30700", "2019-09-30": "107.69200", "2019-06-30": "108.37300", "2019-03-31": "109.66400", "2018-12-31": "110.42800", "2018-09-30": "110.23500", "2018-06-30": "110.68200", "2018-03-31": "110.86300", "2017-12-31": "111.04900", "2017-09-30": "110.62800", "2017-06-30": "110.82200", "2017-03-31": "112.02600", "2016-12-31": "113.36100", "2016-09-30": "113.36300", "2016-06-30": "113.76100", "2016-03-31": "114.00300", "2015-12-31": "116.72800", "2015-09-30": "116.28200", "2015-06-30": "117.81100", "2015-03-31": "117.80000", "2014-12-31": "118.44500", "2014-09-30": "118.22100", "2014-06-30": "118.54100", "2014-03-31": "118.94300", "2013-12-31": "119.40400", "2013-09-30": "119.35700", "2013-06-30": "119.47200", "2013-03-31": "119.82500", "2012-12-31": "120.02200", "2012-09-30": "120.28100", "2012-06-30": "120.02700", "2012-03-31": "119.75000", "2011-12-31": "121.92200", "2011-09-30": "121.12600", "2011-06-30": "123.28500", "2011-03-31": "123.96600", "2010-12-31": "127.76700", "2010-09-30": "126.40400", "2010-06-30": "128.92000", "2010-03-31": "130.39700", "2009-12-31": "129.46200", "2009-09-30": "129.81900", "2009-06-30": "129.36400", "2009-03-31": "128.55800", "2008-12-31": "128.53300", "2008-09-30": "129.04200", "2008-06-30": "128.47600", "2008-03-31": "127.91400", "2007-12-31": "137.63900", "2007-09-30": "133.65900", "2007-06-30": "142.03000", "2007-03-31": "146.47400", "2006-12-31": "152.31700", "2006-09-30": "148.68000", "2006-06-30": "154.61900", "2006-03-31": "158.24500", "2005-12-31": "162.55900", "2005-09-30": "161.17400", "2005-06-30": "163.48300", "2005-03-31": "166.40900"}, "Basic EPS": {"2020-12-31": "", "2020-09-30": "1.19000", "2020-06-30": "1.15000", "2020-03-31": "0.99000", "2019-12-31": "1.36000", "2019-09-30": "1.11000", "2019-06-30": "1.24000", "2019-03-31": "1.10000", "2018-12-31": "0.81000", "2018-09-30": "1.20000", "2018-06-30": "1.39000", "2018-03-31": "1.08000", "2017-12-31": "3.50000", "2017-09-30": "0.92000", "2017-06-30": "0.89000", "2017-03-31": "0.93000", "2016-12-31": "1.05000", "2016-09-30": "0.97000", "2016-06-30": "0.93000", "2016-03-31": "0.89000", "2015-12-31": "1.01000", "2015-09-30": "1.00000", "2015-06-30": "0.89000", "2015-03-31": "0.79000", "2014-12-31": "0.94000", "2014-09-30": "0.87000", "2014-06-30": "0.80000", "2014-03-31": "0.59000", "2013-12-31": "0.79000", "2013-09-30": "0.76000", "2013-06-30": "0.75000", "2013-03-31": "0.62000", "2012-12-31": "0.71000", "2012-09-30": "0.66000", "2012-06-30": "0.69000", "2012-03-31": "0.58000", "2011-12-31": "0.62000", "2011-09-30": "0.58000", "2011-06-30": "0.55000", "2011-03-31": "0.41000", "2010-12-31": "0.48000", "2010-09-30": "0.42000", "2010-06-30": "0.41000", "2010-03-31": "0.29000", "2009-12-31": "0.34000", "2009-09-30": "0.31000", "2009-06-30": "0.19000", "2009-03-31": "0.24000", "2008-12-31": "0.43000", "2008-09-30": "0.48000", "2008-06-30": "0.40000", "2008-03-31": "0.29000", "2007-12-31": "0.43000", "2007-09-30": "0.39000", "2007-06-30": "0.46000", "2007-03-31": "0.31000", "2006-12-31": "0.39000", "2006-09-30": "0.40000", "2006-06-30": "0.37000", "2006-03-31": "0.32000", "2005-12-31": "0.43000", "2005-09-30": "0.25000", "2005-06-30": "0.34000", "2005-03-31": "0.30000"}, "EPS - Earnings Per Share": {"2020-12-31": "1.44000", "2020-09-30": "1.18000", "2020-06-30": "1.14000", "2020-03-31": "0.98000", "2019-12-31": "1.35000", "2019-09-30": "1.10000", "2019-06-30": "1.23000", "2019-03-31": "1.09000", "2018-12-31": "0.80000", "2018-09-30": "1.19000", "2018-06-30": "1.37000", "2018-03-31": "1.07000", "2017-12-31": "3.47000", "2017-09-30": "0.91000", "2017-06-30": "0.88000", "2017-03-31": "0.92000", "2016-12-31": "1.04000", "2016-09-30": "0.97000", "2016-06-30": "0.92000", "2016-03-31": "0.88000", "2015-12-31": "1.01000", "2015-09-30": "0.99000", "2015-06-30": "0.88000", "2015-03-31": "0.78000", "2014-12-31": "0.92000", "2014-09-30": "0.87000", "2014-06-30": "0.79000", "2014-03-31": "0.58000", "2013-12-31": "0.78000", "2013-09-30": "0.75000", "2013-06-30": "0.73000", "2013-03-31": "0.61000", "2012-12-31": "0.70000", "2012-09-30": "0.65000", "2012-06-30": "0.67000", "2012-03-31": "0.57000", "2011-12-31": "0.61000", "2011-09-30": "0.57000", "2011-06-30": "0.53000", "2011-03-31": "0.40000", "2010-12-31": "0.46000", "2010-09-30": "0.41000", "2010-06-30": "0.40000", "2010-03-31": "0.29000", "2009-12-31": "0.31000", "2009-09-30": "0.31000", "2009-06-30": "0.19000", "2009-03-31": "0.24000", "2008-12-31": "0.42000", "2008-09-30": "0.47000", "2008-06-30": "0.39000", "2008-03-31": "0.28000", "2007-12-31": "0.42000", "2007-09-30": "0.38000", "2007-06-30": "0.45000", "2007-03-31": "0.30000", "2006-12-31": "0.38000", "2006-09-30": "0.39000", "2006-06-30": "0.36000", "2006-03-31": "0.31000", "2005-12-31": "0.41000", "2005-09-30": "0.25000", "2005-06-30": "0.33000", "2005-03-31": "0.29000"}}, "balance sheet": {"Cash On Hand": {"2020-12-31": "313.30200", "2019-12-31": "35.00000", "2018-12-31": "7.60000", "2017-12-31": "14.61200", "2016-12-31": "6.37700", "2015-12-31": "5.56600", "2014-12-31": "5.96100", "2013-12-31": "5.83100", "2012-12-31": "5.58900", "2011-12-31": "5.45000", "2010-12-31": "7.65100", "2009-12-31": "7.84300", "2008-12-31": "2.37300", "2007-12-31": "14.95700", "2006-12-31": "7.37100", "2005-12-31": "7.41200"}, "Receivables": {"2020-12-31": "1124.40300", "2019-12-31": "1242.16000", "2018-12-31": "1326.20900", "2017-12-31": "1204.26600", "2016-12-31": "745.28800", "2015-12-31": "731.28000", "2014-12-31": "653.79500", "2013-12-31": "568.51900", "2012-12-31": "466.01100", "2011-12-31": "411.47900", "2010-12-31": "351.18700", "2009-12-31": "310.33900", "2008-12-31": "280.61400", "2007-12-31": "330.20200", "2006-12-31": "358.07500", "2005-12-31": "343.50100"}, "Inventory": {"2020-12-31": "", "2019-12-31": "21.10600", "2018-12-31": "21.97700", "2017-12-31": "20.68800", "2016-12-31": "18.57700", "2015-12-31": "23.19100", "2014-12-31": "27.74000", "2013-12-31": "26.24800", "2012-12-31": "23.06500", "2011-12-31": "20.93200", "2010-12-31": "17.33600", "2009-12-31": "17.27300", "2008-12-31": "18.21400", "2007-12-31": "15.44500", "2006-12-31": "13.92100", "2005-12-31": "11.13800"}, "Pre-Paid Expenses": {"2020-12-31": "423.26900", "2019-12-31": "183.03300", "2018-12-31": "147.19500", "2017-12-31": "99.16200", "2016-12-31": "107.51300", "2015-12-31": "97.88800", "2014-12-31": "78.54600", "2013-12-31": "64.19000", "2012-12-31": "50.10600", "2011-12-31": "46.38400", "2010-12-31": "54.32400", "2009-12-31": "48.57100", "2008-12-31": "68.06100", "2007-12-31": "69.60600", "2006-12-31": "83.94700", "2005-12-31": "98.20600"}, "Other Current Assets": {"2020-12-31": "", "2019-12-31": "", "2018-12-31": "", "2017-12-31": "", "2016-12-31": "189.66500", "2015-12-31": "", "2014-12-31": "95.45700", "2013-12-31": "15.41500", "2012-12-31": "9.76100", "2011-12-31": "24.16100", "2010-12-31": "32.14700", "2009-12-31": "8.43900", "2008-12-31": "27.02500", "2007-12-31": "58.68400", "2006-12-31": "7.92900", "2005-12-31": "14.43300"}, "Total Current Assets": {"2020-12-31": "1860.97400", "2019-12-31": "1481.29900", "2018-12-31": "1502.98100", "2017-12-31": "1338.72800", "2016-12-31": "1067.42000", "2015-12-31": "857.92500", "2014-12-31": "861.49900", "2013-12-31": "680.20300", "2012-12-31": "554.53200", "2011-12-31": "513.54200", "2010-12-31": "462.64500", "2009-12-31": "392.46500", "2008-12-31": "396.28700", "2007-12-31": "488.89400", "2006-12-31": "471.24300", "2005-12-31": "474.69000"}, "Property, Plant, And Equipment": {"2020-12-31": "3688.89400", "2019-12-31": "3620.86600", "2018-12-31": "3445.11100", "2017-12-31": "2983.33100", "2016-12-31": "2818.79100", "2015-12-31": "2701.32900", "2014-12-31": "2482.53200", "2013-12-31": "2112.20400", "2012-12-31": "1885.47400", "2011-12-31": "1726.87000", "2010-12-31": "1479.48400", "2009-12-31": "1444.67100", "2008-12-31": "1386.53000", "2007-12-31": "1358.72300", "2006-12-31": "1283.55100", "2005-12-31": "1054.05900"}, "Long-Term Investments": {"2020-12-31": "", "2019-12-31": "", "2018-12-31": "", "2017-12-31": "", "2016-12-31": "", "2015-12-31": "", "2014-12-31": "", "2013-12-31": "", "2012-12-31": "", "2011-12-31": "", "2010-12-31": "", "2009-12-31": "", "2008-12-31": "", "2007-12-31": "", "2006-12-31": "", "2005-12-31": ""}, "Goodwill And Intangible Assets": {"2020-12-31": "", "2019-12-31": "202.83200", "2018-12-31": "105.15700", "2017-12-31": "113.45500", "2016-12-31": "2.35600", "2015-12-31": "", "2014-12-31": "", "2013-12-31": "", "2012-12-31": "", "2011-12-31": "", "2010-12-31": "", "2009-12-31": "", "2008-12-31": "", "2007-12-31": "", "2006-12-31": "", "2005-12-31": ""}, "Other Long-Term Assets": {"2020-12-31": "397.33700", "2019-12-31": "165.85700", "2018-12-31": "38.39800", "2017-12-31": "29.83500", "2016-12-31": "62.16000", "2015-12-31": "70.29000", "2014-12-31": "34.45500", "2013-12-31": "26.99700", "2012-12-31": "24.63500", "2011-12-31": "26.92000", "2010-12-31": "19.53100", "2009-12-31": "19.77800", "2008-12-31": "10.63600", "2007-12-31": "15.12900", "2006-12-31": "15.26300", "2005-12-31": "20.12500"}, "Total Long-Term Assets": {"2020-12-31": "4086.23100", "2019-12-31": "3989.55500", "2018-12-31": "3588.66600", "2017-12-31": "3126.62100", "2016-12-31": "2883.30700", "2015-12-31": "2771.61900", "2014-12-31": "2516.98700", "2013-12-31": "2139.20100", "2012-12-31": "1910.10900", "2011-12-31": "1753.79000", "2010-12-31": "1499.01500", "2009-12-31": "1464.44900", "2008-12-31": "1397.16600", "2007-12-31": "1373.85200", "2006-12-31": "1298.81400", "2005-12-31": "1074.18400"}, "Total Assets": {"2020-12-31": "5947.20500", "2019-12-31": "5470.85400", "2018-12-31": "5091.64700", "2017-12-31": "4465.34900", "2016-12-31": "3950.72700", "2015-12-31": "3629.54400", "2014-12-31": "3378.48600", "2013-12-31": "2819.40400", "2012-12-31": "2464.64100", "2011-12-31": "2267.33200", "2010-12-31": "1961.66000", "2009-12-31": "1856.91400", "2008-12-31": "1793.45300", "2007-12-31": "1862.74600", "2006-12-31": "1770.05700", "2005-12-31": "1548.87400"}, "Total Current Liabilities": {"2020-12-31": "1126.18700", "2019-12-31": "1035.76600", "2018-12-31": "1352.34800", "2017-12-31": "921.84400", "2016-12-31": "694.87300", "2015-12-31": "532.41700", "2014-12-31": "771.07000", "2013-12-31": "712.29600", "2012-12-31": "502.76000", "2011-12-31": "438.51500", "2010-12-31": "509.94900", "2009-12-31": "269.21800", "2008-12-31": "407.88800", "2007-12-31": "524.43200", "2006-12-31": "478.73000", "2005-12-31": "276.08600"}, "Long Term Debt": {"2020-12-31": "1305.42400", "2019-12-31": "1295.74000", "2018-12-31": "898.39800", "2017-12-31": "1085.64900", "2016-12-31": "986.27800", "2015-12-31": "998.00300", "2014-12-31": "683.53900", "2013-12-31": "458.41700", "2012-12-31": "585.34700", "2011-12-31": "699.17700", "2010-12-31": "454.20700", "2009-12-31": "565.00000", "2008-12-31": "515.00000", "2007-12-31": "679.10000", "2006-12-31": "182.40000", "2005-12-31": "124.00000"}, "Other Non-Current Liabilities": {"2020-12-31": "204.57700", "2019-12-31": "173.24100", "2018-12-31": "96.05600", "2017-12-31": "76.66100", "2016-12-31": "64.88100", "2015-12-31": "58.55200", "2014-12-31": "59.56100", "2013-12-31": "58.27400", "2012-12-31": "53.05000", "2011-12-31": "45.38200", "2010-12-31": "39.48000", "2009-12-31": "35.58100", "2008-12-31": "30.49000", "2007-12-31": "34.45300", "2006-12-31": "54.65600", "2005-12-31": "45.83400"}, "Total Long Term Liabilities": {"2020-12-31": "2220.88000", "2019-12-31": "2168.05900", "2018-12-31": "1637.91500", "2017-12-31": "1704.18000", "2016-12-31": "1841.79300", "2015-12-31": "1796.77500", "2014-12-31": "1402.89300", "2013-12-31": "1094.65600", "2012-12-31": "1170.02100", "2011-12-31": "1261.27400", "2010-12-31": "878.68990", "2009-12-31": "943.84300", "2008-12-31": "856.55400", "2007-12-31": "995.11690", "2006-12-31": "531.59000", "2005-12-31": "455.76300"}, "Total Liabilities": {"2020-12-31": "3347.06700", "2019-12-31": "3203.82500", "2018-12-31": "2990.26300", "2017-12-31": "2626.02400", "2016-12-31": "2536.66600", "2015-12-31": "2329.19200", "2014-12-31": "2173.96300", "2013-12-31": "1806.95200", "2012-12-31": "1672.78100", "2011-12-31": "1699.78900", "2010-12-31": "1388.63900", "2009-12-31": "1213.06100", "2008-12-31": "1264.44200", "2007-12-31": "1519.54900", "2006-12-31": "1010.32000", "2005-12-31": "731.84900"}, "Common Stock Net": {"2020-12-31": "", "2019-12-31": "1.67100", "2018-12-31": "1.67100", "2017-12-31": "1.67100", "2016-12-31": "1.67100", "2015-12-31": "1.67100", "2014-12-31": "1.67100", "2013-12-31": "1.67100", "2012-12-31": "1.67100", "2011-12-31": "1.67100", "2010-12-31": "1.67100", "2009-12-31": "1.67100", "2008-12-31": "1.67100", "2007-12-31": "1.67100", "2006-12-31": "1.67100", "2005-12-31": "1.67100"}, "Retained Earnings (Accumulated Deficit)": {"2020-12-31": "", "2019-12-31": "4592.93800", "2018-12-31": "4188.43500", "2017-12-31": "3803.84400", "2016-12-31": "3218.94300", "2015-12-31": "2885.84300", "2014-12-31": "2555.97200", "2013-12-31": "2274.78400", "2012-12-31": "1985.21300", "2011-12-31": "1758.29000", "2010-12-31": "1563.52700", "2009-12-31": "1423.82000", "2008-12-31": "1343.07700", "2007-12-31": "1192.62800", "2006-12-31": "1035.80400", "2005-12-31": "863.58600"}, "Comprehensive Income": {"2020-12-31": "", "2019-12-31": "", "2018-12-31": "", "2017-12-31": "", "2016-12-31": "", "2015-12-31": "", "2014-12-31": "", "2013-12-31": "", "2012-12-31": "", "2011-12-31": "", "2010-12-31": "", "2009-12-31": "", "2008-12-31": "-1.18600", "2007-12-31": "-0.99300", "2006-12-31": "-0.14800", "2005-12-31": ""}, "Other Share Holders Equity": {"2020-12-31": "", "2019-12-31": "", "2018-12-31": "", "2017-12-31": "", "2016-12-31": "", "2015-12-31": "", "2014-12-31": "", "2013-12-31": "", "2012-12-31": "", "2011-12-31": "", "2010-12-31": "", "2009-12-31": "", "2008-12-31": "", "2007-12-31": "", "2006-12-31": "", "2005-12-31": ""}, "Share Holder Equity": {"2020-12-31": "2600.13800", "2019-12-31": "2267.02900", "2018-12-31": "2101.38400", "2017-12-31": "1839.32500", "2016-12-31": "1414.06100", "2015-12-31": "1300.35200", "2014-12-31": "1204.52300", "2013-12-31": "1012.45200", "2012-12-31": "791.86000", "2011-12-31": "567.54300", "2010-12-31": "573.02100", "2009-12-31": "643.85300", "2008-12-31": "529.01100", "2007-12-31": "343.19700", "2006-12-31": "759.73700", "2005-12-31": "817.02500"}, "Total Liabilities And Share Holders Equity": {"2020-12-31": "5947.20500", "2019-12-31": "5470.85400", "2018-12-31": "5091.64700", "2017-12-31": "4465.34900", "2016-12-31": "3950.72700", "2015-12-31": "3629.54400", "2014-12-31": "3378.48600", "2013-12-31": "2819.40400", "2012-12-31": "2464.64100", "2011-12-31": "2267.33200", "2010-12-31": "1961.66000", "2009-12-31": "1856.91400", "2008-12-31": "1793.45300", "2007-12-31": "1862.74600", "2006-12-31": "1770.05700", "2005-12-31": "1548.87400"}}, "balance sheet, quarterly": {"Cash On Hand": {"2020-12-31": "313.30200", "2020-09-30": "318.54900", "2020-06-30": "274.65400", "2020-03-31": "48.45400", "2019-12-31": "35.00000", "2019-09-30": "75.13200", "2019-06-30": "6.87500", "2019-03-31": "52.36300", "2018-12-31": "7.60000", "2018-09-30": "7.58700", "2018-06-30": "15.19100", "2018-03-31": "7.08200", "2017-12-31": "14.61200", "2017-09-30": "7.70700", "2017-06-30": "7.27400", "2017-03-31": "12.26100", "2016-12-31": "6.37700", "2016-09-30": "5.48100", "2016-06-30": "11.27700", "2016-03-31": "5.99200", "2015-12-31": "5.56600", "2015-09-30": "5.54200", "2015-06-30": "5.58600", "2015-03-31": "5.64600", "2014-12-31": "5.96100", "2014-09-30": "5.85900", "2014-06-30": "5.87000", "2014-03-31": "124.21200", "2013-12-31": "5.83100", "2013-09-30": "5.96800", "2013-06-30": "5.92300", "2013-03-31": "5.74700", "2012-12-31": "5.58900", "2012-09-30": "5.65900", "2012-06-30": "5.88700", "2012-03-31": "5.71300", "2011-12-31": "5.45000", "2011-09-30": "7.74700", "2011-06-30": "11.14900", "2011-03-31": "5.39300", "2010-12-31": "7.65100", "2010-09-30": "68.56000", "2010-06-30": "7.71400", "2010-03-31": "7.78700", "2009-12-31": "7.84300", "2009-09-30": "4.71100", "2009-06-30": "3.57000", "2009-03-31": "3.57600", "2008-12-31": "2.37300", "2008-09-30": "2.45000", "2008-06-30": "1.26000", "2008-03-31": "16.21800", "2007-12-31": "14.95700", "2007-09-30": "4.11300", "2007-06-30": "6.17400", "2007-03-31": "9.48400", "2006-12-31": "7.37100", "2006-09-30": "18.07600", "2006-06-30": "9.21000", "2006-03-31": "8.82100", "2005-12-31": "7.41200", "2005-09-30": "3.73800", "2005-06-30": "4.75700", "2005-03-31": "1.95200"}, "Receivables": {"2020-12-31": "1124.40300", "2020-09-30": "1121.82500", "2020-06-30": "950.63600", "2020-03-31": "978.28000", "2019-12-31": "1011.82900", "2019-09-30": "1051.02700", "2019-06-30": "1040.15300", "2019-03-31": "1002.48300", "2018-12-31": "1326.20900", "2018-09-30": "1095.63800", "2018-06-30": "1019.62200", "2018-03-31": "900.90300", "2017-12-31": "1204.26600", "2017-09-30": "858.72000", "2017-06-30": "749.04200", "2017-03-31": "707.43300", "2016-12-31": "745.28800", "2016-09-30": "775.02000", "2016-06-30": "744.02600", "2016-03-31": "690.35200", "2015-12-31": "731.28000", "2015-09-30": "671.39800", "2015-06-30": "665.24100", "2015-03-31": "631.17200", "2014-12-31": "653.79500", "2014-09-30": "671.29800", "2014-06-30": "667.62000", "2014-03-31": "635.11100", "2013-12-31": "568.51900", "2013-09-30": "584.91400", "2013-06-30": "579.64300", "2013-03-31": "529.33300", "2012-12-31": "466.01100", "2012-09-30": "504.25200", "2012-06-30": "472.07700", "2012-03-31": "447.70600", "2011-12-31": "411.47900", "2011-09-30": "424.63400", "2011-06-30": "440.75500", "2011-03-31": "402.92200", "2010-12-31": "351.18700", "2010-09-30": "371.12000", "2010-06-30": "363.66900", "2010-03-31": "341.65900", "2009-12-31": "310.33900", "2009-09-30": "340.33000", "2009-06-30": "308.31300", "2009-03-31": "278.54300", "2008-12-31": "280.61400", "2008-09-30": "379.37200", "2008-06-30": "382.12100", "2008-03-31": "340.42000", "2007-12-31": "330.20200", "2007-09-30": "359.22000", "2007-06-30": "351.00100", "2007-03-31": "329.75100", "2006-12-31": "358.07500", "2006-09-30": "343.47300", "2006-06-30": "325.30500", "2006-03-31": "307.31300", "2005-12-31": "343.50100", "2005-09-30": "336.55200", "2005-06-30": "318.37900", "2005-03-31": "319.52900"}, "Inventory": {"2020-12-31": "", "2020-09-30": "", "2020-06-30": "", "2020-03-31": "", "2019-12-31": "", "2019-09-30": "", "2019-06-30": "", "2019-03-31": "", "2018-12-31": "21.97700", "2018-09-30": "", "2018-06-30": "", "2018-03-31": "", "2017-12-31": "20.68800", "2017-09-30": "", "2017-06-30": "", "2017-03-31": "", "2016-12-31": "18.57700", "2016-09-30": "", "2016-06-30": "", "2016-03-31": "", "2015-12-31": "23.19100", "2015-09-30": "", "2015-06-30": "", "2015-03-31": "", "2014-12-31": "27.74000", "2014-09-30": "", "2014-06-30": "", "2014-03-31": "", "2013-12-31": "26.24800", "2013-09-30": "", "2013-06-30": "", "2013-03-31": "", "2012-12-31": "23.06500", "2012-09-30": "", "2012-06-30": "", "2012-03-31": "", "2011-12-31": "20.93200", "2011-09-30": "", "2011-06-30": "", "2011-03-31": "", "2010-12-31": "17.33600", "2010-09-30": "", "2010-06-30": "", "2010-03-31": "", "2009-12-31": "17.27300", "2009-09-30": "", "2009-06-30": "", "2009-03-31": "", "2008-12-31": "18.21400", "2008-09-30": "", "2008-06-30": "", "2008-03-31": "", "2007-12-31": "15.44500", "2007-09-30": "", "2007-06-30": "", "2007-03-31": "", "2006-12-31": "13.92100", "2006-09-30": "", "2006-06-30": "", "2006-03-31": "", "2005-12-31": "11.13800", "2005-09-30": "", "2005-06-30": "", "2005-03-31": ""}, "Pre-Paid Expenses": {"2020-12-31": "423.26900", "2020-09-30": "288.22400", "2020-06-30": "319.40700", "2020-03-31": "371.23500", "2019-12-31": "434.47000", "2019-09-30": "257.29700", "2019-06-30": "337.33600", "2019-03-31": "383.31300", "2018-12-31": "147.19500", "2018-09-30": "239.25700", "2018-06-30": "272.60800", "2018-03-31": "328.07900", "2017-12-31": "99.16200", "2017-09-30": "140.16400", "2017-06-30": "152.03500", "2017-03-31": "173.64700", "2016-12-31": "107.51300", "2016-09-30": "61.90000", "2016-06-30": "71.70500", "2016-03-31": "118.58600", "2015-12-31": "97.88800", "2015-09-30": "91.23100", "2015-06-30": "115.80300", "2015-03-31": "148.06300", "2014-12-31": "78.54600", "2014-09-30": "60.52100", "2014-06-30": "65.73500", "2014-03-31": "82.74500", "2013-12-31": "64.19000", "2013-09-30": "57.15000", "2013-06-30": "65.99600", "2013-03-31": "80.11800", "2012-12-31": "50.10600", "2012-09-30": "53.34600", "2012-06-30": "62.46100", "2012-03-31": "82.66700", "2011-12-31": "46.38400", "2011-09-30": "45.00900", "2011-06-30": "56.24700", "2011-03-31": "67.25200", "2010-12-31": "54.32400", "2010-09-30": "46.58500", "2010-06-30": "52.18800", "2010-03-31": "70.46700", "2009-12-31": "48.57100", "2009-09-30": "45.45900", "2009-06-30": "56.33300", "2009-03-31": "77.39200", "2008-12-31": "68.06100", "2008-09-30": "41.25400", "2008-06-30": "57.03000", "2008-03-31": "81.80500", "2007-12-31": "69.60600", "2007-09-30": "48.19600", "2007-06-30": "66.06200", "2007-03-31": "90.19000", "2006-12-31": "83.94700", "2006-09-30": "77.74700", "2006-06-30": "85.67600", "2006-03-31": "108.63900", "2005-12-31": "98.20600", "2005-09-30": "92.61100", "2005-06-30": "103.51300", "2005-03-31": "122.92900"}, "Other Current Assets": {"2020-12-31": "", "2020-09-30": "", "2020-06-30": "", "2020-03-31": "", "2019-12-31": "", "2019-09-30": "", "2019-06-30": "", "2019-03-31": "", "2018-12-31": "", "2018-09-30": "", "2018-06-30": "", "2018-03-31": "", "2017-12-31": "", "2017-09-30": "", "2017-06-30": "", "2017-03-31": "", "2016-12-31": "189.66500", "2016-09-30": "", "2016-06-30": "", "2016-03-31": "", "2015-12-31": "", "2015-09-30": "", "2015-06-30": "", "2015-03-31": "", "2014-12-31": "95.45700", "2014-09-30": "", "2014-06-30": "", "2014-03-31": "", "2013-12-31": "15.41500", "2013-09-30": "", "2013-06-30": "", "2013-03-31": "", "2012-12-31": "9.76100", "2012-09-30": "", "2012-06-30": "", "2012-03-31": "", "2011-12-31": "24.16100", "2011-09-30": "", "2011-06-30": "", "2011-03-31": "", "2010-12-31": "32.14700", "2010-09-30": "", "2010-06-30": "", "2010-03-31": "", "2009-12-31": "8.43900", "2009-09-30": "11.40200", "2009-06-30": "18.01800", "2009-03-31": "13.18500", "2008-12-31": "27.02500", "2008-09-30": "15.78500", "2008-06-30": "25.93800", "2008-03-31": "33.21400", "2007-12-31": "58.68400", "2007-09-30": "", "2007-06-30": "", "2007-03-31": "", "2006-12-31": "7.92900", "2006-09-30": "", "2006-06-30": "", "2006-03-31": "", "2005-12-31": "14.43300", "2005-09-30": "", "2005-06-30": "", "2005-03-31": ""}, "Total Current Assets": {"2020-12-31": "1860.97400", "2020-09-30": "1728.59800", "2020-06-30": "1544.69700", "2020-03-31": "1397.96900", "2019-12-31": "1481.29900", "2019-09-30": "1383.45600", "2019-06-30": "1384.36400", "2019-03-31": "1438.15900", "2018-12-31": "1502.98100", "2018-09-30": "1342.48200", "2018-06-30": "1307.42100", "2018-03-31": "1236.06400", "2017-12-31": "1338.72800", "2017-09-30": "1006.59100", "2017-06-30": "908.35100", "2017-03-31": "893.34100", "2016-12-31": "1067.42000", "2016-09-30": "842.40100", "2016-06-30": "827.00800", "2016-03-31": "814.93000", "2015-12-31": "857.92500", "2015-09-30": "768.17100", "2015-06-30": "786.63000", "2015-03-31": "803.51200", "2014-12-31": "861.49900", "2014-09-30": "737.67800", "2014-06-30": "739.22500", "2014-03-31": "842.06800", "2013-12-31": "680.20300", "2013-09-30": "648.03200", "2013-06-30": "651.56200", "2013-03-31": "615.19800", "2012-12-31": "554.53200", "2012-09-30": "563.25700", "2012-06-30": "540.42500", "2012-03-31": "536.08600", "2011-12-31": "513.54200", "2011-09-30": "477.39000", "2011-06-30": "508.15100", "2011-03-31": "475.56700", "2010-12-31": "462.64500", "2010-09-30": "486.26500", "2010-06-30": "423.57100", "2010-03-31": "419.91300", "2009-12-31": "392.46500", "2009-09-30": "401.90200", "2009-06-30": "386.23400", "2009-03-31": "372.69600", "2008-12-31": "396.28700", "2008-09-30": "438.86100", "2008-06-30": "466.34900", "2008-03-31": "471.65700", "2007-12-31": "488.89400", "2007-09-30": "411.52900", "2007-06-30": "423.23700", "2007-03-31": "429.42500", "2006-12-31": "471.24300", "2006-09-30": "439.29600", "2006-06-30": "420.19100", "2006-03-31": "424.77300", "2005-12-31": "474.69000", "2005-09-30": "432.90100", "2005-06-30": "426.64900", "2005-03-31": "444.41000"}, "Property, Plant, And Equipment": {"2020-12-31": "3688.89400", "2020-09-30": "3682.40400", "2020-06-30": "3626.39600", "2020-03-31": "3618.30000", "2019-12-31": "3620.86600", "2019-09-30": "3650.36200", "2019-06-30": "3678.08500", "2019-03-31": "3539.73800", "2018-12-31": "3445.11100", "2018-09-30": "3241.50700", "2018-06-30": "3142.38700", "2018-03-31": "3044.27600", "2017-12-31": "2983.33100", "2017-09-30": "2875.80900", "2017-06-30": "2820.03000", "2017-03-31": "2830.62800", "2016-12-31": "2818.79100", "2016-09-30": "2808.74100", "2016-06-30": "2766.91500", "2016-03-31": "2739.36600", "2015-12-31": "2701.32900", "2015-09-30": "2670.50900", "2015-06-30": "2626.10400", "2015-03-31": "2552.86300", "2014-12-31": "2482.53200", "2014-09-30": "2385.10600", "2014-06-30": "2316.54500", "2014-03-31": "2236.10100", "2013-12-31": "2112.20400", "2013-09-30": "2037.38600", "2013-06-30": "1976.22600", "2013-03-31": "1941.42600", "2012-12-31": "1885.47400", "2012-09-30": "1848.45300", "2012-06-30": "1795.79000", "2012-03-31": "1760.51400", "2011-12-31": "1726.87000", "2011-09-30": "1656.38400", "2011-06-30": "1593.25000", "2011-03-31": "1545.12500", "2010-12-31": "1479.48400", "2010-09-30": "1450.03200", "2010-06-30": "1457.66000", "2010-03-31": "1449.45900", "2009-12-31": "1444.67100", "2009-09-30": "1435.91200", "2009-06-30": "1414.55700", "2009-03-31": "1390.75100", "2008-12-31": "1386.53000", "2008-09-30": "1353.72000", "2008-06-30": "1382.39400", "2008-03-31": "1375.52000", "2007-12-31": "1358.72300", "2007-09-30": "1399.68000", "2007-06-30": "1393.87100", "2007-03-31": "1328.91500", "2006-12-31": "1283.55100", "2006-09-30": "1256.10300", "2006-06-30": "1107.13300", "2006-03-31": "1078.70600", "2005-12-31": "1054.05900", "2005-09-30": "1034.16200", "2005-06-30": "1018.00000", "2005-03-31": "1010.49700"}, "Long-Term Investments": {"2020-12-31": "", "2020-09-30": "", "2020-06-30": "", "2020-03-31": "", "2019-12-31": "", "2019-09-30": "", "2019-06-30": "", "2019-03-31": "", "2018-12-31": "", "2018-09-30": "", "2018-06-30": "", "2018-03-31": "", "2017-12-31": "", "2017-09-30": "", "2017-06-30": "", "2017-03-31": "", "2016-12-31": "", "2016-09-30": "", "2016-06-30": "", "2016-03-31": "", "2015-12-31": "", "2015-09-30": "", "2015-06-30": "", "2015-03-31": "", "2014-12-31": "", "2014-09-30": "", "2014-06-30": "", "2014-03-31": "", "2013-12-31": "", "2013-09-30": "", "2013-06-30": "", "2013-03-31": "", "2012-12-31": "", "2012-09-30": "", "2012-06-30": "", "2012-03-31": "", "2011-12-31": "", "2011-09-30": "", "2011-06-30": "", "2011-03-31": "", "2010-12-31": "", "2010-09-30": "", "2010-06-30": "", "2010-03-31": "", "2009-12-31": "", "2009-09-30": "", "2009-06-30": "", "2009-03-31": "", "2008-12-31": "", "2008-09-30": "", "2008-06-30": "", "2008-03-31": "", "2007-12-31": "", "2007-09-30": "", "2007-06-30": "", "2007-03-31": "", "2006-12-31": "", "2006-09-30": "", "2006-06-30": "", "2006-03-31": "", "2005-12-31": "", "2005-09-30": "", "2005-06-30": "", "2005-03-31": ""}, "Goodwill And Intangible Assets": {"2020-12-31": "", "2020-09-30": "192.64800", "2020-06-30": "196.04200", "2020-03-31": "199.43700", "2019-12-31": "202.83200", "2019-09-30": "189.86300", "2019-06-30": "193.40300", "2019-03-31": "196.94000", "2018-12-31": "105.15700", "2018-09-30": "", "2018-06-30": "", "2018-03-31": "", "2017-12-31": "113.45500", "2017-09-30": "114.42200", "2017-06-30": "", "2017-03-31": "", "2016-12-31": "2.35600", "2016-09-30": "", "2016-06-30": "", "2016-03-31": "", "2015-12-31": "", "2015-09-30": "", "2015-06-30": "", "2015-03-31": "", "2014-12-31": "", "2014-09-30": "", "2014-06-30": "", "2014-03-31": "", "2013-12-31": "", "2013-09-30": "", "2013-06-30": "", "2013-03-31": "", "2012-12-31": "", "2012-09-30": "", "2012-06-30": "", "2012-03-31": "", "2011-12-31": "", "2011-09-30": "", "2011-06-30": "", "2011-03-31": "", "2010-12-31": "", "2010-09-30": "", "2010-06-30": "", "2010-03-31": "", "2009-12-31": "", "2009-09-30": "", "2009-06-30": "", "2009-03-31": "", "2008-12-31": "", "2008-09-30": "", "2008-06-30": "", "2008-03-31": "", "2007-12-31": "", "2007-09-30": "", "2007-06-30": "", "2007-03-31": "", "2006-12-31": "", "2006-09-30": "", "2006-06-30": "", "2006-03-31": "", "2005-12-31": "", "2005-09-30": "", "2005-06-30": "", "2005-03-31": ""}, "Other Long-Term Assets": {"2020-12-31": "397.33700", "2020-09-30": "175.41200", "2020-06-30": "186.49700", "2020-03-31": "164.33600", "2019-12-31": "165.85700", "2019-09-30": "162.65600", "2019-06-30": "164.88700", "2019-03-31": "152.44500", "2018-12-31": "38.39800", "2018-09-30": "137.68200", "2018-06-30": "139.43500", "2018-03-31": "141.31700", "2017-12-31": "29.83500", "2017-09-30": "57.10100", "2017-06-30": "50.00100", "2017-03-31": "46.42600", "2016-12-31": "62.16000", "2016-09-30": "78.85200", "2016-06-30": "103.44100", "2016-03-31": "92.66200", "2015-12-31": "70.29000", "2015-09-30": "80.58400", "2015-06-30": "72.61600", "2015-03-31": "72.62200", "2014-12-31": "34.45500", "2014-09-30": "36.13400", "2014-06-30": "35.58900", "2014-03-31": "37.55600", "2013-12-31": "26.99700", "2013-09-30": "27.01600", "2013-06-30": "28.52800", "2013-03-31": "29.49500", "2012-12-31": "24.63500", "2012-09-30": "26.63200", "2012-06-30": "29.06100", "2012-03-31": "26.26200", "2011-12-31": "26.92000", "2011-09-30": "28.88200", "2011-06-30": "19.46000", "2011-03-31": "19.68000", "2010-12-31": "19.53100", "2010-09-30": "19.71200", "2010-06-30": "19.71000", "2010-03-31": "19.76100", "2009-12-31": "19.77800", "2009-09-30": "20.28100", "2009-06-30": "20.09500", "2009-03-31": "17.93000", "2008-12-31": "10.63600", "2008-09-30": "11.25000", "2008-06-30": "11.07200", "2008-03-31": "10.89200", "2007-12-31": "15.12900", "2007-09-30": "14.94300", "2007-06-30": "14.76300", "2007-03-31": "15.04600", "2006-12-31": "15.26300", "2006-09-30": "15.41100", "2006-06-30": "17.20000", "2006-03-31": "19.42200", "2005-12-31": "20.12500", "2005-09-30": "22.99700", "2005-06-30": "20.89800", "2005-03-31": "23.85400"}, "Total Long-Term Assets": {"2020-12-31": "4086.23100", "2020-09-30": "4050.46400", "2020-06-30": "4008.93500", "2020-03-31": "3982.07300", "2019-12-31": "3989.55500", "2019-09-30": "4002.88100", "2019-06-30": "4036.37500", "2019-03-31": "3889.12300", "2018-12-31": "3588.66600", "2018-09-30": "3379.18900", "2018-06-30": "3281.82200", "2018-03-31": "3185.59300", "2017-12-31": "3126.62100", "2017-09-30": "3047.33200", "2017-06-30": "2870.03100", "2017-03-31": "2877.05400", "2016-12-31": "2883.30700", "2016-09-30": "2887.59300", "2016-06-30": "2870.35600", "2016-03-31": "2832.02800", "2015-12-31": "2771.61900", "2015-09-30": "2751.09300", "2015-06-30": "2698.72000", "2015-03-31": "2625.48500", "2014-12-31": "2516.98700", "2014-09-30": "2421.24000", "2014-06-30": "2352.13400", "2014-03-31": "2273.65700", "2013-12-31": "2139.20100", "2013-09-30": "2064.40200", "2013-06-30": "2004.75400", "2013-03-31": "1970.92100", "2012-12-31": "1910.10900", "2012-09-30": "1875.08500", "2012-06-30": "1824.85100", "2012-03-31": "1786.77600", "2011-12-31": "1753.79000", "2011-09-30": "1685.26600", "2011-06-30": "1612.71000", "2011-03-31": "1564.80500", "2010-12-31": "1499.01500", "2010-09-30": "1469.74400", "2010-06-30": "1477.37000", "2010-03-31": "1469.22000", "2009-12-31": "1464.44900", "2009-09-30": "1456.19300", "2009-06-30": "1434.65200", "2009-03-31": "1408.68100", "2008-12-31": "1397.16600", "2008-09-30": "1364.97000", "2008-06-30": "1393.46600", "2008-03-31": "1386.41200", "2007-12-31": "1373.85200", "2007-09-30": "1414.62300", "2007-06-30": "1408.63400", "2007-03-31": "1343.96100", "2006-12-31": "1298.81400", "2006-09-30": "1271.51400", "2006-06-30": "1124.33300", "2006-03-31": "1098.12800", "2005-12-31": "1074.18400", "2005-09-30": "1057.15900", "2005-06-30": "1038.89800", "2005-03-31": "1034.35100"}, "Total Assets": {"2020-12-31": "5947.20500", "2020-09-30": "5779.06200", "2020-06-30": "5553.63200", "2020-03-31": "5380.04200", "2019-12-31": "5470.85400", "2019-09-30": "5386.33700", "2019-06-30": "5420.73900", "2019-03-31": "5327.28200", "2018-12-31": "5091.64700", "2018-09-30": "4721.67100", "2018-06-30": "4589.24300", "2018-03-31": "4421.65700", "2017-12-31": "4465.34900", "2017-09-30": "4053.92300", "2017-06-30": "3778.38200", "2017-03-31": "3770.39500", "2016-12-31": "3950.72700", "2016-09-30": "3729.99400", "2016-06-30": "3697.36400", "2016-03-31": "3646.95800", "2015-12-31": "3629.54400", "2015-09-30": "3519.26400", "2015-06-30": "3485.35000", "2015-03-31": "3428.99700", "2014-12-31": "3378.48600", "2014-09-30": "3158.91800", "2014-06-30": "3091.35900", "2014-03-31": "3115.72500", "2013-12-31": "2819.40400", "2013-09-30": "2712.43400", "2013-06-30": "2656.31600", "2013-03-31": "2586.11900", "2012-12-31": "2464.64100", "2012-09-30": "2438.34200", "2012-06-30": "2365.27600", "2012-03-31": "2322.86200", "2011-12-31": "2267.33200", "2011-09-30": "2162.65600", "2011-06-30": "2120.86100", "2011-03-31": "2040.37200", "2010-12-31": "1961.66000", "2010-09-30": "1956.00900", "2010-06-30": "1900.94100", "2010-03-31": "1889.13300", "2009-12-31": "1856.91400", "2009-09-30": "1858.09500", "2009-06-30": "1820.88600", "2009-03-31": "1781.37700", "2008-12-31": "1793.45300", "2008-09-30": "1803.83100", "2008-06-30": "1859.81500", "2008-03-31": "1858.06900", "2007-12-31": "1862.74600", "2007-09-30": "1826.15200", "2007-06-30": "1831.87100", "2007-03-31": "1773.38600", "2006-12-31": "1770.05700", "2006-09-30": "1710.81000", "2006-06-30": "1544.52400", "2006-03-31": "1522.90100", "2005-12-31": "1548.87400", "2005-09-30": "1490.06000", "2005-06-30": "1465.54700", "2005-03-31": "1478.76100"}, "Total Current Liabilities": {"2020-12-31": "1126.18700", "2020-09-30": "1095.42300", "2020-06-30": "970.68200", "2020-03-31": "909.37600", "2019-12-31": "1035.76600", "2019-09-30": "1075.02400", "2019-06-30": "1061.52200", "2019-03-31": "998.23900", "2018-12-31": "1352.34800", "2018-09-30": "1212.66000", "2018-06-30": "1158.53700", "2018-03-31": "1092.51600", "2017-12-31": "921.84400", "2017-09-30": "681.75500", "2017-06-30": "608.09200", "2017-03-31": "586.52500", "2016-12-31": "694.87300", "2016-09-30": "600.84500", "2016-06-30": "552.71600", "2016-03-31": "580.71400", "2015-12-31": "532.41700", "2015-09-30": "544.04800", "2015-06-30": "776.60500", "2015-03-31": "762.33100", "2014-12-31": "771.07000", "2014-09-30": "790.29200", "2014-06-30": "514.63400", "2014-03-31": "662.80400", "2013-12-31": "712.29600", "2013-09-30": "690.33800", "2013-06-30": "699.10600", "2013-03-31": "727.22100", "2012-12-31": "502.76000", "2012-09-30": "548.67500", "2012-06-30": "524.36100", "2012-03-31": "543.42000", "2011-12-31": "438.51500", "2011-09-30": "487.21500", "2011-06-30": "446.13400", "2011-03-31": "424.97700", "2010-12-31": "509.94900", "2010-09-30": "525.21600", "2010-06-30": "527.84700", "2010-03-31": "485.40700", "2009-12-31": "269.21800", "2009-09-30": "268.53300", "2009-06-30": "350.01000", "2009-03-31": "327.15900", "2008-12-31": "407.88800", "2008-09-30": "436.12800", "2008-06-30": "502.82100", "2008-03-31": "456.81000", "2007-12-31": "524.43200", "2007-09-30": "535.69600", "2007-06-30": "515.20500", "2007-03-31": "517.32000", "2006-12-31": "478.73000", "2006-09-30": "478.29600", "2006-06-30": "289.59400", "2006-03-31": "267.90800", "2005-12-31": "276.08600", "2005-09-30": "317.79900", "2005-06-30": "265.62800", "2005-03-31": "271.37000"}, "Long Term Debt": {"2020-12-31": "1305.42400", "2020-09-30": "1303.35300", "2020-06-30": "1307.01900", "2020-03-31": "1302.75600", "2019-12-31": "1295.74000", "2019-09-30": "1293.31200", "2019-06-30": "1372.14300", "2019-03-31": "1284.55000", "2018-12-31": "898.39800", "2018-09-30": "820.86400", "2018-06-30": "755.57500", "2018-03-31": "752.42300", "2017-12-31": "1085.64900", "2017-09-30": "1084.80100", "2017-06-30": "943.17400", "2017-03-31": "950.55800", "2016-12-31": "986.27800", "2016-09-30": "943.69600", "2016-06-30": "957.57400", "2016-03-31": "961.34600", "2015-12-31": "998.00300", "2015-09-30": "993.35300", "2015-06-30": "643.20200", "2015-03-31": "628.20300", "2014-12-31": "683.53900", "2014-09-30": "587.07400", "2014-06-30": "874.02800", "2014-03-31": "752.20700", "2013-12-31": "458.41700", "2013-09-30": "437.47400", "2013-06-30": "474.13200", "2013-03-31": "393.28900", "2012-12-31": "585.34700", "2012-09-30": "544.90400", "2012-06-30": "579.46200", "2012-03-31": "602.11900", "2011-12-31": "699.17700", "2011-09-30": "718.03400", "2011-06-30": "649.29200", "2011-03-31": "649.24900", "2010-12-31": "454.20700", "2010-09-30": "449.16400", "2010-06-30": "417.10000", "2010-03-31": "341.00000", "2009-12-31": "565.00000", "2009-09-30": "625.80000", "2009-06-30": "586.70000", "2009-03-31": "564.00000", "2008-12-31": "515.00000", "2008-09-30": "545.20000", "2008-06-30": "615.70000", "2008-03-31": "701.20000", "2007-12-31": "679.10000", "2007-09-30": "623.20000", "2007-06-30": "469.50000", "2007-03-31": "285.00000", "2006-12-31": "182.40000", "2006-09-30": "166.00000", "2006-06-30": "177.00000", "2006-03-31": "47.40000", "2005-12-31": "124.00000", "2005-09-30": "75.70000", "2005-06-30": "67.30000", "2005-03-31": "68.00000"}, "Other Non-Current Liabilities": {"2020-12-31": "204.57700", "2020-09-30": "181.56100", "2020-06-30": "185.39000", "2020-03-31": "170.94400", "2019-12-31": "173.24100", "2019-09-30": "180.36700", "2019-06-30": "175.65600", "2019-03-31": "172.23900", "2018-12-31": "96.05600", "2018-09-30": "89.14100", "2018-06-30": "88.90300", "2018-03-31": "88.37300", "2017-12-31": "76.66100", "2017-09-30": "68.56400", "2017-06-30": "66.11800", "2017-03-31": "68.45700", "2016-12-31": "64.88100", "2016-09-30": "69.30200", "2016-06-30": "65.07500", "2016-03-31": "63.34100", "2015-12-31": "58.55200", "2015-09-30": "59.64600", "2015-06-30": "59.19700", "2015-03-31": "60.56500", "2014-12-31": "59.56100", "2014-09-30": "65.38400", "2014-06-30": "61.28700", "2014-03-31": "59.91000", "2013-12-31": "58.27400", "2013-09-30": "56.72300", "2013-06-30": "52.68800", "2013-03-31": "53.81500", "2012-12-31": "53.05000", "2012-09-30": "46.84900", "2012-06-30": "49.72300", "2012-03-31": "46.98800", "2011-12-31": "45.38200", "2011-09-30": "46.29300", "2011-06-30": "42.54200", "2011-03-31": "40.42300", "2010-12-31": "39.48000", "2010-09-30": "41.11500", "2010-06-30": "38.06500", "2010-03-31": "36.07300", "2009-12-31": "35.58100", "2009-09-30": "30.20100", "2009-06-30": "31.07500", "2009-03-31": "30.64000", "2008-12-31": "30.49000", "2008-09-30": "32.97400", "2008-06-30": "35.38700", "2008-03-31": "36.39100", "2007-12-31": "34.45300", "2007-09-30": "34.40600", "2007-06-30": "32.69900", "2007-03-31": "33.25100", "2006-12-31": "54.65600", "2006-09-30": "58.10300", "2006-06-30": "55.18600", "2006-03-31": "51.93400", "2005-12-31": "45.83400", "2005-09-30": "44.45400", "2005-06-30": "43.27700", "2005-03-31": "41.58300"}, "Total Long Term Liabilities": {"2020-12-31": "2220.88000", "2020-09-30": "2196.21500", "2020-06-30": "2192.10700", "2020-03-31": "2188.24800", "2019-12-31": "2168.05900", "2019-09-30": "2117.78400", "2019-06-30": "2223.86100", "2019-03-31": "2125.27900", "2018-12-31": "1637.91500", "2018-09-30": "1428.43300", "2018-06-30": "1397.34400", "2018-03-31": "1386.07800", "2017-12-31": "1704.18000", "2017-09-30": "1900.19800", "2017-06-30": "1762.56900", "2017-03-31": "1811.57600", "2016-12-31": "1841.79300", "2016-09-30": "1744.06600", "2016-06-30": "1765.22300", "2016-03-31": "1780.16400", "2015-12-31": "1796.77500", "2015-09-30": "1726.02900", "2015-06-30": "1369.54000", "2015-03-31": "1389.28600", "2014-12-31": "1402.89300", "2014-09-30": "1208.80700", "2014-06-30": "1495.60800", "2014-03-31": "1384.79600", "2013-12-31": "1094.65600", "2013-09-30": "1041.61900", "2013-06-30": "1054.97100", "2013-03-31": "983.12600", "2012-12-31": "1170.02100", "2012-09-30": "1108.47700", "2012-06-30": "1127.64200", "2012-03-31": "1149.14600", "2011-12-31": "1261.27400", "2011-09-30": "1177.81000", "2011-06-30": "1076.38800", "2011-03-31": "1056.12900", "2010-12-31": "878.68990", "2010-09-30": "836.33500", "2010-06-30": "802.03500", "2010-03-31": "731.21100", "2009-12-31": "943.84300", "2009-09-30": "981.90800", "2009-06-30": "893.73700", "2009-03-31": "903.02200", "2008-12-31": "856.55400", "2008-09-30": "884.80600", "2008-06-30": "930.73910", "2008-03-31": "1030.06200", "2007-12-31": "995.11690", "2007-09-30": "931.18100", "2007-06-30": "760.17000", "2007-03-31": "567.55300", "2006-12-31": "531.59000", "2006-09-30": "529.40400", "2006-06-30": "533.03800", "2006-03-31": "394.52200", "2005-12-31": "455.76300", "2005-09-30": "383.36300", "2005-06-30": "364.08200", "2005-03-31": "406.98300"}, "Total Liabilities": {"2020-12-31": "3347.06700", "2020-09-30": "3291.63800", "2020-06-30": "3162.78900", "2020-03-31": "3097.62400", "2019-12-31": "3203.82500", "2019-09-30": "3192.80800", "2019-06-30": "3285.38300", "2019-03-31": "3123.51800", "2018-12-31": "2990.26300", "2018-09-30": "2641.09300", "2018-06-30": "2555.88100", "2018-03-31": "2478.59400", "2017-12-31": "2626.02400", "2017-09-30": "2581.95300", "2017-06-30": "2370.66100", "2017-03-31": "2398.10100", "2016-12-31": "2536.66600", "2016-09-30": "2344.91100", "2016-06-30": "2317.93900", "2016-03-31": "2360.87800", "2015-12-31": "2329.19200", "2015-09-30": "2270.07700", "2015-06-30": "2146.14500", "2015-03-31": "2151.61700", "2014-12-31": "2173.96300", "2014-09-30": "1999.09900", "2014-06-30": "2010.24200", "2014-03-31": "2047.60000", "2013-12-31": "1806.95200", "2013-09-30": "1731.95700", "2013-06-30": "1754.07700", "2013-03-31": "1710.34700", "2012-12-31": "1672.78100", "2012-09-30": "1657.15200", "2012-06-30": "1652.00300", "2012-03-31": "1692.56600", "2011-12-31": "1699.78900", "2011-09-30": "1665.02500", "2011-06-30": "1522.52200", "2011-03-31": "1481.10600", "2010-12-31": "1388.63900", "2010-09-30": "1361.55100", "2010-06-30": "1329.88200", "2010-03-31": "1216.61800", "2009-12-31": "1213.06100", "2009-09-30": "1250.44100", "2009-06-30": "1243.74700", "2009-03-31": "1230.18100", "2008-12-31": "1264.44200", "2008-09-30": "1320.93400", "2008-06-30": "1433.56000", "2008-03-31": "1486.87200", "2007-12-31": "1519.54900", "2007-09-30": "1466.87700", "2007-06-30": "1275.37500", "2007-03-31": "1084.87300", "2006-12-31": "1010.32000", "2006-09-30": "1007.70000", "2006-06-30": "822.63200", "2006-03-31": "662.43000", "2005-12-31": "731.84900", "2005-09-30": "701.16200", "2005-06-30": "629.71000", "2005-03-31": "678.35300"}, "Common Stock Net": {"2020-12-31": "", "2020-09-30": "", "2020-06-30": "", "2020-03-31": "", "2019-12-31": "", "2019-09-30": "", "2019-06-30": "", "2019-03-31": "", "2018-12-31": "1.67100", "2018-09-30": "", "2018-06-30": "", "2018-03-31": "", "2017-12-31": "1.67100", "2017-09-30": "", "2017-06-30": "", "2017-03-31": "", "2016-12-31": "1.67100", "2016-09-30": "", "2016-06-30": "", "2016-03-31": "", "2015-12-31": "1.67100", "2015-09-30": "", "2015-06-30": "", "2015-03-31": "", "2014-12-31": "1.67100", "2014-09-30": "", "2014-06-30": "", "2014-03-31": "", "2013-12-31": "1.67100", "2013-09-30": "", "2013-06-30": "", "2013-03-31": "", "2012-12-31": "1.67100", "2012-09-30": "", "2012-06-30": "", "2012-03-31": "", "2011-12-31": "1.67100", "2011-09-30": "", "2011-06-30": "", "2011-03-31": "", "2010-12-31": "1.67100", "2010-09-30": "", "2010-06-30": "", "2010-03-31": "", "2009-12-31": "1.67100", "2009-09-30": "", "2009-06-30": "", "2009-03-31": "", "2008-12-31": "1.67100", "2008-09-30": "", "2008-06-30": "", "2008-03-31": "", "2007-12-31": "1.67100", "2007-09-30": "", "2007-06-30": "", "2007-03-31": "", "2006-12-31": "1.67100", "2006-09-30": "", "2006-06-30": "", "2006-03-31": "", "2005-12-31": "1.67100", "2005-09-30": "", "2005-06-30": "", "2005-03-31": ""}, "Retained Earnings (Accumulated Deficit)": {"2020-12-31": "", "2020-09-30": "", "2020-06-30": "", "2020-03-31": "", "2019-12-31": "", "2019-09-30": "", "2019-06-30": "", "2019-03-31": "", "2018-12-31": "4188.43500", "2018-09-30": "", "2018-06-30": "", "2018-03-31": "", "2017-12-31": "3803.84400", "2017-09-30": "", "2017-06-30": "", "2017-03-31": "", "2016-12-31": "3218.94300", "2016-09-30": "", "2016-06-30": "", "2016-03-31": "", "2015-12-31": "2885.84300", "2015-09-30": "", "2015-06-30": "", "2015-03-31": "", "2014-12-31": "2555.97200", "2014-09-30": "", "2014-06-30": "", "2014-03-31": "", "2013-12-31": "2274.78400", "2013-09-30": "", "2013-06-30": "", "2013-03-31": "", "2012-12-31": "1985.21300", "2012-09-30": "", "2012-06-30": "", "2012-03-31": "", "2011-12-31": "1758.29000", "2011-09-30": "", "2011-06-30": "", "2011-03-31": "", "2010-12-31": "1563.52700", "2010-09-30": "", "2010-06-30": "", "2010-03-31": "", "2009-12-31": "1423.82000", "2009-09-30": "", "2009-06-30": "", "2009-03-31": "", "2008-12-31": "1343.07700", "2008-09-30": "", "2008-06-30": "", "2008-03-31": "", "2007-12-31": "1192.62800", "2007-09-30": "", "2007-06-30": "", "2007-03-31": "", "2006-12-31": "1035.80400", "2006-09-30": "", "2006-06-30": "", "2006-03-31": "", "2005-12-31": "863.58600", "2005-09-30": "", "2005-06-30": "", "2005-03-31": ""}, "Comprehensive Income": {"2020-12-31": "", "2020-09-30": "", "2020-06-30": "", "2020-03-31": "", "2019-12-31": "", "2019-09-30": "", "2019-06-30": "", "2019-03-31": "", "2018-12-31": "", "2018-09-30": "", "2018-06-30": "", "2018-03-31": "", "2017-12-31": "", "2017-09-30": "", "2017-06-30": "", "2017-03-31": "", "2016-12-31": "", "2016-09-30": "", "2016-06-30": "", "2016-03-31": "", "2015-12-31": "", "2015-09-30": "", "2015-06-30": "", "2015-03-31": "", "2014-12-31": "", "2014-09-30": "", "2014-06-30": "", "2014-03-31": "", "2013-12-31": "", "2013-09-30": "", "2013-06-30": "", "2013-03-31": "", "2012-12-31": "", "2012-09-30": "", "2012-06-30": "", "2012-03-31": "", "2011-12-31": "", "2011-09-30": "", "2011-06-30": "", "2011-03-31": "", "2010-12-31": "", "2010-09-30": "", "2010-06-30": "", "2010-03-31": "", "2009-12-31": "", "2009-09-30": "", "2009-06-30": "", "2009-03-31": "", "2008-12-31": "-1.18600", "2008-09-30": "", "2008-06-30": "", "2008-03-31": "", "2007-12-31": "-0.99300", "2007-09-30": "", "2007-06-30": "", "2007-03-31": "", "2006-12-31": "-0.14800", "2006-09-30": "", "2006-06-30": "", "2006-03-31": "", "2005-12-31": "", "2005-09-30": "", "2005-06-30": "", "2005-03-31": ""}, "Other Share Holders Equity": {"2020-12-31": "", "2020-09-30": "", "2020-06-30": "", "2020-03-31": "", "2019-12-31": "", "2019-09-30": "", "2019-06-30": "", "2019-03-31": "", "2018-12-31": "", "2018-09-30": "", "2018-06-30": "", "2018-03-31": "", "2017-12-31": "", "2017-09-30": "", "2017-06-30": "", "2017-03-31": "", "2016-12-31": "", "2016-09-30": "", "2016-06-30": "", "2016-03-31": "", "2015-12-31": "", "2015-09-30": "", "2015-06-30": "", "2015-03-31": "", "2014-12-31": "", "2014-09-30": "", "2014-06-30": "", "2014-03-31": "", "2013-12-31": "", "2013-09-30": "", "2013-06-30": "", "2013-03-31": "", "2012-12-31": "", "2012-09-30": "", "2012-06-30": "", "2012-03-31": "", "2011-12-31": "", "2011-09-30": "", "2011-06-30": "", "2011-03-31": "", "2010-12-31": "", "2010-09-30": "", "2010-06-30": "", "2010-03-31": "", "2009-12-31": "", "2009-09-30": "", "2009-06-30": "", "2009-03-31": "", "2008-12-31": "", "2008-09-30": "", "2008-06-30": "", "2008-03-31": "", "2007-12-31": "", "2007-09-30": "", "2007-06-30": "", "2007-03-31": "", "2006-12-31": "", "2006-09-30": "", "2006-06-30": "", "2006-03-31": "", "2005-12-31": "", "2005-09-30": "", "2005-06-30": "", "2005-03-31": ""}, "Share Holder Equity": {"2020-12-31": "2600.13800", "2020-09-30": "2487.42400", "2020-06-30": "2390.84300", "2020-03-31": "2282.41800", "2019-12-31": "2267.02900", "2019-09-30": "2193.52900", "2019-06-30": "2135.35600", "2019-03-31": "2203.76400", "2018-12-31": "2101.38400", "2018-09-30": "2080.57800", "2018-06-30": "2033.36200", "2018-03-31": "1943.06300", "2017-12-31": "1839.32500", "2017-09-30": "1471.97000", "2017-06-30": "1407.72100", "2017-03-31": "1372.29400", "2016-12-31": "1414.06100", "2016-09-30": "1385.08300", "2016-06-30": "1379.42500", "2016-03-31": "1286.08000", "2015-12-31": "1300.35200", "2015-09-30": "1249.18700", "2015-06-30": "1339.20500", "2015-03-31": "1277.38000", "2014-12-31": "1204.52300", "2014-09-30": "1159.81900", "2014-06-30": "1081.11700", "2014-03-31": "1068.12500", "2013-12-31": "1012.45200", "2013-09-30": "980.47700", "2013-06-30": "902.23900", "2013-03-31": "875.77200", "2012-12-31": "791.86000", "2012-09-30": "781.19000", "2012-06-30": "713.27300", "2012-03-31": "630.29600", "2011-12-31": "567.54300", "2011-09-30": "497.63100", "2011-06-30": "598.33900", "2011-03-31": "559.26600", "2010-12-31": "573.02100", "2010-09-30": "594.45800", "2010-06-30": "571.05900", "2010-03-31": "672.51500", "2009-12-31": "643.85300", "2009-09-30": "607.65400", "2009-06-30": "577.13900", "2009-03-31": "551.19600", "2008-12-31": "529.01100", "2008-09-30": "482.89700", "2008-06-30": "426.25500", "2008-03-31": "371.19700", "2007-12-31": "343.19700", "2007-09-30": "359.27500", "2007-06-30": "556.49600", "2007-03-31": "688.51300", "2006-12-31": "759.73700", "2006-09-30": "703.11000", "2006-06-30": "721.89200", "2006-03-31": "860.47100", "2005-12-31": "817.02500", "2005-09-30": "788.89800", "2005-06-30": "835.83700", "2005-03-31": "800.40800"}, "Total Liabilities And Share Holders Equity": {"2020-12-31": "5947.20500", "2020-09-30": "5779.06200", "2020-06-30": "5553.63200", "2020-03-31": "5380.04200", "2019-12-31": "5470.85400", "2019-09-30": "5386.33700", "2019-06-30": "5420.73900", "2019-03-31": "5327.28200", "2018-12-31": "5091.64700", "2018-09-30": "4721.67100", "2018-06-30": "4589.24300", "2018-03-31": "4421.65700", "2017-12-31": "4465.34900", "2017-09-30": "4053.92300", "2017-06-30": "3778.38200", "2017-03-31": "3770.39500", "2016-12-31": "3950.72700", "2016-09-30": "3729.99400", "2016-06-30": "3697.36400", "2016-03-31": "3646.95800", "2015-12-31": "3629.54400", "2015-09-30": "3519.26400", "2015-06-30": "3485.35000", "2015-03-31": "3428.99700", "2014-12-31": "3378.48600", "2014-09-30": "3158.91800", "2014-06-30": "3091.35900", "2014-03-31": "3115.72500", "2013-12-31": "2819.40400", "2013-09-30": "2712.43400", "2013-06-30": "2656.31600", "2013-03-31": "2586.11900", "2012-12-31": "2464.64100", "2012-09-30": "2438.34200", "2012-06-30": "2365.27600", "2012-03-31": "2322.86200", "2011-12-31": "2267.33200", "2011-09-30": "2162.65600", "2011-06-30": "2120.86100", "2011-03-31": "2040.37200", "2010-12-31": "1961.66000", "2010-09-30": "1956.00900", "2010-06-30": "1900.94100", "2010-03-31": "1889.13300", "2009-12-31": "1856.91400", "2009-09-30": "1858.09500", "2009-06-30": "1820.88600", "2009-03-31": "1781.37700", "2008-12-31": "1793.45300", "2008-09-30": "1803.83100", "2008-06-30": "1859.81500", "2008-03-31": "1858.06900", "2007-12-31": "1862.74600", "2007-09-30": "1826.15200", "2007-06-30": "1831.87100", "2007-03-31": "1773.38600", "2006-12-31": "1770.05700", "2006-09-30": "1710.81000", "2006-06-30": "1544.52400", "2006-03-31": "1522.90100", "2005-12-31": "1548.87400", "2005-09-30": "1490.06000", "2005-06-30": "1465.54700", "2005-03-31": "1478.76100"}}, "cash flow statement": {"Net Income/Loss": {"2020-12-31": "0.00000", "2019-12-31": "516.32000", "2018-12-31": "489.58500", "2017-12-31": "686.26300", "2016-12-31": "432.09000", "2015-12-31": "427.23500", "2014-12-31": "374.79200", "2013-12-31": "342.38200", "2012-12-31": "310.35400", "2011-12-31": "257.00600", "2010-12-31": "199.61700", "2009-12-31": "136.43500", "2008-12-31": "200.59300", "2007-12-31": "213.13400", "2006-12-31": "219.95200", "2005-12-31": "207.31100"}, "Total Depreciation And Amortization - Cash Flow": {"2020-12-31": "", "2019-12-31": "499.14500", "2018-12-31": "435.89300", "2017-12-31": "383.51800", "2016-12-31": "361.51000", "2015-12-31": "339.61300", "2014-12-31": "294.49600", "2013-12-31": "253.38000", "2012-12-31": "229.16600", "2011-12-31": "213.94300", "2010-12-31": "197.06200", "2009-12-31": "189.04500", "2008-12-31": "202.28800", "2007-12-31": "205.13300", "2006-12-31": "183.60400", "2005-12-31": "163.03400"}, "Other Non-Cash Items": {"2020-12-31": "", "2019-12-31": "161.51500", "2018-12-31": "161.06700", "2017-12-31": "-182.86300", "2016-12-31": "96.52900", "2015-12-31": "116.37400", "2014-12-31": "108.33400", "2013-12-31": "75.09600", "2012-12-31": "33.66500", "2011-12-31": "130.44300", "2010-12-31": "59.95400", "2009-12-31": "57.32700", "2008-12-31": "38.29600", "2007-12-31": "22.94800", "2006-12-31": "12.37600", "2005-12-31": "27.93800"}, "Total Non-Cash Items": {"2020-12-31": "", "2019-12-31": "660.66000", "2018-12-31": "596.96000", "2017-12-31": "200.65500", "2016-12-31": "458.03900", "2015-12-31": "455.98700", "2014-12-31": "402.83000", "2013-12-31": "328.47600", "2012-12-31": "262.83100", "2011-12-31": "344.38600", "2010-12-31": "257.01600", "2009-12-31": "246.37200", "2008-12-31": "240.58400", "2007-12-31": "228.08100", "2006-12-31": "195.98000", "2005-12-31": "190.97200"}, "Change In Accounts Receivable": {"2020-12-31": "", "2019-12-31": "50.31000", "2018-12-31": "-130.93100", "2017-12-31": "-166.11100", "2016-12-31": "-120.99400", "2015-12-31": "8.01100", "2014-12-31": "-72.33900", "2013-12-31": "-102.50800", "2012-12-31": "-54.53200", "2011-12-31": "-60.29200", "2010-12-31": "-40.84800", "2009-12-31": "-30.18000", "2008-12-31": "50.04300", "2007-12-31": "16.04900", "2006-12-31": "-2.75000", "2005-12-31": "-54.35500"}, "Change In Inventories": {"2020-12-31": "", "2019-12-31": "", "2018-12-31": "", "2017-12-31": "", "2016-12-31": "", "2015-12-31": "", "2014-12-31": "", "2013-12-31": "", "2012-12-31": "", "2011-12-31": "", "2010-12-31": "", "2009-12-31": "", "2008-12-31": "", "2007-12-31": "", "2006-12-31": "", "2005-12-31": ""}, "Change In Accounts Payable": {"2020-12-31": "", "2019-12-31": "-85.32700", "2018-12-31": "98.03700", "2017-12-31": "85.23700", "2016-12-31": "60.81800", "2015-12-31": "8.60000", "2014-12-31": "15.28400", "2013-12-31": "11.53000", "2012-12-31": "15.09700", "2011-12-31": "56.17900", "2010-12-31": "1.88300", "2009-12-31": "13.89100", "2008-12-31": "-16.46000", "2007-12-31": "14.99300", "2006-12-31": "7.92300", "2005-12-31": "-28.14700"}, "Change In Assets/Liabilities": {"2020-12-31": "", "2019-12-31": "-4.97500", "2018-12-31": "-6.13300", "2017-12-31": "69.46200", "2016-12-31": "-37.10100", "2015-12-31": "-26.49300", "2014-12-31": "-42.73000", "2013-12-31": "-23.25400", "2012-12-31": "-4.82600", "2011-12-31": "1.29800", "2010-12-31": "-9.42600", "2009-12-31": "2.50100", "2008-12-31": "31.67200", "2007-12-31": "12.31700", "2006-12-31": "20.21800", "2005-12-31": "8.05200"}, "Total Change In Assets/Liabilities": {"2020-12-31": "", "2019-12-31": "-78.63300", "2018-12-31": "1.29600", "2017-12-31": "-31.76500", "2016-12-31": "-35.98600", "2015-12-31": "-9.91400", "2014-12-31": "-130.84300", "2013-12-31": "-96.50700", "2012-12-31": "-25.14100", "2011-12-31": "34.30000", "2010-12-31": "-28.55500", "2009-12-31": "-25.88400", "2008-12-31": "63.96900", "2007-12-31": "16.59000", "2006-12-31": "7.13100", "2005-12-31": "-66.43100"}, "Cash Flow From Operating Activities": {"2020-12-31": "", "2019-12-31": "1098.34700", "2018-12-31": "1087.84100", "2017-12-31": "855.15300", "2016-12-31": "854.14300", "2015-12-31": "873.30800", "2014-12-31": "646.77900", "2013-12-31": "574.35100", "2012-12-31": "548.04400", "2011-12-31": "635.69200", "2010-12-31": "428.07800", "2009-12-31": "356.92300", "2008-12-31": "505.14600", "2007-12-31": "457.80500", "2006-12-31": "423.06300", "2005-12-31": "331.85200"}, "Net Change In Property, Plant, And Equipment": {"2020-12-31": "", "2019-12-31": "-688.19700", "2018-12-31": "-885.48500", "2017-12-31": "-510.51500", "2016-12-31": "-485.25600", "2015-12-31": "-556.43600", "2014-12-31": "-659.71000", "2013-12-31": "-442.50400", "2012-12-31": "-369.67900", "2011-12-31": "-445.86900", "2010-12-31": "-225.93200", "2009-12-31": "-241.77300", "2008-12-31": "-210.88100", "2007-12-31": "-330.63500", "2006-12-31": "-410.20300", "2005-12-31": "-203.90600"}, "Net Change In Intangible Assets": {"2020-12-31": "", "2019-12-31": "", "2018-12-31": "", "2017-12-31": "", "2016-12-31": "", "2015-12-31": "", "2014-12-31": "", "2013-12-31": "", "2012-12-31": "", "2011-12-31": "", "2010-12-31": "", "2009-12-31": "", "2008-12-31": "", "2007-12-31": "", "2006-12-31": "", "2005-12-31": ""}, "Net Acquisitions/Divestitures": {"2020-12-31": "", "2019-12-31": "-115.65400", "2018-12-31": "", "2017-12-31": "-136.87900", "2016-12-31": "", "2015-12-31": "", "2014-12-31": "", "2013-12-31": "", "2012-12-31": "", "2011-12-31": "", "2010-12-31": "", "2009-12-31": "", "2008-12-31": "", "2007-12-31": "", "2006-12-31": "", "2005-12-31": ""}, "Net Change In Short-term Investments": {"2020-12-31": "", "2019-12-31": "", "2018-12-31": "", "2017-12-31": "", "2016-12-31": "", "2015-12-31": "", "2014-12-31": "", "2013-12-31": "", "2012-12-31": "", "2011-12-31": "", "2010-12-31": "", "2009-12-31": "7.64600", "2008-12-31": "6.27500", "2007-12-31": "-8.75600", "2006-12-31": "", "2005-12-31": ""}, "Net Change In Long-Term Investments": {"2020-12-31": "", "2019-12-31": "", "2018-12-31": "", "2017-12-31": "", "2016-12-31": "", "2015-12-31": "", "2014-12-31": "", "2013-12-31": "", "2012-12-31": "", "2011-12-31": "", "2010-12-31": "", "2009-12-31": "", "2008-12-31": "", "2007-12-31": "", "2006-12-31": "", "2005-12-31": ""}, "Net Change In Investments - Total": {"2020-12-31": "", "2019-12-31": "", "2018-12-31": "", "2017-12-31": "", "2016-12-31": "", "2015-12-31": "", "2014-12-31": "", "2013-12-31": "", "2012-12-31": "", "2011-12-31": "", "2010-12-31": "", "2009-12-31": "7.64600", "2008-12-31": "6.27500", "2007-12-31": "-8.75600", "2006-12-31": "", "2005-12-31": ""}, "Investing Activities - Other": {"2020-12-31": "", "2019-12-31": "-0.11100", "2018-12-31": "-1.28800", "2017-12-31": "-3.88800", "2016-12-31": "-0.13200", "2015-12-31": "-20.09600", "2014-12-31": "0.02900", "2013-12-31": "-0.03700", "2012-12-31": "0.08500", "2011-12-31": "0.34000", "2010-12-31": "-0.08400", "2009-12-31": "-9.82400", "2008-12-31": "2.30200", "2007-12-31": "-1.09600", "2006-12-31": "-0.55800", "2005-12-31": "-8.73800"}, "Cash Flow From Investing Activities": {"2020-12-31": "", "2019-12-31": "-803.96200", "2018-12-31": "-886.77300", "2017-12-31": "-651.28200", "2016-12-31": "-485.38800", "2015-12-31": "-576.53200", "2014-12-31": "-659.68100", "2013-12-31": "-442.54100", "2012-12-31": "-369.59400", "2011-12-31": "-445.52900", "2010-12-31": "-226.01600", "2009-12-31": "-243.95100", "2008-12-31": "-202.30400", "2007-12-31": "-340.48700", "2006-12-31": "-410.76100", "2005-12-31": "-212.64400"}, "Net Long-Term Debt": {"2020-12-31": "", "2019-12-31": "450.00000", "2018-12-31": "", "2017-12-31": "", "2016-12-31": "", "2015-12-31": "99.12900", "2014-12-31": "249.64200", "2013-12-31": "-100.00000", "2012-12-31": "-50.00000", "2011-12-31": "", "2010-12-31": "249.20700", "2009-12-31": "-68.50000", "2008-12-31": "-14.00000", "2007-12-31": "386.00000", "2006-12-31": "96.50000", "2005-12-31": ""}, "Net Current Debt": {"2020-12-31": "", "2019-12-31": "-312.98600", "2018-12-31": "66.81520", "2017-12-31": "103.65410", "2016-12-31": "-8.93800", "2015-12-31": "-27.66600", "2014-12-31": "-18.55590", "2013-12-31": "122.57600", "2012-12-31": "-12.55910", "2011-12-31": "96.96100", "2010-12-31": "-159.61500", "2009-12-31": "1.34400", "2008-12-31": "-273.06800", "2007-12-31": "135.02200", "2006-12-31": "175.90000", "2005-12-31": "124.00000"}, "Debt Issuance/Retirement Net - Total": {"2020-12-31": "", "2019-12-31": "137.01400", "2018-12-31": "66.81520", "2017-12-31": "103.65410", "2016-12-31": "-8.93800", "2015-12-31": "71.46300", "2014-12-31": "231.08610", "2013-12-31": "22.57610", "2012-12-31": "-62.55910", "2011-12-31": "96.96100", "2010-12-31": "89.59200", "2009-12-31": "-67.15600", "2008-12-31": "-287.06800", "2007-12-31": "521.02200", "2006-12-31": "272.40000", "2005-12-31": "124.00000"}, "Net Common Equity Issued/Repurchased": {"2020-12-31": "", "2019-12-31": "-292.18200", "2018-12-31": "-169.90100", "2017-12-31": "-197.92800", "2016-12-31": "-267.06000", "2015-12-31": "-284.14700", "2014-12-31": "-141.09500", "2013-12-31": "-123.28300", "2012-12-31": "-52.41100", "2011-12-31": "-242.64400", "2010-12-31": "-244.09000", "2009-12-31": "5.14400", "2008-12-31": "6.93300", "2007-12-31": "-595.79190", "2006-12-31": "-249.37600", "2005-12-31": "-232.55700"}, "Net Total Equity Issued/Repurchased": {"2020-12-31": "", "2019-12-31": "-292.18200", "2018-12-31": "-169.90100", "2017-12-31": "-197.92800", "2016-12-31": "-267.06000", "2015-12-31": "-284.14700", "2014-12-31": "-141.09500", "2013-12-31": "-123.28300", "2012-12-31": "-52.41100", "2011-12-31": "-242.64400", "2010-12-31": "-244.09000", "2009-12-31": "5.14400", "2008-12-31": "6.93300", "2007-12-31": "-595.79190", "2006-12-31": "-249.37600", "2005-12-31": "-232.55700"}, "Total Common And Preferred Stock Dividends Paid": {"2020-12-31": "", "2019-12-31": "-111.81700", "2018-12-31": "-104.99400", "2017-12-31": "-101.36200", "2016-12-31": "-98.99000", "2015-12-31": "-97.36400", "2014-12-31": "-93.60400", "2013-12-31": "-52.81100", "2012-12-31": "-83.43100", "2011-12-31": "-62.24300", "2010-12-31": "-59.91000", "2009-12-31": "-55.69200", "2008-12-31": "-50.14400", "2007-12-31": "-48.84700", "2006-12-31": "-47.73400", "2005-12-31": "-37.95500"}, "Financial Activities - Other": {"2020-12-31": "", "2019-12-31": "", "2018-12-31": "", "2017-12-31": "", "2016-12-31": "7.04400", "2015-12-31": "12.87700", "2014-12-31": "16.64500", "2013-12-31": "21.95000", "2012-12-31": "20.09000", "2011-12-31": "15.56200", "2010-12-31": "12.15400", "2009-12-31": "10.20200", "2008-12-31": "14.85300", "2007-12-31": "13.88500", "2006-12-31": "12.36700", "2005-12-31": ""}, "Cash Flow From Financial Activities": {"2020-12-31": "", "2019-12-31": "-266.98500", "2018-12-31": "-208.08000", "2017-12-31": "-195.63600", "2016-12-31": "-367.94400", "2015-12-31": "-297.17100", "2014-12-31": "13.03200", "2013-12-31": "-131.56800", "2012-12-31": "-178.31100", "2011-12-31": "-192.36400", "2010-12-31": "-202.25400", "2009-12-31": "-107.50200", "2008-12-31": "-315.42600", "2007-12-31": "-109.73200", "2006-12-31": "-12.34300", "2005-12-31": "-146.51200"}, "Net Cash Flow": {"2020-12-31": "", "2019-12-31": "27.40000", "2018-12-31": "-7.01200", "2017-12-31": "8.23500", "2016-12-31": "0.81100", "2015-12-31": "-0.39500", "2014-12-31": "0.13000", "2013-12-31": "0.24200", "2012-12-31": "0.13900", "2011-12-31": "-2.20100", "2010-12-31": "-0.19200", "2009-12-31": "5.47000", "2008-12-31": "-12.58400", "2007-12-31": "7.58600", "2006-12-31": "-0.04100", "2005-12-31": "-27.30400"}, "Stock-Based Compensation": {"2020-12-31": "", "2019-12-31": "53.32400", "2018-12-31": "47.36900", "2017-12-31": "38.29100", "2016-12-31": "40.62500", "2015-12-31": "37.22800", "2014-12-31": "35.33300", "2013-12-31": "32.35400", "2012-12-31": "29.71500", "2011-12-31": "26.84100", "2010-12-31": "21.39700", "2009-12-31": "17.56600", "2008-12-31": "13.77300", "2007-12-31": "9.38900", "2006-12-31": "7.17100", "2005-12-31": ""}, "Common Stock Dividends Paid": {"2020-12-31": "", "2019-12-31": "-111.81700", "2018-12-31": "-104.99400", "2017-12-31": "-101.36200", "2016-12-31": "-98.99000", "2015-12-31": "-97.36400", "2014-12-31": "-93.60400", "2013-12-31": "-52.81100", "2012-12-31": "-83.43100", "2011-12-31": "-62.24300", "2010-12-31": "-59.91000", "2009-12-31": "-55.69200", "2008-12-31": "-50.14400", "2007-12-31": "-48.84700", "2006-12-31": "-47.73400", "2005-12-31": "-37.95500"}}, "cash flow statement, quarterly": {"Net Income/Loss": {"2020-12-31": -352.028, "2020-09-30": 125.496, "2020-06-30": 121.698, "2020-03-31": "104.83400", "2019-12-31": 144.676, "2019-09-30": 118.41, "2019-06-30": 133.633, "2019-03-31": "119.60100", "2018-12-31": 88.681, "2018-09-30": 131.11, "2018-06-30": 151.652, "2018-03-31": "118.14200", "2017-12-31": 385.307, "2017-09-30": 100.385, "2017-06-30": 97.869, "2017-03-31": "102.70200", "2016-12-31": 117.556, "2016-09-30": 109.425, "2016-06-30": 105.011, "2016-03-31": "100.09800", "2015-12-31": 116.745, "2015-09-30": 115.139, "2015-06-30": 103.419, "2015-03-31": "91.93200", "2014-12-31": 110.306, "2014-09-30": 102.415, "2014-06-30": 93.407, "2014-03-31": "68.66400", "2013-12-31": 91.864, "2013-09-30": 89.473, "2013-06-30": 87.696, "2013-03-31": "73.34900", "2012-12-31": 83.977, "2012-09-30": 78.241, "2012-06-30": 80.452, "2012-03-31": "67.68400", "2011-12-31": 72.565, "2011-09-30": 68.65, "2011-06-30": 65.696, "2011-03-31": "50.09500", "2010-12-31": 57.853, "2010-09-30": 52.17, "2010-06-30": 52.112, "2010-03-31": "37.48200", "2009-12-31": 41.665, "2009-09-30": 39.963, "2009-06-30": 24.049, "2009-03-31": "30.75800", "2008-12-31": 53.276, "2008-09-30": 60.3, "2008-06-30": 50.604, "2008-03-31": "36.41300", "2007-12-31": 54.323, "2007-09-30": 50.783, "2007-06-30": 63.858, "2007-03-31": "44.17000", "2006-12-31": 57.804, "2006-09-30": 57.834, "2006-06-30": 55.334, "2006-03-31": "48.98000", "2005-12-31": 65.338, "2005-09-30": 39.843, "2005-06-30": 54.631, "2005-03-31": "47.49900"}, "Total Depreciation And Amortization - Cash Flow": {"2020-12-31": -392.786, "2020-09-30": 132.393, "2020-06-30": 130.298, "2020-03-31": "130.09500", "2019-12-31": 128.417, "2019-09-30": 126.804, "2019-06-30": 123.994, "2019-03-31": "119.93000", "2018-12-31": 114.086, "2018-09-30": 108.801, "2018-06-30": 107.423, "2018-03-31": "105.58300", "2017-12-31": 102.32, "2017-09-30": 95.96, "2017-06-30": 93.049, "2017-03-31": "92.18900", "2016-12-31": 91.793, "2016-09-30": 91.001, "2016-06-30": 90.364, "2016-03-31": "88.35200", "2015-12-31": 88.374, "2015-09-30": 86.201, "2015-06-30": 83.66, "2015-03-31": "81.37800", "2014-12-31": 78.387, "2014-09-30": 75.416, "2014-06-30": 71.726, "2014-03-31": "68.96700", "2013-12-31": 66.076, "2013-09-30": 64.291, "2013-06-30": 62.283, "2013-03-31": "60.73000", "2012-12-31": 59.046, "2012-09-30": 57.773, "2012-06-30": 56.227, "2012-03-31": "56.12000", "2011-12-31": 55.631, "2011-09-30": 54.404, "2011-06-30": 52.551, "2011-03-31": "51.35700", "2010-12-31": 50.094, "2010-09-30": 49.808, "2010-06-30": 49.148, "2010-03-31": "48.01200", "2009-12-31": 47.49, "2009-09-30": 47.098, "2009-06-30": 47.094, "2009-03-31": "47.36300", "2008-12-31": 50.354, "2008-09-30": 50.667, "2008-06-30": 50.728, "2008-03-31": "50.53900", "2007-12-31": 52.787, "2007-09-30": 52.299, "2007-06-30": 50.527, "2007-03-31": "49.52000", "2006-12-31": 49.742, "2006-09-30": 45.812, "2006-06-30": 44.52, "2006-03-31": "43.53000", "2005-12-31": 42.586, "2005-09-30": 41.107, "2005-06-30": 40.109, "2005-03-31": "39.23200"}, "Other Non-Cash Items": {"2020-12-31": -97.246, "2020-09-30": 36.565, "2020-06-30": 14.265, "2020-03-31": "46.41600", "2019-12-31": 80.901, "2019-09-30": -3.563, "2019-06-30": 34.84, "2019-03-31": "49.33700", "2018-12-31": 138.884, "2018-09-30": -21.273, "2018-06-30": 25.193, "2018-03-31": "18.26300", "2017-12-31": -175.731, "2017-09-30": 3.722, "2017-06-30": -25.661, "2017-03-31": "14.80700", "2016-12-31": 73.151, "2016-09-30": -2.921, "2016-06-30": 0.04, "2016-03-31": "26.25900", "2015-12-31": 96.016, "2015-09-30": 10.797, "2015-06-30": -21.858, "2015-03-31": "31.41900", "2014-12-31": 97.94, "2014-09-30": 14.362, "2014-06-30": -5.962, "2014-03-31": "1.99400", "2013-12-31": 40.321, "2013-09-30": 21.713, "2013-06-30": 0.834, "2013-03-31": "12.22800", "2012-12-31": 18.247, "2012-09-30": 21.923, "2012-06-30": 2.643, "2012-03-31": "-9.14800", "2011-12-31": 80.636, "2011-09-30": 30.254, "2011-06-30": 30.247, "2011-03-31": "-10.69400", "2010-12-31": 44.646, "2010-09-30": 3.156, "2010-06-30": -2.358, "2010-03-31": "14.51000", "2009-12-31": 8.326, "2009-09-30": 61.223, "2009-06-30": -14.873, "2009-03-31": "2.65100", "2008-12-31": -1.582, "2008-09-30": 34.597, "2008-06-30": -9.052, "2008-03-31": "14.33300", "2007-12-31": 18.27, "2007-09-30": 25.395, "2007-06-30": -14.346, "2007-03-31": "-6.37100", "2006-12-31": 8.545, "2006-09-30": 4.737, "2006-06-30": -14.719, "2006-03-31": "13.81300", "2005-12-31": 19.59, "2005-09-30": -0.671, "2005-06-30": -19.609, "2005-03-31": "28.62800"}, "Total Non-Cash Items": {"2020-12-31": -490.032, "2020-09-30": 168.958, "2020-06-30": 144.563, "2020-03-31": "176.51100", "2019-12-31": 209.318, "2019-09-30": 123.241, "2019-06-30": 158.834, "2019-03-31": "169.26700", "2018-12-31": 252.97, "2018-09-30": 87.528, "2018-06-30": 132.616, "2018-03-31": "123.84600", "2017-12-31": -73.411, "2017-09-30": 99.682, "2017-06-30": 67.388, "2017-03-31": "106.99600", "2016-12-31": 164.944, "2016-09-30": 88.08, "2016-06-30": 90.404, "2016-03-31": "114.61100", "2015-12-31": 184.39, "2015-09-30": 96.998, "2015-06-30": 61.802, "2015-03-31": "112.79700", "2014-12-31": 176.327, "2014-09-30": 89.778, "2014-06-30": 65.764, "2014-03-31": "70.96100", "2013-12-31": 106.397, "2013-09-30": 86.004, "2013-06-30": 63.117, "2013-03-31": "72.95800", "2012-12-31": 77.293, "2012-09-30": 79.696, "2012-06-30": 58.87, "2012-03-31": "46.97200", "2011-12-31": 136.267, "2011-09-30": 84.658, "2011-06-30": 82.798, "2011-03-31": "40.66300", "2010-12-31": 94.74, "2010-09-30": 52.964, "2010-06-30": 46.79, "2010-03-31": "62.52200", "2009-12-31": 55.816, "2009-09-30": 108.321, "2009-06-30": 32.221, "2009-03-31": "50.01400", "2008-12-31": 48.772, "2008-09-30": 85.264, "2008-06-30": 41.676, "2008-03-31": "64.87200", "2007-12-31": 71.057, "2007-09-30": 77.694, "2007-06-30": 36.181, "2007-03-31": "43.14900", "2006-12-31": 58.287, "2006-09-30": 50.549, "2006-06-30": 29.801, "2006-03-31": "57.34300", "2005-12-31": 62.176, "2005-09-30": 40.436, "2005-06-30": 20.5, "2005-03-31": "67.86000"}, "Change In Accounts Receivable": {"2020-12-31": 109.996, "2020-09-30": -171.189, "2020-06-30": 27.644, "2020-03-31": "33.54900", "2019-12-31": 40.731, "2019-09-30": -10.933, "2019-06-30": -37.597, "2019-03-31": "58.10900", "2018-12-31": 43.94, "2018-09-30": -76.016, "2018-06-30": -118.719, "2018-03-31": "19.86400", "2017-12-31": -52.679, "2017-09-30": -109.678, "2017-06-30": -41.609, "2017-03-31": "37.85500", "2016-12-31": -2.59, "2016-09-30": -42.701, "2016-06-30": -48.96, "2016-03-31": "-26.74300", "2015-12-31": 25.614, "2015-09-30": -6.157, "2015-06-30": -34.069, "2015-03-31": "22.62300", "2014-12-31": 30.44, "2014-09-30": -3.678, "2014-06-30": -32.509, "2014-03-31": "-66.59200", "2013-12-31": 16.395, "2013-09-30": -5.271, "2013-06-30": -50.31, "2013-03-31": "-63.32200", "2012-12-31": 38.241, "2012-09-30": -32.175, "2012-06-30": -24.371, "2012-03-31": "-36.22700", "2011-12-31": 13.155, "2011-09-30": 16.121, "2011-06-30": -37.833, "2011-03-31": "-51.73500", "2010-12-31": 19.934, "2010-09-30": -7.452, "2010-06-30": -22.009, "2010-03-31": "-31.32100", "2009-12-31": 29.653, "2009-09-30": -31.9, "2009-06-30": -29.653, "2009-03-31": "1.72000", "2008-12-31": 97.081, "2008-09-30": 2.618, "2008-06-30": -42.608, "2008-03-31": "-7.04800", "2007-12-31": 29.019, "2007-09-30": -8.22, "2007-06-30": -21.25, "2007-03-31": "16.50000", "2006-12-31": -2.778, "2006-09-30": -18.168, "2006-06-30": -17.992, "2006-03-31": "36.18800", "2005-12-31": -13.529, "2005-09-30": -18.173, "2005-06-30": -22.653, "2005-03-31": ""}, "Change In Inventories": {"2020-12-31": 0, "2020-09-30": 0, "2020-06-30": 0, "2020-03-31": "", "2019-12-31": 0, "2019-09-30": 0, "2019-06-30": 0, "2019-03-31": "", "2018-12-31": 0, "2018-09-30": 0, "2018-06-30": 0, "2018-03-31": "", "2017-12-31": 0, "2017-09-30": 0, "2017-06-30": 0, "2017-03-31": "", "2016-12-31": 0, "2016-09-30": 0, "2016-06-30": 0, "2016-03-31": "", "2015-12-31": 0, "2015-09-30": 0, "2015-06-30": 0, "2015-03-31": "", "2014-12-31": 0, "2014-09-30": 0, "2014-06-30": 0, "2014-03-31": "", "2013-12-31": 0, "2013-09-30": 0, "2013-06-30": 0, "2013-03-31": "", "2012-12-31": 0, "2012-09-30": 0, "2012-06-30": 0, "2012-03-31": "", "2011-12-31": 0, "2011-09-30": 0, "2011-06-30": 0, "2011-03-31": "", "2010-12-31": 0, "2010-09-30": 0, "2010-06-30": 0, "2010-03-31": "", "2009-12-31": 0, "2009-09-30": 0, "2009-06-30": 0, "2009-03-31": "", "2008-12-31": 0, "2008-09-30": 0, "2008-06-30": 0, "2008-03-31": "", "2007-12-31": 0, "2007-09-30": 0, "2007-06-30": 0, "2007-03-31": "", "2006-12-31": 0, "2006-09-30": 0, "2006-06-30": 0, "2006-03-31": "", "2005-12-31": 0, "2005-09-30": 0, "2005-06-30": 0, "2005-03-31": ""}, "Change In Accounts Payable": {"2020-12-31": -86.867, "2020-09-30": 76.341, "2020-06-30": 15.918, "2020-03-31": "-5.39200", "2019-12-31": -149.905, "2019-09-30": 31.563, "2019-06-30": 47.34, "2019-03-31": "-14.32500", "2018-12-31": 20.78, "2018-09-30": 43.541, "2018-06-30": 44.366, "2018-03-31": "-10.65000", "2017-12-31": -14.783, "2017-09-30": 86.751, "2017-06-30": 40.17, "2017-03-31": "-26.90100", "2016-12-31": 3.991, "2016-09-30": 45.56, "2016-06-30": -29.901, "2016-03-31": "41.16800", "2015-12-31": -19.044, "2015-09-30": 9.943, "2015-06-30": 15.959, "2015-03-31": "1.74200", "2014-12-31": -23.786, "2014-09-30": -7.788, "2014-06-30": 11.82, "2014-03-31": "35.03800", "2013-12-31": -25.866, "2013-09-30": -60.077, "2013-06-30": -10.773, "2013-03-31": "108.24600", "2012-12-31": -63.274, "2012-09-30": 27.947, "2012-06-30": -1.637, "2012-03-31": "52.06100", "2011-12-31": -26.494, "2011-09-30": 1.618, "2011-06-30": 22.301, "2011-03-31": "58.75400", "2010-12-31": -29.166, "2010-09-30": 21.735, "2010-06-30": 19.599, "2010-03-31": "-10.28500", "2009-12-31": 29.722, "2009-09-30": 3.489, "2009-06-30": 18.401, "2009-03-31": "-37.72100", "2008-12-31": -16.752, "2008-09-30": -10.569, "2008-06-30": 11.657, "2008-03-31": "-0.79600", "2007-12-31": -17.302, "2007-09-30": 22.899, "2007-06-30": 4.906, "2007-03-31": "4.49000", "2006-12-31": -6.579, "2006-09-30": 0.258, "2006-06-30": 9.059, "2006-03-31": "5.18500", "2005-12-31": -43.287, "2005-09-30": 66.487, "2005-06-30": -22.185, "2005-03-31": "-29.16200"}, "Change In Assets/Liabilities": {"2020-12-31": -7.91, "2020-09-30": 34.356, "2020-06-30": 33.583, "2020-03-31": "-60.02900", "2019-12-31": -21.331, "2019-09-30": 39.759, "2019-06-30": 31.018, "2019-03-31": "-54.42100", "2018-12-31": -10.78, "2018-09-30": 31.34, "2018-06-30": 22.496, "2018-03-31": "-49.18900", "2017-12-31": 11.232, "2017-09-30": 10.956, "2017-06-30": 12.211, "2017-03-31": "35.06300", "2016-12-31": -87.42, "2016-09-30": 16.818, "2016-06-30": 11.347, "2016-03-31": "22.15400", "2015-12-31": -62.084, "2015-09-30": 20.627, "2015-06-30": 9.286, "2015-03-31": "5.67800", "2014-12-31": -71.856, "2014-09-30": 3.685, "2014-06-30": 17.182, "2014-03-31": "8.25900", "2013-12-31": -41.144, "2013-09-30": 6.884, "2013-06-30": 15.172, "2013-03-31": "-4.16600", "2012-12-31": -25.661, "2012-09-30": 8.058, "2012-06-30": 16.929, "2012-03-31": "-4.15200", "2011-12-31": -30.632, "2011-09-30": 7.66, "2011-06-30": 11.005, "2011-03-31": "13.26500", "2010-12-31": -34.104, "2010-09-30": 5.383, "2010-06-30": 18.148, "2010-03-31": "1.14700", "2009-12-31": -45.579, "2009-09-30": 9.618, "2009-06-30": 20.932, "2009-03-31": "17.53000", "2008-12-31": -25.397, "2008-09-30": 14.406, "2008-06-30": 23.557, "2008-03-31": "19.10600", "2007-12-31": -45.285, "2007-09-30": 17.867, "2007-06-30": 24.127, "2007-03-31": "15.60800", "2006-12-31": -28.05, "2006-09-30": 8.249, "2006-06-30": 23.922, "2006-03-31": "16.09700", "2005-12-31": -30.207, "2005-09-30": 8.052, "2005-06-30": 20.456, "2005-03-31": "9.75100"}, "Total Change In Assets/Liabilities": {"2020-12-31": -68.934, "2020-09-30": -23.41, "2020-06-30": 124.526, "2020-03-31": "-32.18200", "2019-12-31": -193.242, "2019-09-30": 89.283, "2019-06-30": 63.453, "2019-03-31": "-38.12700", "2018-12-31": -31.413, "2018-09-30": 29.932, "2018-06-30": -16.853, "2018-03-31": "19.63000", "2017-12-31": -85.292, "2017-09-30": -14.965, "2017-06-30": -7.443, "2017-03-31": "75.93500", "2016-12-31": -112.32, "2016-09-30": 12.32, "2016-06-30": -26.173, "2016-03-31": "90.18700", "2015-12-31": -124.787, "2015-09-30": 31.286, "2015-06-30": 32.773, "2015-03-31": "50.81400", "2014-12-31": -126.219, "2014-09-30": -6.829, "2014-06-30": -17.215, "2014-03-31": "19.42000", "2013-12-31": -35.138, "2013-09-30": -57.82, "2013-06-30": -64.001, "2013-03-31": "60.45200", "2012-12-31": -30.565, "2012-09-30": -1.177, "2012-06-30": -25.015, "2012-03-31": "31.61600", "2011-12-31": -61.349, "2011-09-30": 27.228, "2011-06-30": 22.596, "2011-03-31": "45.82500", "2010-12-31": -54.752, "2010-09-30": 16.273, "2010-06-30": 23.253, "2010-03-31": "-13.32900", "2009-12-31": 11.282, "2009-09-30": -50.762, "2009-06-30": 21.046, "2009-03-31": "-7.45000", "2008-12-31": 53.42, "2008-09-30": 0.603, "2008-06-30": -5.657, "2008-03-31": "15.60300", "2007-12-31": -30.528, "2007-09-30": 23.831, "2007-06-30": -43.589, "2007-03-31": "66.87600", "2006-12-31": -58.216, "2006-09-30": 7.503, "2006-06-30": 12.391, "2006-03-31": "45.45300", "2005-12-31": -74.613, "2005-09-30": 67.448, "2005-06-30": 0.826, "2005-03-31": "-60.09200"}, "Cash Flow From Operating Activities": {"2020-12-31": -910.994, "2020-09-30": 271.044, "2020-06-30": 390.787, "2020-03-31": "249.16300", "2019-12-31": 160.752, "2019-09-30": 330.934, "2019-06-30": 355.92, "2019-03-31": "250.74100", "2018-12-31": 310.238, "2018-09-30": 248.57, "2018-06-30": 267.415, "2018-03-31": "261.61800", "2017-12-31": 226.604, "2017-09-30": 185.102, "2017-06-30": 157.814, "2017-03-31": "285.63300", "2016-12-31": 170.18, "2016-09-30": 209.825, "2016-06-30": 169.242, "2016-03-31": "304.89600", "2015-12-31": 176.348, "2015-09-30": 243.423, "2015-06-30": 197.994, "2015-03-31": "255.54300", "2014-12-31": 160.414, "2014-09-30": 185.364, "2014-06-30": 141.956, "2014-03-31": "159.04500", "2013-12-31": 163.123, "2013-09-30": 117.657, "2013-06-30": 86.812, "2013-03-31": "206.75900", "2012-12-31": 130.705, "2012-09-30": 156.76, "2012-06-30": 114.307, "2012-03-31": "146.27200", "2011-12-31": 147.483, "2011-09-30": 180.536, "2011-06-30": 171.09, "2011-03-31": "136.58300", "2010-12-31": 97.841, "2010-09-30": 121.407, "2010-06-30": 122.155, "2010-03-31": "86.67500", "2009-12-31": 108.763, "2009-09-30": 97.522, "2009-06-30": 77.316, "2009-03-31": "73.32200", "2008-12-31": 155.468, "2008-09-30": 146.167, "2008-06-30": 86.623, "2008-03-31": "116.88800", "2007-12-31": 94.852, "2007-09-30": 152.308, "2007-06-30": 56.45, "2007-03-31": "154.19500", "2006-12-31": 57.875, "2006-09-30": 115.886, "2006-06-30": 97.526, "2006-03-31": "151.77600", "2005-12-31": 52.901, "2005-09-30": 147.727, "2005-06-30": 75.957, "2005-03-31": "55.26700"}, "Net Change In Property, Plant, And Equipment": {"2020-12-31": 448.721, "2020-09-30": -184.107, "2020-06-30": -135.878, "2020-03-31": "-128.73600", "2019-12-31": -101.5901, "2019-09-30": -111.2759, "2019-06-30": -263.185, "2019-03-31": "-212.14600", "2018-12-31": -300.508, "2018-09-30": -230.846, "2018-06-30": -175.086, "2018-03-31": "-179.04500", "2017-12-31": -195.677, "2017-09-30": -149.746, "2017-06-30": -74.085, "2017-03-31": "-91.00700", "2016-12-31": -126.502, "2016-09-30": -100.796, "2016-06-30": -143.5, "2016-03-31": "-114.45800", "2015-12-31": -125.776, "2015-09-30": -131.414, "2015-06-30": -157.902, "2015-03-31": "-141.34400", "2014-12-31": -180.485, "2014-09-30": -126.373, "2014-06-30": -194.64, "2014-03-31": "-158.21200", "2013-12-31": -108.88, "2013-09-30": -121.932, "2013-06-30": -96.634, "2013-03-31": "-115.05800", "2012-12-31": -90.642, "2012-09-30": -108.157, "2012-06-30": -87.098, "2012-03-31": "-83.78200", "2011-12-31": -121.603, "2011-09-30": -113.303, "2011-06-30": -98.617, "2011-03-31": "-112.34600", "2010-12-31": -80.572, "2010-09-30": -41.415, "2010-06-30": -56.272, "2010-03-31": "-47.67300", "2009-12-31": -40.466, "2009-09-30": -66.615, "2009-06-30": -88.098, "2009-03-31": "-46.59400", "2008-12-31": -88.499, "2008-09-30": -11.982, "2008-06-30": -49.948, "2008-03-31": "-60.45200", "2007-12-31": -62.264, "2007-09-30": -58.339, "2007-06-30": -115.474, "2007-03-31": "-94.55800", "2006-12-31": -76.011, "2006-09-30": -194.349, "2006-06-30": -72.453, "2006-03-31": "-67.39000", "2005-12-31": -62.691, "2005-09-30": -57.106, "2005-06-30": -46.774, "2005-03-31": "-37.33500"}, "Net Change In Intangible Assets": {"2020-12-31": 0, "2020-09-30": 0, "2020-06-30": 0, "2020-03-31": "", "2019-12-31": 0, "2019-09-30": 0, "2019-06-30": 0, "2019-03-31": "", "2018-12-31": 0, "2018-09-30": 0, "2018-06-30": 0, "2018-03-31": "", "2017-12-31": 0, "2017-09-30": 0, "2017-06-30": 0, "2017-03-31": "", "2016-12-31": 0, "2016-09-30": 0, "2016-06-30": 0, "2016-03-31": "", "2015-12-31": 0, "2015-09-30": 0, "2015-06-30": 0, "2015-03-31": "", "2014-12-31": 0, "2014-09-30": 0, "2014-06-30": 0, "2014-03-31": "", "2013-12-31": 0, "2013-09-30": 0, "2013-06-30": 0, "2013-03-31": "", "2012-12-31": 0, "2012-09-30": 0, "2012-06-30": 0, "2012-03-31": "", "2011-12-31": 0, "2011-09-30": 0, "2011-06-30": 0, "2011-03-31": "", "2010-12-31": 0, "2010-09-30": 0, "2010-06-30": 0, "2010-03-31": "", "2009-12-31": 0, "2009-09-30": 0, "2009-06-30": 0, "2009-03-31": "", "2008-12-31": 0, "2008-09-30": 0, "2008-06-30": 0, "2008-03-31": "", "2007-12-31": 0, "2007-09-30": 0, "2007-06-30": 0, "2007-03-31": "", "2006-12-31": 0, "2006-09-30": 0, "2006-06-30": 0, "2006-03-31": "", "2005-12-31": 0, "2005-09-30": 0, "2005-06-30": 0, "2005-03-31": ""}, "Net Acquisitions/Divestitures": {"2020-12-31": 0, "2020-09-30": 0, "2020-06-30": 0, "2020-03-31": "", "2019-12-31": -17.422, "2019-09-30": 0.311, "2019-06-30": 0, "2019-03-31": "-98.54300", "2018-12-31": 0, "2018-09-30": 0, "2018-06-30": 0, "2018-03-31": "", "2017-12-31": 0.751, "2017-09-30": -137.63, "2017-06-30": 0, "2017-03-31": "", "2016-12-31": 0, "2016-09-30": 0, "2016-06-30": 0, "2016-03-31": "", "2015-12-31": 0, "2015-09-30": 0, "2015-06-30": 0, "2015-03-31": "", "2014-12-31": 0, "2014-09-30": 0, "2014-06-30": 0, "2014-03-31": "", "2013-12-31": 0, "2013-09-30": 0, "2013-06-30": 0, "2013-03-31": "", "2012-12-31": 0, "2012-09-30": 0, "2012-06-30": 0, "2012-03-31": "", "2011-12-31": 0, "2011-09-30": 0, "2011-06-30": 0, "2011-03-31": "", "2010-12-31": 0, "2010-09-30": 0, "2010-06-30": 0, "2010-03-31": "", "2009-12-31": 0, "2009-09-30": 0, "2009-06-30": 0, "2009-03-31": "", "2008-12-31": 0, "2008-09-30": 0, "2008-06-30": 0, "2008-03-31": "", "2007-12-31": 0, "2007-09-30": 0, "2007-06-30": 0, "2007-03-31": "", "2006-12-31": 0, "2006-09-30": 0, "2006-06-30": 0, "2006-03-31": "", "2005-12-31": 0, "2005-09-30": 0, "2005-06-30": 0, "2005-03-31": ""}, "Net Change In Short-term Investments": {"2020-12-31": 0, "2020-09-30": 0, "2020-06-30": 0, "2020-03-31": "", "2019-12-31": 0, "2019-09-30": 0, "2019-06-30": 0, "2019-03-31": "", "2018-12-31": 0, "2018-09-30": 0, "2018-06-30": 0, "2018-03-31": "", "2017-12-31": 0, "2017-09-30": 0, "2017-06-30": 0, "2017-03-31": "", "2016-12-31": 0, "2016-09-30": 0, "2016-06-30": 0, "2016-03-31": "", "2015-12-31": 0, "2015-09-30": 0, "2015-06-30": 0, "2015-03-31": "", "2014-12-31": 0, "2014-09-30": 0, "2014-06-30": 0, "2014-03-31": "", "2013-12-31": 0, "2013-09-30": 0, "2013-06-30": 0, "2013-03-31": "", "2012-12-31": 0, "2012-09-30": 0, "2012-06-30": 0, "2012-03-31": "", "2011-12-31": 0, "2011-09-30": 0, "2011-06-30": 0, "2011-03-31": "", "2010-12-31": 0, "2010-09-30": 0, "2010-06-30": 0, "2010-03-31": "", "2009-12-31": 5.641, "2009-09-30": 1.27, "2009-06-30": 0.185, "2009-03-31": "0.55000", "2008-12-31": 0.819, "2008-09-30": 1.317, "2008-06-30": 1.203, "2008-03-31": "2.93600", "2007-12-31": -8.756, "2007-09-30": 0, "2007-06-30": 0, "2007-03-31": "0.00000", "2006-12-31": 0, "2006-09-30": 0, "2006-06-30": 0, "2006-03-31": "", "2005-12-31": 0, "2005-09-30": 0, "2005-06-30": 0, "2005-03-31": ""}, "Net Change In Long-Term Investments": {"2020-12-31": 0, "2020-09-30": 0, "2020-06-30": 0, "2020-03-31": "", "2019-12-31": 0, "2019-09-30": 0, "2019-06-30": 0, "2019-03-31": "", "2018-12-31": 0, "2018-09-30": 0, "2018-06-30": 0, "2018-03-31": "", "2017-12-31": 0, "2017-09-30": 0, "2017-06-30": 0, "2017-03-31": "", "2016-12-31": 0, "2016-09-30": 0, "2016-06-30": 0, "2016-03-31": "", "2015-12-31": 0, "2015-09-30": 0, "2015-06-30": 0, "2015-03-31": "", "2014-12-31": 0, "2014-09-30": 0, "2014-06-30": 0, "2014-03-31": "", "2013-12-31": 0, "2013-09-30": 0, "2013-06-30": 0, "2013-03-31": "", "2012-12-31": 0, "2012-09-30": 0, "2012-06-30": 0, "2012-03-31": "", "2011-12-31": 0, "2011-09-30": 0, "2011-06-30": 0, "2011-03-31": "", "2010-12-31": 0, "2010-09-30": 0, "2010-06-30": 0, "2010-03-31": "", "2009-12-31": 0, "2009-09-30": 0, "2009-06-30": 0, "2009-03-31": "", "2008-12-31": 0, "2008-09-30": 0, "2008-06-30": 0, "2008-03-31": "", "2007-12-31": 0, "2007-09-30": 0, "2007-06-30": 0, "2007-03-31": "", "2006-12-31": 0, "2006-09-30": 0, "2006-06-30": 0, "2006-03-31": "", "2005-12-31": 0, "2005-09-30": 0, "2005-06-30": 0, "2005-03-31": ""}, "Net Change In Investments - Total": {"2020-12-31": 0, "2020-09-30": 0, "2020-06-30": 0, "2020-03-31": "", "2019-12-31": 0, "2019-09-30": 0, "2019-06-30": 0, "2019-03-31": "", "2018-12-31": 0, "2018-09-30": 0, "2018-06-30": 0, "2018-03-31": "", "2017-12-31": 0, "2017-09-30": 0, "2017-06-30": 0, "2017-03-31": "", "2016-12-31": 0, "2016-09-30": 0, "2016-06-30": 0, "2016-03-31": "", "2015-12-31": 0, "2015-09-30": 0, "2015-06-30": 0, "2015-03-31": "", "2014-12-31": 0, "2014-09-30": 0, "2014-06-30": 0, "2014-03-31": "", "2013-12-31": 0, "2013-09-30": 0, "2013-06-30": 0, "2013-03-31": "", "2012-12-31": 0, "2012-09-30": 0, "2012-06-30": 0, "2012-03-31": "", "2011-12-31": 0, "2011-09-30": 0, "2011-06-30": 0, "2011-03-31": "", "2010-12-31": 0, "2010-09-30": 0, "2010-06-30": 0, "2010-03-31": "", "2009-12-31": 5.641, "2009-09-30": 1.27, "2009-06-30": 0.185, "2009-03-31": "0.55000", "2008-12-31": 0.819, "2008-09-30": 1.317, "2008-06-30": 1.203, "2008-03-31": "2.93600", "2007-12-31": -8.756, "2007-09-30": 0, "2007-06-30": 0, "2007-03-31": "", "2006-12-31": 0, "2006-09-30": 0, "2006-06-30": 0, "2006-03-31": "", "2005-12-31": 0, "2005-09-30": 0, "2005-06-30": 0, "2005-03-31": ""}, "Investing Activities - Other": {"2020-12-31": -0.049, "2020-09-30": -0.039, "2020-06-30": 0.06, "2020-03-31": "0.02800", "2019-12-31": -0.034, "2019-09-30": -0.032, "2019-06-30": -0.03, "2019-03-31": "-0.01500", "2018-12-31": -0.01, "2018-09-30": 0.015, "2018-06-30": -0.994, "2018-03-31": "-0.29900", "2017-12-31": -0.247, "2017-09-30": -0.177, "2017-06-30": 0.003, "2017-03-31": "-3.46700", "2016-12-31": -0.115, "2016-09-30": -0.01, "2016-06-30": -0.005, "2016-03-31": "-0.00200", "2015-12-31": -0.001, "2015-09-30": 0.002, "2015-06-30": -0.097, "2015-03-31": "-20.00000", "2014-12-31": 0.008, "2014-09-30": 0.012, "2014-06-30": 0.009, "2014-03-31": "", "2013-12-31": -0.002, "2013-09-30": -0.034, "2013-06-30": 0.011, "2013-03-31": "-0.01200", "2012-12-31": 0.455, "2012-09-30": -0.394, "2012-06-30": 0.008, "2012-03-31": "0.01600", "2011-12-31": -0.01, "2011-09-30": 0.264, "2011-06-30": 0.098, "2011-03-31": "-0.01200", "2010-12-31": -0.035, "2010-09-30": 0.003, "2010-06-30": 0.016, "2010-03-31": "-0.06800", "2009-12-31": -0.251, "2009-09-30": 0.075, "2009-06-30": -2.327, "2009-03-31": "-7.32100", "2008-12-31": 2.68, "2008-09-30": -0.295, "2008-06-30": -0.294, "2008-03-31": "0.21100", "2007-12-31": -0.329, "2007-09-30": -0.207, "2007-06-30": -0.261, "2007-03-31": "-0.29900", "2006-12-31": -0.289, "2006-09-30": 0.945, "2006-06-30": -0.371, "2006-03-31": "-0.84300", "2005-12-31": 0.195, "2005-09-30": -0.106, "2005-06-30": 0.633, "2005-03-31": "-9.46000"}, "Cash Flow From Investing Activities": {"2020-12-31": 448.672, "2020-09-30": -184.146, "2020-06-30": -135.818, "2020-03-31": "-128.70800", "2019-12-31": -119.046, "2019-09-30": -110.997, "2019-06-30": -263.215, "2019-03-31": "-310.70400", "2018-12-31": -300.518, "2018-09-30": -230.831, "2018-06-30": -176.08, "2018-03-31": "-179.34400", "2017-12-31": -195.173, "2017-09-30": -287.553, "2017-06-30": -74.082, "2017-03-31": "-94.47400", "2016-12-31": -126.617, "2016-09-30": -100.806, "2016-06-30": -143.505, "2016-03-31": "-114.46000", "2015-12-31": -125.777, "2015-09-30": -131.412, "2015-06-30": -157.999, "2015-03-31": "-161.34400", "2014-12-31": -180.477, "2014-09-30": -126.361, "2014-06-30": -194.631, "2014-03-31": "-158.21200", "2013-12-31": -108.882, "2013-09-30": -121.966, "2013-06-30": -96.623, "2013-03-31": "-115.07000", "2012-12-31": -90.187, "2012-09-30": -108.551, "2012-06-30": -87.09, "2012-03-31": "-83.76600", "2011-12-31": -121.613, "2011-09-30": -113.039, "2011-06-30": -98.519, "2011-03-31": "-112.35800", "2010-12-31": -80.607, "2010-09-30": -41.412, "2010-06-30": -56.256, "2010-03-31": "-47.74100", "2009-12-31": -35.076, "2009-09-30": -65.27, "2009-06-30": -90.24, "2009-03-31": "-53.36500", "2008-12-31": -85, "2008-09-30": -10.96, "2008-06-30": -49.039, "2008-03-31": "-57.30500", "2007-12-31": -71.349, "2007-09-30": -58.546, "2007-06-30": -115.735, "2007-03-31": "-94.85700", "2006-12-31": -76.3, "2006-09-30": -193.404, "2006-06-30": -72.824, "2006-03-31": "-68.23300", "2005-12-31": -62.496, "2005-09-30": -57.212, "2005-06-30": -46.141, "2005-03-31": "-46.79500"}, "Net Long-Term Debt": {"2020-12-31": 0, "2020-09-30": 0, "2020-06-30": 0, "2020-03-31": "", "2019-12-31": 0, "2019-09-30": 0, "2019-06-30": 0, "2019-03-31": "450.00000", "2018-12-31": 0, "2018-09-30": 0, "2018-06-30": 0, "2018-03-31": "", "2017-12-31": 0, "2017-09-30": 0, "2017-06-30": 0, "2017-03-31": "", "2016-12-31": 0, "2016-09-30": 0, "2016-06-30": 0, "2016-03-31": "", "2015-12-31": 0, "2015-09-30": 99.129, "2015-06-30": 0, "2015-03-31": "", "2014-12-31": 0, "2014-09-30": 0, "2014-06-30": -100, "2014-03-31": "349.64200", "2013-12-31": 0, "2013-09-30": -50, "2013-06-30": 0, "2013-03-31": "-50.00000", "2012-12-31": 0, "2012-09-30": -50, "2012-06-30": 0, "2012-03-31": "", "2011-12-31": 0, "2011-09-30": 0, "2011-06-30": 0, "2011-03-31": "", "2010-12-31": 0.043, "2010-09-30": 249.164, "2010-06-30": 0, "2010-03-31": "", "2009-12-31": 0, "2009-09-30": -61.5, "2009-06-30": -3.5, "2009-03-31": "-3.50000", "2008-12-31": -3.5, "2008-09-30": -3.5, "2008-06-30": -3.5, "2008-03-31": "-3.50000", "2007-12-31": -3.5, "2007-09-30": 196.5, "2007-06-30": -3.5, "2007-03-31": "196.50000", "2006-12-31": -3.5, "2006-09-30": 100, "2006-06-30": 0, "2006-03-31": "", "2005-12-31": 0, "2005-09-30": 0, "2005-06-30": 0, "2005-03-31": ""}, "Net Current Debt": {"2020-12-31": -1.518, "2020-09-30": 0.505, "2020-06-30": 0.506, "2020-03-31": "0.50700", "2019-12-31": 0.508, "2019-09-30": -77.593, "2019-06-30": 78.581, "2019-03-31": "-314.48200", "2018-12-31": 68.3533, "2018-09-30": 69.7339, "2018-06-30": -7.908, "2018-03-31": "-63.36400", "2017-12-31": 0.764, "2017-09-30": 146.863, "2017-06-30": -14.3369, "2017-03-31": "-29.63600", "2016-12-31": 56.3631, "2016-09-30": -3.7901, "2016-06-30": 3.157, "2016-03-31": "-64.66800", "2015-12-31": 25.249, "2015-09-30": 0.288, "2015-06-30": 12.106, "2015-03-31": "-65.30900", "2014-12-31": 94.9781, "2014-09-30": -27.992, "2014-06-30": 123.59, "2014-03-31": "-209.13200", "2013-12-31": 14.262, "2013-09-30": 71.214, "2013-06-30": 80.057, "2013-03-31": "-42.95700", "2012-12-31": 40.4529, "2012-09-30": 17.479, "2012-06-30": -21.28, "2012-03-31": "-49.21100", "2011-12-31": -16.511, "2011-09-30": 103.664, "2011-06-30": -33.062, "2011-03-31": "42.87000", "2010-12-31": 7.521, "2010-09-30": -216.907, "2010-06-30": 74.748, "2010-03-31": "-24.97700", "2009-12-31": -59.941, "2009-09-30": 43.198, "2009-06-30": 19.817, "2009-03-31": "-1.73000", "2008-12-31": -55.198, "2008-09-30": -123.948, "2008-06-30": -49.495, "2008-03-31": "-44.42700", "2007-12-31": 63.722, "2007-09-30": -42.8, "2007-06-30": 258, "2007-03-31": "-143.90000", "2006-12-31": 19.9, "2006-09-30": 63, "2006-06-30": 169.6, "2006-03-31": "-76.60000", "2005-12-31": 48.3, "2005-09-30": 8.4, "2005-06-30": -0.7, "2005-03-31": "68.00000"}, "Debt Issuance/Retirement Net - Total": {"2020-12-31": -1.518, "2020-09-30": 0.505, "2020-06-30": 0.506, "2020-03-31": "0.50700", "2019-12-31": 0.508, "2019-09-30": -77.593, "2019-06-30": 78.581, "2019-03-31": "135.51800", "2018-12-31": 68.3533, "2018-09-30": 69.7339, "2018-06-30": -7.908, "2018-03-31": "-63.36400", "2017-12-31": 0.764, "2017-09-30": 146.863, "2017-06-30": -14.3369, "2017-03-31": "-29.63600", "2016-12-31": 56.3631, "2016-09-30": -3.7901, "2016-06-30": 3.157, "2016-03-31": "-64.66800", "2015-12-31": 25.249, "2015-09-30": 99.417, "2015-06-30": 12.106, "2015-03-31": "-65.30900", "2014-12-31": 94.9781, "2014-09-30": -27.992, "2014-06-30": 23.59, "2014-03-31": "140.51000", "2013-12-31": 14.2621, "2013-09-30": 21.214, "2013-06-30": 80.057, "2013-03-31": "-92.95700", "2012-12-31": 40.4529, "2012-09-30": -32.521, "2012-06-30": -21.28, "2012-03-31": "-49.21100", "2011-12-31": -16.511, "2011-09-30": 103.664, "2011-06-30": -33.062, "2011-03-31": "42.87000", "2010-12-31": 7.564, "2010-09-30": 32.257, "2010-06-30": 74.748, "2010-03-31": "-24.97700", "2009-12-31": -59.941, "2009-09-30": -18.302, "2009-06-30": 16.317, "2009-03-31": "-5.23000", "2008-12-31": -58.698, "2008-09-30": -127.448, "2008-06-30": -52.995, "2008-03-31": "-47.92700", "2007-12-31": 60.222, "2007-09-30": 153.7, "2007-06-30": 254.5, "2007-03-31": "52.60000", "2006-12-31": 16.4, "2006-09-30": 163, "2006-06-30": 169.6, "2006-03-31": "-76.60000", "2005-12-31": 48.3, "2005-09-30": 8.4, "2005-06-30": -0.7, "2005-03-31": "68.00000"}, "Net Common Equity Issued/Repurchased": {"2020-12-31": 94.583, "2020-09-30": -14.975, "2020-06-30": -0.788, "2020-03-31": "-78.82000", "2019-12-31": -54.616, "2019-09-30": -46.278, "2019-06-30": -188.768, "2019-03-31": "-2.52000", "2018-12-31": -51.851, "2018-09-30": -68.875, "2018-06-30": -49.076, "2018-03-31": "-0.09900", "2017-12-31": -0.048, "2017-09-30": -18.736, "2017-06-30": -49.107, "2017-03-31": "-130.03700", "2016-12-31": -75.029, "2016-09-30": -92.398, "2016-06-30": 0.946, "2016-03-31": "-100.57900", "2015-12-31": -50.158, "2015-09-30": -199.87, "2015-06-30": -28.32, "2015-03-31": "-5.79900", "2014-12-31": -50.376, "2014-09-30": -19.81, "2014-06-30": -71.077, "2014-03-31": "0.16800", "2013-12-31": -49.368, "2013-09-30": -14.827, "2013-06-30": -59.448, "2013-03-31": "0.36000", "2012-12-31": -48.737, "2012-09-30": -8.747, "2012-06-30": 3.855, "2012-03-31": "1.21800", "2011-12-31": 1.444, "2011-09-30": -163.672, "2011-06-30": -26.11, "2011-03-31": "-54.30600", "2010-12-31": -74.139, "2010-09-30": -41.12, "2010-06-30": -129.224, "2010-03-31": "0.39300", "2009-12-31": 0.5, "2009-09-30": 0.291, "2009-06-30": 4.223, "2009-03-31": "0.13000", "2008-12-31": 0.39, "2008-09-30": 2.087, "2008-06-30": 3.767, "2008-03-31": "0.68900", "2007-12-31": -61.4709, "2007-09-30": -239.509, "2007-06-30": -193.151, "2007-03-31": "-101.66100", "2006-12-31": 1.285, "2006-09-30": -65.967, "2006-06-30": -187.447, "2006-03-31": "2.75300", "2005-12-31": -36.641, "2005-09-30": -79.603, "2005-06-30": -16.801, "2005-03-31": "-99.51200"}, "Net Total Equity Issued/Repurchased": {"2020-12-31": 94.583, "2020-09-30": -14.975, "2020-06-30": -0.788, "2020-03-31": "-78.82000", "2019-12-31": -54.616, "2019-09-30": -46.278, "2019-06-30": -188.768, "2019-03-31": "-2.52000", "2018-12-31": -51.851, "2018-09-30": -68.875, "2018-06-30": -49.076, "2018-03-31": "-0.09900", "2017-12-31": -0.048, "2017-09-30": -18.736, "2017-06-30": -49.107, "2017-03-31": "-130.03700", "2016-12-31": -75.029, "2016-09-30": -92.398, "2016-06-30": 0.946, "2016-03-31": "-100.57900", "2015-12-31": -50.158, "2015-09-30": -199.87, "2015-06-30": -28.32, "2015-03-31": "-5.79900", "2014-12-31": -50.376, "2014-09-30": -19.81, "2014-06-30": -71.077, "2014-03-31": "0.16800", "2013-12-31": -49.368, "2013-09-30": -14.827, "2013-06-30": -59.448, "2013-03-31": "0.36000", "2012-12-31": -48.737, "2012-09-30": -8.747, "2012-06-30": 3.855, "2012-03-31": "1.21800", "2011-12-31": 1.444, "2011-09-30": -163.672, "2011-06-30": -26.11, "2011-03-31": "-54.30600", "2010-12-31": -74.139, "2010-09-30": -41.12, "2010-06-30": -129.224, "2010-03-31": "0.39300", "2009-12-31": 0.5, "2009-09-30": 0.291, "2009-06-30": 4.223, "2009-03-31": "0.13000", "2008-12-31": 0.39, "2008-09-30": 2.087, "2008-06-30": 3.767, "2008-03-31": "0.68900", "2007-12-31": -61.4709, "2007-09-30": -239.509, "2007-06-30": -193.151, "2007-03-31": "-101.66100", "2006-12-31": 1.285, "2006-09-30": -65.967, "2006-06-30": -187.447, "2006-03-31": "2.75300", "2005-12-31": -36.641, "2005-09-30": -79.603, "2005-06-30": -16.801, "2005-03-31": "-99.51200"}, "Total Common And Preferred Stock Dividends Paid": {"2020-12-31": 85.708, "2020-09-30": -28.533, "2020-06-30": -28.487, "2020-03-31": "-28.68800", "2019-12-31": -27.73, "2019-09-30": -27.809, "2019-06-30": -28.006, "2019-03-31": "-28.27200", "2018-12-31": -26.209, "2018-09-30": -26.202, "2018-06-30": -26.242, "2018-03-31": "-26.34100", "2017-12-31": -25.242, "2017-09-30": -25.243, "2017-06-30": -25.275, "2017-03-31": "-25.60200", "2016-12-31": -24.513, "2016-09-30": -24.879, "2016-06-30": -24.788, "2016-03-31": "-24.81000", "2015-12-31": -24.069, "2015-09-30": -24.35, "2015-06-30": -24.477, "2015-03-31": "-24.46800", "2014-12-31": -23.437, "2014-09-30": -23.42, "2014-06-30": -23.297, "2014-03-31": "-23.45000", "2013-12-31": -17.585, "2013-09-30": -17.671, "2013-06-30": -17.555, "2013-03-31": "", "2012-12-31": -34.106, "2012-09-30": -16.545, "2012-06-30": -16.394, "2012-03-31": "-16.38600", "2011-12-31": -15.192, "2011-09-30": -15.658, "2011-06-30": -15.641, "2011-03-31": "-15.75200", "2010-12-31": -14.805, "2010-09-30": -14.852, "2010-06-30": -14.982, "2010-03-31": "-15.27100", "2009-12-31": -13.99, "2009-09-30": -13.96, "2009-06-30": -13.873, "2009-03-31": "-13.86900", "2008-12-31": -12.605, "2008-09-30": -12.592, "2008-06-30": -12.485, "2008-03-31": "-12.46200", "2007-12-31": -11.288, "2007-09-30": -11.945, "2007-06-30": -12.637, "2007-03-31": "-12.97700", "2006-12-31": -11.557, "2006-09-30": -11.625, "2006-06-30": -12.246, "2006-03-31": "-12.30600", "2005-12-31": -9.268, "2005-09-30": -9.454, "2005-06-30": -9.51, "2005-03-31": "-9.72300"}, "Financial Activities - Other": {"2020-12-31": 0, "2020-09-30": 0, "2020-06-30": 0, "2020-03-31": "", "2019-12-31": 0, "2019-09-30": 0, "2019-06-30": 0, "2019-03-31": "", "2018-12-31": 0, "2018-09-30": 0, "2018-06-30": 0, "2018-03-31": "", "2017-12-31": 0, "2017-09-30": 0, "2017-06-30": 0, "2017-03-31": "", "2016-12-31": 0.512, "2016-09-30": 6.252, "2016-06-30": 0.233, "2016-03-31": "0.04700", "2015-12-31": -1.569, "2015-09-30": 12.748, "2015-06-30": 0.638, "2015-03-31": "1.06000", "2014-12-31": -1, "2014-09-30": 12.208, "2014-06-30": 5.117, "2014-03-31": "0.32000", "2013-12-31": -1.687, "2013-09-30": 15.638, "2013-06-30": 6.933, "2013-03-31": "1.06600", "2012-12-31": 1.802, "2012-09-30": 9.376, "2012-06-30": 6.776, "2012-03-31": "2.13600", "2011-12-31": 2.092, "2011-09-30": 4.767, "2011-06-30": 7.998, "2011-03-31": "0.70500", "2010-12-31": 3.237, "2010-09-30": 4.566, "2010-06-30": 3.486, "2010-03-31": "0.86500", "2009-12-31": 2.876, "2009-09-30": 0.86, "2009-06-30": 6.251, "2009-03-31": "0.21500", "2008-12-31": 0.368, "2008-09-30": 3.936, "2008-06-30": 9.171, "2008-03-31": "1.37800", "2007-12-31": -0.122, "2007-09-30": 1.931, "2007-06-30": 7.263, "2007-03-31": "4.81300", "2006-12-31": 1.592, "2006-09-30": 0.976, "2006-06-30": 5.78, "2006-03-31": "4.01900", "2005-12-31": 0, "2005-09-30": 0, "2005-06-30": 0, "2005-03-31": ""}, "Cash Flow From Financial Activities": {"2020-12-31": 178.773, "2020-09-30": -43.003, "2020-06-30": -28.769, "2020-03-31": "-107.00100", "2019-12-31": -81.838, "2019-09-30": -151.68, "2019-06-30": -138.193, "2019-03-31": "104.72600", "2018-12-31": -9.707, "2018-09-30": -25.343, "2018-06-30": -83.226, "2018-03-31": "-89.80400", "2017-12-31": -24.526, "2017-09-30": 102.884, "2017-06-30": -88.719, "2017-03-31": "-185.27500", "2016-12-31": -42.667, "2016-09-30": -114.815, "2016-06-30": -20.452, "2016-03-31": "-190.01000", "2015-12-31": -50.547, "2015-09-30": -112.055, "2015-06-30": -40.056, "2015-03-31": "-94.51300", "2014-12-31": 20.165, "2014-09-30": -59.014, "2014-06-30": -65.667, "2014-03-31": "117.54800", "2013-12-31": -54.378, "2013-09-30": 4.354, "2013-06-30": 9.987, "2013-03-31": "-91.53100", "2012-12-31": -40.588, "2012-09-30": -48.437, "2012-06-30": -27.043, "2012-03-31": "-62.24300", "2011-12-31": -28.167, "2011-09-30": -70.899, "2011-06-30": -66.815, "2011-03-31": "-26.48300", "2010-12-31": -78.143, "2010-09-30": -19.149, "2010-06-30": -65.972, "2010-03-31": "-38.99000", "2009-12-31": -70.555, "2009-09-30": -31.111, "2009-06-30": 12.918, "2009-03-31": "-18.75400", "2008-12-31": -70.545, "2008-09-30": -134.017, "2008-06-30": -52.542, "2008-03-31": "-58.32200", "2007-12-31": -12.659, "2007-09-30": -95.823, "2007-06-30": 55.975, "2007-03-31": "-57.22500", "2006-12-31": 7.72, "2006-09-30": 86.384, "2006-06-30": -24.313, "2006-03-31": "-82.13400", "2005-12-31": 2.391, "2005-09-30": -80.657, "2005-06-30": -27.011, "2005-03-31": "-41.23500"}, "Net Cash Flow": {"2020-12-31": -283.549, "2020-09-30": 43.895, "2020-06-30": 226.2, "2020-03-31": "13.45400", "2019-12-31": -40.132, "2019-09-30": 68.257, "2019-06-30": -45.488, "2019-03-31": "44.76300", "2018-12-31": 0.013, "2018-09-30": -7.604, "2018-06-30": 8.109, "2018-03-31": "-7.53000", "2017-12-31": 6.905, "2017-09-30": 0.433, "2017-06-30": -4.987, "2017-03-31": "5.88400", "2016-12-31": 0.896, "2016-09-30": -5.796, "2016-06-30": 5.285, "2016-03-31": "0.42600", "2015-12-31": 0.024, "2015-09-30": -0.044, "2015-06-30": -0.061, "2015-03-31": "-0.31400", "2014-12-31": 0.102, "2014-09-30": -0.011, "2014-06-30": -118.342, "2014-03-31": "118.38100", "2013-12-31": -0.137, "2013-09-30": 0.045, "2013-06-30": 0.176, "2013-03-31": "0.15800", "2012-12-31": -0.07, "2012-09-30": -0.228, "2012-06-30": 0.174, "2012-03-31": "0.26300", "2011-12-31": -2.297, "2011-09-30": -3.402, "2011-06-30": 5.756, "2011-03-31": "-2.25800", "2010-12-31": -60.909, "2010-09-30": 60.846, "2010-06-30": -0.073, "2010-03-31": "-0.05600", "2009-12-31": 3.132, "2009-09-30": 1.141, "2009-06-30": -0.006, "2009-03-31": "1.20300", "2008-12-31": -0.077, "2008-09-30": 1.19, "2008-06-30": -14.958, "2008-03-31": "1.26100", "2007-12-31": 10.844, "2007-09-30": -2.061, "2007-06-30": -3.31, "2007-03-31": "2.11300", "2006-12-31": -10.705, "2006-09-30": 8.866, "2006-06-30": 0.389, "2006-03-31": "1.40900", "2005-12-31": -7.204, "2005-09-30": 9.858, "2005-06-30": 2.805, "2005-03-31": "-32.76300"}, "Stock-Based Compensation": {"2020-12-31": -48.658, "2020-09-30": 14.593, "2020-06-30": 16.002, "2020-03-31": "18.06300", "2019-12-31": 11.17, "2019-09-30": 13.85, "2019-06-30": 14.733, "2019-03-31": "13.57100", "2018-12-31": 10.185, "2018-09-30": 11.183, "2018-06-30": 13.965, "2018-03-31": "12.03600", "2017-12-31": 7.338, "2017-09-30": 7.843, "2017-06-30": 11.94, "2017-03-31": "11.17000", "2016-12-31": 10.452, "2016-09-30": 7.258, "2016-06-30": 11.943, "2016-03-31": "10.97200", "2015-12-31": 10.218, "2015-09-30": 6.313, "2015-06-30": 10.568, "2015-03-31": "10.12900", "2014-12-31": 9.211, "2014-09-30": 7.308, "2014-06-30": 8.842, "2014-03-31": "9.97200", "2013-12-31": 8.752, "2013-09-30": 5.625, "2013-06-30": 8.84, "2013-03-31": "9.13700", "2012-12-31": 7.736, "2012-09-30": 5.59, "2012-06-30": 8.288, "2012-03-31": "8.10100", "2011-12-31": 9.003, "2011-09-30": 5.205, "2011-06-30": 7.129, "2011-03-31": "5.50400", "2010-12-31": 6.416, "2010-09-30": 4.195, "2010-06-30": 5.593, "2010-03-31": "5.19300", "2009-12-31": 5.148, "2009-09-30": 2.919, "2009-06-30": 4.943, "2009-03-31": "4.55600", "2008-12-31": 5.129, "2008-09-30": 2.619, "2008-06-30": 3.215, "2008-03-31": "2.81000", "2007-12-31": 2.932, "2007-09-30": 2.134, "2007-06-30": 2.28, "2007-03-31": "2.04300", "2006-12-31": 2.29, "2006-09-30": 1.329, "2006-06-30": 1.65, "2006-03-31": "1.90200", "2005-12-31": 0, "2005-09-30": 0, "2005-06-30": 0, "2005-03-31": ""}, "Common Stock Dividends Paid": {"2020-12-31": 85.708, "2020-09-30": -28.533, "2020-06-30": -28.487, "2020-03-31": "-28.68800", "2019-12-31": -27.73, "2019-09-30": -27.809, "2019-06-30": -28.006, "2019-03-31": "-28.27200", "2018-12-31": -26.209, "2018-09-30": -26.202, "2018-06-30": -26.242, "2018-03-31": "-26.34100", "2017-12-31": -25.242, "2017-09-30": -25.243, "2017-06-30": -25.275, "2017-03-31": "-25.60200", "2016-12-31": -24.513, "2016-09-30": -24.879, "2016-06-30": -24.788, "2016-03-31": "-24.81000", "2015-12-31": -24.069, "2015-09-30": -24.35, "2015-06-30": -24.477, "2015-03-31": "-24.46800", "2014-12-31": -23.437, "2014-09-30": -23.42, "2014-06-30": -23.297, "2014-03-31": "-23.45000", "2013-12-31": -17.585, "2013-09-30": -17.671, "2013-06-30": -17.555, "2013-03-31": "", "2012-12-31": -34.106, "2012-09-30": -16.545, "2012-06-30": -16.394, "2012-03-31": "-16.38600", "2011-12-31": -15.192, "2011-09-30": -15.658, "2011-06-30": -15.641, "2011-03-31": "-15.75200", "2010-12-31": -14.805, "2010-09-30": -14.852, "2010-06-30": -14.982, "2010-03-31": "-15.27100", "2009-12-31": -13.99, "2009-09-30": -13.96, "2009-06-30": -13.873, "2009-03-31": "-13.86900", "2008-12-31": -12.605, "2008-09-30": -12.592, "2008-06-30": -12.485, "2008-03-31": "-12.46200", "2007-12-31": -11.288, "2007-09-30": -11.945, "2007-06-30": -12.637, "2007-03-31": "-12.97700", "2006-12-31": -11.557, "2006-09-30": -11.625, "2006-06-30": -12.246, "2006-03-31": "-12.30600", "2005-12-31": -9.268, "2005-09-30": -9.454, "2005-06-30": -9.51, "2005-03-31": "-9.72300"}}, "financial ratios": {"Current Ratio": {"2019-12-31": "1.43010", "2018-12-31": "1.11140", "2017-12-31": "1.45220", "2016-12-31": "1.53610", "2015-12-31": "1.61140", "2014-12-31": "1.11730", "2013-12-31": "0.95490", "2012-12-31": "1.10300", "2011-12-31": "1.17110", "2010-12-31": "0.90720", "2009-12-31": "1.45780", "2008-12-31": "0.97160", "2007-12-31": "0.93220", "2006-12-31": "0.98440", "2005-12-31": "1.71940"}, "Long-term Debt / Capital": {"2019-12-31": "0.36370", "2018-12-31": "0.29950", "2017-12-31": "0.37120", "2016-12-31": "0.41090", "2015-12-31": "0.43420", "2014-12-31": "0.36200", "2013-12-31": "0.31170", "2012-12-31": "0.42500", "2011-12-31": "0.55200", "2010-12-31": "0.44220", "2009-12-31": "0.46740", "2008-12-31": "0.49330", "2007-12-31": "0.66430", "2006-12-31": "0.19360", "2005-12-31": "0.13180"}, "Debt/Equity Ratio": {"2019-12-31": "0.57160", "2018-12-31": "0.54680", "2017-12-31": "0.59020", "2016-12-31": "0.69750", "2015-12-31": "0.76750", "2014-12-31": "0.77500", "2013-12-31": "0.69970", "2012-12-31": "0.86550", "2011-12-31": "1.32000", "2010-12-31": "1.14170", "2009-12-31": "0.87750", "2008-12-31": "1.19750", "2007-12-31": "2.66060", "2006-12-31": "0.52180", "2005-12-31": "0.15180"}, "Gross Margin": {"2019-12-31": "41.89890", "2018-12-31": "39.67320", "2017-12-31": "40.80840", "2016-12-31": "42.45480", "2015-12-31": "42.97970", "2014-12-31": "39.05170", "2013-12-31": "37.96850", "2012-12-31": "38.07850", "2011-12-31": "39.32120", "2010-12-31": "41.81070", "2009-12-31": "43.07420", "2008-12-31": "42.17270", "2007-12-31": "46.85170", "2006-12-31": "48.38210", "2005-12-31": "49.47850"}, "Operating Margin": {"2019-12-31": "8.00660", "2018-12-31": "7.90520", "2017-12-31": "8.67630", "2016-12-31": "10.99880", "2015-12-31": "11.56650", "2014-12-31": "10.24330", "2013-12-31": "10.32680", "2012-12-31": "10.48870", "2011-12-31": "9.81330", "2010-12-31": "9.16370", "2009-12-31": "7.74110", "2008-12-31": "9.60410", "2007-12-31": "10.56730", "2006-12-31": "11.19760", "2005-12-31": "10.99460"}, "EBIT Margin": {"2019-12-31": "8.00660", "2018-12-31": "7.90520", "2017-12-31": "8.67630", "2016-12-31": "10.99880", "2015-12-31": "11.56650", "2014-12-31": "10.24330", "2013-12-31": "10.32680", "2012-12-31": "10.48870", "2011-12-31": "9.81330", "2010-12-31": "9.16370", "2009-12-31": "7.74110", "2008-12-31": "9.60410", "2007-12-31": "10.56730", "2006-12-31": "11.19760", "2005-12-31": "10.99460"}, "EBITDA Margin": {"2019-12-31": "13.45270", "2018-12-31": "12.96500", "2017-12-31": "14.01070", "2016-12-31": "16.51340", "2015-12-31": "17.05510", "2014-12-31": "15.01980", "2013-12-31": "14.86400", "2012-12-31": "15.02210", "2011-12-31": "14.53940", "2010-12-31": "14.35850", "2009-12-31": "13.64260", "2008-12-31": "15.02450", "2007-12-31": "16.44520", "2006-12-31": "16.71450", "2005-12-31": "16.20690"}, "Pre-Tax Profit Margin": {"2019-12-31": "7.42910", "2018-12-31": "7.43850", "2017-12-31": "8.27920", "2016-12-31": "10.61400", "2015-12-31": "11.15450", "2014-12-31": "9.80630", "2013-12-31": "9.91250", "2012-12-31": "9.98300", "2011-12-31": "9.18370", "2010-12-31": "8.42740", "2009-12-31": "6.99490", "2008-12-31": "8.63450", "2007-12-31": "9.31390", "2006-12-31": "10.64650", "2005-12-31": "10.66610"}, "Net Profit Margin": {"2019-12-31": "5.63340", "2018-12-31": "5.68300", "2017-12-31": "9.54530", "2016-12-31": "6.59130", "2015-12-31": "6.90460", "2014-12-31": "6.07890", "2013-12-31": "6.13090", "2012-12-31": "6.13960", "2011-12-31": "5.67740", "2010-12-31": "5.26210", "2009-12-31": "4.25920", "2008-12-31": "5.37500", "2007-12-31": "6.10720", "2006-12-31": "6.60920", "2005-12-31": "6.62780"}, "Asset Turnover": {"2019-12-31": "1.67530", "2018-12-31": "1.69200", "2017-12-31": "1.61010", "2016-12-31": "1.65930", "2015-12-31": "1.70480", "2014-12-31": "1.82490", "2013-12-31": "1.98080", "2012-12-31": "2.05100", "2011-12-31": "1.99660", "2010-12-31": "1.93380", "2009-12-31": "1.72510", "2008-12-31": "2.08090", "2007-12-31": "1.87350", "2006-12-31": "1.88020", "2005-12-31": "2.01950"}, "Inventory Turnover Ratio": {"2019-12-31": "252.30360", "2018-12-31": "236.47810", "2017-12-31": "205.70470", "2016-12-31": "203.06570", "2015-12-31": "152.13730", "2014-12-31": "135.46260", "2013-12-31": "131.97940", "2012-12-31": "135.70860", "2011-12-31": "131.22650", "2010-12-31": "127.33060", "2009-12-31": "105.57040", "2008-12-31": "118.48480", "2007-12-31": "120.09200", "2006-12-31": "123.39900", "2005-12-31": "141.88030"}, "Receiveable Turnover": {"2019-12-31": "7.37850", "2018-12-31": "6.49590", "2017-12-31": "5.97010", "2016-12-31": "8.79590", "2015-12-31": "8.46140", "2014-12-31": "9.43020", "2013-12-31": "9.82300", "2012-12-31": "10.84730", "2011-12-31": "11.00140", "2010-12-31": "10.80190", "2009-12-31": "10.32200", "2008-12-31": "13.29920", "2007-12-31": "10.56900", "2006-12-31": "9.29410", "2005-12-31": "9.10590"}, "Days Sales In Receivables": {"2019-12-31": "49.46820", "2018-12-31": "56.18960", "2017-12-31": "61.13820", "2016-12-31": "41.49670", "2015-12-31": "43.13710", "2014-12-31": "38.70530", "2013-12-31": "37.15760", "2012-12-31": "33.64880", "2011-12-31": "33.17760", "2010-12-31": "33.79040", "2009-12-31": "35.36130", "2008-12-31": "27.44530", "2007-12-31": "34.53500", "2006-12-31": "39.27220", "2005-12-31": "40.08370"}, "ROE - Return On Equity": {"2019-12-31": "22.77520", "2018-12-31": "23.29820", "2017-12-31": "37.31060", "2016-12-31": "30.55670", "2015-12-31": "32.85530", "2014-12-31": "31.11540", "2013-12-31": "33.81710", "2012-12-31": "39.19300", "2011-12-31": "45.28400", "2010-12-31": "34.83590", "2009-12-31": "21.19040", "2008-12-31": "37.91850", "2007-12-31": "62.10250", "2006-12-31": "28.95110", "2005-12-31": "25.37390"}, "Return On Tangible Equity": {"2019-12-31": "25.01310", "2018-12-31": "24.52550", "2017-12-31": "39.76330", "2016-12-31": "30.60770", "2015-12-31": "32.85530", "2014-12-31": "31.11540", "2013-12-31": "33.81710", "2012-12-31": "39.19300", "2011-12-31": "45.28400", "2010-12-31": "34.83590", "2009-12-31": "21.19040", "2008-12-31": "37.91850", "2007-12-31": "62.10250", "2006-12-31": "28.95110", "2005-12-31": "25.37390"}, "ROA - Return On Assets": {"2019-12-31": "9.43760", "2018-12-31": "9.61550", "2017-12-31": "15.36860", "2016-12-31": "10.93700", "2015-12-31": "11.77100", "2014-12-31": "11.09350", "2013-12-31": "12.14380", "2012-12-31": "12.59230", "2011-12-31": "11.33520", "2010-12-31": "10.17590", "2009-12-31": "7.34740", "2008-12-31": "11.18470", "2007-12-31": "11.44190", "2006-12-31": "12.42630", "2005-12-31": "13.38460"}, "ROI - Return On Investment": {"2019-12-31": "14.49210", "2018-12-31": "16.32070", "2017-12-31": "23.46220", "2016-12-31": "18.00120", "2015-12-31": "18.58870", "2014-12-31": "19.85060", "2013-12-31": "23.27750", "2012-12-31": "22.53500", "2011-12-31": "20.28910", "2010-12-31": "19.43260", "2009-12-31": "11.28630", "2008-12-31": "19.21370", "2007-12-31": "20.84850", "2006-12-31": "23.34610", "2005-12-31": "22.03030"}, "Book Value Per Share": {"2019-12-31": "21.34420", "2018-12-31": "19.33000", "2017-12-31": "16.75880", "2016-12-31": "12.70440", "2015-12-31": "11.41180", "2014-12-31": "10.33260", "2013-12-31": "8.63560", "2012-12-31": "6.73760", "2011-12-31": "4.85360", "2010-12-31": "4.71660", "2009-12-31": "5.06010", "2008-12-31": "4.19640", "2007-12-31": "2.75500", "2006-12-31": "5.25570", "2005-12-31": "5.31180"}, "Operating Cash Flow Per Share": {"2019-12-31": 0.29, "2018-12-31": 2.1504, "2017-12-31": 0.166, "2016-12-31": 0.0531, "2015-12-31": 2.021, "2014-12-31": 0.6505, "2013-12-31": 0.2439, "2012-12-31": -0.6477, "2011-12-31": 1.8634, "2010-12-31": 0.5935, "2009-12-31": -1.1731, "2008-12-31": 0.604, "2007-12-31": 0.5486, "2006-12-31": 0.7361, "2005-12-31": 2.0414}, "Free Cash Flow Per Share": {"2019-12-31": 1.9544, "2018-12-31": -1.271, "2017-12-31": -0.1506, "2016-12-31": 0.5395, "2015-12-31": 2.8238, "2014-12-31": -1.2134, "2013-12-31": -0.3819, "2012-12-31": -0.0708, "2011-12-31": -0.0252, "2010-12-31": 0.6926, "2009-12-31": -1.3999, "2008-12-31": 1.3655, "2007-12-31": 0.8395, "2006-12-31": -0.7027, "2005-12-31": 0.7871}}, "financial ratios, quarterly": {"Current Ratio": {"2020-09-30": "1.57800", "2020-06-30": "1.59140", "2020-03-31": "1.53730", "2019-12-31": "1.43010", "2019-09-30": "1.28690", "2019-06-30": "1.30410", "2019-03-31": "1.44070", "2018-12-31": "1.11140", "2018-09-30": "1.10710", "2018-06-30": "1.12850", "2018-03-31": "1.13140", "2017-12-31": "1.45220", "2017-09-30": "1.47650", "2017-06-30": "1.49380", "2017-03-31": "1.52310", "2016-12-31": "1.53610", "2016-09-30": "1.40200", "2016-06-30": "1.49630", "2016-03-31": "1.40330", "2015-12-31": "1.61140", "2015-09-30": "1.41200", "2015-06-30": "1.01290", "2015-03-31": "1.05400", "2014-12-31": "1.11730", "2014-09-30": "0.93340", "2014-06-30": "1.43640", "2014-03-31": "1.27050", "2013-12-31": "0.95490", "2013-09-30": "0.93870", "2013-06-30": "0.93200", "2013-03-31": "0.84600", "2012-12-31": "1.10300", "2012-09-30": "1.02660", "2012-06-30": "1.03060", "2012-03-31": "0.98650", "2011-12-31": "1.17110", "2011-09-30": "0.97980", "2011-06-30": "1.13900", "2011-03-31": "1.11900", "2010-12-31": "0.90720", "2010-09-30": "0.92580", "2010-06-30": "0.80250", "2010-03-31": "0.86510", "2009-12-31": "1.45780", "2009-09-30": "1.49670", "2009-06-30": "1.10350", "2009-03-31": "1.13920", "2008-12-31": "0.97160", "2008-09-30": "1.00630", "2008-06-30": "0.92750", "2008-03-31": "1.03250", "2007-12-31": "0.93220", "2007-09-30": "0.76820", "2007-06-30": "0.82150", "2007-03-31": "0.83010", "2006-12-31": "0.98440", "2006-09-30": "0.91850", "2006-06-30": "1.45100", "2006-03-31": "1.58550", "2005-12-31": "1.71940", "2005-09-30": "1.36220", "2005-06-30": "1.60620", "2005-03-31": "1.63770"}, "Long-term Debt / Capital": {"2020-09-30": "0.34380", "2020-06-30": "0.35350", "2020-03-31": "0.36340", "2019-12-31": "0.36370", "2019-09-30": "0.37090", "2019-06-30": "0.39120", "2019-03-31": "0.36820", "2018-12-31": "0.29950", "2018-09-30": "0.28290", "2018-06-30": "0.27090", "2018-03-31": "0.27910", "2017-12-31": "0.37120", "2017-09-30": "0.42430", "2017-06-30": "0.40120", "2017-03-31": "0.40920", "2016-12-31": "0.41090", "2016-09-30": "0.40520", "2016-06-30": "0.40970", "2016-03-31": "0.42780", "2015-12-31": "0.43420", "2015-09-30": "0.44300", "2015-06-30": "0.32450", "2015-03-31": "0.32970", "2014-12-31": "0.36200", "2014-09-30": "0.33610", "2014-06-30": "0.44700", "2014-03-31": "0.41320", "2013-12-31": "0.31170", "2013-09-30": "0.30850", "2013-06-30": "0.34450", "2013-03-31": "0.30990", "2012-12-31": "0.42500", "2012-09-30": "0.41090", "2012-06-30": "0.44820", "2012-03-31": "0.48860", "2011-12-31": "0.55200", "2011-09-30": "0.59070", "2011-06-30": "0.52040", "2011-03-31": "0.53720", "2010-12-31": "0.44220", "2010-09-30": "0.43040", "2010-06-30": "0.42210", "2010-03-31": "0.33650", "2009-12-31": "0.46740", "2009-09-30": "0.50740", "2009-06-30": "0.50410", "2009-03-31": "0.50570", "2008-12-31": "0.49330", "2008-09-30": "0.53030", "2008-06-30": "0.59090", "2008-03-31": "0.65390", "2007-12-31": "0.66430", "2007-09-30": "0.63430", "2007-06-30": "0.45760", "2007-03-31": "0.29280", "2006-12-31": "0.19360", "2006-09-30": "0.19100", "2006-06-30": "0.19690", "2006-03-31": "0.05220", "2005-12-31": "0.13180", "2005-09-30": "0.08760", "2005-06-30": "0.07450", "2005-03-31": "0.07830"}, "Debt/Equity Ratio": {"2020-09-30": "0.52400", "2020-06-30": "0.54670", "2020-03-31": "0.57080", "2019-12-31": "0.57160", "2019-09-30": "0.58960", "2019-06-30": "0.64260", "2019-03-31": "0.58290", "2018-12-31": "0.54680", "2018-09-30": "0.51410", "2018-06-30": "0.49430", "2018-03-31": "0.51470", "2017-12-31": "0.59020", "2017-09-30": "0.73700", "2017-06-30": "0.67000", "2017-03-31": "0.69270", "2016-12-31": "0.69750", "2016-09-30": "0.68130", "2016-06-30": "0.69420", "2016-03-31": "0.74750", "2015-12-31": "0.76750", "2015-09-30": "0.79520", "2015-06-30": "0.66700", "2015-03-31": "0.68750", "2014-12-31": "0.77500", "2014-09-30": "0.72170", "2014-06-30": "0.80840", "2014-03-31": "0.79790", "2013-12-31": "0.69970", "2013-09-30": "0.70120", "2013-06-30": "0.74720", "2013-03-31": "0.67740", "2012-12-31": "0.86550", "2012-09-30": "0.82550", "2012-06-30": "0.95260", "2012-03-31": "1.11400", "2011-12-31": "1.32000", "2011-09-30": "1.54340", "2011-06-30": "1.11020", "2011-03-31": "1.24850", "2010-12-31": "1.14170", "2010-09-30": "1.09200", "2010-06-30": "1.08060", "2010-03-31": "0.80440", "2009-12-31": "0.87750", "2009-09-30": "1.02990", "2009-06-30": "1.12310", "2009-03-31": "1.14120", "2008-12-31": "1.19750", "2008-09-30": "1.43340", "2008-06-30": "1.93480", "2008-03-31": "2.33080", "2007-12-31": "2.66060", "2007-09-30": "2.38590", "2007-06-30": "1.26420", "2007-03-31": "0.65210", "2006-12-31": "0.52180", "2006-09-30": "0.54050", "2006-06-30": "0.30060", "2006-03-31": "0.05510", "2005-12-31": "0.15180", "2005-09-30": "0.09600", "2005-06-30": "0.08050", "2005-03-31": "0.08500"}, "Gross Margin": {"2020-09-30": "40.51480", "2020-06-30": "44.58870", "2020-03-31": "42.00030", "2019-12-31": "40.90450", "2019-09-30": "40.84660", "2019-06-30": "43.01870", "2019-03-31": "43.04310", "2018-12-31": "36.75640", "2018-09-30": "40.14790", "2018-06-30": "40.85390", "2018-03-31": "41.30850", "2017-12-31": "39.99970", "2017-09-30": "40.23170", "2017-06-30": "41.24320", "2017-03-31": "41.98800", "2016-12-31": "41.17010", "2016-09-30": "41.88020", "2016-06-30": "42.85600", "2016-03-31": "44.11290", "2015-12-31": "42.90150", "2015-09-30": "43.00630", "2015-06-30": "43.34520", "2015-03-31": "42.64750", "2014-12-31": "40.58120", "2014-09-30": "39.13320", "2014-06-30": "38.58280", "2014-03-31": "37.72500", "2013-12-31": "38.23790", "2013-09-30": "37.74130", "2013-06-30": "38.26550", "2013-03-31": "37.59560", "2012-12-31": "38.02830", "2012-09-30": "37.56530", "2012-06-30": "38.22570", "2012-03-31": "38.54800", "2011-12-31": "38.90870", "2011-09-30": "39.08730", "2011-06-30": "39.30180", "2011-03-31": "40.11390", "2010-12-31": "40.93890", "2010-09-30": "42.06860", "2010-06-30": "42.45000", "2010-03-31": "41.84870", "2009-12-31": "41.46460", "2009-09-30": "42.67280", "2009-06-30": "43.10790", "2009-03-31": "45.45390", "2008-12-31": "43.73860", "2008-09-30": "41.23110", "2008-06-30": "41.06090", "2008-03-31": "42.90940", "2007-12-31": "44.53860", "2007-09-30": "46.52490", "2007-06-30": "47.90980", "2007-03-31": "48.82240", "2006-12-31": "49.20340", "2006-09-30": "48.17600", "2006-06-30": "48.05820", "2006-03-31": "48.06030", "2005-12-31": "47.93350", "2005-09-30": "49.35720", "2005-06-30": "50.73590", "2005-03-31": "50.13930"}, "Operating Margin": {"2020-09-30": "7.09810", "2020-06-30": "8.16490", "2020-03-31": "6.78440", "2019-12-31": "8.36930", "2019-09-30": "7.10180", "2019-06-30": "8.53770", "2019-03-31": "8.02990", "2018-12-31": "5.29550", "2018-09-30": "7.90530", "2018-06-30": "10.04250", "2018-03-31": "8.66320", "2017-12-31": "7.32670", "2017-09-30": "8.94970", "2017-06-30": "9.47440", "2017-03-31": "9.16970", "2016-12-31": "11.29310", "2016-09-30": "10.82280", "2016-06-30": "10.88480", "2016-03-31": "10.98250", "2015-12-31": "11.89950", "2015-09-30": "12.21850", "2015-06-30": "11.28180", "2015-03-31": "10.77780", "2014-12-31": "11.36410", "2014-09-30": "10.74850", "2014-06-30": "10.28710", "2014-03-31": "8.33790", "2013-12-31": "10.41410", "2013-09-30": "10.49760", "2013-06-30": "10.65960", "2013-03-31": "9.68100", "2012-12-31": "10.71160", "2012-09-30": "10.26800", "2012-06-30": "10.93230", "2012-03-31": "10.00040", "2011-12-31": "10.14880", "2011-09-30": "10.13260", "2011-06-30": "9.86590", "2011-03-31": "8.97530", "2010-12-31": "9.54380", "2010-09-30": "9.27870", "2010-06-30": "9.68920", "2010-03-31": "7.98410", "2009-12-31": "8.31700", "2009-09-30": "8.51020", "2009-06-30": "6.11740", "2009-03-31": "7.88420", "2008-12-31": "9.78100", "2008-09-30": "10.66460", "2008-06-30": "9.62250", "2008-03-31": "8.20310", "2007-12-31": "10.18720", "2007-09-30": "10.75540", "2007-06-30": "11.24330", "2007-03-31": "10.08200", "2006-12-31": "11.19900", "2006-09-30": "11.70840", "2006-06-30": "11.38190", "2006-03-31": "10.43570", "2005-12-31": "12.42180", "2005-09-30": "8.12620", "2005-06-30": "12.25030", "2005-03-31": "11.16320"}, "EBIT Margin": {"2020-09-30": "7.09810", "2020-06-30": "8.16490", "2020-03-31": "6.78440", "2019-12-31": "8.36930", "2019-09-30": "7.10180", "2019-06-30": "8.53770", "2019-03-31": "8.02990", "2018-12-31": "5.29550", "2018-09-30": "7.90530", "2018-06-30": "10.04250", "2018-03-31": "8.66320", "2017-12-31": "7.32670", "2017-09-30": "8.94970", "2017-06-30": "9.47440", "2017-03-31": "9.16970", "2016-12-31": "11.29310", "2016-09-30": "10.82280", "2016-06-30": "10.88480", "2016-03-31": "10.98250", "2015-12-31": "11.89950", "2015-09-30": "12.21850", "2015-06-30": "11.28180", "2015-03-31": "10.77780", "2014-12-31": "11.36400", "2014-09-30": "10.74850", "2014-06-30": "10.28710", "2014-03-31": "8.33790", "2013-12-31": "10.41410", "2013-09-30": "10.49760", "2013-06-30": "10.65960", "2013-03-31": "9.68100", "2012-12-31": "10.71160", "2012-09-30": "10.26800", "2012-06-30": "10.93230", "2012-03-31": "10.00040", "2011-12-31": "10.14880", "2011-09-30": "10.13260", "2011-06-30": "9.86590", "2011-03-31": "8.97530", "2010-12-31": "9.54380", "2010-09-30": "9.27870", "2010-06-30": "9.68920", "2010-03-31": "7.98410", "2009-12-31": "8.31700", "2009-09-30": "8.51020", "2009-06-30": "6.11740", "2009-03-31": "7.88420", "2008-12-31": "9.78100", "2008-09-30": "10.66460", "2008-06-30": "9.62250", "2008-03-31": "8.20310", "2007-12-31": "10.18720", "2007-09-30": "10.75540", "2007-06-30": "11.24330", "2007-03-31": "10.08200", "2006-12-31": "11.19900", "2006-09-30": "11.70840", "2006-06-30": "11.38190", "2006-03-31": "10.43570", "2005-12-31": "12.42190", "2005-09-30": "8.12620", "2005-06-30": "12.25030", "2005-03-31": "11.16320"}, "EBITDA Margin": {"2020-09-30": "", "2020-06-30": "", "2020-03-31": "", "2019-12-31": "", "2019-09-30": "", "2019-06-30": "", "2019-03-31": "", "2018-12-31": "", "2018-09-30": "", "2018-06-30": "", "2018-03-31": "", "2017-12-31": "", "2017-09-30": "", "2017-06-30": "", "2017-03-31": "", "2016-12-31": "", "2016-09-30": "", "2016-06-30": "", "2016-03-31": "", "2015-12-31": "", "2015-09-30": "", "2015-06-30": "", "2015-03-31": "", "2014-12-31": "", "2014-09-30": "", "2014-06-30": "", "2014-03-31": "", "2013-12-31": "", "2013-09-30": "", "2013-06-30": "", "2013-03-31": "", "2012-12-31": "", "2012-09-30": "", "2012-06-30": "", "2012-03-31": "", "2011-12-31": "", "2011-09-30": "", "2011-06-30": "", "2011-03-31": "", "2010-12-31": "", "2010-09-30": "", "2010-06-30": "", "2010-03-31": "", "2009-12-31": "", "2009-09-30": "", "2009-06-30": "", "2009-03-31": "", "2008-12-31": "", "2008-09-30": "", "2008-06-30": "", "2008-03-31": "", "2007-12-31": "", "2007-09-30": "", "2007-06-30": "", "2007-03-31": "", "2006-12-31": "", "2006-09-30": "", "2006-06-30": "", "2006-03-31": "", "2005-12-31": "", "2005-09-30": "", "2005-06-30": "", "2005-03-31": ""}, "Pre-Tax Profit Margin": {"2020-09-30": "6.61700", "2020-06-30": "7.56740", "2020-03-31": "6.25670", "2019-12-31": "7.84790", "2019-09-30": "6.57900", "2019-06-30": "7.88500", "2019-03-31": "7.40620", "2018-12-31": "4.81070", "2018-09-30": "7.45450", "2018-06-30": "9.58180", "2018-03-31": "8.19350", "2017-12-31": "7.02370", "2017-09-30": "8.49880", "2017-06-30": "9.04630", "2017-03-31": "8.75130", "2016-12-31": "10.95170", "2016-09-30": "10.43920", "2016-06-30": "10.48730", "2016-03-31": "10.56110", "2015-12-31": "11.63490", "2015-09-30": "11.72450", "2015-06-30": "10.84930", "2015-03-31": "10.31240", "2014-12-31": "11.01710", "2014-09-30": "10.33320", "2014-06-30": "9.74900", "2014-03-31": "7.88450", "2013-12-31": "10.08730", "2013-09-30": "10.09120", "2013-06-30": "10.20910", "2013-03-31": "9.19670", "2012-12-31": "10.31580", "2012-09-30": "9.77830", "2012-06-30": "10.38030", "2012-03-31": "9.40110", "2011-12-31": "9.63300", "2011-09-30": "9.52260", "2011-06-30": "9.28260", "2011-03-31": "8.13260", "2010-12-31": "8.74340", "2010-09-30": "8.60300", "2010-06-30": "8.98790", "2010-03-31": "7.21530", "2009-12-31": "8.00740", "2009-09-30": "7.78110", "2009-06-30": "5.11350", "2009-03-31": "6.86310", "2008-12-31": "9.43930", "2008-09-30": "9.68840", "2008-06-30": "8.48800", "2008-03-31": "6.79590", "2007-12-31": "8.91260", "2007-09-30": "9.35210", "2007-06-30": "9.92110", "2007-03-31": "9.09510", "2006-12-31": "10.39220", "2006-09-30": "11.04670", "2006-06-30": "10.82140", "2006-03-31": "10.29560", "2005-12-31": "12.03930", "2005-09-30": "7.84610", "2005-06-30": "11.87980", "2005-03-31": "10.89060"}, "Net Profit Margin": {"2020-09-30": "5.07560", "2020-06-30": "5.67210", "2020-03-31": "4.59630", "2019-12-31": "5.90440", "2019-09-30": "5.00960", "2019-06-30": "5.90870", "2019-03-31": "5.72360", "2018-12-31": "3.82600", "2018-09-30": "5.93320", "2018-06-30": "7.08980", "2018-03-31": "6.06400", "2017-12-31": "19.36060", "2017-09-30": "5.44580", "2017-06-30": "5.66730", "2017-03-31": "6.30400", "2016-12-31": "6.83040", "2016-09-30": "6.47230", "2016-06-30": "6.50210", "2016-03-31": "6.54790", "2015-12-31": "7.20200", "2015-09-30": "7.25750", "2015-06-30": "6.71570", "2015-03-31": "6.38340", "2014-12-31": "6.85340", "2014-09-30": "6.39630", "2014-06-30": "6.03460", "2014-03-31": "4.88050", "2013-12-31": "6.23110", "2013-09-30": "6.23130", "2013-06-30": "6.34170", "2013-03-31": "5.67900", "2012-12-31": "6.27570", "2012-09-30": "6.03810", "2012-06-30": "6.40980", "2012-03-31": "5.80520", "2011-12-31": "6.02230", "2011-09-30": "5.86120", "2011-06-30": "5.71340", "2011-03-31": "5.00560", "2010-12-31": "5.67180", "2010-09-30": "5.29080", "2010-06-30": "5.52760", "2010-03-31": "4.43750", "2009-12-31": "4.75110", "2009-09-30": "4.79320", "2009-06-30": "3.12410", "2009-03-31": "4.25520", "2008-12-31": "6.05560", "2008-09-30": "6.05160", "2008-06-30": "5.17770", "2008-03-31": "4.14550", "2007-12-31": "5.74890", "2007-09-30": "5.69550", "2007-06-30": "7.46120", "2007-03-31": "5.53890", "2006-12-31": "6.78790", "2006-09-30": "6.73850", "2006-06-30": "6.60110", "2006-03-31": "6.28030", "2005-12-31": "7.61180", "2005-09-30": "4.97330", "2005-06-30": "7.19580", "2005-03-31": "6.69780"}, "Asset Turnover": {"2020-09-30": "0.42780", "2020-06-30": "0.38630", "2020-03-31": "0.42390", "2019-12-31": "0.44790", "2019-09-30": "0.43880", "2019-06-30": "0.41720", "2019-03-31": "0.39230", "2018-12-31": "0.45520", "2018-09-30": "0.46800", "2018-06-30": "0.46610", "2018-03-31": "0.44060", "2017-12-31": "0.44570", "2017-09-30": "0.45470", "2017-06-30": "0.45710", "2017-03-31": "0.43210", "2016-12-31": "0.43560", "2016-09-30": "0.45330", "2016-06-30": "0.43680", "2016-03-31": "0.41920", "2015-12-31": "0.44660", "2015-09-30": "0.45080", "2015-06-30": "0.44180", "2015-03-31": "0.42000", "2014-12-31": "0.47640", "2014-09-30": "0.50690", "2014-06-30": "0.50070", "2014-03-31": "0.45160", "2013-12-31": "0.52290", "2013-09-30": "0.52940", "2013-06-30": "0.52060", "2013-03-31": "0.49940", "2012-12-31": "0.54290", "2012-09-30": "0.53140", "2012-06-30": "0.53060", "2012-03-31": "0.50190", "2011-12-31": "0.53140", "2011-09-30": "0.54160", "2011-06-30": "0.54220", "2011-03-31": "0.49050", "2010-12-31": "0.52000", "2010-09-30": "0.50410", "2010-06-30": "0.49600", "2010-03-31": "0.44710", "2009-12-31": "0.47230", "2009-09-30": "0.44870", "2009-06-30": "0.42280", "2009-03-31": "0.40580", "2008-12-31": "0.49060", "2008-09-30": "0.55240", "2008-06-30": "0.52550", "2008-03-31": "0.47270", "2007-12-31": "0.50730", "2007-09-30": "0.48830", "2007-06-30": "0.46720", "2007-03-31": "0.44970", "2006-12-31": "0.48110", "2006-09-30": "0.50170", "2006-06-30": "0.54270", "2006-03-31": "0.51210", "2005-12-31": "0.55420", "2005-09-30": "0.53770", "2005-06-30": "0.51800", "2005-03-31": "0.47960"}, "Inventory Turnover Ratio": {"2020-09-30": "", "2020-06-30": "", "2020-03-31": "", "2019-12-31": "", "2019-09-30": "", "2019-06-30": "", "2019-03-31": "", "2018-12-31": "66.70100", "2018-09-30": "", "2018-06-30": "", "2018-03-31": "", "2017-12-31": "57.71950", "2017-09-30": "", "2017-06-30": "", "2017-03-31": "", "2016-12-31": "54.50290", "2016-09-30": "", "2016-06-30": "", "2016-03-31": "", "2015-12-31": "39.91100", "2015-09-30": "", "2015-06-30": "", "2015-03-31": "", "2014-12-31": "34.47560", "2014-09-30": "", "2014-06-30": "", "2014-03-31": "", "2013-12-31": "34.69000", "2013-09-30": "", "2013-06-30": "", "2013-03-31": "", "2012-12-31": "35.95340", "2012-09-30": "", "2012-06-30": "", "2012-03-31": "", "2011-12-31": "35.16680", "2011-09-30": "", "2011-06-30": "", "2011-03-31": "", "2010-12-31": "34.75020", "2010-09-30": "", "2010-06-30": "", "2010-03-31": "", "2009-12-31": "29.71850", "2009-09-30": "", "2009-06-30": "", "2009-03-31": "", "2008-12-31": "27.17590", "2008-09-30": "", "2008-06-30": "", "2008-03-31": "", "2007-12-31": "33.93220", "2007-09-30": "", "2007-06-30": "", "2007-03-31": "", "2006-12-31": "31.07310", "2006-09-30": "", "2006-06-30": "", "2006-03-31": "", "2005-12-31": "40.12620", "2005-09-30": "", "2005-06-30": "", "2005-03-31": ""}, "Receiveable Turnover": {"2020-09-30": "2.20400", "2020-06-30": "2.25700", "2020-03-31": "2.33150", "2019-12-31": "2.42170", "2019-09-30": "2.24890", "2019-06-30": "2.17430", "2019-03-31": "2.08450", "2018-12-31": "1.74770", "2018-09-30": "2.01690", "2018-06-30": "2.09790", "2018-03-31": "2.16250", "2017-12-31": "1.65260", "2017-09-30": "2.14660", "2017-06-30": "2.30550", "2017-03-31": "2.30290", "2016-12-31": "2.30930", "2016-09-30": "2.18140", "2016-06-30": "2.17070", "2016-03-31": "2.21440", "2015-12-31": "2.21670", "2015-09-30": "2.36300", "2015-06-30": "2.31490", "2015-03-31": "2.28180", "2014-12-31": "2.46180", "2014-09-30": "2.38520", "2014-06-30": "2.31850", "2014-03-31": "2.21520", "2013-12-31": "2.59320", "2013-09-30": "2.45480", "2013-06-30": "2.38570", "2013-03-31": "2.44000", "2012-12-31": "2.87150", "2012-09-30": "2.56970", "2012-06-30": "2.65870", "2012-03-31": "2.60420", "2011-12-31": "2.92830", "2011-09-30": "2.75830", "2011-06-30": "2.60880", "2011-03-31": "2.48380", "2010-12-31": "2.90450", "2010-09-30": "2.65690", "2010-06-30": "2.59240", "2010-03-31": "2.47230", "2009-12-31": "2.82580", "2009-09-30": "2.44980", "2009-06-30": "2.49680", "2009-03-31": "2.59510", "2008-12-31": "3.13520", "2008-09-30": "2.62650", "2008-06-30": "2.55770", "2008-03-31": "2.58030", "2007-12-31": "2.86170", "2007-09-30": "2.48220", "2007-06-30": "2.43830", "2007-03-31": "2.41830", "2006-12-31": "2.37820", "2006-09-30": "2.49880", "2006-06-30": "2.57680", "2006-03-31": "2.53780", "2005-12-31": "2.49890", "2005-09-30": "2.38040", "2005-06-30": "2.38460", "2005-03-31": "2.21940"}, "Days Sales In Receivables": {"2020-09-30": "40.83450", "2020-06-30": "39.87620", "2020-03-31": "38.60230", "2019-12-31": "37.16430", "2019-09-30": "40.01950", "2019-06-30": "41.39190", "2019-03-31": "43.17680", "2018-12-31": "51.49570", "2018-09-30": "44.62360", "2018-06-30": "42.90080", "2018-03-31": "41.61760", "2017-12-31": "54.45990", "2017-09-30": "41.92660", "2017-06-30": "39.03710", "2017-03-31": "39.08090", "2016-12-31": "38.97360", "2016-09-30": "41.25720", "2016-06-30": "41.46210", "2016-03-31": "40.64320", "2015-12-31": "40.60120", "2015-09-30": "38.08760", "2015-06-30": "38.87880", "2015-03-31": "39.44330", "2014-12-31": "36.55870", "2014-09-30": "37.73330", "2014-06-30": "38.81850", "2014-03-31": "40.62810", "2013-12-31": "34.70630", "2013-09-30": "36.66280", "2013-06-30": "37.72470", "2013-03-31": "36.88480", "2012-12-31": "31.34280", "2012-09-30": "35.02310", "2012-06-30": "33.85060", "2012-03-31": "34.55940", "2011-12-31": "30.73450", "2011-09-30": "32.62870", "2011-06-30": "34.49820", "2011-03-31": "36.23470", "2010-12-31": "30.98670", "2010-09-30": "33.87420", "2010-06-30": "34.71690", "2010-03-31": "36.40380", "2009-12-31": "31.84950", "2009-09-30": "36.73730", "2009-06-30": "36.04670", "2009-03-31": "34.68130", "2008-12-31": "28.70610", "2008-09-30": "34.26570", "2008-06-30": "35.18830", "2008-03-31": "34.87980", "2007-12-31": "31.44950", "2007-09-30": "36.25890", "2007-06-30": "36.91040", "2007-03-31": "37.21560", "2006-12-31": "37.84400", "2006-09-30": "36.01750", "2006-06-30": "34.92670", "2006-03-31": "35.46370", "2005-12-31": "36.01590", "2005-09-30": "37.80820", "2005-06-30": "37.74220", "2005-03-31": "40.55060"}, "ROE - Return On Equity": {"2020-09-30": "", "2020-06-30": "", "2020-03-31": "", "2019-12-31": "", "2019-09-30": "", "2019-06-30": "", "2019-03-31": "", "2018-12-31": "4.22010", "2018-09-30": "", "2018-06-30": "", "2018-03-31": "", "2017-12-31": "20.94830", "2017-09-30": "", "2017-06-30": "", "2017-03-31": "", "2016-12-31": "8.31340", "2016-09-30": "", "2016-06-30": "", "2016-03-31": "", "2015-12-31": "8.97800", "2015-09-30": "", "2015-06-30": "", "2015-03-31": "", "2014-12-31": "9.15760", "2014-09-30": "", "2014-06-30": "", "2014-03-31": "", "2013-12-31": "9.07340", "2013-09-30": "", "2013-06-30": "", "2013-03-31": "", "2012-12-31": "10.60520", "2012-09-30": "", "2012-06-30": "", "2012-03-31": "", "2011-12-31": "12.78580", "2011-09-30": "", "2011-06-30": "", "2011-03-31": "", "2010-12-31": "10.09610", "2010-09-30": "", "2010-06-30": "", "2010-03-31": "", "2009-12-31": "6.47120", "2009-09-30": "", "2009-06-30": "", "2009-03-31": "", "2008-12-31": "10.07090", "2008-09-30": "", "2008-06-30": "", "2008-03-31": "", "2007-12-31": "15.82880", "2007-09-30": "", "2007-06-30": "", "2007-03-31": "", "2006-12-31": "7.60840", "2006-09-30": "", "2006-06-30": "", "2006-03-31": "", "2005-12-31": "7.99710", "2005-09-30": "", "2005-06-30": "", "2005-03-31": ""}, "Return On Tangible Equity": {"2020-09-30": "5.46880", "2020-06-30": "5.54480", "2020-03-31": "5.03290", "2019-12-31": "7.00880", "2019-09-30": "5.90970", "2019-06-30": "6.88140", "2019-03-31": "5.95970", "2018-12-31": "4.44240", "2018-09-30": "6.30160", "2018-06-30": "7.45820", "2018-03-31": "6.08020", "2017-12-31": "22.32540", "2017-09-30": "7.39460", "2017-06-30": "6.95230", "2017-03-31": "7.48400", "2016-12-31": "8.32720", "2016-09-30": "7.90020", "2016-06-30": "7.61270", "2016-03-31": "7.78320", "2015-12-31": "8.97800", "2015-09-30": "9.21710", "2015-06-30": "7.72240", "2015-03-31": "7.19690", "2014-12-31": "9.15760", "2014-09-30": "8.83020", "2014-06-30": "8.64000", "2014-03-31": "6.42850", "2013-12-31": "9.07340", "2013-09-30": "9.12540", "2013-06-30": "9.71990", "2013-03-31": "8.37540", "2012-12-31": "10.60520", "2012-09-30": "10.01560", "2012-06-30": "11.27910", "2012-03-31": "10.73850", "2011-12-31": "12.78580", "2011-09-30": "13.79540", "2011-06-30": "10.97970", "2011-03-31": "8.95730", "2010-12-31": "10.09610", "2010-09-30": "8.77590", "2010-06-30": "9.12570", "2010-03-31": "5.57340", "2009-12-31": "6.47120", "2009-09-30": "6.57660", "2009-06-30": "4.16690", "2009-03-31": "5.58020", "2008-12-31": "10.07090", "2008-09-30": "12.48710", "2008-06-30": "11.87180", "2008-03-31": "9.80960", "2007-12-31": "15.82880", "2007-09-30": "14.13490", "2007-06-30": "11.47480", "2007-03-31": "6.41530", "2006-12-31": "7.60840", "2006-09-30": "8.22550", "2006-06-30": "7.66510", "2006-03-31": "5.69220", "2005-12-31": "7.99710", "2005-09-30": "5.05050", "2005-06-30": "6.53610", "2005-03-31": "5.93430"}, "ROA - Return On Assets": {"2020-09-30": "2.17160", "2020-06-30": "2.19130", "2020-03-31": "1.94860", "2019-12-31": "2.64450", "2019-09-30": "2.19830", "2019-06-30": "2.46520", "2019-03-31": "2.24510", "2018-12-31": "1.74170", "2018-09-30": "2.77680", "2018-06-30": "3.30450", "2018-03-31": "2.67190", "2017-12-31": "8.62880", "2017-09-30": "2.47620", "2017-06-30": "2.59020", "2017-03-31": "2.72390", "2016-12-31": "2.97560", "2016-09-30": "2.93370", "2016-06-30": "2.84020", "2016-03-31": "2.74470", "2015-12-31": "3.21650", "2015-09-30": "3.27170", "2015-06-30": "2.96720", "2015-03-31": "2.68100", "2014-12-31": "3.26500", "2014-09-30": "3.24210", "2014-06-30": "3.02160", "2014-03-31": "2.20380", "2013-12-31": "3.25830", "2013-09-30": "3.29860", "2013-06-30": "3.30150", "2013-03-31": "2.83630", "2012-12-31": "3.40730", "2012-09-30": "3.20880", "2012-06-30": "3.40130", "2012-03-31": "2.91380", "2011-12-31": "3.20050", "2011-09-30": "3.17430", "2011-06-30": "3.09760", "2011-03-31": "2.45520", "2010-12-31": "2.94920", "2010-09-30": "2.66710", "2010-06-30": "2.74140", "2010-03-31": "1.98410", "2009-12-31": "2.24380", "2009-09-30": "2.15080", "2009-06-30": "1.32070", "2009-03-31": "1.72660", "2008-12-31": "2.97060", "2008-09-30": "3.34290", "2008-06-30": "2.72090", "2008-03-31": "1.95970", "2007-12-31": "2.91630", "2007-09-30": "2.78090", "2007-06-30": "3.48590", "2007-03-31": "2.49070", "2006-12-31": "3.26570", "2006-09-30": "3.38050", "2006-06-30": "3.58260", "2006-03-31": "3.21620", "2005-12-31": "4.21840", "2005-09-30": "2.67390", "2005-06-30": "3.72770", "2005-03-31": "3.21210"}, "ROI - Return On Investment": {"2020-09-30": "3.31060", "2020-06-30": "3.29100", "2020-03-31": "2.92410", "2019-12-31": "4.06080", "2019-09-30": "3.39590", "2019-06-30": "3.80990", "2019-03-31": "3.42860", "2018-12-31": "2.95620", "2018-09-30": "4.51880", "2018-06-30": "5.43760", "2018-03-31": "4.38300", "2017-12-31": "13.17300", "2017-09-30": "3.92620", "2017-06-30": "4.16310", "2017-03-31": "4.42140", "2016-12-31": "4.89750", "2016-09-30": "4.69880", "2016-06-30": "4.49340", "2016-03-31": "4.45390", "2015-12-31": "5.07950", "2015-09-30": "5.13430", "2015-06-30": "5.21680", "2015-03-31": "4.82440", "2014-12-31": "5.84230", "2014-09-30": "5.86260", "2014-06-30": "4.77750", "2014-03-31": "3.77210", "2013-12-31": "6.24560", "2013-09-30": "6.31000", "2013-06-30": "6.37160", "2013-03-31": "5.77980", "2012-12-31": "6.09770", "2012-09-30": "5.90010", "2012-06-30": "6.22330", "2012-03-31": "5.49200", "2011-12-31": "5.72860", "2011-09-30": "5.64710", "2011-06-30": "5.26570", "2011-03-31": "4.14520", "2010-12-31": "5.63200", "2010-09-30": "4.99880", "2010-06-30": "5.27370", "2010-03-31": "3.69820", "2009-12-31": "3.44670", "2009-09-30": "3.23990", "2009-06-30": "2.06640", "2009-03-31": "2.75810", "2008-12-31": "5.10300", "2008-09-30": "5.86520", "2008-06-30": "4.85660", "2008-03-31": "3.39550", "2007-12-31": "5.31390", "2007-09-30": "5.16890", "2007-06-30": "6.22390", "2007-03-31": "4.53720", "2006-12-31": "6.13540", "2006-09-30": "6.65440", "2006-06-30": "6.15580", "2006-03-31": "5.39500", "2005-12-31": "6.94330", "2005-09-30": "4.60830", "2005-06-30": "6.04900", "2005-03-31": "5.46970"}, "Book Value Per Share": {"2020-09-30": "23.53750", "2020-06-30": "22.66050", "2020-03-31": "21.64230", "2019-12-31": "21.34420", "2019-09-30": "20.58140", "2019-06-30": "20.00000", "2019-03-31": "20.26660", "2018-12-31": "19.33000", "2018-09-30": "19.05710", "2018-06-30": "18.59600", "2018-03-31": "17.70350", "2017-12-31": "16.75880", "2017-09-30": "13.41180", "2017-06-30": "12.86350", "2017-03-31": "12.47730", "2016-12-31": "12.70440", "2016-09-30": "12.34640", "2016-06-30": "12.24200", "2016-03-31": "11.41620", "2015-12-31": "11.41180", "2015-09-30": "10.90030", "2015-06-30": "11.51990", "2015-03-31": "10.95940", "2014-12-31": "10.33260", "2014-09-30": "9.90000", "2014-06-30": "9.27620", "2014-03-31": "9.10900", "2013-12-31": "8.63560", "2013-09-30": "8.31930", "2013-06-30": "7.70700", "2013-03-31": "7.44810", "2012-12-31": "6.73760", "2012-09-30": "6.60580", "2012-06-30": "6.06780", "2012-03-31": "5.38320", "2011-12-31": "4.85360", "2011-09-30": "4.26310", "2011-06-30": "4.97770", "2011-03-31": "4.65150", "2010-12-31": "4.71660", "2010-09-30": "4.82230", "2010-06-30": "4.63120", "2010-03-31": "5.28170", "2009-12-31": "5.06010", "2009-09-30": "4.77950", "2009-06-30": "4.55000", "2009-03-31": "4.37130", "2008-12-31": "4.19640", "2008-09-30": "3.83220", "2008-06-30": "3.39330", "2008-03-31": "2.97610", "2007-12-31": "2.75500", "2007-09-30": "2.83160", "2007-06-30": "4.11540", "2007-03-31": "4.87680", "2006-12-31": "5.25570", "2006-09-30": "4.87280", "2006-06-30": "4.89890", "2006-03-31": "5.57270", "2005-12-31": "5.31180", "2005-09-30": "5.10090", "2005-06-30": "5.27720", "2005-03-31": "5.05210"}, "Operating Cash Flow Per Share": {"2020-09-30": 2.5257, "2020-06-30": 3.6747, "2020-03-31": "2.32970", "2019-12-31": 1.4348, "2019-09-30": 3.1084, "2019-06-30": 3.3115, "2019-03-31": "2.28640", "2018-12-31": 2.7971, "2018-09-30": 2.2742, "2018-06-30": 2.42, "2018-03-31": "2.35980", "2017-12-31": 2.0191, "2017-09-30": 1.6802, "2017-06-30": 1.4517, "2017-03-31": "2.54970", "2016-12-31": 1.5013, "2016-09-30": 1.8656, "2016-06-30": 1.4933, "2016-03-31": "2.67450", "2015-12-31": 1.4879, "2015-09-30": 2.144, "2015-06-30": 1.6804, "2015-03-31": "2.16930", "2014-12-31": 1.3466, "2014-09-30": 1.5748, "2014-06-30": 1.202, "2014-03-31": "1.33720", "2013-12-31": 1.3647, "2013-09-30": 0.9882, "2013-06-30": 0.7317, "2013-03-31": "1.72550", "2012-12-31": 1.0965, "2012-09-30": 1.2987, "2012-06-30": 0.9495, "2012-03-31": "1.22150", "2011-12-31": 1.1833, "2011-09-30": 1.535, "2011-06-30": 1.3938, "2011-03-31": "1.10180", "2010-12-31": 0.7379, "2010-09-30": 0.9928, "2010-06-30": 0.9551, "2010-03-31": "0.66470", "2009-12-31": 0.8454, "2009-09-30": 0.7471, "2009-06-30": 0.5942, "2009-03-31": "0.57030", "2008-12-31": 1.2203, "2008-09-30": 1.1258, "2008-06-30": 0.6702, "2008-03-31": "0.91380", "2007-12-31": 0.6106, "2007-09-30": 1.2324, "2007-06-30": 0.4304, "2007-03-31": "1.05270", "2006-12-31": 0.3213, "2006-09-30": 0.8438, "2006-06-30": 0.6533, "2006-03-31": "0.95910", "2005-12-31": 0.3107, "2005-09-30": 0.928, "2005-06-30": 0.4706, "2005-03-31": "0.33210"}, "Free Cash Flow Per Share": {"2020-09-30": 0.8069, "2020-06-30": 2.3956, "2020-03-31": "1.12600", "2019-12-31": 0.5277, "2019-09-30": 2.0474, "2019-06-30": 0.8599, "2019-03-31": "0.35190", "2018-12-31": 0.0851, "2018-09-30": 0.1672, "2018-06-30": 0.8354, "2018-03-31": "0.74480", "2017-12-31": 0.2678, "2017-09-30": 0.324, "2017-06-30": 0.7744, "2017-03-31": "1.73730", "2016-12-31": 0.3854, "2016-09-30": 0.9684, "2016-06-30": 0.2298, "2016-03-31": "1.67050", "2015-12-31": 0.4245, "2015-09-30": 0.9805, "2015-06-30": 0.3402, "2015-03-31": "0.96940", "2014-12-31": -0.1696, "2014-09-30": 0.4978, "2014-06-30": -0.4444, "2014-03-31": "0.00700", "2013-12-31": 0.454, "2013-09-30": -0.0351, "2013-06-30": -0.08, "2013-03-31": "0.76530", "2012-12-31": 0.3363, "2012-09-30": 0.4025, "2012-06-30": 0.2255, "2012-03-31": "0.52180", "2011-12-31": 0.2034, "2011-09-30": 0.5691, "2011-06-30": 0.5889, "2011-03-31": "0.19550", "2010-12-31": 0.1195, "2010-09-30": 0.649, "2010-06-30": 0.5145, "2010-03-31": "0.29910", "2009-12-31": 0.5286, "2009-09-30": 0.2376, "2009-06-30": -0.0846, "2009-03-31": "0.20790", "2008-12-31": 0.528, "2008-09-30": 1.0367, "2008-06-30": 0.2835, "2008-03-31": "0.44120", "2007-12-31": 0.2163, "2007-09-30": 0.7033, "2007-06-30": -0.4029, "2007-03-31": "0.40720", "2006-12-31": -0.1241, "2006-09-30": -0.4994, "2006-06-30": 0.1746, "2006-03-31": "0.53330", "2005-12-31": -0.0675, "2005-09-30": 0.5664, "2005-06-30": 0.1804, "2005-03-31": "0.10780"}}, "revenue": {"J.B Hunt Transport Services Annual Revenue (Millions of US $)": {"2020": "$9,637", "2019": "$9,165", "2018": "$8,615", "2017": "$7,190", "2016": "$6,555", "2015": "$6,188", "2014": "$6,165", "2013": "$5,585", "2012": "$5,055", "2011": "$4,527", "2010": "$3,793", "2009": "$3,203", "2008": "$3,732", "2007": "$3,490", "2006": "$3,328", "2005": "$3,128"}, "J.B Hunt Transport Services Quarterly Revenue (Millions of US $)": {"2020-12-31": "$2,738", "2020-09-30": "$2,473", "2020-06-30": "$2,146", "2020-03-31": "$2,281", "2019-12-31": "$2,450", "2019-09-30": "$2,364", "2019-06-30": "$2,262", "2019-03-31": "$2,090", "2018-12-31": "$2,318", "2018-09-30": "$2,210", "2018-06-30": "$2,139", "2018-03-31": "$1,948", "2017-12-31": "$1,990", "2017-09-30": "$1,843", "2017-06-30": "$1,727", "2017-03-31": "$1,629", "2016-12-31": "$1,721", "2016-09-30": "$1,691", "2016-06-30": "$1,615", "2016-03-31": "$1,529", "2015-12-31": "$1,621", "2015-09-30": "$1,586", "2015-06-30": "$1,540", "2015-03-31": "$1,440", "2014-12-31": "$1,610", "2014-09-30": "$1,601", "2014-06-30": "$1,548", "2014-03-31": "$1,407", "2013-12-31": "$1,474", "2013-09-30": "$1,436", "2013-06-30": "$1,383", "2013-03-31": "$1,292", "2012-12-31": "$1,338", "2012-09-30": "$1,296", "2012-06-30": "$1,255", "2012-03-31": "$1,166", "2011-12-31": "$1,205", "2011-09-30": "$1,171", "2011-06-30": "$1,150", "2011-03-31": "$1,001", "2010-12-31": "$1,020", "2010-09-30": "$986", "2010-06-30": "$943", "2010-03-31": "$845", "2009-12-31": "$877", "2009-09-30": "$834", "2009-06-30": "$770", "2009-03-31": "$723", "2008-12-31": "$880", "2008-09-30": "$996", "2008-06-30": "$977", "2008-03-31": "$878", "2007-12-31": "$945", "2007-09-30": "$892", "2007-06-30": "$856", "2007-03-31": "$797", "2006-12-31": "$852", "2006-09-30": "$858", "2006-06-30": "$838", "2006-03-31": "$780", "2005-12-31": "$858", "2005-09-30": "$801", "2005-06-30": "$759", "2005-03-31": "$709"}}, "gross-profit": {"J.B Hunt Transport Services Annual Gross Profit (Millions of US $)": {"2020": "$3,991", "2019": "$3,840", "2018": "$3,418", "2017": "$2,934", "2016": "$2,783", "2015": "$2,659", "2014": "$2,408", "2013": "$2,120", "2012": "$1,925", "2011": "$1,780", "2010": "$1,586", "2009": "$1,380", "2008": "$1,574", "2007": "$1,635", "2006": "$1,610", "2005": "$1,548"}, "J.B Hunt Transport Services Quarterly Gross Profit (Millions of US $)": {"2020-12-31": "$1,074", "2020-09-30": "$1,002", "2020-06-30": "$957", "2020-03-31": "$958", "2019-12-31": "$1,002", "2019-09-30": "$965", "2019-06-30": "$973", "2019-03-31": "$899", "2018-12-31": "$852", "2018-09-30": "$887", "2018-06-30": "$874", "2018-03-31": "$805", "2017-12-31": "$796", "2017-09-30": "$742", "2017-06-30": "$712", "2017-03-31": "$684", "2016-12-31": "$709", "2016-09-30": "$708", "2016-06-30": "$692", "2016-03-31": "$674", "2015-12-31": "$695", "2015-09-30": "$682", "2015-06-30": "$667", "2015-03-31": "$614", "2014-12-31": "$653", "2014-09-30": "$627", "2014-06-30": "$597", "2014-03-31": "$531", "2013-12-31": "$564", "2013-09-30": "$542", "2013-06-30": "$529", "2013-03-31": "$486", "2012-12-31": "$509", "2012-09-30": "$487", "2012-06-30": "$480", "2012-03-31": "$449", "2011-12-31": "$469", "2011-09-30": "$458", "2011-06-30": "$452", "2011-03-31": "$401", "2010-12-31": "$418", "2010-09-30": "$415", "2010-06-30": "$400", "2010-03-31": "$353", "2009-12-31": "$364", "2009-09-30": "$356", "2009-06-30": "$332", "2009-03-31": "$329", "2008-12-31": "$385", "2008-09-30": "$411", "2008-06-30": "$401", "2008-03-31": "$377", "2007-12-31": "$421", "2007-09-30": "$415", "2007-06-30": "$410", "2007-03-31": "$389", "2006-12-31": "$419", "2006-09-30": "$413", "2006-06-30": "$403", "2006-03-31": "$375", "2005-12-31": "$411", "2005-09-30": "$395", "2005-06-30": "$385", "2005-03-31": "$356"}}, "operating-income": {"J.B Hunt Transport Services Annual Operating Income (Millions of US $)": {"2020": "$713", "2019": "$734", "2018": "$681", "2017": "$624", "2016": "$721", "2015": "$716", "2014": "$632", "2013": "$577", "2012": "$530", "2011": "$444", "2010": "$348", "2009": "$248", "2008": "$358", "2007": "$369", "2006": "$373", "2005": "$344"}, "J.B Hunt Transport Services Quarterly Operating Income (Millions of US $)": {"2020-12-31": "$208", "2020-09-30": "$176", "2020-06-30": "$175", "2020-03-31": "$155", "2019-12-31": "$205", "2019-09-30": "$168", "2019-06-30": "$193", "2019-03-31": "$168", "2018-12-31": "$123", "2018-09-30": "$175", "2018-06-30": "$215", "2018-03-31": "$169", "2017-12-31": "$146", "2017-09-30": "$165", "2017-06-30": "$164", "2017-03-31": "$149", "2016-12-31": "$194", "2016-09-30": "$183", "2016-06-30": "$176", "2016-03-31": "$168", "2015-12-31": "$193", "2015-09-30": "$194", "2015-06-30": "$174", "2015-03-31": "$155", "2014-12-31": "$183", "2014-09-30": "$172", "2014-06-30": "$159", "2014-03-31": "$117", "2013-12-31": "$154", "2013-09-30": "$151", "2013-06-30": "$147", "2013-03-31": "$125", "2012-12-31": "$143", "2012-09-30": "$133", "2012-06-30": "$137", "2012-03-31": "$117", "2011-12-31": "$122", "2011-09-30": "$119", "2011-06-30": "$113", "2011-03-31": "$90", "2010-12-31": "$97", "2010-09-30": "$91", "2010-06-30": "$91", "2010-03-31": "$67", "2009-12-31": "$73", "2009-09-30": "$71", "2009-06-30": "$47", "2009-03-31": "$57", "2008-12-31": "$86", "2008-09-30": "$106", "2008-06-30": "$94", "2008-03-31": "$72", "2007-12-31": "$96", "2007-09-30": "$96", "2007-06-30": "$96", "2007-03-31": "$80", "2006-12-31": "$95", "2006-09-30": "$100", "2006-06-30": "$95", "2006-03-31": "$81", "2005-12-31": "$107", "2005-09-30": "$65", "2005-06-30": "$93", "2005-03-31": "$79"}}, "ebitda": {"J.B Hunt Transport Services Annual EBITDA (Millions of US $)": {"2019": "$1,233", "2018": "$1,117", "2017": "$1,007", "2016": "$1,083", "2015": "$1,055", "2014": "$926", "2013": "$830", "2012": "$759", "2011": "$658", "2010": "$545", "2009": "$437", "2008": "$561", "2007": "$574", "2006": "$556", "2005": "$507"}, "J.B Hunt Transport Services Quarterly EBITDA (Millions of US $)": {"2020-09-30": "$308", "2020-06-30": "$305", "2020-03-31": "$285", "2019-12-31": "$333", "2019-09-30": "$295", "2019-06-30": "$317", "2019-03-31": "$288", "2018-12-31": "$237", "2018-09-30": "$283", "2018-06-30": "$322", "2018-03-31": "$274", "2017-12-31": "$248", "2017-09-30": "$261", "2017-06-30": "$257", "2017-03-31": "$242", "2016-12-31": "$286", "2016-09-30": "$274", "2016-06-30": "$266", "2016-03-31": "$256", "2015-12-31": "$281", "2015-09-30": "$280", "2015-06-30": "$257", "2015-03-31": "$237", "2014-12-31": "$261", "2014-09-30": "$248", "2014-06-30": "$231", "2014-03-31": "$186", "2013-12-31": "$220", "2013-09-30": "$215", "2013-06-30": "$210", "2013-03-31": "$186", "2012-12-31": "$202", "2012-09-30": "$191", "2012-06-30": "$193", "2012-03-31": "$173", "2011-12-31": "$178", "2011-09-30": "$173", "2011-06-30": "$166", "2011-03-31": "$141", "2010-12-31": "$147", "2010-09-30": "$141", "2010-06-30": "$140", "2010-03-31": "$115", "2009-12-31": "$120", "2009-09-30": "$118", "2009-06-30": "$94", "2009-03-31": "$104", "2008-12-31": "$136", "2008-09-30": "$157", "2008-06-30": "$145", "2008-03-31": "$123", "2007-12-31": "$149", "2007-09-30": "$148", "2007-06-30": "$147", "2007-03-31": "$130", "2006-12-31": "$145", "2006-09-30": "$146", "2006-06-30": "$140", "2006-03-31": "$125", "2005-12-31": "$149", "2005-09-30": "$106", "2005-06-30": "$133", "2005-03-31": "$118"}}, "net-income": {"J.B Hunt Transport Services Annual Net Income (Millions of US $)": {"2020": "$506", "2019": "$516", "2018": "$490", "2017": "$686", "2016": "$432", "2015": "$427", "2014": "$375", "2013": "$342", "2012": "$310", "2011": "$257", "2010": "$200", "2009": "$136", "2008": "$201", "2007": "$213", "2006": "$220", "2005": "$207"}, "J.B Hunt Transport Services Quarterly Net Income (Millions of US $)": {"2020-12-31": "$154", "2020-09-30": "$125", "2020-06-30": "$122", "2020-03-31": "$105", "2019-12-31": "$145", "2019-09-30": "$118", "2019-06-30": "$134", "2019-03-31": "$120", "2018-12-31": "$89", "2018-09-30": "$131", "2018-06-30": "$152", "2018-03-31": "$118", "2017-12-31": "$385", "2017-09-30": "$100", "2017-06-30": "$98", "2017-03-31": "$103", "2016-12-31": "$118", "2016-09-30": "$109", "2016-06-30": "$105", "2016-03-31": "$100", "2015-12-31": "$117", "2015-09-30": "$115", "2015-06-30": "$103", "2015-03-31": "$92", "2014-12-31": "$110", "2014-09-30": "$102", "2014-06-30": "$93", "2014-03-31": "$69", "2013-12-31": "$92", "2013-09-30": "$89", "2013-06-30": "$88", "2013-03-31": "$73", "2012-12-31": "$84", "2012-09-30": "$78", "2012-06-30": "$80", "2012-03-31": "$68", "2011-12-31": "$73", "2011-09-30": "$69", "2011-06-30": "$66", "2011-03-31": "$50", "2010-12-31": "$58", "2010-09-30": "$52", "2010-06-30": "$52", "2010-03-31": "$37", "2009-12-31": "$42", "2009-09-30": "$40", "2009-06-30": "$24", "2009-03-31": "$31", "2008-12-31": "$53", "2008-09-30": "$60", "2008-06-30": "$51", "2008-03-31": "$36", "2007-12-31": "$54", "2007-09-30": "$51", "2007-06-30": "$64", "2007-03-31": "$44", "2006-12-31": "$58", "2006-09-30": "$58", "2006-06-30": "$55", "2006-03-31": "$49", "2005-12-31": "$65", "2005-09-30": "$40", "2005-06-30": "$55", "2005-03-31": "$47"}}, "eps-earnings-per-share-diluted": {"J.B Hunt Transport Services Annual EPS": {"2020": "$4.74", "2019": "$4.77", "2018": "$4.43", "2017": "$6.18", "2016": "$3.81", "2015": "$3.66", "2014": "$3.16", "2013": "$2.87", "2012": "$2.59", "2011": "$2.11", "2010": "$1.56", "2009": "$1.05", "2008": "$1.56", "2007": "$1.55", "2006": "$1.44", "2005": "$1.28"}, "J.B Hunt Transport Services Quarterly EPS": {"2020-12-31": "$1.44", "2020-09-30": "$1.18", "2020-06-30": "$1.14", "2020-03-31": "$0.98", "2019-12-31": "$1.35", "2019-09-30": "$1.10", "2019-06-30": "$1.23", "2019-03-31": "$1.09", "2018-12-31": "$0.80", "2018-09-30": "$1.19", "2018-06-30": "$1.37", "2018-03-31": "$1.07", "2017-12-31": "$3.47", "2017-09-30": "$0.91", "2017-06-30": "$0.88", "2017-03-31": "$0.92", "2016-12-31": "$1.04", "2016-09-30": "$0.97", "2016-06-30": "$0.92", "2016-03-31": "$0.88", "2015-12-31": "$1.01", "2015-09-30": "$0.99", "2015-06-30": "$0.88", "2015-03-31": "$0.78", "2014-12-31": "$0.92", "2014-09-30": "$0.87", "2014-06-30": "$0.79", "2014-03-31": "$0.58", "2013-12-31": "$0.78", "2013-09-30": "$0.75", "2013-06-30": "$0.73", "2013-03-31": "$0.61", "2012-12-31": "$0.70", "2012-09-30": "$0.65", "2012-06-30": "$0.67", "2012-03-31": "$0.57", "2011-12-31": "$0.61", "2011-09-30": "$0.57", "2011-06-30": "$0.53", "2011-03-31": "$0.40", "2010-12-31": "$0.46", "2010-09-30": "$0.41", "2010-06-30": "$0.40", "2010-03-31": "$0.29", "2009-12-31": "$0.31", "2009-09-30": "$0.31", "2009-06-30": "$0.19", "2009-03-31": "$0.24", "2008-12-31": "$0.42", "2008-09-30": "$0.47", "2008-06-30": "$0.39", "2008-03-31": "$0.28", "2007-12-31": "$0.42", "2007-09-30": "$0.38", "2007-06-30": "$0.45", "2007-03-31": "$0.30", "2006-12-31": "$0.38", "2006-09-30": "$0.39", "2006-06-30": "$0.36", "2006-03-31": "$0.31", "2005-12-31": "$0.41", "2005-09-30": "$0.25", "2005-06-30": "$0.33", "2005-03-31": "$0.29"}}, "shares-outstanding": {"J.B Hunt Transport Services Annual Shares Outstanding (Millions of Shares)": {"2020": "107", "2019": "108", "2018": "110", "2017": "111", "2016": "113", "2015": "117", "2014": "118", "2013": "119", "2012": "120", "2011": "122", "2010": "128", "2009": "129", "2008": "129", "2007": "138", "2006": "152", "2005": "163"}, "J.B Hunt Transport Services Quarterly Shares Outstanding (Millions of Shares)": {"2020-12-31": "107", "2020-09-30": "107", "2020-06-30": "107", "2020-03-31": "107", "2019-12-31": "108", "2019-09-30": "108", "2019-06-30": "108", "2019-03-31": "110", "2018-12-31": "110", "2018-09-30": "110", "2018-06-30": "111", "2018-03-31": "111", "2017-12-31": "111", "2017-09-30": "111", "2017-06-30": "111", "2017-03-31": "112", "2016-12-31": "113", "2016-09-30": "113", "2016-06-30": "114", "2016-03-31": "114", "2015-12-31": "117", "2015-09-30": "116", "2015-06-30": "118", "2015-03-31": "118", "2014-12-31": "118", "2014-09-30": "118", "2014-06-30": "119", "2014-03-31": "119", "2013-12-31": "119", "2013-09-30": "119", "2013-06-30": "119", "2013-03-31": "120", "2012-12-31": "120", "2012-09-30": "120", "2012-06-30": "120", "2012-03-31": "120", "2011-12-31": "122", "2011-09-30": "121", "2011-06-30": "123", "2011-03-31": "124", "2010-12-31": "128", "2010-09-30": "126", "2010-06-30": "129", "2010-03-31": "130", "2009-12-31": "129", "2009-09-30": "130", "2009-06-30": "129", "2009-03-31": "129", "2008-12-31": "129", "2008-09-30": "129", "2008-06-30": "128", "2008-03-31": "128", "2007-12-31": "138", "2007-09-30": "134", "2007-06-30": "142", "2007-03-31": "146", "2006-12-31": "152", "2006-09-30": "149", "2006-06-30": "155", "2006-03-31": "158", "2005-12-31": "163", "2005-09-30": "161", "2005-06-30": "163", "2005-03-31": "166"}}, "total-assets": {"J.B Hunt Transport Services Annual Total Assets (Millions of US $)": {"2019": "$5,471", "2018": "$5,092", "2017": "$4,465", "2016": "$3,951", "2015": "$3,630", "2014": "$3,378", "2013": "$2,819", "2012": "$2,465", "2011": "$2,267", "2010": "$1,962", "2009": "$1,857", "2008": "$1,793", "2007": "$1,863", "2006": "$1,770", "2005": "$1,549"}, "J.B Hunt Transport Services Quarterly Total Assets (Millions of US $)": {"2020-09-30": "$5,779", "2020-06-30": "$5,554", "2020-03-31": "$5,380", "2019-12-31": "$5,471", "2019-09-30": "$5,386", "2019-06-30": "$5,421", "2019-03-31": "$5,327", "2018-12-31": "$5,092", "2018-09-30": "$4,722", "2018-06-30": "$4,589", "2018-03-31": "$4,422", "2017-12-31": "$4,465", "2017-09-30": "$4,054", "2017-06-30": "$3,778", "2017-03-31": "$3,770", "2016-12-31": "$3,951", "2016-09-30": "$3,730", "2016-06-30": "$3,697", "2016-03-31": "$3,647", "2015-12-31": "$3,630", "2015-09-30": "$3,519", "2015-06-30": "$3,485", "2015-03-31": "$3,429", "2014-12-31": "$3,378", "2014-09-30": "$3,159", "2014-06-30": "$3,091", "2014-03-31": "$3,116", "2013-12-31": "$2,819", "2013-09-30": "$2,712", "2013-06-30": "$2,656", "2013-03-31": "$2,586", "2012-12-31": "$2,465", "2012-09-30": "$2,438", "2012-06-30": "$2,365", "2012-03-31": "$2,323", "2011-12-31": "$2,267", "2011-09-30": "$2,163", "2011-06-30": "$2,121", "2011-03-31": "$2,040", "2010-12-31": "$1,962", "2010-09-30": "$1,956", "2010-06-30": "$1,901", "2010-03-31": "$1,889", "2009-12-31": "$1,857", "2009-09-30": "$1,858", "2009-06-30": "$1,821", "2009-03-31": "$1,781", "2008-12-31": "$1,793", "2008-09-30": "$1,804", "2008-06-30": "$1,860", "2008-03-31": "$1,858", "2007-12-31": "$1,863", "2007-09-30": "$1,826", "2007-06-30": "$1,832", "2007-03-31": "$1,773", "2006-12-31": "$1,770", "2006-09-30": "$1,711", "2006-06-30": "$1,545", "2006-03-31": "$1,523", "2005-12-31": "$1,549", "2005-09-30": "$1,490", "2005-06-30": "$1,466", "2005-03-31": "$1,479"}}, "cash-on-hand": {"J.B Hunt Transport Services Annual Cash on Hand (Millions of US $)": {"2019": "$35", "2018": "$8", "2017": "$15", "2016": "$6", "2015": "$6", "2014": "$6", "2013": "$6", "2012": "$6", "2011": "$5", "2010": "$8", "2009": "$8", "2008": "$2", "2007": "$15", "2006": "$7", "2005": "$7"}, "J.B Hunt Transport Services Quarterly Cash on Hand (Millions of US $)": {"2020-09-30": "$319", "2020-06-30": "$275", "2020-03-31": "$48", "2019-12-31": "$35", "2019-09-30": "$75", "2019-06-30": "$7", "2019-03-31": "$52", "2018-12-31": "$8", "2018-09-30": "$8", "2018-06-30": "$15", "2018-03-31": "$7", "2017-12-31": "$15", "2017-09-30": "$8", "2017-06-30": "$7", "2017-03-31": "$12", "2016-12-31": "$6", "2016-09-30": "$5", "2016-06-30": "$11", "2016-03-31": "$6", "2015-12-31": "$6", "2015-09-30": "$6", "2015-06-30": "$6", "2015-03-31": "$6", "2014-12-31": "$6", "2014-09-30": "$6", "2014-06-30": "$6", "2014-03-31": "$124", "2013-12-31": "$6", "2013-09-30": "$6", "2013-06-30": "$6", "2013-03-31": "$6", "2012-12-31": "$6", "2012-09-30": "$6", "2012-06-30": "$6", "2012-03-31": "$6", "2011-12-31": "$5", "2011-09-30": "$8", "2011-06-30": "$11", "2011-03-31": "$5", "2010-12-31": "$8", "2010-09-30": "$69", "2010-06-30": "$8", "2010-03-31": "$8", "2009-12-31": "$8", "2009-09-30": "$5", "2009-06-30": "$4", "2009-03-31": "$4", "2008-12-31": "$2", "2008-09-30": "$2", "2008-06-30": "$1", "2008-03-31": "$16", "2007-12-31": "$15", "2007-09-30": "$4", "2007-06-30": "$6", "2007-03-31": "$9", "2006-12-31": "$7", "2006-09-30": "$18", "2006-06-30": "$9", "2006-03-31": "$9", "2005-12-31": "$7", "2005-09-30": "$4", "2005-06-30": "$5", "2005-03-31": "$2"}}, "long-term-debt": {"J.B Hunt Transport Services Annual Long Term Debt (Millions of US $)": {"2019": "$1,296", "2018": "$898", "2017": "$1,086", "2016": "$986", "2015": "$998", "2014": "$684", "2013": "$458", "2012": "$585", "2011": "$699", "2010": "$454", "2009": "$565", "2008": "$515", "2007": "$679", "2006": "$182", "2005": "$124"}, "J.B Hunt Transport Services Quarterly Long Term Debt (Millions of US $)": {"2020-09-30": "$1,303", "2020-06-30": "$1,307", "2020-03-31": "$1,303", "2019-12-31": "$1,296", "2019-09-30": "$1,293", "2019-06-30": "$1,372", "2019-03-31": "$1,285", "2018-12-31": "$898", "2018-09-30": "$821", "2018-06-30": "$756", "2018-03-31": "$752", "2017-12-31": "$1,086", "2017-09-30": "$1,085", "2017-06-30": "$943", "2017-03-31": "$951", "2016-12-31": "$986", "2016-09-30": "$944", "2016-06-30": "$958", "2016-03-31": "$961", "2015-12-31": "$998", "2015-09-30": "$993", "2015-06-30": "$643", "2015-03-31": "$628", "2014-12-31": "$684", "2014-09-30": "$587", "2014-06-30": "$874", "2014-03-31": "$752", "2013-12-31": "$458", "2013-09-30": "$437", "2013-06-30": "$474", "2013-03-31": "$393", "2012-12-31": "$585", "2012-09-30": "$545", "2012-06-30": "$579", "2012-03-31": "$602", "2011-12-31": "$699", "2011-09-30": "$718", "2011-06-30": "$649", "2011-03-31": "$649", "2010-12-31": "$454", "2010-09-30": "$449", "2010-06-30": "$417", "2010-03-31": "$341", "2009-12-31": "$565", "2009-09-30": "$626", "2009-06-30": "$587", "2009-03-31": "$564", "2008-12-31": "$515", "2008-09-30": "$545", "2008-06-30": "$616", "2008-03-31": "$701", "2007-12-31": "$679", "2007-09-30": "$623", "2007-06-30": "$470", "2007-03-31": "$285", "2006-12-31": "$182", "2006-09-30": "$166", "2006-06-30": "$177", "2006-03-31": "$47", "2005-12-31": "$124", "2005-09-30": "$76", "2005-06-30": "$67", "2005-03-31": "$68"}}, "total-liabilities": {"J.B Hunt Transport Services Annual Total Liabilities (Millions of US $)": {"2019": "$3,204", "2018": "$2,990", "2017": "$2,626", "2016": "$2,537", "2015": "$2,329", "2014": "$2,174", "2013": "$1,807", "2012": "$1,673", "2011": "$1,700", "2010": "$1,389", "2009": "$1,213", "2008": "$1,264", "2007": "$1,520", "2006": "$1,010", "2005": "$732"}, "J.B Hunt Transport Services Quarterly Total Liabilities (Millions of US $)": {"2020-09-30": "$3,292", "2020-06-30": "$3,163", "2020-03-31": "$3,098", "2019-12-31": "$3,204", "2019-09-30": "$3,193", "2019-06-30": "$3,285", "2019-03-31": "$3,124", "2018-12-31": "$2,990", "2018-09-30": "$2,641", "2018-06-30": "$2,556", "2018-03-31": "$2,479", "2017-12-31": "$2,626", "2017-09-30": "$2,582", "2017-06-30": "$2,371", "2017-03-31": "$2,398", "2016-12-31": "$2,537", "2016-09-30": "$2,345", "2016-06-30": "$2,318", "2016-03-31": "$2,361", "2015-12-31": "$2,329", "2015-09-30": "$2,270", "2015-06-30": "$2,146", "2015-03-31": "$2,152", "2014-12-31": "$2,174", "2014-09-30": "$1,999", "2014-06-30": "$2,010", "2014-03-31": "$2,048", "2013-12-31": "$1,807", "2013-09-30": "$1,732", "2013-06-30": "$1,754", "2013-03-31": "$1,710", "2012-12-31": "$1,673", "2012-09-30": "$1,657", "2012-06-30": "$1,652", "2012-03-31": "$1,693", "2011-12-31": "$1,700", "2011-09-30": "$1,665", "2011-06-30": "$1,523", "2011-03-31": "$1,481", "2010-12-31": "$1,389", "2010-09-30": "$1,362", "2010-06-30": "$1,330", "2010-03-31": "$1,217", "2009-12-31": "$1,213", "2009-09-30": "$1,250", "2009-06-30": "$1,244", "2009-03-31": "$1,230", "2008-12-31": "$1,264", "2008-09-30": "$1,321", "2008-06-30": "$1,434", "2008-03-31": "$1,487", "2007-12-31": "$1,520", "2007-09-30": "$1,467", "2007-06-30": "$1,275", "2007-03-31": "$1,085", "2006-12-31": "$1,010", "2006-09-30": "$1,008", "2006-06-30": "$823", "2006-03-31": "$662", "2005-12-31": "$732", "2005-09-30": "$701", "2005-06-30": "$630", "2005-03-31": "$678"}}, "total-share-holder-equity": {"J.B Hunt Transport Services Annual Share Holder Equity (Millions of US $)": {"2019": "$2,267", "2018": "$2,101", "2017": "$1,839", "2016": "$1,414", "2015": "$1,300", "2014": "$1,205", "2013": "$1,012", "2012": "$792", "2011": "$568", "2010": "$573", "2009": "$644", "2008": "$529", "2007": "$343", "2006": "$760", "2005": "$817"}, "J.B Hunt Transport Services Quarterly Share Holder Equity (Millions of US $)": {"2020-09-30": "$2,487", "2020-06-30": "$2,391", "2020-03-31": "$2,282", "2019-12-31": "$2,267", "2019-09-30": "$2,194", "2019-06-30": "$2,135", "2019-03-31": "$2,204", "2018-12-31": "$2,101", "2018-09-30": "$2,081", "2018-06-30": "$2,033", "2018-03-31": "$1,943", "2017-12-31": "$1,839", "2017-09-30": "$1,472", "2017-06-30": "$1,408", "2017-03-31": "$1,372", "2016-12-31": "$1,414", "2016-09-30": "$1,385", "2016-06-30": "$1,379", "2016-03-31": "$1,286", "2015-12-31": "$1,300", "2015-09-30": "$1,249", "2015-06-30": "$1,339", "2015-03-31": "$1,277", "2014-12-31": "$1,205", "2014-09-30": "$1,160", "2014-06-30": "$1,081", "2014-03-31": "$1,068", "2013-12-31": "$1,012", "2013-09-30": "$980", "2013-06-30": "$902", "2013-03-31": "$876", "2012-12-31": "$792", "2012-09-30": "$781", "2012-06-30": "$713", "2012-03-31": "$630", "2011-12-31": "$568", "2011-09-30": "$498", "2011-06-30": "$598", "2011-03-31": "$559", "2010-12-31": "$573", "2010-09-30": "$594", "2010-06-30": "$571", "2010-03-31": "$673", "2009-12-31": "$644", "2009-09-30": "$608", "2009-06-30": "$577", "2009-03-31": "$551", "2008-12-31": "$529", "2008-09-30": "$483", "2008-06-30": "$426", "2008-03-31": "$371", "2007-12-31": "$343", "2007-09-30": "$359", "2007-06-30": "$556", "2007-03-31": "$689", "2006-12-31": "$760", "2006-09-30": "$703", "2006-06-30": "$722", "2006-03-31": "$860", "2005-12-31": "$817", "2005-09-30": "$789", "2005-06-30": "$836", "2005-03-31": "$800"}}, "profit-margins": {"current": "5.25%"}, "gross margin": {"2020-12-31": "41.41%", "2020-09-30": "41.91%", "2020-06-30": "42.01%", "2020-03-31": "41.66%", "2019-12-31": "41.88%", "2019-09-30": "40.83%", "2019-06-30": "40.66%", "2019-03-31": "40.11%", "2018-12-31": "39.67%", "2018-09-30": "40.57%", "2018-06-30": "40.62%", "2018-03-31": "40.69%", "2017-12-31": "40.81%", "2017-09-30": "41.14%", "2017-06-30": "41.56%", "2017-03-31": "41.96%", "2016-12-31": "42.45%", "2016-09-30": "42.89%", "2016-06-30": "43.19%", "2016-03-31": "43.31%", "2015-12-31": "42.96%", "2015-09-30": "42.36%", "2015-06-30": "41.37%", "2015-03-31": "40.18%", "2014-12-31": "39.05%", "2014-09-30": "38.46%", "2014-06-30": "38.09%", "2014-03-31": "38.00%", "2013-12-31": "37.98%", "2013-09-30": "37.92%", "2013-06-30": "37.88%", "2013-03-31": "37.87%", "2012-12-31": "38.08%", "2012-09-30": "38.30%", "2012-06-30": "38.69%", "2012-03-31": "38.96%", "2011-12-31": "39.32%", "2011-09-30": "39.82%", "2011-06-30": "40.56%", "2011-03-31": "41.37%", "2010-12-31": "41.80%", "2010-09-30": "41.96%", "2010-06-30": "42.10%", "2010-03-31": "42.24%", "2009-12-31": "43.10%", "2009-09-30": "43.72%", "2009-06-30": "43.25%", "2009-03-31": "42.67%", "2008-12-31": "42.19%", "2008-09-30": "42.41%", "2008-06-30": "43.72%", "2008-03-31": "45.45%", "2007-12-31": "46.85%", "2007-09-30": "48.07%", "2007-06-30": "48.50%", "2007-03-31": "48.55%", "2006-12-31": "48.38%", "2006-09-30": "48.05%", "2006-06-30": "48.34%", "2006-03-31": "48.97%", "2005-12-31": "49.47%"}, "operating margin": {"2020-12-31": "7.41%", "2020-09-30": "7.60%", "2020-06-30": "7.61%", "2020-03-31": "7.71%", "2019-12-31": "8.01%", "2019-09-30": "7.22%", "2019-06-30": "7.42%", "2019-03-31": "7.78%", "2018-12-31": "7.92%", "2018-09-30": "8.51%", "2018-06-30": "8.78%", "2018-03-31": "8.58%", "2017-12-31": "8.68%", "2017-09-30": "9.71%", "2017-06-30": "10.20%", "2017-03-31": "10.55%", "2016-12-31": "11.00%", "2016-09-30": "11.15%", "2016-06-30": "11.51%", "2016-03-31": "11.62%", "2015-12-31": "11.57%", "2015-09-30": "11.43%", "2015-06-30": "11.05%", "2015-03-31": "10.79%", "2014-12-31": "10.23%", "2014-09-30": "9.98%", "2014-06-30": "9.91%", "2014-03-31": "9.98%", "2013-12-31": "10.33%", "2013-09-30": "10.39%", "2013-06-30": "10.32%", "2013-03-31": "10.38%", "2012-12-31": "10.48%", "2012-09-30": "10.34%", "2012-06-30": "10.32%", "2012-03-31": "10.04%", "2011-12-31": "9.81%", "2011-09-30": "9.65%", "2011-06-30": "9.41%", "2011-03-31": "9.34%", "2010-12-31": "9.12%", "2010-09-30": "8.82%", "2010-06-30": "8.63%", "2010-03-31": "7.76%", "2009-12-31": "7.74%", "2009-09-30": "8.14%", "2009-06-30": "8.79%", "2009-03-31": "9.59%", "2008-12-31": "9.60%", "2008-09-30": "9.69%", "2008-06-30": "9.70%", "2008-03-31": "10.08%", "2007-12-31": "10.54%", "2007-09-30": "10.80%", "2007-06-30": "11.03%", "2007-03-31": "11.06%", "2006-12-31": "11.15%", "2006-09-30": "11.49%", "2006-06-30": "10.62%", "2006-03-31": "10.82%", "2005-12-31": "11.00%"}, "ebitda margin": {"2020-09-30": "13.17%", "2020-06-30": "13.18%", "2020-03-31": "13.15%", "2019-12-31": "13.45%", "2019-09-30": "12.59%", "2019-06-30": "12.67%", "2019-03-31": "12.90%", "2018-12-31": "12.95%", "2018-09-30": "13.60%", "2018-06-30": "13.95%", "2018-03-31": "13.85%", "2017-12-31": "14.02%", "2017-09-30": "15.12%", "2017-06-30": "15.65%", "2017-03-31": "16.05%", "2016-12-31": "16.50%", "2016-09-30": "16.68%", "2016-06-30": "17.05%", "2016-03-31": "17.11%", "2015-12-31": "17.05%", "2015-09-30": "16.76%", "2015-06-30": "16.20%", "2015-03-31": "15.76%", "2014-12-31": "15.02%", "2014-09-30": "14.68%", "2014-06-30": "14.53%", "2014-03-31": "14.58%", "2013-12-31": "14.88%", "2013-09-30": "14.92%", "2013-06-30": "14.86%", "2013-03-31": "14.90%", "2012-12-31": "15.01%", "2012-09-30": "14.93%", "2012-06-30": "14.95%", "2012-03-31": "14.71%", "2011-12-31": "14.54%", "2011-09-30": "14.44%", "2011-06-30": "14.31%", "2011-03-31": "14.41%", "2010-12-31": "14.31%", "2010-09-30": "14.13%", "2010-06-30": "14.09%", "2010-03-31": "13.44%", "2009-12-31": "13.61%", "2009-09-30": "14.09%", "2009-06-30": "14.57%", "2009-03-31": "15.16%", "2008-12-31": "15.04%", "2008-09-30": "15.12%", "2008-06-30": "15.30%", "2008-03-31": "15.88%", "2007-12-31": "16.45%", "2007-09-30": "16.78%", "2007-06-30": "16.89%", "2007-03-31": "16.77%", "2006-12-31": "16.71%", "2006-09-30": "16.80%", "2006-06-30": "15.87%", "2006-03-31": "16.04%", "2005-12-31": "16.18%"}, "pre tax profit margin": {"2020-12-31": "6.91%", "2020-09-30": "7.07%", "2020-06-30": "7.07%", "2020-03-31": "7.15%", "2019-12-31": "7.43%", "2019-09-30": "6.65%", "2019-06-30": "6.87%", "2019-03-31": "7.27%", "2018-12-31": "7.45%", "2018-09-30": "8.08%", "2018-06-30": "8.36%", "2018-03-31": "8.16%", "2017-12-31": "8.29%", "2017-09-30": "9.31%", "2017-06-30": "9.80%", "2017-03-31": "10.16%", "2016-12-31": "10.59%", "2016-09-30": "10.77%", "2016-06-30": "11.10%", "2016-03-31": "11.20%", "2015-12-31": "11.17%", "2015-09-30": "10.99%", "2015-06-30": "10.63%", "2015-03-31": "10.36%", "2014-12-31": "9.80%", "2014-09-30": "9.55%", "2014-06-30": "9.48%", "2014-03-31": "9.58%", "2013-12-31": "9.92%", "2013-09-30": "9.97%", "2013-06-30": "9.89%", "2013-03-31": "9.92%", "2012-12-31": "9.99%", "2012-09-30": "9.81%", "2012-06-30": "9.76%", "2012-03-31": "9.48%", "2011-12-31": "9.19%", "2011-09-30": "8.96%", "2011-06-30": "8.71%", "2011-03-31": "8.61%", "2010-12-31": "8.43%", "2010-09-30": "8.24%", "2010-06-30": "8.03%", "2010-03-31": "7.07%", "2009-12-31": "6.99%", "2009-09-30": "7.39%", "2009-06-30": "7.98%", "2009-03-31": "8.75%", "2008-12-31": "8.66%", "2008-09-30": "8.54%", "2008-06-30": "8.40%", "2008-03-31": "8.74%", "2007-12-31": "9.31%", "2007-09-30": "9.69%", "2007-06-30": "10.14%", "2007-03-31": "10.37%", "2006-12-31": "10.64%", "2006-09-30": "11.07%", "2006-06-30": "10.28%", "2006-03-31": "10.51%", "2005-12-31": "10.65%"}, "net profit margin": {"2020-12-31": "5.25%", "2020-09-30": "5.32%", "2020-06-30": "5.30%", "2020-03-31": "5.36%", "2019-12-31": "5.64%", "2019-09-30": "5.10%", "2019-06-30": "5.34%", "2019-03-31": "5.62%", "2018-12-31": "5.69%", "2018-09-30": "9.48%", "2018-06-30": "9.53%", "2018-03-31": "9.34%", "2017-12-31": "9.54%", "2017-09-30": "6.05%", "2017-06-30": "6.32%", "2017-03-31": "6.54%", "2016-12-31": "6.59%", "2016-09-30": "6.68%", "2016-06-30": "6.88%", "2016-03-31": "6.93%", "2015-12-31": "6.90%", "2015-09-30": "6.80%", "2015-06-30": "6.57%", "2015-03-31": "6.40%", "2014-12-31": "6.07%", "2014-09-30": "5.90%", "2014-06-30": "5.85%", "2014-03-31": "5.93%", "2013-12-31": "6.12%", "2013-09-30": "6.13%", "2013-06-30": "6.08%", "2013-03-31": "6.08%", "2012-12-31": "6.13%", "2012-09-30": "6.07%", "2012-06-30": "6.05%", "2012-03-31": "5.88%", "2011-12-31": "5.70%", "2011-09-30": "5.60%", "2011-06-30": "5.44%", "2011-03-31": "5.37%", "2010-12-31": "5.25%", "2010-09-30": "5.01%", "2010-06-30": "4.89%", "2010-03-31": "4.30%", "2009-12-31": "4.28%", "2009-09-30": "4.61%", "2009-06-30": "4.99%", "2009-03-31": "5.45%", "2008-12-31": "5.36%", "2008-09-30": "5.30%", "2008-06-30": "5.20%", "2008-03-31": "5.74%", "2007-12-31": "6.10%", "2007-09-30": "6.39%", "2007-06-30": "6.66%", "2007-03-31": "6.43%", "2006-12-31": "6.61%", "2006-09-30": "6.81%", "2006-06-30": "6.38%", "2006-03-31": "6.54%", "2005-12-31": "6.62%"}, "pe ratio": {"current": "30.52", "2021-02-05": "43.83", "2020-12-31": "41.33", "2020-09-30": "27.07", "2020-06-30": "24.56", "2020-03-31": "18.43", "2019-12-31": "22.78", "2019-09-30": "24.10", "2019-06-30": "20.83", "2019-03-31": "22.29", "2018-12-31": "20.52", "2018-09-30": "16.34", "2018-06-30": "17.35", "2018-03-31": "17.98", "2017-12-31": "18.04", "2017-09-30": "28.63", "2017-06-30": "23.12", "2017-03-31": "22.91", "2016-12-31": "24.44", "2016-09-30": "20.59", "2016-06-30": "20.37", "2016-03-31": "21.37", "2015-12-31": "19.07", "2015-09-30": "18.92", "2015-06-30": "22.45", "2015-03-31": "23.92", "2014-12-31": "25.02", "2014-09-30": "23.10", "2014-06-30": "23.92", "2014-03-31": "23.74", "2013-12-31": "25.18", "2013-09-30": "24.31", "2013-06-30": "24.92", "2013-03-31": "26.23", "2012-12-31": "21.35", "2012-09-30": "19.18", "2012-06-30": "22.64", "2012-03-31": "21.86", "2011-12-31": "19.53", "2011-09-30": "16.80", "2011-06-30": "23.78", "2011-03-31": "24.65", "2010-12-31": "23.64", "2010-09-30": "22.01", "2010-06-30": "22.22", "2010-03-31": "28.92", "2009-12-31": "27.13", "2009-09-30": "24.82", "2009-06-30": "20.63", "2009-03-31": "14.07", "2008-12-31": "14.86", "2008-09-30": "18.68", "2008-06-30": "19.72", "2008-03-31": "17.84", "2007-12-31": "15.39", "2007-09-30": "14.93", "2007-06-30": "16.48", "2007-03-31": "15.62", "2006-12-31": "12.24"}, "price sales": {"2021-02-05": "1.60", "2020-12-31": "1.51", "2020-09-30": "1.44", "2020-06-30": "1.39", "2020-03-31": "1.05", "2019-12-31": "1.37", "2019-09-30": "1.32", "2019-06-30": "1.11", "2019-03-31": "1.25", "2018-12-31": "1.17", "2018-09-30": "1.55", "2018-06-30": "1.66", "2018-03-31": "1.68", "2017-12-31": "1.73", "2017-09-30": "1.74", "2017-06-30": "1.47", "2017-03-31": "1.50", "2016-12-31": "1.62", "2016-09-30": "1.38", "2016-06-30": "1.40", "2016-03-31": "1.49", "2015-12-31": "1.32", "2015-09-30": "1.29", "2015-06-30": "1.48", "2015-03-31": "1.54", "2014-12-31": "1.52", "2014-09-30": "1.37", "2014-06-30": "1.40", "2014-03-31": "1.41", "2013-12-31": "1.54", "2013-09-30": "1.49", "2013-06-30": "1.51", "2013-03-31": "1.60", "2012-12-31": "1.31", "2012-09-30": "1.17", "2012-06-30": "1.38", "2012-03-31": "1.29", "2011-12-31": "1.12", "2011-09-30": "0.94", "2011-06-30": "1.29", "2011-03-31": "1.32", "2010-12-31": "1.25", "2010-09-30": "1.10", "2010-06-30": "1.09", "2010-03-31": "1.25", "2009-12-31": "1.16", "2009-09-30": "1.15", "2009-06-30": "1.03", "2009-03-31": "0.76", "2008-12-31": "0.79", "2008-09-30": "1.00", "2008-06-30": "1.03", "2008-03-31": "1.03", "2007-12-31": "0.95", "2007-09-30": "0.96", "2007-06-30": "1.10", "2007-03-31": "1.01", "2006-12-31": "0.82"}, "price book": {"current": "5.88", "2021-02-05": "6.15", "2020-09-30": "5.35", "2020-06-30": "5.28", "2020-03-31": "4.22", "2019-12-31": "5.41", "2019-09-30": "5.30", "2019-06-30": "4.50", "2019-03-31": "4.91", "2018-12-31": "4.71", "2018-09-30": "6.10", "2018-06-30": "6.37", "2018-03-31": "6.44", "2017-12-31": "6.66", "2017-09-30": "8.03", "2017-06-30": "6.87", "2017-03-31": "7.09", "2016-12-31": "7.35", "2016-09-30": "6.30", "2016-06-30": "6.32", "2016-03-31": "7.04", "2015-12-31": "6.11", "2015-09-30": "6.21", "2015-06-30": "6.74", "2015-03-31": "7.35", "2014-12-31": "7.68", "2014-09-30": "7.02", "2014-06-30": "7.45", "2014-03-31": "7.38", "2013-12-31": "8.34", "2013-09-30": "8.15", "2013-06-30": "8.70", "2013-03-31": "9.26", "2012-12-31": "8.21", "2012-09-30": "7.26", "2012-06-30": "9.03", "2012-03-31": "9.26", "2011-12-31": "8.49", "2011-09-30": "7.72", "2011-06-30": "8.60", "2011-03-31": "8.85", "2010-12-31": "7.82", "2010-09-30": "6.48", "2010-06-30": "6.33", "2010-03-31": "6.08", "2009-12-31": "5.68", "2009-09-30": "5.97", "2009-06-30": "5.94", "2009-03-31": "4.86", "2008-12-31": "5.49", "2008-09-30": "7.61", "2008-06-30": "8.54", "2008-03-31": "9.17", "2007-12-31": "8.66", "2007-09-30": "8.01", "2007-06-30": "6.13", "2007-03-31": "4.61", "2006-12-31": "3.38", "2006-09-30": "3.63", "2006-06-30": "4.31", "2006-03-31": "3.27"}, "price fcf": {"2021-02-05": "", "2020-09-30": "$4.86", "2020-06-30": "$6.10", "2020-03-31": "$4.56", "2019-12-31": "$3.79", "2019-09-30": "$3.34", "2019-06-30": "$1.46", "2019-03-31": "$1.44", "2018-12-31": "$1.83", "2018-09-30": "$2.02", "2018-06-30": "$2.17", "2018-03-31": "$2.11", "2017-12-31": "$3.10", "2017-09-30": "$3.22", "2017-06-30": "$3.87", "2017-03-31": "$3.32", "2016-12-31": "$3.25", "2016-09-30": "$3.29", "2016-06-30": "$3.31", "2016-03-31": "$3.42", "2015-12-31": "$2.71", "2015-09-30": "$2.12", "2015-06-30": "$1.64", "2015-03-31": "$0.85", "2014-12-31": "$-0.11", "2014-09-30": "$0.51", "2014-06-30": "$-0.02", "2014-03-31": "$0.35", "2013-12-31": "$1.10", "2013-09-30": "$0.99", "2013-06-30": "$1.42", "2013-03-31": "$1.73", "2012-12-31": "$1.49", "2012-09-30": "$1.35", "2012-06-30": "$1.52", "2012-03-31": "$1.88", "2011-12-31": "$1.56", "2011-09-30": "$1.47", "2011-06-30": "$1.55", "2011-03-31": "$1.48", "2010-12-31": "$1.58", "2010-09-30": "$1.99", "2010-06-30": "$1.58", "2010-03-31": "$0.98", "2009-12-31": "$0.89", "2009-09-30": "$0.89", "2009-06-30": "$1.69", "2009-03-31": "$2.06", "2008-12-31": "$2.29", "2008-09-30": "$1.98", "2008-06-30": "$1.64", "2008-03-31": "$0.96", "2007-12-31": "$0.92", "2007-09-30": "$0.58", "2007-06-30": "$-0.62", "2007-03-31": "$-0.04", "2006-12-31": "$0.08"}, "net worth": {"value": "$15.29B"}, "current ratio": {"2020-12-31": "1.65", "2020-09-30": "1.58", "2020-06-30": "1.59", "2020-03-31": "1.54", "2019-12-31": "1.43", "2019-09-30": "1.29", "2019-06-30": "1.30", "2019-03-31": "1.44", "2018-12-31": "1.11", "2018-09-30": "1.11", "2018-06-30": "1.13", "2018-03-31": "1.13", "2017-12-31": "1.45", "2017-09-30": "1.48", "2017-06-30": "1.49", "2017-03-31": "1.52", "2016-12-31": "1.54", "2016-09-30": "1.40", "2016-06-30": "1.50", "2016-03-31": "1.40", "2015-12-31": "1.61", "2015-09-30": "1.41", "2015-06-30": "1.01", "2015-03-31": "1.05", "2014-12-31": "1.12", "2014-09-30": "0.93", "2014-06-30": "1.44", "2014-03-31": "1.27", "2013-12-31": "0.96", "2013-09-30": "0.94", "2013-06-30": "0.93", "2013-03-31": "0.85", "2012-12-31": "1.10", "2012-09-30": "1.03", "2012-06-30": "1.03", "2012-03-31": "0.99", "2011-12-31": "1.17", "2011-09-30": "0.98", "2011-06-30": "1.14", "2011-03-31": "1.12", "2010-12-31": "0.91", "2010-09-30": "0.93", "2010-06-30": "0.80", "2010-03-31": "0.87", "2009-12-31": "1.46", "2009-09-30": "1.50", "2009-06-30": "1.10", "2009-03-31": "1.14", "2008-12-31": "0.97", "2008-09-30": "1.01", "2008-06-30": "0.93", "2008-03-31": "1.03", "2007-12-31": "0.93", "2007-09-30": "0.77", "2007-06-30": "0.82", "2007-03-31": "0.83", "2006-12-31": "0.98", "2006-09-30": "0.92", "2006-06-30": "1.45", "2006-03-31": "1.59", "2005-12-31": "1.72", "2005-09-30": "1.36", "2005-06-30": "1.61", "2005-03-31": "1.64"}, "quick ratio": {"2020-12-31": "0.00", "2020-09-30": "0.00", "2020-06-30": "0.00", "2020-03-31": "0.00", "2019-12-31": "0.00", "2019-09-30": "0.00", "2019-06-30": "0.00", "2019-03-31": "0.00", "2018-12-31": "1.10", "2018-09-30": "0.00", "2018-06-30": "0.00", "2018-03-31": "0.00", "2017-12-31": "1.43", "2017-09-30": "0.00", "2017-06-30": "0.00", "2017-03-31": "0.00", "2016-12-31": "1.51", "2016-09-30": "0.00", "2016-06-30": "0.00", "2016-03-31": "0.00", "2015-12-31": "1.57", "2015-09-30": "0.00", "2015-06-30": "0.00", "2015-03-31": "0.00", "2014-12-31": "1.08", "2014-09-30": "0.00", "2014-06-30": "0.00", "2014-03-31": "0.00", "2013-12-31": "0.92", "2013-09-30": "0.00", "2013-06-30": "0.00", "2013-03-31": "0.00", "2012-12-31": "1.06", "2012-09-30": "0.00", "2012-06-30": "0.00", "2012-03-31": "0.00", "2011-12-31": "1.12", "2011-09-30": "0.00", "2011-06-30": "0.00", "2011-03-31": "0.00", "2010-12-31": "0.87", "2010-09-30": "0.00", "2010-06-30": "0.00", "2010-03-31": "0.00", "2009-12-31": "1.39", "2009-09-30": "0.00", "2009-06-30": "0.00", "2009-03-31": "0.00", "2008-12-31": "0.93", "2008-09-30": "0.00", "2008-06-30": "0.00", "2008-03-31": "0.00", "2007-12-31": "0.90", "2007-09-30": "0.00", "2007-06-30": "0.00", "2007-03-31": "0.00", "2006-12-31": "0.96", "2006-09-30": "0.00", "2006-06-30": "0.00", "2006-03-31": "0.00", "2005-12-31": "1.68", "2005-09-30": "0.00", "2005-06-30": "0.00", "2005-03-31": "0.00"}, "debt equity ratio": {"current": "0.50", "2020-12-31": "1.29", "2020-09-30": "1.32", "2020-06-30": "1.32", "2020-03-31": "1.36", "2019-12-31": "1.41", "2019-09-30": "1.46", "2019-06-30": "1.54", "2019-03-31": "1.42", "2018-12-31": "1.42", "2018-09-30": "1.27", "2018-06-30": "1.26", "2018-03-31": "1.28", "2017-12-31": "1.43", "2017-09-30": "1.75", "2017-06-30": "1.68", "2017-03-31": "1.75", "2016-12-31": "1.79", "2016-09-30": "1.69", "2016-06-30": "1.68", "2016-03-31": "1.84", "2015-12-31": "1.79", "2015-09-30": "1.82", "2015-06-30": "1.60", "2015-03-31": "1.68", "2014-12-31": "1.81", "2014-09-30": "1.72", "2014-06-30": "1.86", "2014-03-31": "1.92", "2013-12-31": "1.79", "2013-09-30": "1.77", "2013-06-30": "1.94", "2013-03-31": "1.95", "2012-12-31": "2.11", "2012-09-30": "2.12", "2012-06-30": "2.32", "2012-03-31": "2.69", "2011-12-31": "3.00", "2011-09-30": "3.35", "2011-06-30": "2.55", "2011-03-31": "2.65", "2010-12-31": "2.42", "2010-09-30": "2.29", "2010-06-30": "2.33", "2010-03-31": "1.81", "2009-12-31": "1.88", "2009-09-30": "2.06", "2009-06-30": "2.16", "2009-03-31": "2.23", "2008-12-31": "2.39", "2008-09-30": "2.74", "2008-06-30": "3.36", "2008-03-31": "4.01", "2007-12-31": "4.43", "2007-09-30": "4.08", "2007-06-30": "2.29", "2007-03-31": "1.58", "2006-12-31": "1.33", "2006-09-30": "1.43", "2006-06-30": "1.14", "2006-03-31": "0.77", "2005-12-31": "0.90", "2005-09-30": "0.89", "2005-06-30": "0.75", "2005-03-31": "0.85"}, "return on equity": {"2020-12-31": "20.74%", "2020-09-30": "21.09%", "2020-06-30": "21.46%", "2020-03-31": "22.62%", "2019-12-31": "23.50%", "2019-09-30": "21.36%", "2019-06-30": "22.25%", "2019-03-31": "23.38%", "2018-12-31": "24.03%", "2018-09-30": "39.82%", "2018-06-30": "41.44%", "2018-03-31": "42.09%", "2017-12-31": "45.05%", "2017-09-30": "29.58%", "2017-06-30": "30.69%", "2017-03-31": "31.35%", "2016-12-31": "31.63%", "2016-09-30": "32.22%", "2016-06-30": "33.53%", "2016-03-31": "33.63%", "2015-12-31": "33.07%", "2015-09-30": "33.14%", "2015-06-30": "32.68%", "2015-03-31": "33.62%", "2014-12-31": "33.14%", "2014-09-30": "32.96%", "2014-06-30": "33.13%", "2014-03-31": "34.12%", "2013-12-31": "36.29%", "2013-09-30": "37.63%", "2013-06-30": "38.56%", "2013-03-31": "39.85%", "2012-12-31": "42.52%", "2012-09-30": "44.43%", "2012-06-30": "48.15%", "2012-03-31": "48.13%", "2011-12-31": "46.42%", "2011-09-30": "43.63%", "2011-06-30": "38.90%", "2011-03-31": "36.92%", "2010-12-31": "33.02%", "2010-09-30": "29.49%", "2010-06-30": "27.40%", "2010-03-31": "22.86%", "2009-12-31": "23.03%", "2009-09-30": "26.14%", "2009-06-30": "31.40%", "2009-03-31": "39.22%", "2008-12-31": "44.22%", "2008-09-30": "49.54%", "2008-06-30": "51.23%", "2008-03-31": "50.34%", "2007-12-31": "43.76%", "2007-09-30": "36.72%", "2007-06-30": "33.09%", "2007-03-31": "29.92%", "2006-12-31": "28.90%", "2006-09-30": "29.27%", "2006-06-30": "26.22%", "2006-03-31": "25.32%", "2005-12-31": "25.54%"}, "return on assets": {"2020-12-31": "8.93%", "2020-09-30": "8.96%", "2020-06-30": "8.99%", "2020-03-31": "9.27%", "2019-12-31": "9.57%", "2019-09-30": "8.69%", "2019-06-30": "9.22%", "2019-03-31": "9.97%", "2018-12-31": "10.41%", "2018-09-30": "17.28%", "2018-06-30": "17.23%", "2018-03-31": "16.77%", "2017-12-31": "17.08%", "2017-09-30": "10.78%", "2017-06-30": "11.24%", "2017-03-31": "11.49%", "2016-12-31": "11.50%", "2016-09-30": "11.72%", "2016-06-30": "12.06%", "2016-03-31": "12.18%", "2015-12-31": "12.15%", "2015-09-30": "12.16%", "2015-06-30": "12.10%", "2015-03-31": "12.16%", "2014-12-31": "11.74%", "2014-09-30": "11.69%", "2014-06-30": "11.69%", "2014-03-31": "11.96%", "2013-12-31": "12.70%", "2013-09-30": "12.82%", "2013-06-30": "12.74%", "2013-03-31": "12.79%", "2012-12-31": "12.93%", "2012-09-30": "12.73%", "2012-06-30": "12.72%", "2012-03-31": "12.44%", "2011-12-31": "12.01%", "2011-09-30": "11.73%", "2011-06-30": "11.19%", "2011-03-31": "10.79%", "2010-12-31": "10.33%", "2010-09-30": "9.63%", "2010-06-30": "9.11%", "2010-03-31": "7.70%", "2009-12-31": "7.49%", "2009-09-30": "8.16%", "2009-06-30": "9.33%", "2009-03-31": "10.78%", "2008-12-31": "10.94%", "2008-09-30": "10.89%", "2008-06-30": "10.37%", "2008-03-31": "11.11%", "2007-12-31": "11.68%", "2007-09-30": "12.05%", "2007-06-30": "12.64%", "2007-03-31": "12.65%", "2006-12-31": "13.44%", "2006-09-30": "14.35%", "2006-06-30": "13.69%", "2006-03-31": "13.87%", "2005-12-31": "13.84%"}, "return on investments": {"2020-12-31": "19.07%", "2020-09-30": "19.43%", "2020-06-30": "19.62%", "2020-03-31": "20.39%", "2019-12-31": "20.90%", "2019-09-30": "19.34%", "2019-06-30": "20.44%", "2019-03-31": "22.37%", "2018-12-31": "23.96%", "2018-09-30": "24.93%", "2018-06-30": "25.35%", "2018-03-31": "24.47%", "2017-12-31": "24.58%", "2017-09-30": "27.91%", "2017-06-30": "29.35%", "2017-03-31": "29.91%", "2016-12-31": "30.97%", "2016-09-30": "31.27%", "2016-06-30": "32.04%", "2016-03-31": "33.25%", "2015-12-31": "33.98%", "2015-09-30": "35.22%", "2015-06-30": "36.37%", "2015-03-31": "35.70%", "2014-12-31": "34.06%", "2014-09-30": "34.43%", "2014-06-30": "34.87%", "2014-03-31": "37.40%", "2013-12-31": "41.71%", "2013-09-30": "41.62%", "2013-06-30": "40.99%", "2013-03-31": "40.87%", "2012-12-31": "40.55%", "2012-09-30": "39.78%", "2012-06-30": "39.54%", "2012-03-31": "37.96%", "2011-12-31": "35.95%", "2011-09-30": "35.66%", "2011-06-30": "34.54%", "2011-03-31": "34.58%", "2010-12-31": "33.98%", "2010-09-30": "30.27%", "2010-06-30": "27.18%", "2010-03-31": "22.34%", "2009-12-31": "21.01%", "2009-09-30": "22.91%", "2009-06-30": "27.21%", "2009-03-31": "32.44%", "2008-12-31": "34.21%", "2008-09-30": "35.35%", "2008-06-30": "34.77%", "2008-03-31": "35.10%", "2007-12-31": "36.76%", "2007-09-30": "37.41%", "2007-06-30": "38.94%", "2007-03-31": "40.17%", "2006-12-31": "41.02%", "2006-09-30": "42.36%", "2006-06-30": "38.53%", "2006-03-31": "38.26%", "2005-12-31": "38.47%"}, "return on tangible equity": {"2020-09-30": "23.02%", "2020-06-30": "23.48%", "2020-03-31": "24.81%", "2019-12-31": "25.80%", "2019-09-30": "23.20%", "2019-06-30": "23.62%", "2019-03-31": "24.25%", "2018-12-31": "24.34%", "2018-09-30": "40.40%", "2018-06-30": "42.78%", "2018-03-31": "43.57%", "2017-12-31": "46.79%", "2017-09-30": "30.20%", "2017-06-30": "30.70%", "2017-03-31": "31.36%", "2016-12-31": "31.64%", "2016-09-30": "32.22%", "2016-06-30": "33.53%", "2016-03-31": "33.63%", "2015-12-31": "33.07%", "2015-09-30": "33.14%", "2015-06-30": "32.68%", "2015-03-31": "33.62%", "2014-12-31": "33.14%", "2014-09-30": "32.96%", "2014-06-30": "33.13%", "2014-03-31": "34.12%", "2013-12-31": "36.29%", "2013-09-30": "37.63%", "2013-06-30": "38.56%", "2013-03-31": "39.85%", "2012-12-31": "42.52%", "2012-09-30": "44.43%", "2012-06-30": "48.15%", "2012-03-31": "48.13%", "2011-12-31": "46.42%", "2011-09-30": "43.63%", "2011-06-30": "38.90%", "2011-03-31": "36.92%", "2010-12-31": "33.02%", "2010-09-30": "29.49%", "2010-06-30": "27.40%", "2010-03-31": "22.86%", "2009-12-31": "23.03%", "2009-09-30": "26.14%", "2009-06-30": "31.40%", "2009-03-31": "39.22%", "2008-12-31": "44.22%", "2008-09-30": "49.54%", "2008-06-30": "51.23%", "2008-03-31": "50.34%", "2007-12-31": "43.76%", "2007-09-30": "36.72%", "2007-06-30": "33.09%", "2007-03-31": "29.92%", "2006-12-31": "28.90%", "2006-09-30": "29.27%", "2006-06-30": "26.22%", "2006-03-31": "25.32%", "2005-12-31": "25.54%"}, "dividend yield history": {"last payout": "$1.12", "last yield": "0.77%"}}