{"ticker": "J", "price": {"title": "Jacobs Engineering Group Historical Annual Stock Price Data", "value": 115.0, "historical": {"2021": {"Average Stock Price": "109.5818", "Year Open": "106.1100", "Year High": "115.0000", "Year Low": "100.9600", "Year Close": "115.0000", "Annual % Change": "5.54%"}, "2020": {"Average Stock Price": "90.8367", "Year Open": "90.2700", "Year High": "109.8500", "Year Low": "63.0100", "Year Close": "108.9600", "Annual % Change": "21.30%"}, "2019": {"Average Stock Price": "81.1938", "Year Open": "58.4800", "Year High": "97.3300", "Year Low": "57.3000", "Year Close": "89.8300", "Annual % Change": "53.66%"}, "2018": {"Average Stock Price": "66.5603", "Year Open": "66.8700", "Year High": "80.9200", "Year Low": "55.2400", "Year Close": "58.4600", "Annual % Change": "-11.37%"}, "2017": {"Average Stock Price": "56.7412", "Year Open": "58.1500", "Year High": "68.5100", "Year Low": "49.5800", "Year Close": "65.9600", "Annual % Change": "15.72%"}, "2016": {"Average Stock Price": "48.8909", "Year Open": "41.9200", "Year High": "62.1700", "Year Low": "35.0600", "Year Close": "57.0000", "Annual % Change": "35.88%"}, "2015": {"Average Stock Price": "42.1042", "Year Open": "44.6400", "Year High": "48.2100", "Year Low": "36.6500", "Year Close": "41.9500", "Annual % Change": "-6.13%"}, "2014": {"Average Stock Price": "54.5549", "Year Open": "62.8800", "Year High": "66.8100", "Year Low": "40.1800", "Year Close": "44.6900", "Annual % Change": "-29.05%"}, "2013": {"Average Stock Price": "55.4406", "Year Open": "43.7500", "Year High": "63.7600", "Year Low": "43.5400", "Year Close": "62.9900", "Annual % Change": "47.97%"}, "2012": {"Average Stock Price": "41.1181", "Year Open": "41.4900", "Year High": "47.6100", "Year Low": "34.4000", "Year Close": "42.5700", "Annual % Change": "4.90%"}, "2011": {"Average Stock Price": "42.9654", "Year Open": "46.9800", "Year High": "53.0100", "Year Low": "31.5500", "Year Close": "40.5800", "Annual % Change": "-11.49%"}, "2010": {"Average Stock Price": "40.5471", "Year Open": "38.4500", "Year High": "49.9700", "Year Low": "34.6800", "Year Close": "45.8500", "Annual % Change": "21.91%"}, "2009": {"Average Stock Price": "41.6587", "Year Open": "50.4200", "Year High": "54.0200", "Year Low": "30.3300", "Year Close": "37.6100", "Annual % Change": "-21.81%"}, "2008": {"Average Stock Price": "69.0461", "Year Open": "96.6200", "Year High": "101.5800", "Year Low": "26.2700", "Year Close": "48.1000", "Annual % Change": "-49.69%"}, "2007": {"Average Stock Price": "62.7956", "Year Open": "40.2500", "Year High": "98.7000", "Year Low": "38.6200", "Year Close": "95.6100", "Annual % Change": "134.51%"}, "2006": {"Average Stock Price": "40.3100", "Year Open": "34.5050", "Year High": "46.4600", "Year Low": "34.4400", "Year Close": "40.7700", "Annual % Change": "20.14%"}, "2005": {"Average Stock Price": "28.4787", "Year Open": "23.1900", "Year High": "34.4550", "Year Low": "22.3800", "Year Close": "33.9350", "Annual % Change": "42.02%"}, "2004": {"Average Stock Price": "21.1903", "Year Open": "23.6350", "Year High": "23.9900", "Year Low": "18.6050", "Year Close": "23.8950", "Annual % Change": "-0.46%"}, "2003": {"Average Stock Price": "21.3401", "Year Open": "18.2000", "Year High": "24.8500", "Year Low": "17.9650", "Year Close": "24.0050", "Annual % Change": "34.86%"}, "2002": {"Average Stock Price": "17.0843", "Year Open": "16.4475", "Year High": "21.2900", "Year Low": "13.1450", "Year Close": "17.8000", "Annual % Change": "7.88%"}, "2001": {"Average Stock Price": "15.4061", "Year Open": "11.4850", "Year High": "18.8350", "Year Low": "10.5950", "Year Close": "16.5000", "Annual % Change": "42.89%"}, "2000": {"Average Stock Price": "8.8217", "Year Open": "7.9850", "Year High": "11.9850", "Year Low": "6.7350", "Year Close": "11.5475", "Annual % Change": "42.12%"}, "1999": {"Average Stock Price": "9.0449", "Year Open": "10.5950", "Year High": "10.6250", "Year Low": "7.4075", "Year Close": "8.1250", "Annual % Change": "-20.25%"}, "1998": {"Average Stock Price": "7.8016", "Year Open": "6.3900", "Year High": "10.1875", "Year Low": "6.2500", "Year Close": "10.1875", "Annual % Change": "60.56%"}, "1997": {"Average Stock Price": "6.7885", "Year Open": "6.0325", "Year High": "8.0625", "Year Low": "5.8450", "Year Close": "6.3450", "Annual % Change": "7.45%"}, "1996": {"Average Stock Price": "6.2527", "Year Open": "6.4700", "Year High": "7.3125", "Year Low": "5.0000", "Year Close": "5.9050", "Annual % Change": "-5.52%"}, "1995": {"Average Stock Price": "5.4534", "Year Open": "4.6875", "Year High": "6.4075", "Year Low": "4.3125", "Year Close": "6.2500", "Annual % Change": "35.14%"}, "1994": {"Average Stock Price": "5.5562", "Year Open": "5.9375", "Year High": "6.6875", "Year Low": "4.2500", "Year Close": "4.6250", "Annual % Change": "-22.53%"}, "1993": {"Average Stock Price": "6.1996", "Year Open": "6.7200", "Year High": "7.4375", "Year Low": "5.0625", "Year Close": "5.9700", "Annual % Change": "-11.56%"}, "1992": {"Average Stock Price": "6.8555", "Year Open": "7.0950", "Year High": "9.0000", "Year Low": "5.4075", "Year Close": "6.7500", "Annual % Change": "0.00%"}, "1991": {"Average Stock Price": "5.3538", "Year Open": "3.0475", "Year High": "7.1250", "Year Low": "2.5625", "Year Close": "6.7500", "Annual % Change": "111.76%"}}}, "market cap": {"value": "$14.56B"}, "income statement": {"Revenue": {"2020-09-30": "13566.97000", "2019-09-30": "12737.87000", "2018-09-30": "10579.77000", "2017-09-30": "6330.12600", "2016-09-30": "10964.16000", "2015-09-30": "12114.83000", "2014-09-30": "12695.16000", "2013-09-30": "11818.38000", "2012-09-30": "10893.78000", "2011-09-30": "10381.66000", "2010-09-30": "9915.51700", "2009-09-30": "11467.38000", "2008-09-30": "11252.16000", "2007-09-30": "8473.97000", "2006-09-30": "7421.27000", "2005-09-30": "5635.00100"}, "Cost Of Goods Sold": {"2020-09-30": "10980.31000", "2019-09-30": "10260.84000", "2018-09-30": "8421.22300", "2017-09-30": "5070.09100", "2016-09-30": "9196.32600", "2015-09-30": "10146.49000", "2014-09-30": "10621.37000", "2013-09-30": "9976.05700", "2012-09-30": "9166.78900", "2011-09-30": "8822.17100", "2010-09-30": "8582.91200", "2009-09-30": "9906.49300", "2008-09-30": "9517.67300", "2007-09-30": "7262.62100", "2006-09-30": "6487.02200", "2005-09-30": "4828.69700"}, "Gross Profit": {"2020-09-30": "2586.66800", "2019-09-30": "2477.02800", "2018-09-30": "2158.55100", "2017-09-30": "1260.03500", "2016-09-30": "1767.83100", "2015-09-30": "1968.33800", "2014-09-30": "2073.78400", "2013-09-30": "1842.31900", "2012-09-30": "1726.98900", "2011-09-30": "1559.49300", "2010-09-30": "1332.60400", "2009-09-30": "1560.88300", "2008-09-30": "1734.48600", "2007-09-30": "1211.34900", "2006-09-30": "934.24800", "2005-09-30": "806.30420"}, "Research And Development Expenses": {"2020-09-30": "", "2019-09-30": "", "2018-09-30": "", "2017-09-30": "", "2016-09-30": "", "2015-09-30": "", "2014-09-30": "", "2013-09-30": "", "2012-09-30": "", "2011-09-30": "", "2010-09-30": "", "2009-09-30": "", "2008-09-30": "", "2007-09-30": "", "2006-09-30": "", "2005-09-30": ""}, "SG&A Expenses": {"2020-09-30": "2050.69500", "2019-09-30": "2072.17700", "2018-09-30": "1771.10700", "2017-09-30": "1015.89300", "2016-09-30": "1429.23300", "2015-09-30": "1522.81100", "2014-09-30": "1545.71600", "2013-09-30": "1173.34000", "2012-09-30": "1130.91600", "2011-09-30": "1040.57500", "2010-09-30": "932.52200", "2009-09-30": "940.31000", "2008-09-30": "1091.42700", "2007-09-30": "769.39300", "2006-09-30": "632.69200", "2005-09-30": "591.41300"}, "Other Operating Income Or Expenses": {"2020-09-30": "", "2019-09-30": "", "2018-09-30": "", "2017-09-30": "", "2016-09-30": "", "2015-09-30": "", "2014-09-30": "", "2013-09-30": "", "2012-09-30": "", "2011-09-30": "", "2010-09-30": "", "2009-09-30": "", "2008-09-30": "", "2007-09-30": "", "2006-09-30": "", "2005-09-30": ""}, "Operating Expenses": {"2020-09-30": "13031.00000", "2019-09-30": "12333.02000", "2018-09-30": "10192.33000", "2017-09-30": "6085.98400", "2016-09-30": "10625.56000", "2015-09-30": "11669.30000", "2014-09-30": "12167.09000", "2013-09-30": "11149.40000", "2012-09-30": "10297.71000", "2011-09-30": "9862.74600", "2010-09-30": "9515.43400", "2009-09-30": "10846.80000", "2008-09-30": "10609.10000", "2007-09-30": "8032.01400", "2006-09-30": "7119.71400", "2005-09-30": "5420.11000"}, "Operating Income": {"2020-09-30": "535.97270", "2019-09-30": "404.85160", "2018-09-30": "387.44340", "2017-09-30": "244.14210", "2016-09-30": "338.59770", "2015-09-30": "445.52730", "2014-09-30": "528.06840", "2013-09-30": "668.97950", "2012-09-30": "596.07320", "2011-09-30": "518.91800", "2010-09-30": "400.08300", "2009-09-30": "620.57320", "2008-09-30": "643.05960", "2007-09-30": "441.95560", "2006-09-30": "301.55620", "2005-09-30": "214.89110"}, "Total Non-Operating Income/Expense": {"2020-09-30": "-94.77000", "2019-09-30": "-53.89200", "2018-09-30": "-56.46200", "2017-09-30": "-0.98800", "2016-09-30": "-51.87500", "2015-09-30": "-15.39000", "2014-09-30": "14.09800", "2013-09-30": "-7.43100", "2012-09-30": "-2.73700", "2011-09-30": "-2.25700", "2010-09-30": "-8.14900", "2009-09-30": "3.55900", "2008-09-30": "14.90900", "2007-09-30": "6.68600", "2006-09-30": "3.73100", "2005-09-30": "-5.41500"}, "Pre-Tax Income": {"2020-09-30": "441.20300", "2019-09-30": "350.95900", "2018-09-30": "330.98100", "2017-09-30": "243.15400", "2016-09-30": "286.72300", "2015-09-30": "430.13700", "2014-09-30": "542.16600", "2013-09-30": "661.54800", "2012-09-30": "593.33600", "2011-09-30": "516.66100", "2010-09-30": "391.93400", "2009-09-30": "624.13200", "2008-09-30": "657.96800", "2007-09-30": "448.64200", "2006-09-30": "305.28700", "2005-09-30": "209.47600"}, "Income Taxes": {"2020-09-30": "55.32000", "2019-09-30": "36.95400", "2018-09-30": "325.63200", "2017-09-30": "73.10300", "2016-09-30": "72.20800", "2015-09-30": "101.25500", "2014-09-30": "190.05400", "2013-09-30": "221.36600", "2012-09-30": "202.38200", "2011-09-30": "181.44000", "2010-09-30": "145.64700", "2009-09-30": "224.91900", "2008-09-30": "236.66900", "2007-09-30": "161.51200", "2006-09-30": "108.40400", "2005-09-30": "77.86800"}, "Income After Taxes": {"2020-09-30": "385.88300", "2019-09-30": "314.00500", "2018-09-30": "5.34900", "2017-09-30": "170.05100", "2016-09-30": "214.51500", "2015-09-30": "328.88200", "2014-09-30": "352.11200", "2013-09-30": "440.18200", "2012-09-30": "390.95400", "2011-09-30": "335.22100", "2010-09-30": "246.28700", "2009-09-30": "399.21300", "2008-09-30": "421.29900", "2007-09-30": "287.13000", "2006-09-30": "196.88300", "2005-09-30": "131.60800"}, "Other Income": {"2020-09-30": "", "2019-09-30": "", "2018-09-30": "", "2017-09-30": "", "2016-09-30": "", "2015-09-30": "", "2014-09-30": "", "2013-09-30": "", "2012-09-30": "", "2011-09-30": "", "2010-09-30": "", "2009-09-30": "", "2008-09-30": "", "2007-09-30": "", "2006-09-30": "", "2005-09-30": ""}, "Income From Continuous Operations": {"2020-09-30": "385.88300", "2019-09-30": "314.00500", "2018-09-30": "5.34900", "2017-09-30": "170.05100", "2016-09-30": "214.51500", "2015-09-30": "328.88200", "2014-09-30": "352.11200", "2013-09-30": "440.18200", "2012-09-30": "390.95400", "2011-09-30": "335.22100", "2010-09-30": "246.28700", "2009-09-30": "399.21300", "2008-09-30": "421.29900", "2007-09-30": "287.13000", "2006-09-30": "196.88300", "2005-09-30": "131.60800"}, "Income From Discontinued Operations": {"2020-09-30": "137.98400", "2019-09-30": "559.21400", "2018-09-30": "167.79300", "2017-09-30": "117.32400", "2016-09-30": "", "2015-09-30": "", "2014-09-30": "", "2013-09-30": "", "2012-09-30": "", "2011-09-30": "", "2010-09-30": "", "2009-09-30": "", "2008-09-30": "", "2007-09-30": "", "2006-09-30": "", "2005-09-30": ""}, "Net Income": {"2020-09-30": "491.84500", "2019-09-30": "847.97900", "2018-09-30": "163.43100", "2017-09-30": "293.72700", "2016-09-30": "210.46300", "2015-09-30": "302.97100", "2014-09-30": "328.10800", "2013-09-30": "423.09300", "2012-09-30": "378.95400", "2011-09-30": "331.02900", "2010-09-30": "245.97400", "2009-09-30": "399.85400", "2008-09-30": "420.74200", "2007-09-30": "287.13000", "2006-09-30": "196.88300", "2005-09-30": "131.60800"}, "EBITDA": {"2020-09-30": "879.84360", "2019-09-30": "574.12050", "2018-09-30": "586.03040", "2017-09-30": "366.65510", "2016-09-30": "468.56870", "2015-09-30": "594.81930", "2014-09-30": "673.48030", "2013-09-30": "767.85350", "2012-09-30": "696.89720", "2011-09-30": "614.28800", "2010-09-30": "488.57800", "2009-09-30": "706.91520", "2008-09-30": "716.18550", "2007-09-30": "497.62560", "2006-09-30": "349.81810", "2005-09-30": "261.24810"}, "EBIT": {"2020-09-30": "535.97270", "2019-09-30": "404.85160", "2018-09-30": "387.44340", "2017-09-30": "244.14210", "2016-09-30": "338.59770", "2015-09-30": "445.52730", "2014-09-30": "528.06840", "2013-09-30": "668.97950", "2012-09-30": "596.07320", "2011-09-30": "518.91800", "2010-09-30": "400.08300", "2009-09-30": "620.57320", "2008-09-30": "643.05960", "2007-09-30": "441.95560", "2006-09-30": "301.55620", "2005-09-30": "214.89110"}, "Basic Shares Outstanding": {"2020-09-30": "131.51400", "2019-09-30": "137.90700", "2018-09-30": "137.53600", "2017-09-30": "119.37000", "2016-09-30": "120.13300", "2015-09-30": "125.00700", "2014-09-30": "130.48300", "2013-09-30": "129.28800", "2012-09-30": "127.64400", "2011-09-30": "125.68600", "2010-09-30": "124.13400", "2009-09-30": "122.77200", "2008-09-30": "121.08300", "2007-09-30": "118.55900", "2006-09-30": "116.64800", "2005-09-30": "114.09200"}, "Shares Outstanding": {"2020-09-30": "132.72100", "2019-09-30": "139.20600", "2018-09-30": "137.53600", "2017-09-30": "120.14700", "2016-09-30": "121.48300", "2015-09-30": "126.11000", "2014-09-30": "132.37100", "2013-09-30": "130.94500", "2012-09-30": "128.69200", "2011-09-30": "127.23500", "2010-09-30": "125.79000", "2009-09-30": "124.53400", "2008-09-30": "124.35700", "2007-09-30": "122.22600", "2006-09-30": "120.37300", "2005-09-30": "117.37900"}, "Basic EPS": {"2020-09-30": "3.74000", "2019-09-30": "6.14000", "2018-09-30": "1.18000", "2017-09-30": "2.43000", "2016-09-30": "1.75000", "2015-09-30": "2.42000", "2014-09-30": "2.51000", "2013-09-30": "3.27000", "2012-09-30": "2.97000", "2011-09-30": "2.63000", "2010-09-30": "1.98000", "2009-09-30": "3.26000", "2008-09-30": "3.47000", "2007-09-30": "2.42000", "2006-09-30": "1.69000", "2005-09-30": "1.15000"}, "EPS - Earnings Per Share": {"2020-09-30": "3.71000", "2019-09-30": "6.08000", "2018-09-30": "1.18000", "2017-09-30": "2.42000", "2016-09-30": "1.73000", "2015-09-30": "2.40000", "2014-09-30": "2.48000", "2013-09-30": "3.23000", "2012-09-30": "2.94000", "2011-09-30": "2.60000", "2010-09-30": "1.96000", "2009-09-30": "3.21000", "2008-09-30": "3.38000", "2007-09-30": "2.35000", "2006-09-30": "1.64000", "2005-09-30": "1.12000"}}, "income statement, quarterly": {"Revenue": {"2020-09-30": "3519.68900", "2020-06-30": "3260.05700", "2020-03-31": "3427.18000", "2019-12-31": "3360.04900", "2019-09-30": "3392.86200", "2019-06-30": "3169.62200", "2019-03-31": "3091.59600", "2018-12-31": "3083.78800", "2018-09-30": "2991.85600", "2018-06-30": "2933.62300", "2018-03-31": "2870.29500", "2017-12-31": "1783.99900", "2017-09-30": "-1038.79600", "2017-06-30": "2514.75100", "2017-03-31": "2302.56700", "2016-12-31": "2551.60400", "2016-09-30": "2640.58700", "2016-06-30": "2693.87300", "2016-03-31": "2781.76300", "2015-12-31": "2847.93400", "2015-09-30": "3116.95400", "2015-06-30": "2907.54100", "2015-03-31": "2903.33200", "2014-12-31": "3187.00500", "2014-09-30": "3218.44200", "2014-06-30": "3231.79100", "2014-03-31": "3176.03300", "2013-12-31": "3068.89100", "2013-09-30": "3142.65600", "2013-06-30": "3080.99500", "2013-03-31": "2835.08400", "2012-12-31": "2759.64100", "2012-09-30": "2786.28500", "2012-06-30": "2772.87400", "2012-03-31": "2702.85100", "2011-12-31": "2631.76800", "2011-09-30": "2723.29500", "2011-06-30": "2744.17800", "2011-03-31": "2558.01600", "2010-12-31": "2356.17500", "2010-09-30": "2343.03200", "2010-06-30": "2507.72500", "2010-03-31": "2586.97400", "2009-12-31": "2477.78500", "2009-09-30": "2552.54700", "2009-06-30": "2706.72400", "2009-03-31": "2975.45200", "2008-12-31": "3232.65300", "2008-09-30": "3196.62200", "2008-06-30": "2918.92700", "2008-03-31": "2664.79400", "2007-12-31": "2471.81700", "2007-09-30": "2280.06900", "2007-06-30": "2083.68900", "2007-03-31": "2091.70400", "2006-12-31": "2018.50800", "2006-09-30": "1979.29100", "2006-06-30": "1926.07100", "2006-03-31": "1832.45000", "2005-12-31": "1683.45800", "2005-09-30": "1519.45900", "2005-06-30": "1449.04700", "2005-03-31": "1383.19500"}, "Cost Of Goods Sold": {"2020-09-30": "2854.75200", "2020-06-30": "2631.03100", "2020-03-31": "2779.04500", "2019-12-31": "2715.47800", "2019-09-30": "2727.32900", "2019-06-30": "2543.48800", "2019-03-31": "2474.75500", "2018-12-31": "2515.26800", "2018-09-30": "2385.62200", "2018-06-30": "2325.02800", "2018-03-31": "2268.66700", "2017-12-31": "1441.90500", "2017-09-30": "-1000.87000", "2017-06-30": "2055.38600", "2017-03-31": "1883.28300", "2016-12-31": "2132.29200", "2016-09-30": "2208.89600", "2016-06-30": "2242.42400", "2016-03-31": "2337.54700", "2015-12-31": "2407.46000", "2015-09-30": "2643.60300", "2015-06-30": "2422.94400", "2015-03-31": "2412.38800", "2014-12-31": "2667.55900", "2014-09-30": "2676.64100", "2014-06-30": "2670.05200", "2014-03-31": "2659.48000", "2013-12-31": "2615.20000", "2013-09-30": "2667.96400", "2013-06-30": "2613.99100", "2013-03-31": "2370.18300", "2012-12-31": "2323.91800", "2012-09-30": "2339.62300", "2012-06-30": "2339.79300", "2012-03-31": "2276.64700", "2011-12-31": "2210.72600", "2011-09-30": "2296.73300", "2011-06-30": "2331.46600", "2011-03-31": "2168.83500", "2010-12-31": "2025.13700", "2010-09-30": "1995.00600", "2010-06-30": "2235.53700", "2010-03-31": "2223.79300", "2009-12-31": "2128.57600", "2009-09-30": "2204.57000", "2009-06-30": "2334.86100", "2009-03-31": "2571.82800", "2008-12-31": "2795.23400", "2008-09-30": "2736.34300", "2008-06-30": "2467.28300", "2008-03-31": "2230.20000", "2007-12-31": "2083.84700", "2007-09-30": "1947.61000", "2007-06-30": "1767.07300", "2007-03-31": "1800.88000", "2006-12-31": "1747.05800", "2006-09-30": "1726.58200", "2006-06-30": "1682.80600", "2006-03-31": "1606.11300", "2005-12-31": "1471.52100", "2005-09-30": "1312.24600", "2005-06-30": "1240.17000", "2005-03-31": "1181.71900"}, "Gross Profit": {"2020-09-30": "664.93680", "2020-06-30": "629.02590", "2020-03-31": "648.13500", "2019-12-31": "644.57100", "2019-09-30": "665.53370", "2019-06-30": "626.13400", "2019-03-31": "616.84110", "2018-12-31": "568.52000", "2018-09-30": "606.23410", "2018-06-30": "608.59500", "2018-03-31": "601.62790", "2017-12-31": "342.09400", "2017-09-30": "-37.92580", "2017-06-30": "459.36500", "2017-03-31": "419.28390", "2016-12-31": "419.31200", "2016-09-30": "431.69190", "2016-06-30": "451.44900", "2016-03-31": "444.21580", "2015-12-31": "440.47410", "2015-09-30": "473.35110", "2015-06-30": "484.59690", "2015-03-31": "490.94410", "2014-12-31": "519.44580", "2014-09-30": "541.80050", "2014-06-30": "561.73900", "2014-03-31": "516.55300", "2013-12-31": "453.69120", "2013-09-30": "474.69140", "2013-06-30": "467.00420", "2013-03-31": "464.90090", "2012-12-31": "435.72310", "2012-09-30": "446.66210", "2012-06-30": "433.08110", "2012-03-31": "426.20410", "2011-12-31": "421.04200", "2011-09-30": "426.56200", "2011-06-30": "412.71190", "2011-03-31": "389.18120", "2010-12-31": "331.03810", "2010-09-30": "348.02640", "2010-06-30": "272.18800", "2010-03-31": "363.18120", "2009-12-31": "349.20900", "2009-09-30": "347.97730", "2009-06-30": "371.86300", "2009-03-31": "403.62400", "2008-12-31": "437.41920", "2008-09-30": "460.27910", "2008-06-30": "451.64400", "2008-03-31": "434.59400", "2007-12-31": "387.97000", "2007-09-30": "332.45860", "2007-06-30": "316.61600", "2007-03-31": "290.82410", "2006-12-31": "271.45010", "2006-09-30": "252.70950", "2006-06-30": "243.26500", "2006-03-31": "226.33690", "2005-12-31": "211.93700", "2005-09-30": "207.21340", "2005-06-30": "208.87700", "2005-03-31": "201.47600"}, "Research And Development Expenses": {"2020-09-30": "", "2020-06-30": "", "2020-03-31": "", "2019-12-31": "", "2019-09-30": "", "2019-06-30": "", "2019-03-31": "", "2018-12-31": "", "2018-09-30": "", "2018-06-30": "", "2018-03-31": "", "2017-12-31": "", "2017-09-30": "", "2017-06-30": "", "2017-03-31": "", "2016-12-31": "", "2016-09-30": "", "2016-06-30": "", "2016-03-31": "", "2015-12-31": "", "2015-09-30": "", "2015-06-30": "", "2015-03-31": "", "2014-12-31": "", "2014-09-30": "", "2014-06-30": "", "2014-03-31": "", "2013-12-31": "", "2013-09-30": "", "2013-06-30": "", "2013-03-31": "", "2012-12-31": "", "2012-09-30": "", "2012-06-30": "", "2012-03-31": "", "2011-12-31": "", "2011-09-30": "", "2011-06-30": "", "2011-03-31": "", "2010-12-31": "", "2010-09-30": "", "2010-06-30": "", "2010-03-31": "", "2009-12-31": "", "2009-09-30": "", "2009-06-30": "", "2009-03-31": "", "2008-12-31": "", "2008-09-30": "", "2008-06-30": "", "2008-03-31": "", "2007-12-31": "", "2007-09-30": "", "2007-06-30": "", "2007-03-31": "", "2006-12-31": "", "2006-09-30": "", "2006-06-30": "", "2006-03-31": "", "2005-12-31": "", "2005-09-30": "", "2005-06-30": "", "2005-03-31": ""}, "SG&A Expenses": {"2020-09-30": "642.46200", "2020-06-30": "434.65000", "2020-03-31": "480.35700", "2019-12-31": "493.22600", "2019-09-30": "566.44710", "2019-06-30": "536.18000", "2019-03-31": "514.16000", "2018-12-31": "455.39000", "2018-09-30": "445.38710", "2018-06-30": "446.08300", "2018-03-31": "532.87300", "2017-12-31": "346.76400", "2017-09-30": "3.20800", "2017-06-30": "330.89000", "2017-03-31": "351.11100", "2016-12-31": "330.68400", "2016-09-30": "348.88110", "2016-06-30": "341.89300", "2016-03-31": "357.43500", "2015-12-31": "381.02400", "2015-09-30": "419.52610", "2015-06-30": "384.16300", "2015-03-31": "357.89900", "2014-12-31": "361.22300", "2014-09-30": "405.15090", "2014-06-30": "437.80200", "2014-03-31": "394.11900", "2013-12-31": "308.64400", "2013-09-30": "299.54290", "2013-06-30": "298.64500", "2013-03-31": "299.69800", "2012-12-31": "275.45400", "2012-09-30": "279.04500", "2012-06-30": "279.71500", "2012-03-31": "293.06600", "2011-12-31": "279.09000", "2011-09-30": "278.65790", "2011-06-30": "273.33200", "2011-03-31": "261.16600", "2010-12-31": "227.41900", "2010-09-30": "228.51200", "2010-06-30": "227.10500", "2010-03-31": "241.17700", "2009-12-31": "235.72800", "2009-09-30": "225.83400", "2009-06-30": "225.18900", "2009-03-31": "232.93600", "2008-12-31": "256.35100", "2008-09-30": "281.49800", "2008-06-30": "282.77300", "2008-03-31": "280.44200", "2007-12-31": "246.71400", "2007-09-30": "203.07000", "2007-06-30": "200.91200", "2007-03-31": "188.33500", "2006-12-31": "177.07600", "2006-09-30": "167.57700", "2006-06-30": "163.69400", "2006-03-31": "156.89700", "2005-12-31": "144.52400", "2005-09-30": "145.63000", "2005-06-30": "150.19500", "2005-03-31": "154.08300"}, "Other Operating Income Or Expenses": {"2020-09-30": "", "2020-06-30": "", "2020-03-31": "", "2019-12-31": "", "2019-09-30": "", "2019-06-30": "", "2019-03-31": "", "2018-12-31": "", "2018-09-30": "", "2018-06-30": "", "2018-03-31": "", "2017-12-31": "", "2017-09-30": "", "2017-06-30": "", "2017-03-31": "", "2016-12-31": "", "2016-09-30": "", "2016-06-30": "", "2016-03-31": "", "2015-12-31": "", "2015-09-30": "", "2015-06-30": "", "2015-03-31": "", "2014-12-31": "", "2014-09-30": "", "2014-06-30": "", "2014-03-31": "", "2013-12-31": "", "2013-09-30": "", "2013-06-30": "", "2013-03-31": "", "2012-12-31": "", "2012-09-30": "", "2012-06-30": "", "2012-03-31": "", "2011-12-31": "", "2011-09-30": "", "2011-06-30": "", "2011-03-31": "", "2010-12-31": "", "2010-09-30": "", "2010-06-30": "", "2010-03-31": "", "2009-12-31": "", "2009-09-30": "", "2009-06-30": "", "2009-03-31": "", "2008-12-31": "", "2008-09-30": "", "2008-06-30": "", "2008-03-31": "", "2007-12-31": "", "2007-09-30": "", "2007-06-30": "", "2007-03-31": "", "2006-12-31": "", "2006-09-30": "", "2006-06-30": "", "2006-03-31": "", "2005-12-31": "", "2005-09-30": "", "2005-06-30": "", "2005-03-31": ""}, "Operating Expenses": {"2020-09-30": "3497.21500", "2020-06-30": "3065.68100", "2020-03-31": "3259.40200", "2019-12-31": "3208.70400", "2019-09-30": "3293.77500", "2019-06-30": "3079.66800", "2019-03-31": "2988.91500", "2018-12-31": "2970.65800", "2018-09-30": "2831.01000", "2018-06-30": "2771.11100", "2018-03-31": "2801.54000", "2017-12-31": "1788.66900", "2017-09-30": "-997.66210", "2017-06-30": "2386.27600", "2017-03-31": "2234.39400", "2016-12-31": "2462.97600", "2016-09-30": "2557.77600", "2016-06-30": "2584.31700", "2016-03-31": "2694.98200", "2015-12-31": "2788.48400", "2015-09-30": "3063.12800", "2015-06-30": "2807.10700", "2015-03-31": "2770.28700", "2014-12-31": "3028.78200", "2014-09-30": "3081.79200", "2014-06-30": "3107.85400", "2014-03-31": "3053.59900", "2013-12-31": "2923.84400", "2013-09-30": "2967.50800", "2013-06-30": "2912.63600", "2013-03-31": "2669.88100", "2012-12-31": "2599.37200", "2012-09-30": "2618.66800", "2012-06-30": "2619.50800", "2012-03-31": "2569.71300", "2011-12-31": "2489.81600", "2011-09-30": "2575.39100", "2011-06-30": "2604.79800", "2011-03-31": "2430.00100", "2010-12-31": "2252.55600", "2010-09-30": "2223.51700", "2010-06-30": "2462.64200", "2010-03-31": "2464.97000", "2009-12-31": "2364.30400", "2009-09-30": "2430.40400", "2009-06-30": "2560.05000", "2009-03-31": "2804.76400", "2008-12-31": "3051.58500", "2008-09-30": "3017.84100", "2008-06-30": "2750.05600", "2008-03-31": "2510.64200", "2007-12-31": "2330.56100", "2007-09-30": "2150.68000", "2007-06-30": "1967.98500", "2007-03-31": "1989.21500", "2006-12-31": "1924.13400", "2006-09-30": "1894.15900", "2006-06-30": "1846.50000", "2006-03-31": "1763.01000", "2005-12-31": "1616.04500", "2005-09-30": "1457.87600", "2005-06-30": "1390.36500", "2005-03-31": "1335.80200"}, "Operating Income": {"2020-09-30": "22.47390", "2020-06-30": "194.37600", "2020-03-31": "167.77810", "2019-12-31": "151.34500", "2019-09-30": "99.08690", "2019-06-30": "89.95410", "2019-03-31": "102.68120", "2018-12-31": "113.12990", "2018-09-30": "160.84670", "2018-06-30": "162.51200", "2018-03-31": "68.75490", "2017-12-31": "-4.67000", "2017-09-30": "-41.13380", "2017-06-30": "128.47510", "2017-03-31": "68.17290", "2016-12-31": "88.62790", "2016-09-30": "82.81150", "2016-06-30": "109.55590", "2016-03-31": "86.78080", "2015-12-31": "59.45020", "2015-09-30": "53.82590", "2015-06-30": "100.43380", "2015-03-31": "133.04520", "2014-12-31": "158.22290", "2014-09-30": "136.65010", "2014-06-30": "123.93700", "2014-03-31": "122.43410", "2013-12-31": "145.04710", "2013-09-30": "175.14790", "2013-06-30": "168.35910", "2013-03-31": "165.20290", "2012-12-31": "160.26900", "2012-09-30": "167.61690", "2012-06-30": "153.36600", "2012-03-31": "133.13820", "2011-12-31": "141.95190", "2011-09-30": "147.90380", "2011-06-30": "139.37990", "2011-03-31": "128.01510", "2010-12-31": "103.61910", "2010-09-30": "119.51510", "2010-06-30": "45.08300", "2010-03-31": "122.00420", "2009-12-31": "113.48100", "2009-09-30": "122.14280", "2009-06-30": "146.67410", "2009-03-31": "170.68800", "2008-12-31": "181.06810", "2008-09-30": "178.78030", "2008-06-30": "168.87110", "2008-03-31": "154.15210", "2007-12-31": "141.25590", "2007-09-30": "129.38820", "2007-06-30": "115.70400", "2007-03-31": "102.48910", "2006-12-31": "94.37400", "2006-09-30": "85.13250", "2006-06-30": "79.57100", "2006-03-31": "69.43990", "2005-12-31": "67.41300", "2005-09-30": "61.58340", "2005-06-30": "58.68200", "2005-03-31": "47.39290"}, "Total Non-Operating Income/Expense": {"2020-09-30": "37.68400", "2020-06-30": "109.30500", "2020-03-31": "-344.58300", "2019-12-31": "102.82400", "2019-09-30": "-45.54900", "2019-06-30": "3.44500", "2019-03-31": "9.15100", "2018-12-31": "-20.93900", "2018-09-30": "-18.44600", "2018-06-30": "-15.87900", "2018-03-31": "-20.10400", "2017-12-31": "-2.03300", "2017-09-30": "10.52100", "2017-06-30": "-1.07900", "2017-03-31": "-7.68200", "2016-12-31": "-2.74800", "2016-09-30": "-47.13800", "2016-06-30": "-6.74900", "2016-03-31": "3.67500", "2015-12-31": "-1.66300", "2015-09-30": "-4.53300", "2015-06-30": "-3.24600", "2015-03-31": "-4.08300", "2014-12-31": "-3.52800", "2014-09-30": "8.15500", "2014-06-30": "-5.89100", "2014-03-31": "9.96000", "2013-12-31": "1.87400", "2013-09-30": "-0.24200", "2013-06-30": "0.06400", "2013-03-31": "-3.29500", "2012-12-31": "-3.95800", "2012-09-30": "2.47900", "2012-06-30": "-1.99500", "2012-03-31": "-0.82300", "2011-12-31": "-2.39800", "2011-09-30": "-2.74800", "2011-06-30": "1.92100", "2011-03-31": "-1.53400", "2010-12-31": "0.10400", "2010-09-30": "0.87200", "2010-06-30": "-7.84400", "2010-03-31": "-0.84400", "2009-12-31": "-0.33300", "2009-09-30": "1.71400", "2009-06-30": "1.39300", "2009-03-31": "-0.06100", "2008-12-31": "0.51300", "2008-09-30": "0.50200", "2008-06-30": "0.93600", "2008-03-31": "1.02200", "2007-12-31": "12.44900", "2007-09-30": "1.62600", "2007-06-30": "1.15900", "2007-03-31": "2.55200", "2006-12-31": "1.34900", "2006-09-30": "4.28400", "2006-06-30": "-0.47700", "2006-03-31": "0.11000", "2005-12-31": "-0.18600", "2005-09-30": "-0.41000", "2005-06-30": "-1.19700", "2005-03-31": "-1.91800"}, "Pre-Tax Income": {"2020-09-30": "60.15800", "2020-06-30": "303.68100", "2020-03-31": "-176.80500", "2019-12-31": "254.16900", "2019-09-30": "53.53700", "2019-06-30": "93.39900", "2019-03-31": "111.83200", "2018-12-31": "92.19100", "2018-09-30": "142.40000", "2018-06-30": "146.63300", "2018-03-31": "48.65100", "2017-12-31": "-6.70300", "2017-09-30": "-30.61300", "2017-06-30": "127.39600", "2017-03-31": "60.49100", "2016-12-31": "85.88000", "2016-09-30": "35.67300", "2016-06-30": "102.80700", "2016-03-31": "90.45600", "2015-12-31": "57.78700", "2015-09-30": "49.29200", "2015-06-30": "97.18800", "2015-03-31": "128.96200", "2014-12-31": "154.69500", "2014-09-30": "144.80500", "2014-06-30": "118.04600", "2014-03-31": "132.39400", "2013-12-31": "146.92100", "2013-09-30": "174.90600", "2013-06-30": "168.42300", "2013-03-31": "161.90800", "2012-12-31": "156.31100", "2012-09-30": "170.09600", "2012-06-30": "151.37100", "2012-03-31": "132.31500", "2011-12-31": "139.55400", "2011-09-30": "145.15600", "2011-06-30": "141.30100", "2011-03-31": "126.48100", "2010-12-31": "103.72300", "2010-09-30": "120.38700", "2010-06-30": "37.23900", "2010-03-31": "121.16000", "2009-12-31": "113.14800", "2009-09-30": "123.85700", "2009-06-30": "148.06700", "2009-03-31": "170.62700", "2008-12-31": "181.58100", "2008-09-30": "179.28200", "2008-06-30": "169.80700", "2008-03-31": "155.17400", "2007-12-31": "153.70500", "2007-09-30": "131.01500", "2007-06-30": "116.86300", "2007-03-31": "105.04100", "2006-12-31": "95.72300", "2006-09-30": "89.41600", "2006-06-30": "79.09400", "2006-03-31": "69.55000", "2005-12-31": "67.22700", "2005-09-30": "61.17300", "2005-06-30": "57.48500", "2005-03-31": "45.47500"}, "Income Taxes": {"2020-09-30": "-19.72100", "2020-06-30": "67.67400", "2020-03-31": "-61.12200", "2019-12-31": "68.48900", "2019-09-30": "24.12400", "2019-06-30": "-1.98100", "2019-03-31": "-7.94700", "2018-12-31": "22.75800", "2018-09-30": "215.40200", "2018-06-30": "31.17400", "2018-03-31": "51.85600", "2017-12-31": "27.20000", "2017-09-30": "-6.71700", "2017-06-30": "38.76700", "2017-03-31": "16.32600", "2016-12-31": "24.72700", "2016-09-30": "5.79000", "2016-06-30": "31.87000", "2016-03-31": "27.06700", "2015-12-31": "7.48100", "2015-09-30": "12.02300", "2015-06-30": "-0.12000", "2015-03-31": "40.85200", "2014-12-31": "48.50000", "2014-09-30": "53.75100", "2014-06-30": "46.73700", "2014-03-31": "41.59400", "2013-12-31": "47.97200", "2013-09-30": "58.42500", "2013-06-30": "56.33400", "2013-03-31": "54.81900", "2012-12-31": "51.78800", "2012-09-30": "59.01400", "2012-06-30": "50.38100", "2012-03-31": "44.86900", "2011-12-31": "48.11800", "2011-09-30": "49.90900", "2011-06-30": "49.36500", "2011-03-31": "45.14000", "2010-12-31": "37.02600", "2010-09-30": "43.30800", "2010-06-30": "17.99900", "2010-03-31": "43.59300", "2009-12-31": "40.74700", "2009-09-30": "44.61600", "2009-06-30": "53.38100", "2009-03-31": "61.45700", "2008-12-31": "65.46500", "2008-09-30": "64.34200", "2008-06-30": "61.13000", "2008-03-31": "55.86200", "2007-12-31": "55.33500", "2007-09-30": "47.12300", "2007-06-30": "42.11300", "2007-03-31": "37.81500", "2006-12-31": "34.46100", "2006-09-30": "30.69000", "2006-06-30": "28.46200", "2006-03-31": "25.05000", "2005-12-31": "24.20200", "2005-09-30": "22.86600", "2005-06-30": "20.88000", "2005-03-31": "17.64300"}, "Income After Taxes": {"2020-09-30": "79.87900", "2020-06-30": "236.00700", "2020-03-31": "-115.68300", "2019-12-31": "185.68000", "2019-09-30": "29.41300", "2019-06-30": "95.38000", "2019-03-31": "119.77900", "2018-12-31": "69.43300", "2018-09-30": "-73.00200", "2018-06-30": "115.45900", "2018-03-31": "-3.20500", "2017-12-31": "-33.90300", "2017-09-30": "-23.89600", "2017-06-30": "88.62900", "2017-03-31": "44.16500", "2016-12-31": "61.15300", "2016-09-30": "29.88300", "2016-06-30": "70.93700", "2016-03-31": "63.38900", "2015-12-31": "50.30600", "2015-09-30": "37.26900", "2015-06-30": "97.30800", "2015-03-31": "88.11000", "2014-12-31": "106.19500", "2014-09-30": "91.05400", "2014-06-30": "71.30900", "2014-03-31": "90.80000", "2013-12-31": "98.94900", "2013-09-30": "116.48090", "2013-06-30": "112.08900", "2013-03-31": "107.08900", "2012-12-31": "104.52300", "2012-09-30": "111.08200", "2012-06-30": "100.99000", "2012-03-31": "87.44600", "2011-12-31": "91.43600", "2011-09-30": "95.24700", "2011-06-30": "91.93600", "2011-03-31": "81.34100", "2010-12-31": "66.69700", "2010-09-30": "77.07900", "2010-06-30": "19.24000", "2010-03-31": "77.56700", "2009-12-31": "72.40100", "2009-09-30": "79.24100", "2009-06-30": "94.68600", "2009-03-31": "109.17000", "2008-12-31": "116.11600", "2008-09-30": "114.94000", "2008-06-30": "108.67700", "2008-03-31": "99.31200", "2007-12-31": "98.37000", "2007-09-30": "83.89200", "2007-06-30": "74.75000", "2007-03-31": "67.22600", "2006-12-31": "61.26200", "2006-09-30": "58.72600", "2006-06-30": "50.63200", "2006-03-31": "44.50000", "2005-12-31": "43.02500", "2005-09-30": "38.30700", "2005-06-30": "36.60500", "2005-03-31": "27.83200"}, "Other Income": {"2020-09-30": "", "2020-06-30": "", "2020-03-31": "", "2019-12-31": "", "2019-09-30": "", "2019-06-30": "", "2019-03-31": "", "2018-12-31": "", "2018-09-30": "", "2018-06-30": "", "2018-03-31": "", "2017-12-31": "", "2017-09-30": "", "2017-06-30": "", "2017-03-31": "", "2016-12-31": "", "2016-09-30": "", "2016-06-30": "", "2016-03-31": "", "2015-12-31": "", "2015-09-30": "", "2015-06-30": "", "2015-03-31": "", "2014-12-31": "", "2014-09-30": "", "2014-06-30": "", "2014-03-31": "", "2013-12-31": "", "2013-09-30": "", "2013-06-30": "", "2013-03-31": "", "2012-12-31": "", "2012-09-30": "", "2012-06-30": "", "2012-03-31": "", "2011-12-31": "", "2011-09-30": "", "2011-06-30": "", "2011-03-31": "", "2010-12-31": "", "2010-09-30": "", "2010-06-30": "", "2010-03-31": "", "2009-12-31": "", "2009-09-30": "", "2009-06-30": "", "2009-03-31": "", "2008-12-31": "", "2008-09-30": "", "2008-06-30": "", "2008-03-31": "", "2007-12-31": "", "2007-09-30": "", "2007-06-30": "", "2007-03-31": "", "2006-12-31": "", "2006-09-30": "", "2006-06-30": "", "2006-03-31": "", "2005-12-31": "", "2005-09-30": "", "2005-06-30": "", "2005-03-31": ""}, "Income From Continuous Operations": {"2020-09-30": "79.87900", "2020-06-30": "236.00700", "2020-03-31": "-115.68300", "2019-12-31": "185.68000", "2019-09-30": "29.41300", "2019-06-30": "95.38000", "2019-03-31": "119.77900", "2018-12-31": "69.43300", "2018-09-30": "-73.00200", "2018-06-30": "115.45900", "2018-03-31": "-3.20500", "2017-12-31": "-33.90300", "2017-09-30": "-23.89600", "2017-06-30": "88.62900", "2017-03-31": "44.16500", "2016-12-31": "61.15300", "2016-09-30": "29.88300", "2016-06-30": "70.93700", "2016-03-31": "63.38900", "2015-12-31": "50.30600", "2015-09-30": "37.26900", "2015-06-30": "97.30800", "2015-03-31": "88.11000", "2014-12-31": "106.19500", "2014-09-30": "91.05400", "2014-06-30": "71.30900", "2014-03-31": "90.80000", "2013-12-31": "98.94900", "2013-09-30": "116.48090", "2013-06-30": "112.08900", "2013-03-31": "107.08900", "2012-12-31": "104.52300", "2012-09-30": "111.08200", "2012-06-30": "100.99000", "2012-03-31": "87.44600", "2011-12-31": "91.43600", "2011-09-30": "95.24700", "2011-06-30": "91.93600", "2011-03-31": "81.34100", "2010-12-31": "66.69700", "2010-09-30": "77.07900", "2010-06-30": "19.24000", "2010-03-31": "77.56700", "2009-12-31": "72.40100", "2009-09-30": "79.24100", "2009-06-30": "94.68600", "2009-03-31": "109.17000", "2008-12-31": "116.11600", "2008-09-30": "114.94000", "2008-06-30": "108.67700", "2008-03-31": "99.31200", "2007-12-31": "98.37000", "2007-09-30": "83.89200", "2007-06-30": "74.75000", "2007-03-31": "67.22600", "2006-12-31": "61.26200", "2006-09-30": "58.72600", "2006-06-30": "50.63200", "2006-03-31": "44.50000", "2005-12-31": "43.02500", "2005-09-30": "38.30700", "2005-06-30": "36.60500", "2005-03-31": "27.83200"}, "Income From Discontinued Operations": {"2020-09-30": "12.47400", "2020-06-30": "18.04300", "2020-03-31": "29.88000", "2019-12-31": "77.58700", "2019-09-30": "120.37800", "2019-06-30": "435.68400", "2019-03-31": "-57.00600", "2018-12-31": "60.15800", "2018-09-30": "41.58000", "2018-06-30": "34.61200", "2018-03-31": "55.13700", "2017-12-31": "36.46400", "2017-09-30": "", "2017-06-30": "", "2017-03-31": "", "2016-12-31": "", "2016-09-30": "", "2016-06-30": "", "2016-03-31": "", "2015-12-31": "", "2015-09-30": "", "2015-06-30": "", "2015-03-31": "", "2014-12-31": "", "2014-09-30": "", "2014-06-30": "", "2014-03-31": "", "2013-12-31": "", "2013-09-30": "", "2013-06-30": "", "2013-03-31": "", "2012-12-31": "", "2012-09-30": "", "2012-06-30": "", "2012-03-31": "", "2011-12-31": "", "2011-09-30": "", "2011-06-30": "", "2011-03-31": "", "2010-12-31": "", "2010-09-30": "", "2010-06-30": "", "2010-03-31": "", "2009-12-31": "", "2009-09-30": "", "2009-06-30": "", "2009-03-31": "", "2008-12-31": "", "2008-09-30": "", "2008-06-30": "", "2008-03-31": "", "2007-12-31": "", "2007-09-30": "", "2007-06-30": "", "2007-03-31": "", "2006-12-31": "", "2006-09-30": "", "2006-06-30": "", "2006-03-31": "", "2005-12-31": "", "2005-09-30": "", "2005-06-30": "", "2005-03-31": ""}, "Net Income": {"2020-09-30": "81.99300", "2020-06-30": "244.92900", "2020-03-31": "-92.08700", "2019-12-31": "257.01000", "2019-09-30": "142.32400", "2019-06-30": "524.44200", "2019-03-31": "56.91700", "2018-12-31": "124.29600", "2018-09-30": "-37.54100", "2018-06-30": "150.22200", "2018-03-31": "48.58700", "2017-12-31": "2.16300", "2017-09-30": "95.63900", "2017-06-30": "88.12800", "2017-03-31": "49.42400", "2016-12-31": "60.53600", "2016-09-30": "29.64400", "2016-06-30": "69.05500", "2016-03-31": "65.25000", "2015-12-31": "46.51400", "2015-09-30": "29.86300", "2015-06-30": "91.06200", "2015-03-31": "81.96700", "2014-12-31": "100.07900", "2014-09-30": "86.07400", "2014-06-30": "64.84200", "2014-03-31": "83.46000", "2013-12-31": "93.73200", "2013-09-30": "110.81100", "2013-06-30": "108.87100", "2013-03-31": "104.40100", "2012-12-31": "99.01000", "2012-09-30": "107.41100", "2012-06-30": "97.90000", "2012-03-31": "83.93300", "2011-12-31": "89.71000", "2011-09-30": "94.28000", "2011-06-30": "90.67600", "2011-03-31": "80.25000", "2010-12-31": "65.82300", "2010-09-30": "76.99400", "2010-06-30": "19.04300", "2010-03-31": "77.50000", "2009-12-31": "72.43700", "2009-09-30": "79.31700", "2009-06-30": "94.90000", "2009-03-31": "109.28700", "2008-12-31": "116.35000", "2008-09-30": "114.38300", "2008-06-30": "108.67700", "2008-03-31": "99.31200", "2007-12-31": "98.37000", "2007-09-30": "83.89200", "2007-06-30": "74.75000", "2007-03-31": "67.22600", "2006-12-31": "61.26200", "2006-09-30": "58.72600", "2006-06-30": "50.63200", "2006-03-31": "44.50000", "2005-12-31": "43.02500", "2005-09-30": "38.30700", "2005-06-30": "36.60500", "2005-03-31": "27.83200"}, "EBITDA": {"2020-09-30": "232.27690", "2020-06-30": "239.78700", "2020-03-31": "212.43810", "2019-12-31": "195.34200", "2019-09-30": "142.34690", "2019-06-30": "134.18810", "2019-03-31": "144.85020", "2018-12-31": "152.73590", "2018-09-30": "212.22370", "2018-06-30": "214.53500", "2018-03-31": "124.41490", "2017-12-31": "34.85700", "2017-09-30": "-6.22980", "2017-06-30": "158.39210", "2017-03-31": "97.32990", "2016-12-31": "117.16290", "2016-09-30": "113.83650", "2016-06-30": "141.82490", "2016-03-31": "119.56480", "2015-12-31": "93.34320", "2015-09-30": "89.30990", "2015-06-30": "137.55180", "2015-03-31": "170.74820", "2014-12-31": "197.20990", "2014-09-30": "176.03220", "2014-06-30": "163.26200", "2014-03-31": "160.85310", "2013-12-31": "173.33310", "2013-09-30": "201.86690", "2013-06-30": "192.74210", "2013-03-31": "188.49990", "2012-12-31": "184.74400", "2012-09-30": "193.25990", "2012-06-30": "178.03900", "2012-03-31": "158.41020", "2011-12-31": "167.18790", "2011-09-30": "174.13080", "2011-06-30": "164.55590", "2011-03-31": "151.74910", "2010-12-31": "123.85210", "2010-09-30": "142.29610", "2010-06-30": "65.95600", "2010-03-31": "144.06610", "2009-12-31": "136.25990", "2009-09-30": "151.84180", "2009-06-30": "165.91310", "2009-03-31": "189.29300", "2008-12-31": "199.86710", "2008-09-30": "198.38130", "2008-06-30": "188.29110", "2008-03-31": "171.59210", "2007-12-31": "157.92090", "2007-09-30": "143.73920", "2007-06-30": "130.27700", "2007-03-31": "116.32810", "2006-12-31": "107.28100", "2006-09-30": "97.68050", "2006-06-30": "91.64010", "2006-03-31": "81.53390", "2005-12-31": "78.96400", "2005-09-30": "73.70140", "2005-06-30": "69.95100", "2005-03-31": "58.90300"}, "EBIT": {"2020-09-30": "22.47360", "2020-06-30": "194.37600", "2020-03-31": "167.77810", "2019-12-31": "151.34500", "2019-09-30": "99.08640", "2019-06-30": "89.95410", "2019-03-31": "102.68120", "2018-12-31": "113.12990", "2018-09-30": "160.84660", "2018-06-30": "162.51200", "2018-03-31": "68.75490", "2017-12-31": "-4.67000", "2017-09-30": "-41.13380", "2017-06-30": "128.47510", "2017-03-31": "68.17290", "2016-12-31": "88.62790", "2016-09-30": "82.81080", "2016-06-30": "109.55590", "2016-03-31": "86.78080", "2015-12-31": "59.45020", "2015-09-30": "53.82540", "2015-06-30": "100.43380", "2015-03-31": "133.04520", "2014-12-31": "158.22290", "2014-09-30": "136.65010", "2014-06-30": "123.93700", "2014-03-31": "122.43410", "2013-12-31": "145.04710", "2013-09-30": "175.14840", "2013-06-30": "168.35910", "2013-03-31": "165.20290", "2012-12-31": "160.26900", "2012-09-30": "167.61720", "2012-06-30": "153.36600", "2012-03-31": "133.13820", "2011-12-31": "141.95190", "2011-09-30": "147.90380", "2011-06-30": "139.37990", "2011-03-31": "128.01510", "2010-12-31": "103.61910", "2010-09-30": "119.51490", "2010-06-30": "45.08300", "2010-03-31": "122.00420", "2009-12-31": "113.48100", "2009-09-30": "122.14310", "2009-06-30": "146.67410", "2009-03-31": "170.68800", "2008-12-31": "181.06810", "2008-09-30": "178.78050", "2008-06-30": "168.87110", "2008-03-31": "154.15210", "2007-12-31": "141.25590", "2007-09-30": "129.38840", "2007-06-30": "115.70400", "2007-03-31": "102.48910", "2006-12-31": "94.37400", "2006-09-30": "85.13220", "2006-06-30": "79.57100", "2006-03-31": "69.43990", "2005-12-31": "67.41300", "2005-09-30": "61.58310", "2005-06-30": "58.68200", "2005-03-31": "47.39290"}, "Basic Shares Outstanding": {"2020-09-30": "131.51400", "2020-06-30": "130.21500", "2020-03-31": "132.53100", "2019-12-31": "133.13400", "2019-09-30": "137.90700", "2019-06-30": "136.61100", "2019-03-31": "138.33500", "2018-12-31": "142.15400", "2018-09-30": "137.53600", "2018-06-30": "142.01500", "2018-03-31": "141.78500", "2017-12-31": "124.12200", "2017-09-30": "119.37000", "2017-06-30": "119.20600", "2017-03-31": "120.91900", "2016-12-31": "119.43800", "2016-09-30": "120.13300", "2016-06-30": "119.85000", "2016-03-31": "120.21600", "2015-12-31": "120.88800", "2015-09-30": "125.00700", "2015-06-30": "123.39200", "2015-03-31": "125.99200", "2014-12-31": "128.65200", "2014-09-30": "130.48300", "2014-06-30": "130.73800", "2014-03-31": "130.38400", "2013-12-31": "130.12100", "2013-09-30": "129.28800", "2013-06-30": "129.53600", "2013-03-31": "129.09600", "2012-12-31": "128.64400", "2012-09-30": "127.64400", "2012-06-30": "127.92200", "2012-03-31": "127.41200", "2011-12-31": "126.92100", "2011-09-30": "125.68600", "2011-06-30": "125.90300", "2011-03-31": "125.40200", "2010-12-31": "124.98800", "2010-09-30": "124.13400", "2010-06-30": "124.32800", "2010-03-31": "123.91100", "2009-12-31": "123.62200", "2009-09-30": "122.77200", "2009-06-30": "122.95300", "2009-03-31": "122.60500", "2008-12-31": "122.21700", "2008-09-30": "121.08300", "2008-06-30": "121.47400", "2008-03-31": "120.95500", "2007-12-31": "120.11800", "2007-09-30": "118.55900", "2007-06-30": "118.96100", "2007-03-31": "118.12900", "2006-12-31": "117.62500", "2006-09-30": "116.64800", "2006-06-30": "116.96400", "2006-03-31": "116.42900", "2005-12-31": "115.92400", "2005-09-30": "114.09200", "2005-06-30": "114.89400", "2005-03-31": "113.90600"}, "Shares Outstanding": {"2020-09-30": "132.72100", "2020-06-30": "131.26300", "2020-03-31": "132.53100", "2019-12-31": "134.61800", "2019-09-30": "139.20600", "2019-06-30": "137.82300", "2019-03-31": "139.31600", "2018-12-31": "143.57800", "2018-09-30": "137.53600", "2018-06-30": "143.02900", "2018-03-31": "141.78500", "2017-12-31": "125.14500", "2017-09-30": "120.14700", "2017-06-30": "119.85600", "2017-03-31": "120.91900", "2016-12-31": "121.85100", "2016-09-30": "121.48300", "2016-06-30": "121.44600", "2016-03-31": "121.14300", "2015-12-31": "121.95900", "2015-09-30": "126.11000", "2015-06-30": "124.60100", "2015-03-31": "127.16600", "2014-12-31": "129.97300", "2014-09-30": "132.37100", "2014-06-30": "132.61100", "2014-03-31": "132.57900", "2013-12-31": "132.18000", "2013-09-30": "130.94500", "2013-06-30": "131.29500", "2013-03-31": "130.73000", "2012-12-31": "129.66900", "2012-09-30": "128.69200", "2012-06-30": "128.82000", "2012-03-31": "128.72600", "2011-12-31": "128.08700", "2011-09-30": "127.23500", "2011-06-30": "127.57800", "2011-03-31": "127.36300", "2010-12-31": "126.64000", "2010-09-30": "125.79000", "2010-06-30": "125.96700", "2010-03-31": "125.56500", "2009-12-31": "125.30200", "2009-09-30": "124.53400", "2009-06-30": "124.74800", "2009-03-31": "124.35800", "2008-12-31": "123.97700", "2008-09-30": "124.35700", "2008-06-30": "124.62400", "2008-03-31": "124.28000", "2007-12-31": "124.07800", "2007-09-30": "122.22600", "2007-06-30": "122.50100", "2007-03-31": "121.80500", "2006-12-31": "121.29400", "2006-09-30": "120.37300", "2006-06-30": "120.53700", "2006-03-31": "120.23100", "2005-12-31": "119.33200", "2005-09-30": "117.37900", "2005-06-30": "117.76400", "2005-03-31": "116.88800"}, "Basic EPS": {"2020-09-30": "0.62000", "2020-06-30": "1.88000", "2020-03-31": "-0.69000", "2019-12-31": "1.93000", "2019-09-30": "1.03000", "2019-06-30": "3.83000", "2019-03-31": "0.41000", "2018-12-31": "0.87000", "2018-09-30": "-0.23000", "2018-06-30": "1.05000", "2018-03-31": "0.34000", "2017-12-31": "0.02000", "2017-09-30": "0.78000", "2017-06-30": "0.74000", "2017-03-31": "0.41000", "2016-12-31": "0.50000", "2016-09-30": "0.25000", "2016-06-30": "0.58000", "2016-03-31": "0.54000", "2015-12-31": "0.38000", "2015-09-30": "0.25000", "2015-06-30": "0.74000", "2015-03-31": "0.65000", "2014-12-31": "0.78000", "2014-09-30": "0.65000", "2014-06-30": "0.50000", "2014-03-31": "0.64000", "2013-12-31": "0.72000", "2013-09-30": "0.85000", "2013-06-30": "0.84000", "2013-03-31": "0.81000", "2012-12-31": "0.77000", "2012-09-30": "0.83000", "2012-06-30": "0.77000", "2012-03-31": "0.66000", "2011-12-31": "0.71000", "2011-09-30": "0.74000", "2011-06-30": "0.72000", "2011-03-31": "0.64000", "2010-12-31": "0.53000", "2010-09-30": "0.61000", "2010-06-30": "0.15000", "2010-03-31": "0.63000", "2009-12-31": "0.59000", "2009-09-30": "0.65000", "2009-06-30": "0.77000", "2009-03-31": "0.89000", "2008-12-31": "0.95000", "2008-09-30": "0.94000", "2008-06-30": "0.89000", "2008-03-31": "0.82000", "2007-12-31": "0.82000", "2007-09-30": "0.70000", "2007-06-30": "0.63000", "2007-03-31": "0.57000", "2006-12-31": "0.52000", "2006-09-30": "0.51000", "2006-06-30": "0.43000", "2006-03-31": "0.38000", "2005-12-31": "0.37000", "2005-09-30": "0.33000", "2005-06-30": "0.32000", "2005-03-31": "0.24500"}, "EPS - Earnings Per Share": {"2020-09-30": "0.62000", "2020-06-30": "1.87000", "2020-03-31": "-0.69000", "2019-12-31": "1.91000", "2019-09-30": "1.01000", "2019-06-30": "3.80000", "2019-03-31": "0.41000", "2018-12-31": "0.86000", "2018-09-30": "-0.23000", "2018-06-30": "1.05000", "2018-03-31": "0.34000", "2017-12-31": "0.02000", "2017-09-30": "0.77000", "2017-06-30": "0.74000", "2017-03-31": "0.41000", "2016-12-31": "0.50000", "2016-09-30": "0.24000", "2016-06-30": "0.57000", "2016-03-31": "0.54000", "2015-12-31": "0.38000", "2015-09-30": "0.26000", "2015-06-30": "0.73000", "2015-03-31": "0.64000", "2014-12-31": "0.77000", "2014-09-30": "0.65000", "2014-06-30": "0.49000", "2014-03-31": "0.63000", "2013-12-31": "0.71000", "2013-09-30": "0.84000", "2013-06-30": "0.83000", "2013-03-31": "0.80000", "2012-12-31": "0.76000", "2012-09-30": "0.83000", "2012-06-30": "0.76000", "2012-03-31": "0.65000", "2011-12-31": "0.70000", "2011-09-30": "0.74000", "2011-06-30": "0.71000", "2011-03-31": "0.63000", "2010-12-31": "0.52000", "2010-09-30": "0.61000", "2010-06-30": "0.15000", "2010-03-31": "0.62000", "2009-12-31": "0.58000", "2009-09-30": "0.63000", "2009-06-30": "0.76000", "2009-03-31": "0.88000", "2008-12-31": "0.94000", "2008-09-30": "0.92000", "2008-06-30": "0.87000", "2008-03-31": "0.80000", "2007-12-31": "0.79000", "2007-09-30": "0.68000", "2007-06-30": "0.61000", "2007-03-31": "0.55000", "2006-12-31": "0.51000", "2006-09-30": "0.49000", "2006-06-30": "0.42000", "2006-03-31": "0.37000", "2005-12-31": "0.36000", "2005-09-30": "0.32000", "2005-06-30": "0.31000", "2005-03-31": "0.24000"}}, "balance sheet": {"Cash On Hand": {"2020-09-30": "1209.93400", "2019-09-30": "1082.20100", "2018-09-30": "634.87000", "2017-09-30": "774.15100", "2016-09-30": "655.71600", "2015-09-30": "460.85900", "2014-09-30": "732.64700", "2013-09-30": "1256.40500", "2012-09-30": "1032.45700", "2011-09-30": "905.63300", "2010-09-30": "938.84200", "2009-09-30": "1033.61900", "2008-09-30": "604.42000", "2007-09-30": "613.35200", "2006-09-30": "434.06700", "2005-09-30": "239.84900"}, "Receivables": {"2020-09-30": "3167.31000", "2019-09-30": "2840.20900", "2018-09-30": "2513.93400", "2017-09-30": "2102.54300", "2016-09-30": "2115.66300", "2015-09-30": "2548.74300", "2014-09-30": "2867.55500", "2013-09-30": "2548.99000", "2012-09-30": "2348.89200", "2011-09-30": "2077.49400", "2010-09-30": "1659.84400", "2009-09-30": "1618.56100", "2008-09-30": "1957.77300", "2007-09-30": "1532.60200", "2006-09-30": "1304.26200", "2005-09-30": "1029.92300"}, "Inventory": {"2020-09-30": "", "2019-09-30": "", "2018-09-30": "", "2017-09-30": "", "2016-09-30": "", "2015-09-30": "", "2014-09-30": "", "2013-09-30": "", "2012-09-30": "", "2011-09-30": "", "2010-09-30": "", "2009-09-30": "", "2008-09-30": "", "2007-09-30": "", "2006-09-30": "", "2005-09-30": ""}, "Pre-Paid Expenses": {"2020-09-30": "162.35500", "2019-09-30": "189.35800", "2018-09-30": "171.09600", "2017-09-30": "119.48600", "2016-09-30": "93.09100", "2015-09-30": "113.07600", "2014-09-30": "121.97600", "2013-09-30": "103.07700", "2012-09-30": "88.35900", "2011-09-30": "63.54600", "2010-09-30": "50.65800", "2009-09-30": "49.20300", "2008-09-30": "45.48800", "2007-09-30": "39.13200", "2006-09-30": "32.90500", "2005-09-30": "21.51200"}, "Other Current Assets": {"2020-09-30": "", "2019-09-30": "", "2018-09-30": "1236.68400", "2017-09-30": "", "2016-09-30": "", "2015-09-30": "", "2014-09-30": "", "2013-09-30": "", "2012-09-30": "", "2011-09-30": "", "2010-09-30": "", "2009-09-30": "", "2008-09-30": "", "2007-09-30": "", "2006-09-30": "", "2005-09-30": ""}, "Total Current Assets": {"2020-09-30": "4539.59900", "2019-09-30": "4111.76800", "2018-09-30": "4556.58400", "2017-09-30": "2996.18000", "2016-09-30": "2864.47000", "2015-09-30": "3122.67800", "2014-09-30": "3892.07100", "2013-09-30": "4039.55800", "2012-09-30": "3612.07700", "2011-09-30": "3180.09100", "2010-09-30": "2767.04200", "2009-09-30": "2818.44900", "2008-09-30": "2750.23400", "2007-09-30": "2278.07800", "2006-09-30": "1817.96100", "2005-09-30": "1337.43100"}, "Property, Plant, And Equipment": {"2020-09-30": "319.37100", "2019-09-30": "308.14300", "2018-09-30": "257.85900", "2017-09-30": "349.91100", "2016-09-30": "319.67300", "2015-09-30": "381.23800", "2014-09-30": "456.79700", "2013-09-30": "379.29600", "2012-09-30": "331.13100", "2011-09-30": "284.63300", "2010-09-30": "215.03200", "2009-09-30": "240.35000", "2008-09-30": "256.14000", "2007-09-30": "192.48900", "2006-09-30": "171.27600", "2005-09-30": "154.97100"}, "Long-Term Investments": {"2020-09-30": "", "2019-09-30": "", "2018-09-30": "", "2017-09-30": "", "2016-09-30": "", "2015-09-30": "", "2014-09-30": "", "2013-09-30": "", "2012-09-30": "", "2011-09-30": "", "2010-09-30": "", "2009-09-30": "", "2008-09-30": "", "2007-09-30": "", "2006-09-30": "", "2005-09-30": ""}, "Goodwill And Intangible Assets": {"2020-09-30": "6297.43100", "2019-09-30": "6097.62000", "2018-09-30": "5368.80800", "2017-09-30": "3342.74600", "2016-09-30": "3416.55000", "2015-09-30": "3402.19700", "2014-09-30": "3466.54100", "2013-09-30": "2240.73500", "2012-09-30": "2010.34000", "2011-09-30": "1872.76800", "2010-09-30": "1118.88900", "2009-09-30": "929.84200", "2008-09-30": "924.06000", "2007-09-30": "626.68600", "2006-09-30": "554.98600", "2005-09-30": "547.90900"}, "Other Long-Term Assets": {"2020-09-30": "409.99000", "2019-09-30": "430.54700", "2018-09-30": "2462.54400", "2017-09-30": "692.02200", "2016-09-30": "759.32900", "2015-09-30": "879.81300", "2014-09-30": "638.25000", "2013-09-30": "614.55500", "2012-09-30": "885.88500", "2011-09-30": "861.73400", "2010-09-30": "582.95400", "2009-09-30": "439.97300", "2008-09-30": "347.80400", "2007-09-30": "292.16800", "2006-09-30": "309.66100", "2005-09-30": "338.54800"}, "Total Long-Term Assets": {"2020-09-30": "7814.75400", "2019-09-30": "7350.94300", "2018-09-30": "8089.21100", "2017-09-30": "4384.67900", "2016-09-30": "4495.55200", "2015-09-30": "4663.24800", "2014-09-30": "4561.58800", "2013-09-30": "3234.58600", "2012-09-30": "3227.35600", "2011-09-30": "3019.13500", "2010-09-30": "1916.87500", "2009-09-30": "1610.16500", "2008-09-30": "1528.00400", "2007-09-30": "1111.34300", "2006-09-30": "1035.92300", "2005-09-30": "1041.42800"}, "Total Assets": {"2020-09-30": "12354.35000", "2019-09-30": "11462.71000", "2018-09-30": "12645.79000", "2017-09-30": "7380.85900", "2016-09-30": "7360.02200", "2015-09-30": "7785.92600", "2014-09-30": "8453.65900", "2013-09-30": "7274.14400", "2012-09-30": "6839.43300", "2011-09-30": "6199.22600", "2010-09-30": "4683.91700", "2009-09-30": "4428.61400", "2008-09-30": "4278.23800", "2007-09-30": "3389.42100", "2006-09-30": "2853.88400", "2005-09-30": "2378.85900"}, "Total Current Liabilities": {"2020-09-30": "2941.59700", "2019-09-30": "3073.70600", "2018-09-30": "3145.69300", "2017-09-30": "1926.22700", "2016-09-30": "1782.68600", "2015-09-30": "1981.16600", "2014-09-30": "2349.84600", "2013-09-30": "1887.61900", "2012-09-30": "1747.05200", "2011-09-30": "2168.52600", "2010-09-30": "1239.45300", "2009-09-30": "1295.90100", "2008-09-30": "1576.99700", "2007-09-30": "1276.43400", "2006-09-30": "1041.19500", "2005-09-30": "785.09500"}, "Long Term Debt": {"2020-09-30": "1676.94100", "2019-09-30": "1201.24500", "2018-09-30": "2144.16700", "2017-09-30": "235.00000", "2016-09-30": "385.33000", "2015-09-30": "584.43400", "2014-09-30": "764.07500", "2013-09-30": "415.08600", "2012-09-30": "528.26000", "2011-09-30": "2.04200", "2010-09-30": "0.50900", "2009-09-30": "0.73700", "2008-09-30": "55.67500", "2007-09-30": "40.45000", "2006-09-30": "77.67300", "2005-09-30": "89.63200"}, "Other Non-Current Liabilities": {"2020-09-30": "", "2019-09-30": "", "2018-09-30": "150.60400", "2017-09-30": "", "2016-09-30": "", "2015-09-30": "", "2014-09-30": "", "2013-09-30": "", "2012-09-30": "", "2011-09-30": "", "2010-09-30": "", "2009-09-30": "", "2008-09-30": "", "2007-09-30": "", "2006-09-30": "", "2005-09-30": ""}, "Total Long Term Liabilities": {"2020-09-30": "3557.08900", "2019-09-30": "2620.34700", "2018-09-30": "3555.74800", "2017-09-30": "967.28100", "2016-09-30": "1247.15400", "2015-09-30": "1448.30200", "2014-09-30": "1598.15300", "2013-09-30": "1138.19000", "2012-09-30": "1333.49200", "2011-09-30": "707.31500", "2010-09-30": "579.53590", "2009-09-30": "501.23800", "2008-09-30": "456.09400", "2007-09-30": "269.32500", "2006-09-30": "389.47500", "2005-09-30": "427.98400"}, "Total Liabilities": {"2020-09-30": "6498.68600", "2019-09-30": "5694.05300", "2018-09-30": "6701.44100", "2017-09-30": "2893.50800", "2016-09-30": "3029.84000", "2015-09-30": "3429.46800", "2014-09-30": "3947.99900", "2013-09-30": "3025.80900", "2012-09-30": "3080.54400", "2011-09-30": "2875.84100", "2010-09-30": "1818.98900", "2009-09-30": "1797.13900", "2008-09-30": "2033.09100", "2007-09-30": "1545.75900", "2006-09-30": "1430.67000", "2005-09-30": "1213.07900"}, "Common Stock Net": {"2020-09-30": "129.74800", "2019-09-30": "132.87900", "2018-09-30": "142.21800", "2017-09-30": "120.38600", "2016-09-30": "120.95100", "2015-09-30": "123.15300", "2014-09-30": "131.75300", "2013-09-30": "131.63900", "2012-09-30": "129.93600", "2011-09-30": "127.78500", "2010-09-30": "125.90900", "2009-09-30": "124.23000", "2008-09-30": "122.70100", "2007-09-30": "120.22200", "2006-09-30": "58.99600", "2005-09-30": "58.13000"}, "Retained Earnings (Accumulated Deficit)": {"2020-09-30": "4020.57500", "2019-09-30": "3939.17400", "2018-09-30": "3809.99100", "2017-09-30": "3721.69800", "2016-09-30": "3586.64700", "2015-09-30": "3496.21200", "2014-09-30": "3527.19300", "2013-09-30": "3300.96100", "2012-09-30": "2920.44100", "2011-09-30": "2564.28100", "2010-09-30": "2251.36600", "2009-09-30": "2009.33800", "2008-09-30": "1620.67300", "2007-09-30": "1272.35200", "2006-09-30": "1023.96800", "2005-09-30": "850.06500"}, "Comprehensive Income": {"2020-09-30": "-933.05700", "2019-09-30": "-916.81200", "2018-09-30": "-806.70300", "2017-09-30": "-653.51400", "2016-09-30": "-610.59400", "2015-09-30": "-464.76400", "2014-09-30": "-363.54900", "2013-09-30": "-304.12700", "2012-09-30": "-281.88700", "2011-09-30": "-237.53800", "2010-09-30": "-285.74100", "2009-09-30": "-211.51500", "2008-09-30": "-129.27000", "2007-09-30": "-9.38000", "2006-09-30": "-77.65500", "2005-09-30": "-97.35000"}, "Other Share Holders Equity": {"2020-09-30": "", "2019-09-30": "", "2018-09-30": "", "2017-09-30": "", "2016-09-30": "", "2015-09-30": "", "2014-09-30": "", "2013-09-30": "", "2012-09-30": "", "2011-09-30": "", "2010-09-30": "", "2009-09-30": "", "2008-09-30": "", "2007-09-30": "", "2006-09-30": "", "2005-09-30": ""}, "Share Holder Equity": {"2020-09-30": "5855.66700", "2019-09-30": "5768.65800", "2018-09-30": "5944.35400", "2017-09-30": "4487.35100", "2016-09-30": "4330.18200", "2015-09-30": "4356.45800", "2014-09-30": "4505.66000", "2013-09-30": "4248.33500", "2012-09-30": "3758.88900", "2011-09-30": "3323.38500", "2010-09-30": "2864.92800", "2009-09-30": "2631.47500", "2008-09-30": "2245.14700", "2007-09-30": "1843.66200", "2006-09-30": "1423.21400", "2005-09-30": "1165.78000"}, "Total Liabilities And Share Holders Equity": {"2020-09-30": "12354.35000", "2019-09-30": "11462.71000", "2018-09-30": "12645.79000", "2017-09-30": "7380.85900", "2016-09-30": "7360.02200", "2015-09-30": "7785.92600", "2014-09-30": "8453.65900", "2013-09-30": "7274.14400", "2012-09-30": "6839.43300", "2011-09-30": "6199.22600", "2010-09-30": "4683.91700", "2009-09-30": "4428.61400", "2008-09-30": "4278.23800", "2007-09-30": "3389.42100", "2006-09-30": "2853.88400", "2005-09-30": "2378.85900"}}, "balance sheet, quarterly": {"Cash On Hand": {"2020-09-30": "1209.93400", "2020-06-30": "1024.81000", "2020-03-31": "1655.87900", "2019-12-31": "619.21200", "2019-09-30": "1082.20100", "2019-06-30": "998.24200", "2019-03-31": "674.54800", "2018-12-31": "886.70700", "2018-09-30": "634.87000", "2018-06-30": "824.37000", "2018-03-31": "835.41500", "2017-12-31": "1059.83900", "2017-09-30": "774.15100", "2017-06-30": "758.29600", "2017-03-31": "674.59600", "2016-12-31": "736.54600", "2016-09-30": "655.71600", "2016-06-30": "616.39100", "2016-03-31": "559.72200", "2015-12-31": "443.72500", "2015-09-30": "460.85900", "2015-06-30": "553.56100", "2015-03-31": "464.95000", "2014-12-31": "670.08100", "2014-09-30": "732.64700", "2014-06-30": "772.61300", "2014-03-31": "691.25600", "2013-12-31": "1011.23600", "2013-09-30": "1256.40500", "2013-06-30": "1295.51700", "2013-03-31": "1166.20700", "2012-12-31": "1241.74500", "2012-09-30": "1032.45700", "2012-06-30": "898.58800", "2012-03-31": "921.50700", "2011-12-31": "959.23700", "2011-09-30": "905.63300", "2011-06-30": "773.81900", "2011-03-31": "747.91100", "2010-12-31": "1039.68300", "2010-09-30": "938.84200", "2010-06-30": "941.68000", "2010-03-31": "839.05700", "2009-12-31": "1055.03800", "2009-09-30": "1033.61900", "2009-06-30": "1059.47000", "2009-03-31": "772.65200", "2008-12-31": "787.86600", "2008-09-30": "604.42000", "2008-06-30": "536.22300", "2008-03-31": "392.51200", "2007-12-31": "398.78000", "2007-09-30": "613.35200", "2007-06-30": "473.11400", "2007-03-31": "480.87700", "2006-12-31": "484.51300", "2006-09-30": "434.06700", "2006-06-30": "339.55100", "2006-03-31": "367.44600", "2005-12-31": "271.16200", "2005-09-30": "239.84900", "2005-06-30": "201.74000", "2005-03-31": "155.14300"}, "Receivables": {"2020-09-30": "3167.31000", "2020-06-30": "3153.66400", "2020-03-31": "3178.58000", "2019-12-31": "3056.11500", "2019-09-30": "2840.20900", "2019-06-30": "2779.18900", "2019-03-31": "2747.17200", "2018-12-31": "2681.90800", "2018-09-30": "2513.93400", "2018-06-30": "3463.69700", "2018-03-31": "3421.23000", "2017-12-31": "3293.50200", "2017-09-30": "2102.54300", "2017-06-30": "2086.33100", "2017-03-31": "2058.00500", "2016-12-31": "2092.85400", "2016-09-30": "2115.66300", "2016-06-30": "2234.17800", "2016-03-31": "2415.09200", "2015-12-31": "2424.44700", "2015-09-30": "2548.74300", "2015-06-30": "2679.17600", "2015-03-31": "2700.10400", "2014-12-31": "2733.51100", "2014-09-30": "2867.55500", "2014-06-30": "2736.01000", "2014-03-31": "2718.21600", "2013-12-31": "2690.28900", "2013-09-30": "2548.99000", "2013-06-30": "2317.91700", "2013-03-31": "2274.36200", "2012-12-31": "2223.85900", "2012-09-30": "2348.89200", "2012-06-30": "2208.37400", "2012-03-31": "2146.87900", "2011-12-31": "2026.97300", "2011-09-30": "2077.49400", "2011-06-30": "2177.63200", "2011-03-31": "1984.25800", "2010-12-31": "1617.83000", "2010-09-30": "1659.84400", "2010-06-30": "1661.76700", "2010-03-31": "1698.77400", "2009-12-31": "1549.76000", "2009-09-30": "1618.56100", "2009-06-30": "1650.99800", "2009-03-31": "1737.29400", "2008-12-31": "1832.91100", "2008-09-30": "1957.77300", "2008-06-30": "1881.16400", "2008-03-31": "1884.43600", "2007-12-31": "1747.25700", "2007-09-30": "1532.60200", "2007-06-30": "1457.25500", "2007-03-31": "1381.93700", "2006-12-31": "1347.95300", "2006-09-30": "1304.26200", "2006-06-30": "1349.83400", "2006-03-31": "1187.45300", "2005-12-31": "1120.97900", "2005-09-30": "1029.92300", "2005-06-30": "1044.25700", "2005-03-31": "1020.52500"}, "Inventory": {"2020-09-30": "", "2020-06-30": "", "2020-03-31": "", "2019-12-31": "", "2019-09-30": "", "2019-06-30": "", "2019-03-31": "", "2018-12-31": "", "2018-09-30": "", "2018-06-30": "", "2018-03-31": "", "2017-12-31": "", "2017-09-30": "", "2017-06-30": "", "2017-03-31": "", "2016-12-31": "", "2016-09-30": "", "2016-06-30": "", "2016-03-31": "", "2015-12-31": "", "2015-09-30": "", "2015-06-30": "", "2015-03-31": "", "2014-12-31": "", "2014-09-30": "", "2014-06-30": "", "2014-03-31": "", "2013-12-31": "", "2013-09-30": "", "2013-06-30": "", "2013-03-31": "", "2012-12-31": "", "2012-09-30": "", "2012-06-30": "", "2012-03-31": "", "2011-12-31": "", "2011-09-30": "", "2011-06-30": "", "2011-03-31": "", "2010-12-31": "", "2010-09-30": "", "2010-06-30": "", "2010-03-31": "", "2009-12-31": "", "2009-09-30": "", "2009-06-30": "", "2009-03-31": "", "2008-12-31": "", "2008-09-30": "", "2008-06-30": "", "2008-03-31": "", "2007-12-31": "", "2007-09-30": "", "2007-06-30": "", "2007-03-31": "", "2006-12-31": "", "2006-09-30": "", "2006-06-30": "", "2006-03-31": "", "2005-12-31": "", "2005-09-30": "", "2005-06-30": "", "2005-03-31": ""}, "Pre-Paid Expenses": {"2020-09-30": "162.35500", "2020-06-30": "433.83700", "2020-03-31": "332.39500", "2019-12-31": "699.23700", "2019-09-30": "189.35800", "2019-06-30": "695.81000", "2019-03-31": "127.32000", "2018-12-31": "128.97700", "2018-09-30": "171.09600", "2018-06-30": "187.97800", "2018-03-31": "200.62600", "2017-12-31": "193.61400", "2017-09-30": "119.48600", "2017-06-30": "95.60800", "2017-03-31": "88.54500", "2016-12-31": "93.99800", "2016-09-30": "93.09100", "2016-06-30": "78.02000", "2016-03-31": "98.01400", "2015-12-31": "104.40400", "2015-09-30": "113.07600", "2015-06-30": "82.24300", "2015-03-31": "93.91700", "2014-12-31": "113.76600", "2014-09-30": "121.97600", "2014-06-30": "96.53700", "2014-03-31": "104.76800", "2013-12-31": "110.64000", "2013-09-30": "103.07700", "2013-06-30": "79.30000", "2013-03-31": "84.39500", "2012-12-31": "86.95300", "2012-09-30": "88.35900", "2012-06-30": "60.37000", "2012-03-31": "61.33800", "2011-12-31": "58.59200", "2011-09-30": "63.54600", "2011-06-30": "56.38100", "2011-03-31": "74.29800", "2010-12-31": "61.33000", "2010-09-30": "50.65800", "2010-06-30": "41.24600", "2010-03-31": "44.05500", "2009-12-31": "50.43700", "2009-09-30": "49.20300", "2009-06-30": "44.05500", "2009-03-31": "40.11800", "2008-12-31": "41.94000", "2008-09-30": "45.48800", "2008-06-30": "40.46800", "2008-03-31": "62.62700", "2007-12-31": "48.03600", "2007-09-30": "39.13200", "2007-06-30": "32.29400", "2007-03-31": "33.70000", "2006-12-31": "32.07700", "2006-09-30": "32.90500", "2006-06-30": "28.23100", "2006-03-31": "27.28200", "2005-12-31": "23.20700", "2005-09-30": "21.51200", "2005-06-30": "24.30300", "2005-03-31": "27.14500"}, "Other Current Assets": {"2020-09-30": "", "2020-06-30": "", "2020-03-31": "", "2019-12-31": "4.02200", "2019-09-30": "", "2019-06-30": "2.70400", "2019-03-31": "1297.43000", "2018-12-31": "1201.27000", "2018-09-30": "1236.68400", "2018-06-30": "", "2018-03-31": "", "2017-12-31": "", "2017-09-30": "", "2017-06-30": "", "2017-03-31": "", "2016-12-31": "", "2016-09-30": "", "2016-06-30": "", "2016-03-31": "", "2015-12-31": "", "2015-09-30": "", "2015-06-30": "", "2015-03-31": "", "2014-12-31": "", "2014-09-30": "", "2014-06-30": "", "2014-03-31": "", "2013-12-31": "", "2013-09-30": "", "2013-06-30": "", "2013-03-31": "", "2012-12-31": "", "2012-09-30": "", "2012-06-30": "", "2012-03-31": "", "2011-12-31": "", "2011-09-30": "", "2011-06-30": "", "2011-03-31": "", "2010-12-31": "", "2010-09-30": "", "2010-06-30": "", "2010-03-31": "", "2009-12-31": "", "2009-09-30": "", "2009-06-30": "", "2009-03-31": "", "2008-12-31": "", "2008-09-30": "", "2008-06-30": "", "2008-03-31": "", "2007-12-31": "", "2007-09-30": "", "2007-06-30": "", "2007-03-31": "", "2006-12-31": "", "2006-09-30": "", "2006-06-30": "", "2006-03-31": "", "2005-12-31": "", "2005-09-30": "", "2005-06-30": "", "2005-03-31": ""}, "Total Current Assets": {"2020-09-30": "4539.59900", "2020-06-30": "4612.31100", "2020-03-31": "5166.85400", "2019-12-31": "4378.58600", "2019-09-30": "4111.76800", "2019-06-30": "4475.94500", "2019-03-31": "4846.47000", "2018-12-31": "4898.86200", "2018-09-30": "4556.58400", "2018-06-30": "4476.04500", "2018-03-31": "4457.27100", "2017-12-31": "4546.95500", "2017-09-30": "2996.18000", "2017-06-30": "2940.23500", "2017-03-31": "2821.14600", "2016-12-31": "2923.39800", "2016-09-30": "2864.47000", "2016-06-30": "2928.58900", "2016-03-31": "3072.82800", "2015-12-31": "3112.29600", "2015-09-30": "3122.67800", "2015-06-30": "3473.84100", "2015-03-31": "3415.95000", "2014-12-31": "3685.78400", "2014-09-30": "3892.07100", "2014-06-30": "3753.11600", "2014-03-31": "3648.77300", "2013-12-31": "3944.24400", "2013-09-30": "4039.55800", "2013-06-30": "3800.25700", "2013-03-31": "3641.50100", "2012-12-31": "3695.37200", "2012-09-30": "3612.07700", "2012-06-30": "3305.46900", "2012-03-31": "3265.22200", "2011-12-31": "3158.52100", "2011-09-30": "3180.09100", "2011-06-30": "3124.72600", "2011-03-31": "2933.51400", "2010-12-31": "2837.20900", "2010-09-30": "2767.04200", "2010-06-30": "2773.20100", "2010-03-31": "2710.33000", "2009-12-31": "2772.87200", "2009-09-30": "2818.44900", "2009-06-30": "2893.06000", "2009-03-31": "2691.00800", "2008-12-31": "2803.44800", "2008-09-30": "2750.23400", "2008-06-30": "2575.40200", "2008-03-31": "2445.27600", "2007-12-31": "2287.36000", "2007-09-30": "2278.07800", "2007-06-30": "2028.73800", "2007-03-31": "1948.52500", "2006-12-31": "1911.89800", "2006-09-30": "1817.96100", "2006-06-30": "1766.70700", "2006-03-31": "1626.28000", "2005-12-31": "1461.18300", "2005-09-30": "1337.43100", "2005-06-30": "1332.38400", "2005-03-31": "1261.96800"}, "Property, Plant, And Equipment": {"2020-09-30": "319.37100", "2020-06-30": "346.63700", "2020-03-31": "330.50500", "2019-12-31": "308.67200", "2019-09-30": "308.14300", "2019-06-30": "305.26600", "2019-03-31": "268.80000", "2018-12-31": "256.48800", "2018-09-30": "257.85900", "2018-06-30": "471.10400", "2018-03-31": "504.41200", "2017-12-31": "574.03400", "2017-09-30": "349.91100", "2017-06-30": "329.12800", "2017-03-31": "316.07700", "2016-12-31": "314.40600", "2016-09-30": "319.67300", "2016-06-30": "325.13000", "2016-03-31": "343.55000", "2015-12-31": "361.00600", "2015-09-30": "381.23800", "2015-06-30": "421.31400", "2015-03-31": "433.83600", "2014-12-31": "447.14400", "2014-09-30": "456.79700", "2014-06-30": "455.62600", "2014-03-31": "471.90200", "2013-12-31": "468.33500", "2013-09-30": "379.29600", "2013-06-30": "361.26600", "2013-03-31": "358.84600", "2012-12-31": "340.95600", "2012-09-30": "331.13100", "2012-06-30": "311.31100", "2012-03-31": "297.40300", "2011-12-31": "291.42900", "2011-09-30": "284.63300", "2011-06-30": "292.87000", "2011-03-31": "234.54800", "2010-12-31": "207.09200", "2010-09-30": "215.03200", "2010-06-30": "220.15300", "2010-03-31": "223.77600", "2009-12-31": "221.57500", "2009-09-30": "240.35000", "2009-06-30": "243.43100", "2009-03-31": "244.20900", "2008-12-31": "247.75100", "2008-09-30": "256.14000", "2008-06-30": "250.60500", "2008-03-31": "223.92500", "2007-12-31": "212.46300", "2007-09-30": "192.48900", "2007-06-30": "189.54000", "2007-03-31": "185.24500", "2006-12-31": "178.38100", "2006-09-30": "171.27600", "2006-06-30": "167.29300", "2006-03-31": "159.62000", "2005-12-31": "155.01700", "2005-09-30": "154.97100", "2005-06-30": "155.21800", "2005-03-31": "156.21300"}, "Long-Term Investments": {"2020-09-30": "", "2020-06-30": "", "2020-03-31": "", "2019-12-31": "", "2019-09-30": "", "2019-06-30": "", "2019-03-31": "", "2018-12-31": "", "2018-09-30": "", "2018-06-30": "", "2018-03-31": "", "2017-12-31": "", "2017-09-30": "", "2017-06-30": "", "2017-03-31": "", "2016-12-31": "", "2016-09-30": "", "2016-06-30": "", "2016-03-31": "", "2015-12-31": "", "2015-09-30": "", "2015-06-30": "", "2015-03-31": "", "2014-12-31": "", "2014-09-30": "", "2014-06-30": "", "2014-03-31": "", "2013-12-31": "", "2013-09-30": "", "2013-06-30": "", "2013-03-31": "", "2012-12-31": "", "2012-09-30": "", "2012-06-30": "", "2012-03-31": "", "2011-12-31": "", "2011-09-30": "", "2011-06-30": "", "2011-03-31": "", "2010-12-31": "", "2010-09-30": "", "2010-06-30": "", "2010-03-31": "", "2009-12-31": "", "2009-09-30": "", "2009-06-30": "", "2009-03-31": "", "2008-12-31": "", "2008-09-30": "", "2008-06-30": "", "2008-03-31": "", "2007-12-31": "", "2007-09-30": "", "2007-06-30": "", "2007-03-31": "", "2006-12-31": "", "2006-09-30": "", "2006-06-30": "", "2006-03-31": "", "2005-12-31": "", "2005-09-30": "", "2005-06-30": "", "2005-03-31": ""}, "Goodwill And Intangible Assets": {"2020-09-30": "6297.43100", "2020-06-30": "6292.85400", "2020-03-31": "6285.95100", "2019-12-31": "6082.89000", "2019-09-30": "6097.62000", "2019-06-30": "6064.85800", "2019-03-31": "5308.48700", "2018-12-31": "5323.11600", "2018-09-30": "5368.80800", "2018-06-30": "6635.71200", "2018-03-31": "6662.77400", "2017-12-31": "6641.87500", "2017-09-30": "3342.74600", "2017-06-30": "3211.23500", "2017-03-31": "3182.18500", "2016-12-31": "3140.26100", "2016-09-30": "3416.55000", "2016-06-30": "3413.42900", "2016-03-31": "3397.16500", "2015-12-31": "3405.04900", "2015-09-30": "3402.19700", "2015-06-30": "3416.75200", "2015-03-31": "3442.94900", "2014-12-31": "3460.82000", "2014-09-30": "3466.54100", "2014-06-30": "3416.80800", "2014-03-31": "3397.22300", "2013-12-31": "3348.14100", "2013-09-30": "2240.73500", "2013-06-30": "2015.37100", "2013-03-31": "2005.23500", "2012-12-31": "2011.52300", "2012-09-30": "2010.34000", "2012-06-30": "1993.09000", "2012-03-31": "1877.58500", "2011-12-31": "1780.74500", "2011-09-30": "1872.76800", "2011-06-30": "1744.25500", "2011-03-31": "1731.66100", "2010-12-31": "1161.26200", "2010-09-30": "1118.88900", "2010-06-30": "1118.19500", "2010-03-31": "1125.59100", "2009-12-31": "1133.30900", "2009-09-30": "929.84200", "2009-06-30": "922.19700", "2009-03-31": "921.26000", "2008-12-31": "921.67800", "2008-09-30": "924.06000", "2008-06-30": "864.23100", "2008-03-31": "838.14100", "2007-12-31": "803.28200", "2007-09-30": "626.68600", "2007-06-30": "619.53400", "2007-03-31": "583.34800", "2006-12-31": "575.44800", "2006-09-30": "554.98600", "2006-06-30": "554.86500", "2006-03-31": "553.27200", "2005-12-31": "549.83500", "2005-09-30": "547.90900", "2005-06-30": "547.88600", "2005-03-31": "547.82500"}, "Other Long-Term Assets": {"2020-09-30": "409.99000", "2020-06-30": "1359.96400", "2020-03-31": "1351.30300", "2019-12-31": "1430.41100", "2019-09-30": "430.54700", "2019-06-30": "795.19300", "2019-03-31": "2522.08800", "2018-12-31": "2466.79300", "2018-09-30": "2462.54400", "2018-06-30": "968.95100", "2018-03-31": "977.40900", "2017-12-31": "928.89300", "2017-09-30": "692.02200", "2017-06-30": "764.16100", "2017-03-31": "766.59500", "2016-12-31": "731.96800", "2016-09-30": "759.32900", "2016-06-30": "397.20000", "2016-03-31": "528.01800", "2015-12-31": "737.50000", "2015-09-30": "879.81300", "2015-06-30": "647.15400", "2015-03-31": "638.57500", "2014-12-31": "648.90000", "2014-09-30": "638.25000", "2014-06-30": "707.02900", "2014-03-31": "718.15100", "2013-12-31": "680.43200", "2013-09-30": "614.55500", "2013-06-30": "872.85500", "2013-03-31": "866.14900", "2012-12-31": "888.82700", "2012-09-30": "885.88500", "2012-06-30": "872.69700", "2012-03-31": "891.56000", "2011-12-31": "895.58000", "2011-09-30": "861.73400", "2011-06-30": "877.46600", "2011-03-31": "737.89000", "2010-12-31": "701.07300", "2010-09-30": "582.95400", "2010-06-30": "549.22700", "2010-03-31": "591.12500", "2009-12-31": "552.78000", "2009-09-30": "439.97300", "2009-06-30": "366.84800", "2009-03-31": "325.37800", "2008-12-31": "327.45500", "2008-09-30": "347.80400", "2008-06-30": "331.44000", "2008-03-31": "369.62800", "2007-12-31": "364.31300", "2007-09-30": "292.16800", "2007-06-30": "336.74100", "2007-03-31": "310.16000", "2006-12-31": "306.70300", "2006-09-30": "309.66100", "2006-06-30": "325.73400", "2006-03-31": "332.31900", "2005-12-31": "332.76600", "2005-09-30": "338.54800", "2005-06-30": "274.13900", "2005-03-31": "285.45400"}, "Total Long-Term Assets": {"2020-09-30": "7814.75400", "2020-06-30": "7999.45500", "2020-03-31": "7967.75900", "2019-12-31": "7821.97300", "2019-09-30": "7350.94300", "2019-06-30": "7165.31700", "2019-03-31": "8099.37500", "2018-12-31": "8046.39700", "2018-09-30": "8089.21100", "2018-06-30": "8075.76700", "2018-03-31": "8144.59600", "2017-12-31": "8144.80200", "2017-09-30": "4384.67900", "2017-06-30": "4304.52400", "2017-03-31": "4264.85700", "2016-12-31": "4186.63500", "2016-09-30": "4495.55200", "2016-06-30": "4492.20300", "2016-03-31": "4643.97700", "2015-12-31": "4503.55500", "2015-09-30": "4663.24800", "2015-06-30": "4485.22000", "2015-03-31": "4515.36000", "2014-12-31": "4556.86400", "2014-09-30": "4561.58800", "2014-06-30": "4579.46300", "2014-03-31": "4587.27600", "2013-12-31": "4496.90800", "2013-09-30": "3234.58600", "2013-06-30": "3249.49200", "2013-03-31": "3230.23000", "2012-12-31": "3241.30600", "2012-09-30": "3227.35600", "2012-06-30": "3177.09800", "2012-03-31": "3066.54800", "2011-12-31": "2967.75400", "2011-09-30": "3019.13500", "2011-06-30": "2914.59100", "2011-03-31": "2704.09900", "2010-12-31": "2069.42700", "2010-09-30": "1916.87500", "2010-06-30": "1887.57500", "2010-03-31": "1940.49200", "2009-12-31": "1907.66400", "2009-09-30": "1610.16500", "2009-06-30": "1532.47600", "2009-03-31": "1490.84700", "2008-12-31": "1496.88400", "2008-09-30": "1528.00400", "2008-06-30": "1446.27600", "2008-03-31": "1431.69400", "2007-12-31": "1380.05800", "2007-09-30": "1111.34300", "2007-06-30": "1145.81500", "2007-03-31": "1078.75300", "2006-12-31": "1060.53200", "2006-09-30": "1035.92300", "2006-06-30": "1047.89200", "2006-03-31": "1045.21100", "2005-12-31": "1037.61800", "2005-09-30": "1041.42800", "2005-06-30": "977.24300", "2005-03-31": "989.49210"}, "Total Assets": {"2020-09-30": "12354.35000", "2020-06-30": "12611.77000", "2020-03-31": "13134.61000", "2019-12-31": "12200.56000", "2019-09-30": "11462.71000", "2019-06-30": "11641.26000", "2019-03-31": "12945.84000", "2018-12-31": "12945.26000", "2018-09-30": "12645.79000", "2018-06-30": "12551.81000", "2018-03-31": "12601.87000", "2017-12-31": "12691.76000", "2017-09-30": "7380.85900", "2017-06-30": "7244.75900", "2017-03-31": "7086.00300", "2016-12-31": "7110.03300", "2016-09-30": "7360.02200", "2016-06-30": "7420.79200", "2016-03-31": "7716.80500", "2015-12-31": "7615.85100", "2015-09-30": "7785.92600", "2015-06-30": "7959.06100", "2015-03-31": "7931.31000", "2014-12-31": "8242.64800", "2014-09-30": "8453.65900", "2014-06-30": "8332.57900", "2014-03-31": "8236.04900", "2013-12-31": "8441.15200", "2013-09-30": "7274.14400", "2013-06-30": "7049.74900", "2013-03-31": "6871.73100", "2012-12-31": "6936.67800", "2012-09-30": "6839.43300", "2012-06-30": "6482.56700", "2012-03-31": "6331.77000", "2011-12-31": "6126.27500", "2011-09-30": "6199.22600", "2011-06-30": "6039.31700", "2011-03-31": "5637.61300", "2010-12-31": "4906.63600", "2010-09-30": "4683.91700", "2010-06-30": "4660.77600", "2010-03-31": "4650.82200", "2009-12-31": "4680.53600", "2009-09-30": "4428.61400", "2009-06-30": "4425.53600", "2009-03-31": "4181.85500", "2008-12-31": "4300.33200", "2008-09-30": "4278.23800", "2008-06-30": "4021.67800", "2008-03-31": "3876.97000", "2007-12-31": "3667.41800", "2007-09-30": "3389.42100", "2007-06-30": "3174.55300", "2007-03-31": "3027.27800", "2006-12-31": "2972.43000", "2006-09-30": "2853.88400", "2006-06-30": "2814.59900", "2006-03-31": "2671.49100", "2005-12-31": "2498.80100", "2005-09-30": "2378.85900", "2005-06-30": "2309.62700", "2005-03-31": "2251.46000"}, "Total Current Liabilities": {"2020-09-30": "2941.59700", "2020-06-30": "2728.47400", "2020-03-31": "2624.88400", "2019-12-31": "2831.63600", "2019-09-30": "3073.70600", "2019-06-30": "3289.44800", "2019-03-31": "3188.20000", "2018-12-31": "3094.72400", "2018-09-30": "3145.69300", "2018-06-30": "3096.18500", "2018-03-31": "2983.23300", "2017-12-31": "3063.05600", "2017-09-30": "1926.22700", "2017-06-30": "1839.80200", "2017-03-31": "1733.21600", "2016-12-31": "1749.66600", "2016-09-30": "1782.68600", "2016-06-30": "1806.44000", "2016-03-31": "1918.41500", "2015-12-31": "1784.97600", "2015-09-30": "1981.16600", "2015-06-30": "2092.63800", "2015-03-31": "2004.53800", "2014-12-31": "2238.65500", "2014-09-30": "2349.84600", "2014-06-30": "2169.93800", "2014-03-31": "1982.80300", "2013-12-31": "2162.11900", "2013-09-30": "1887.61900", "2013-06-30": "1733.32300", "2013-03-31": "1654.24400", "2012-12-31": "1750.80000", "2012-09-30": "1747.05200", "2012-06-30": "1571.17600", "2012-03-31": "1828.97100", "2011-12-31": "2023.34500", "2011-09-30": "2168.52600", "2011-06-30": "2129.81500", "2011-03-31": "1486.32400", "2010-12-31": "1254.92500", "2010-09-30": "1239.45300", "2010-06-30": "1366.69800", "2010-03-31": "1352.70600", "2009-12-31": "1450.31200", "2009-09-30": "1295.90100", "2009-06-30": "1426.33100", "2009-03-31": "1333.99600", "2008-12-31": "1554.92300", "2008-09-30": "1576.99700", "2008-06-30": "1478.62800", "2008-03-31": "1449.78000", "2007-12-31": "1366.18200", "2007-09-30": "1276.43400", "2007-06-30": "1109.14700", "2007-03-31": "1069.64100", "2006-12-31": "1056.42400", "2006-09-30": "1041.19500", "2006-06-30": "1031.40600", "2006-03-31": "953.39400", "2005-12-31": "852.14500", "2005-09-30": "785.09500", "2005-06-30": "789.60400", "2005-03-31": "764.17600"}, "Long Term Debt": {"2020-09-30": "1676.94100", "2020-06-30": "2155.16600", "2020-03-31": "3099.45600", "2019-12-31": "1414.90300", "2019-09-30": "1201.24500", "2019-06-30": "1025.19800", "2019-03-31": "2841.53600", "2018-12-31": "2668.99300", "2018-09-30": "2144.16700", "2018-06-30": "2336.47300", "2018-03-31": "2511.80000", "2017-12-31": "2587.93300", "2017-09-30": "235.00000", "2017-06-30": "282.00000", "2017-03-31": "334.92500", "2016-12-31": "387.00000", "2016-09-30": "385.33000", "2016-06-30": "479.00000", "2016-03-31": "530.00000", "2015-12-31": "621.89900", "2015-09-30": "584.43400", "2015-06-30": "646.39100", "2015-03-31": "712.71200", "2014-12-31": "706.61000", "2014-09-30": "764.07500", "2014-06-30": "789.41600", "2014-03-31": "932.15400", "2013-12-31": "1041.48000", "2013-09-30": "415.08600", "2013-06-30": "432.70100", "2013-03-31": "447.21300", "2012-12-31": "513.11300", "2012-09-30": "528.26000", "2012-06-30": "510.64500", "2012-03-31": "285.38500", "2011-12-31": "", "2011-09-30": "2.04200", "2011-06-30": "2.45500", "2011-03-31": "379.69600", "2010-12-31": "11.83700", "2010-09-30": "0.50900", "2010-06-30": "0.51700", "2010-03-31": "0.56100", "2009-12-31": "0.62800", "2009-09-30": "0.73700", "2009-06-30": "13.27500", "2009-03-31": "24.97500", "2008-12-31": "40.02600", "2008-09-30": "55.67500", "2008-06-30": "38.38700", "2008-03-31": "32.62600", "2007-12-31": "36.52300", "2007-09-30": "40.45000", "2007-06-30": "65.60200", "2007-03-31": "69.65000", "2006-12-31": "95.36100", "2006-09-30": "77.67300", "2006-06-30": "97.30900", "2006-03-31": "100.43500", "2005-12-31": "93.07000", "2005-09-30": "89.63200", "2005-06-30": "103.20000", "2005-03-31": "109.31200"}, "Other Non-Current Liabilities": {"2020-09-30": "", "2020-06-30": "", "2020-03-31": "", "2019-12-31": "0.05200", "2019-09-30": "", "2019-06-30": "", "2019-03-31": "122.99300", "2018-12-31": "138.72200", "2018-09-30": "150.60400", "2018-06-30": "", "2018-03-31": "", "2017-12-31": "", "2017-09-30": "", "2017-06-30": "", "2017-03-31": "", "2016-12-31": "", "2016-09-30": "", "2016-06-30": "", "2016-03-31": "", "2015-12-31": "", "2015-09-30": "", "2015-06-30": "", "2015-03-31": "", "2014-12-31": "", "2014-09-30": "", "2014-06-30": "", "2014-03-31": "", "2013-12-31": "", "2013-09-30": "", "2013-06-30": "", "2013-03-31": "", "2012-12-31": "", "2012-09-30": "", "2012-06-30": "", "2012-03-31": "", "2011-12-31": "", "2011-09-30": "", "2011-06-30": "", "2011-03-31": "", "2010-12-31": "", "2010-09-30": "", "2010-06-30": "", "2010-03-31": "", "2009-12-31": "", "2009-09-30": "", "2009-06-30": "", "2009-03-31": "", "2008-12-31": "", "2008-09-30": "", "2008-06-30": "", "2008-03-31": "", "2007-12-31": "", "2007-09-30": "", "2007-06-30": "", "2007-03-31": "", "2006-12-31": "", "2006-09-30": "", "2006-06-30": "", "2006-03-31": "", "2005-12-31": "", "2005-09-30": "", "2005-06-30": "", "2005-03-31": ""}, "Total Long Term Liabilities": {"2020-09-30": "3557.08900", "2020-06-30": "3998.29800", "2020-03-31": "4896.74600", "2019-12-31": "3306.75200", "2019-09-30": "2620.34700", "2019-06-30": "2243.69700", "2019-03-31": "4202.06400", "2018-12-31": "4009.50100", "2018-09-30": "3555.74800", "2018-06-30": "3402.71000", "2018-03-31": "3593.15700", "2017-12-31": "3666.95400", "2017-09-30": "967.28100", "2017-06-30": "1120.02800", "2017-03-31": "1178.53100", "2016-12-31": "1224.67400", "2016-09-30": "1247.15400", "2016-06-30": "1125.07000", "2016-03-31": "1359.41600", "2015-12-31": "1460.61600", "2015-09-30": "1448.30200", "2015-06-30": "1466.89200", "2015-03-31": "1517.89400", "2014-12-31": "1531.31000", "2014-09-30": "1598.15300", "2014-06-30": "1629.98300", "2014-03-31": "1789.41200", "2013-12-31": "1917.95400", "2013-09-30": "1138.19000", "2013-06-30": "1194.58500", "2013-03-31": "1228.11900", "2012-12-31": "1317.55700", "2012-09-30": "1333.49200", "2012-06-30": "1220.98200", "2012-03-31": "940.38400", "2011-12-31": "650.18700", "2011-09-30": "707.31500", "2011-06-30": "756.32400", "2011-03-31": "1101.83500", "2010-12-31": "696.80000", "2010-09-30": "579.53590", "2010-06-30": "476.28600", "2010-03-31": "485.82900", "2009-12-31": "506.81000", "2009-09-30": "501.23800", "2009-06-30": "384.55500", "2009-03-31": "370.66200", "2008-12-31": "391.17500", "2008-09-30": "456.09400", "2008-06-30": "310.23900", "2008-03-31": "318.14300", "2007-12-31": "310.45600", "2007-09-30": "269.32500", "2007-06-30": "390.82700", "2007-03-31": "378.37300", "2006-12-31": "417.14600", "2006-09-30": "389.47500", "2006-06-30": "452.35600", "2006-03-31": "436.45100", "2005-12-31": "426.97400", "2005-09-30": "427.98400", "2005-06-30": "379.91100", "2005-03-31": "396.75600"}, "Total Liabilities": {"2020-09-30": "6498.68600", "2020-06-30": "6726.77200", "2020-03-31": "7521.63000", "2019-12-31": "6138.38800", "2019-09-30": "5694.05300", "2019-06-30": "5533.14500", "2019-03-31": "7390.26400", "2018-12-31": "7104.22500", "2018-09-30": "6701.44100", "2018-06-30": "6498.89500", "2018-03-31": "6576.39000", "2017-12-31": "6730.01000", "2017-09-30": "2893.50800", "2017-06-30": "2959.83000", "2017-03-31": "2911.74700", "2016-12-31": "2974.34000", "2016-09-30": "3029.84000", "2016-06-30": "2931.51000", "2016-03-31": "3277.83100", "2015-12-31": "3245.59200", "2015-09-30": "3429.46800", "2015-06-30": "3559.53000", "2015-03-31": "3522.43200", "2014-12-31": "3769.96500", "2014-09-30": "3947.99900", "2014-06-30": "3799.92100", "2014-03-31": "3772.21500", "2013-12-31": "4080.07300", "2013-09-30": "3025.80900", "2013-06-30": "2927.90800", "2013-03-31": "2882.36300", "2012-12-31": "3068.35700", "2012-09-30": "3080.54400", "2012-06-30": "2792.15800", "2012-03-31": "2769.35500", "2011-12-31": "2673.53200", "2011-09-30": "2875.84100", "2011-06-30": "2886.13900", "2011-03-31": "2588.15900", "2010-12-31": "1951.72500", "2010-09-30": "1818.98900", "2010-06-30": "1842.98400", "2010-03-31": "1838.53500", "2009-12-31": "1957.12200", "2009-09-30": "1797.13900", "2009-06-30": "1810.88600", "2009-03-31": "1704.65800", "2008-12-31": "1946.09800", "2008-09-30": "2033.09100", "2008-06-30": "1788.86700", "2008-03-31": "1767.92300", "2007-12-31": "1676.63800", "2007-09-30": "1545.75900", "2007-06-30": "1499.97400", "2007-03-31": "1448.01400", "2006-12-31": "1473.57000", "2006-09-30": "1430.67000", "2006-06-30": "1483.76200", "2006-03-31": "1389.84500", "2005-12-31": "1279.11900", "2005-09-30": "1213.07900", "2005-06-30": "1169.51500", "2005-03-31": "1160.93200"}, "Common Stock Net": {"2020-09-30": "129.74800", "2020-06-30": "130.18000", "2020-03-31": "129.98500", "2019-12-31": "133.00100", "2019-09-30": "132.87900", "2019-06-30": "135.84900", "2019-03-31": "136.43200", "2018-12-31": "140.40000", "2018-09-30": "142.21800", "2018-06-30": "141.86100", "2018-03-31": "141.71500", "2017-12-31": "141.55700", "2017-09-30": "120.38600", "2017-06-30": "120.26700", "2017-03-31": "120.45400", "2016-12-31": "121.16600", "2016-09-30": "120.95100", "2016-06-30": "121.70400", "2016-03-31": "122.14600", "2015-12-31": "122.77700", "2015-09-30": "123.15300", "2015-06-30": "124.14300", "2015-03-31": "126.47400", "2014-12-31": "129.47600", "2014-09-30": "131.75300", "2014-06-30": "133.01000", "2014-03-31": "132.17900", "2013-12-31": "131.86300", "2013-09-30": "131.63900", "2013-06-30": "131.41000", "2013-03-31": "130.72000", "2012-12-31": "130.24000", "2012-09-30": "129.93600", "2012-06-30": "129.65500", "2012-03-31": "128.91100", "2011-12-31": "128.38400", "2011-09-30": "127.78500", "2011-06-30": "127.47200", "2011-03-31": "126.75400", "2010-12-31": "126.26500", "2010-09-30": "125.90900", "2010-06-30": "125.62300", "2010-03-31": "124.90500", "2009-12-31": "124.51100", "2009-09-30": "124.23000", "2009-06-30": "123.90400", "2009-03-31": "123.44300", "2008-12-31": "123.04700", "2008-09-30": "122.70100", "2008-06-30": "122.40100", "2008-03-31": "121.78800", "2007-12-31": "121.23200", "2007-09-30": "120.22200", "2007-06-30": "119.91100", "2007-03-31": "118.99700", "2006-12-31": "59.14300", "2006-09-30": "58.99600", "2006-06-30": "58.83200", "2006-03-31": "58.58200", "2005-12-31": "58.26700", "2005-09-30": "58.13000", "2005-06-30": "57.67400", "2005-03-31": "57.33900"}, "Retained Earnings (Accumulated Deficit)": {"2020-09-30": "4020.57500", "2020-06-30": "4028.06200", "2020-03-31": "3808.69800", "2019-12-31": "4145.82500", "2019-09-30": "3939.17400", "2019-06-30": "4053.62600", "2019-03-31": "3620.87300", "2018-12-31": "3796.86400", "2018-09-30": "3809.99100", "2018-06-30": "3880.88600", "2018-03-31": "3755.65100", "2017-12-31": "3728.52700", "2017-09-30": "3721.69800", "2017-06-30": "3664.97000", "2017-03-31": "3611.95300", "2016-12-31": "3621.52800", "2016-09-30": "3586.64700", "2016-06-30": "3600.12100", "2016-03-31": "3554.29100", "2015-12-31": "3511.19700", "2015-09-30": "3496.21200", "2015-06-30": "3513.86700", "2015-03-31": "3514.55700", "2014-12-31": "3539.51000", "2014-09-30": "3527.19300", "2014-06-30": "3504.78800", "2014-03-31": "3460.61900", "2013-12-31": "3394.61600", "2013-09-30": "3300.96100", "2013-06-30": "3190.98100", "2013-03-31": "3085.32200", "2012-12-31": "3017.61700", "2012-09-30": "2920.44100", "2012-06-30": "2812.30600", "2012-03-31": "2718.50800", "2011-12-31": "2648.45400", "2011-09-30": "2564.28100", "2011-06-30": "2470.01800", "2011-03-31": "2386.86100", "2010-12-31": "2317.18200", "2010-09-30": "2251.36600", "2010-06-30": "2174.37800", "2010-03-31": "2156.89500", "2009-12-31": "2081.35400", "2009-09-30": "2009.33800", "2009-06-30": "1938.22600", "2009-03-31": "1844.55100", "2008-12-31": "1736.08500", "2008-09-30": "1620.67300", "2008-06-30": "1506.48300", "2008-03-31": "1418.06200", "2007-12-31": "1340.41800", "2007-09-30": "1272.35200", "2007-06-30": "1191.54000", "2007-03-31": "1133.82800", "2006-12-31": "1084.85600", "2006-09-30": "1023.96800", "2006-06-30": "967.09700", "2006-03-31": "928.08900", "2005-12-31": "891.64300", "2005-09-30": "850.06500", "2005-06-30": "920.03900", "2005-03-31": "880.48000"}, "Comprehensive Income": {"2020-09-30": "-933.05700", "2020-06-30": "-911.69200", "2020-03-31": "-946.31700", "2019-12-31": "-880.16600", "2019-09-30": "-916.81200", "2019-06-30": "-763.58900", "2019-03-31": "-860.26000", "2018-12-31": "-856.55200", "2018-09-30": "-806.70300", "2018-06-30": "-728.17600", "2018-03-31": "-617.06400", "2017-12-31": "-628.98500", "2017-09-30": "-653.51400", "2017-06-30": "-783.38700", "2017-03-31": "-835.00800", "2016-12-31": "-878.91100", "2016-09-30": "-610.59400", "2016-06-30": "-453.26300", "2016-03-31": "-450.19600", "2015-12-31": "-470.47600", "2015-09-30": "-464.76400", "2015-06-30": "-420.96600", "2015-03-31": "-428.90200", "2014-12-31": "-401.50400", "2014-09-30": "-363.54900", "2014-06-30": "-303.99200", "2014-03-31": "-319.51300", "2013-12-31": "-314.76600", "2013-09-30": "-304.12700", "2013-06-30": "-300.70500", "2013-03-31": "-287.68900", "2012-12-31": "-291.60500", "2012-09-30": "-281.88700", "2012-06-30": "-220.42300", "2012-03-31": "-217.50500", "2011-12-31": "-223.75600", "2011-09-30": "-237.53800", "2011-06-30": "-296.27600", "2011-03-31": "-284.57100", "2010-12-31": "-281.27100", "2010-09-30": "-285.74100", "2010-06-30": "-240.61300", "2010-03-31": "-210.30800", "2009-12-31": "-206.20700", "2009-09-30": "-211.51500", "2009-06-30": "-132.64200", "2009-03-31": "-158.00800", "2008-12-31": "-153.69900", "2008-09-30": "-129.27000", "2008-06-30": "-3.05500", "2008-03-31": "-1.10400", "2007-12-31": "-4.65200", "2007-09-30": "-9.38000", "2007-06-30": "-68.18100", "2007-03-31": "-76.37000", "2006-12-31": "-78.11600", "2006-09-30": "-77.65500", "2006-06-30": "-98.51600", "2006-03-31": "-95.99500", "2005-12-31": "-97.45500", "2005-09-30": "-97.35000", "2005-06-30": "-45.47300", "2005-03-31": "-42.90400"}, "Other Share Holders Equity": {"2020-09-30": "", "2020-06-30": "", "2020-03-31": "", "2019-12-31": "", "2019-09-30": "", "2019-06-30": "", "2019-03-31": "", "2018-12-31": "", "2018-09-30": "", "2018-06-30": "", "2018-03-31": "", "2017-12-31": "", "2017-09-30": "", "2017-06-30": "", "2017-03-31": "", "2016-12-31": "", "2016-09-30": "", "2016-06-30": "", "2016-03-31": "", "2015-12-31": "", "2015-09-30": "", "2015-06-30": "", "2015-03-31": "", "2014-12-31": "", "2014-09-30": "", "2014-06-30": "", "2014-03-31": "", "2013-12-31": "", "2013-09-30": "", "2013-06-30": "", "2013-03-31": "", "2012-12-31": "", "2012-09-30": "", "2012-06-30": "", "2012-03-31": "", "2011-12-31": "", "2011-09-30": "", "2011-06-30": "", "2011-03-31": "", "2010-12-31": "", "2010-09-30": "", "2010-06-30": "", "2010-03-31": "", "2009-12-31": "", "2009-09-30": "", "2009-06-30": "", "2009-03-31": "", "2008-12-31": "", "2008-09-30": "", "2008-06-30": "", "2008-03-31": "", "2007-12-31": "", "2007-09-30": "", "2007-06-30": "", "2007-03-31": "", "2006-12-31": "", "2006-09-30": "", "2006-06-30": "", "2006-03-31": "", "2005-12-31": "", "2005-09-30": "", "2005-06-30": "", "2005-03-31": ""}, "Share Holder Equity": {"2020-09-30": "5855.66700", "2020-06-30": "5884.99400", "2020-03-31": "5612.98300", "2019-12-31": "6062.17100", "2019-09-30": "5768.65800", "2019-06-30": "6108.11700", "2019-03-31": "5555.58100", "2018-12-31": "5841.03400", "2018-09-30": "5944.35400", "2018-06-30": "6052.91700", "2018-03-31": "6025.47600", "2017-12-31": "5961.74700", "2017-09-30": "4487.35100", "2017-06-30": "4284.92900", "2017-03-31": "4174.25600", "2016-12-31": "4135.69300", "2016-09-30": "4330.18200", "2016-06-30": "4489.28200", "2016-03-31": "4438.97400", "2015-12-31": "4370.25900", "2015-09-30": "4356.45800", "2015-06-30": "4399.53100", "2015-03-31": "4408.87800", "2014-12-31": "4472.68300", "2014-09-30": "4505.66000", "2014-06-30": "4532.65800", "2014-03-31": "4463.83400", "2013-12-31": "4361.07900", "2013-09-30": "4248.33500", "2013-06-30": "4121.84100", "2013-03-31": "3989.36800", "2012-12-31": "3868.32100", "2012-09-30": "3758.88900", "2012-06-30": "3690.40900", "2012-03-31": "3562.41500", "2011-12-31": "3452.74300", "2011-09-30": "3323.38500", "2011-06-30": "3153.17800", "2011-03-31": "3049.45400", "2010-12-31": "2954.91100", "2010-09-30": "2864.92800", "2010-06-30": "2817.79200", "2010-03-31": "2812.28700", "2009-12-31": "2723.41400", "2009-09-30": "2631.47500", "2009-06-30": "2614.65000", "2009-03-31": "2477.19700", "2008-12-31": "2354.23400", "2008-09-30": "2245.14700", "2008-06-30": "2232.81100", "2008-03-31": "2109.04700", "2007-12-31": "1990.78000", "2007-09-30": "1843.66200", "2007-06-30": "1674.57900", "2007-03-31": "1579.26400", "2006-12-31": "1498.86000", "2006-09-30": "1423.21400", "2006-06-30": "1330.83700", "2006-03-31": "1281.64600", "2005-12-31": "1219.68200", "2005-09-30": "1165.78000", "2005-06-30": "1140.11200", "2005-03-31": "1090.52800"}, "Total Liabilities And Share Holders Equity": {"2020-09-30": "12354.35000", "2020-06-30": "12611.77000", "2020-03-31": "13134.61000", "2019-12-31": "12200.56000", "2019-09-30": "11462.71000", "2019-06-30": "11641.26000", "2019-03-31": "12945.84000", "2018-12-31": "12945.26000", "2018-09-30": "12645.79000", "2018-06-30": "12551.81000", "2018-03-31": "12601.87000", "2017-12-31": "12691.76000", "2017-09-30": "7380.85900", "2017-06-30": "7244.75900", "2017-03-31": "7086.00300", "2016-12-31": "7110.03300", "2016-09-30": "7360.02200", "2016-06-30": "7420.79200", "2016-03-31": "7716.80500", "2015-12-31": "7615.85100", "2015-09-30": "7785.92600", "2015-06-30": "7959.06100", "2015-03-31": "7931.31000", "2014-12-31": "8242.64800", "2014-09-30": "8453.65900", "2014-06-30": "8332.57900", "2014-03-31": "8236.04900", "2013-12-31": "8441.15200", "2013-09-30": "7274.14400", "2013-06-30": "7049.74900", "2013-03-31": "6871.73100", "2012-12-31": "6936.67800", "2012-09-30": "6839.43300", "2012-06-30": "6482.56700", "2012-03-31": "6331.77000", "2011-12-31": "6126.27500", "2011-09-30": "6199.22600", "2011-06-30": "6039.31700", "2011-03-31": "5637.61300", "2010-12-31": "4906.63600", "2010-09-30": "4683.91700", "2010-06-30": "4660.77600", "2010-03-31": "4650.82200", "2009-12-31": "4680.53600", "2009-09-30": "4428.61400", "2009-06-30": "4425.53600", "2009-03-31": "4181.85500", "2008-12-31": "4300.33200", "2008-09-30": "4278.23800", "2008-06-30": "4021.67800", "2008-03-31": "3876.97000", "2007-12-31": "3667.41800", "2007-09-30": "3389.42100", "2007-06-30": "3174.55300", "2007-03-31": "3027.27800", "2006-12-31": "2972.43000", "2006-09-30": "2853.88400", "2006-06-30": "2814.59900", "2006-03-31": "2671.49100", "2005-12-31": "2498.80100", "2005-09-30": "2378.85900", "2005-06-30": "2309.62700", "2005-03-31": "2251.46000"}}, "cash flow statement": {"Net Income/Loss": {"2020-09-30": "523.86700", "2019-09-30": "873.21900", "2018-09-30": "173.14200", "2017-09-30": "287.37500", "2016-09-30": "214.51500", "2015-09-30": "328.88200", "2014-09-30": "352.11200", "2013-09-30": "440.18200", "2012-09-30": "390.95400", "2011-09-30": "335.22100", "2010-09-30": "246.28700", "2009-09-30": "399.21300", "2008-09-30": "420.74200", "2007-09-30": "287.13000", "2006-09-30": "196.88300", "2005-09-30": "131.60800"}, "Total Depreciation And Amortization - Cash Flow": {"2020-09-30": "343.87100", "2019-09-30": "169.26900", "2018-09-30": "198.58700", "2017-09-30": "122.51300", "2016-09-30": "129.97100", "2015-09-30": "149.29200", "2014-09-30": "145.41200", "2013-09-30": "98.87400", "2012-09-30": "100.82400", "2011-09-30": "95.37000", "2010-09-30": "88.49500", "2009-09-30": "86.34200", "2008-09-30": "73.12600", "2007-09-30": "55.67000", "2006-09-30": "48.26200", "2005-09-30": "46.35700"}, "Other Non-Cash Items": {"2020-09-30": "73.95800", "2019-09-30": "-1026.10100", "2018-09-30": "329.32100", "2017-09-30": "26.07800", "2016-09-30": "7.17900", "2015-09-30": "23.40700", "2014-09-30": "9.77900", "2013-09-30": "11.99300", "2012-09-30": "-25.60100", "2011-09-30": "-3.19400", "2010-09-30": "49.03200", "2009-09-30": "18.00800", "2008-09-30": "-35.10600", "2007-09-30": "-8.57100", "2006-09-30": "4.29100", "2005-09-30": "8.40900"}, "Total Non-Cash Items": {"2020-09-30": "417.82900", "2019-09-30": "-856.83200", "2018-09-30": "527.90810", "2017-09-30": "148.59100", "2016-09-30": "137.15000", "2015-09-30": "172.69900", "2014-09-30": "155.19100", "2013-09-30": "110.86700", "2012-09-30": "75.22300", "2011-09-30": "92.17600", "2010-09-30": "137.52700", "2009-09-30": "104.35000", "2008-09-30": "38.02000", "2007-09-30": "47.09900", "2006-09-30": "52.55300", "2005-09-30": "54.76600"}, "Change In Accounts Receivable": {"2020-09-30": "-107.78400", "2019-09-30": "-67.89400", "2018-09-30": "-428.93000", "2017-09-30": "75.44100", "2016-09-30": "397.26800", "2015-09-30": "172.95800", "2014-09-30": "107.94400", "2013-09-30": "-234.86400", "2012-09-30": "-227.12300", "2011-09-30": "-234.02400", "2010-09-30": "-3.05200", "2009-09-30": "300.92900", "2008-09-30": "-276.67100", "2007-09-30": "-101.64500", "2006-09-30": "-245.03100", "2005-09-30": "-127.76900"}, "Change In Inventories": {"2020-09-30": "", "2019-09-30": "", "2018-09-30": "", "2017-09-30": "", "2016-09-30": "", "2015-09-30": "", "2014-09-30": "", "2013-09-30": "", "2012-09-30": "", "2011-09-30": "", "2010-09-30": "", "2009-09-30": "", "2008-09-30": "", "2007-09-30": "", "2006-09-30": "", "2005-09-30": ""}, "Change In Accounts Payable": {"2020-09-30": "-92.83800", "2019-09-30": "295.14600", "2018-09-30": "183.05700", "2017-09-30": "153.96100", "2016-09-30": "-44.21400", "2015-09-30": "-28.94300", "2014-09-30": "108.24100", "2013-09-30": "82.38900", "2012-09-30": "10.67300", "2011-09-30": "-15.99700", "2010-09-30": "-46.92000", "2009-09-30": "-117.53700", "2008-09-30": "45.78200", "2007-09-30": "-54.73900", "2006-09-30": "128.92200", "2005-09-30": "67.27600"}, "Change In Assets/Liabilities": {"2020-09-30": "-27.28000", "2019-09-30": "-13.11700", "2018-09-30": "-19.13400", "2017-09-30": "-55.73100", "2016-09-30": "51.25300", "2015-09-30": "-22.45400", "2014-09-30": "8.03300", "2013-09-30": "83.96000", "2012-09-30": "-34.89100", "2011-09-30": "-1.30000", "2010-09-30": "-42.87500", "2009-09-30": "9.50300", "2008-09-30": "-27.05700", "2007-09-30": "115.92100", "2006-09-30": "-12.30700", "2005-09-30": "6.88600"}, "Total Change In Assets/Liabilities": {"2020-09-30": "-220.55700", "2019-09-30": "-386.57600", "2018-09-30": "-233.78300", "2017-09-30": "121.65600", "2016-09-30": "327.79100", "2015-09-30": "-21.97100", "2014-09-30": "204.67300", "2013-09-30": "-99.47400", "2012-09-30": "-160.52000", "2011-09-30": "-183.40500", "2010-09-30": "-160.90800", "2009-09-30": "27.36000", "2008-09-30": "-146.36700", "2007-09-30": "26.03700", "2006-09-30": "-27.33200", "2005-09-30": "-37.68900"}, "Cash Flow From Operating Activities": {"2020-09-30": "806.84900", "2019-09-30": "-366.43600", "2018-09-30": "481.15200", "2017-09-30": "574.88100", "2016-09-30": "680.17300", "2015-09-30": "484.57200", "2014-09-30": "721.71600", "2013-09-30": "448.51600", "2012-09-30": "299.80500", "2011-09-30": "236.49000", "2010-09-30": "223.62100", "2009-09-30": "531.65900", "2008-09-30": "313.41100", "2007-09-30": "360.86100", "2006-09-30": "223.53100", "2005-09-30": "150.29500"}, "Net Change In Property, Plant, And Equipment": {"2020-09-30": "-118.17300", "2019-09-30": "-128.80000", "2018-09-30": "-91.59100", "2017-09-30": "-115.67300", "2016-09-30": "-57.20900", "2015-09-30": "-88.03500", "2014-09-30": "-109.36100", "2013-09-30": "-122.99400", "2012-09-30": "-89.52900", "2011-09-30": "-94.88900", "2010-09-30": "-34.69600", "2009-09-30": "-53.25800", "2008-09-30": "-114.40300", "2007-09-30": "-63.13000", "2006-09-30": "-52.67800", "2005-09-30": "-42.54800"}, "Net Change In Intangible Assets": {"2020-09-30": "", "2019-09-30": "", "2018-09-30": "", "2017-09-30": "", "2016-09-30": "-10.02700", "2015-09-30": "0.00000", "2014-09-30": "", "2013-09-30": "", "2012-09-30": "", "2011-09-30": "", "2010-09-30": "", "2009-09-30": "", "2008-09-30": "", "2007-09-30": "", "2006-09-30": "", "2005-09-30": ""}, "Net Acquisitions/Divestitures": {"2020-09-30": "-298.64100", "2019-09-30": "2226.31500", "2018-09-30": "-1480.60000", "2017-09-30": "-152.22600", "2016-09-30": "-68.98200", "2015-09-30": "-8.10100", "2014-09-30": "-1384.34200", "2013-09-30": "-39.42900", "2012-09-30": "-91.57500", "2011-09-30": "-711.42100", "2010-09-30": "-259.49200", "2009-09-30": "-23.32900", "2008-09-30": "-264.06700", "2007-09-30": "-88.72100", "2006-09-30": "-10.95500", "2005-09-30": ""}, "Net Change In Short-term Investments": {"2020-09-30": "-12.27800", "2019-09-30": "55.94700", "2018-09-30": "-5.41600", "2017-09-30": "", "2016-09-30": "-3.40300", "2015-09-30": "", "2014-09-30": "", "2013-09-30": "", "2012-09-30": "", "2011-09-30": "4.66700", "2010-09-30": "", "2009-09-30": "", "2008-09-30": "", "2007-09-30": "", "2006-09-30": "", "2005-09-30": ""}, "Net Change In Long-Term Investments": {"2020-09-30": "", "2019-09-30": "", "2018-09-30": "", "2017-09-30": "31.70100", "2016-09-30": "", "2015-09-30": "0.01300", "2014-09-30": "-25.07900", "2013-09-30": "-0.00400", "2012-09-30": "-0.02300", "2011-09-30": "-0.19300", "2010-09-30": "-106.73300", "2009-09-30": "-32.23200", "2008-09-30": "7.43100", "2007-09-30": "-2.85300", "2006-09-30": "-3.71400", "2005-09-30": "1.56400"}, "Net Change In Investments - Total": {"2020-09-30": "-12.27800", "2019-09-30": "55.94700", "2018-09-30": "-5.41600", "2017-09-30": "31.70100", "2016-09-30": "-3.40300", "2015-09-30": "0.01300", "2014-09-30": "-25.07900", "2013-09-30": "-0.00400", "2012-09-30": "-0.02300", "2011-09-30": "4.47400", "2010-09-30": "-106.73300", "2009-09-30": "-32.23200", "2008-09-30": "7.43100", "2007-09-30": "-2.85300", "2006-09-30": "-3.71400", "2005-09-30": "1.56400"}, "Investing Activities - Other": {"2020-09-30": "", "2019-09-30": "-1.11300", "2018-09-30": "", "2017-09-30": "", "2016-09-30": "", "2015-09-30": "", "2014-09-30": "", "2013-09-30": "5.34400", "2012-09-30": "", "2011-09-30": "", "2010-09-30": "2.43500", "2009-09-30": "15.71300", "2008-09-30": "-38.87100", "2007-09-30": "-11.09200", "2006-09-30": "-0.22100", "2005-09-30": "-27.34600"}, "Cash Flow From Investing Activities": {"2020-09-30": "-429.09200", "2019-09-30": "2152.34900", "2018-09-30": "-1577.60700", "2017-09-30": "-236.19800", "2016-09-30": "-139.62100", "2015-09-30": "-96.12300", "2014-09-30": "-1518.78200", "2013-09-30": "-157.08300", "2012-09-30": "-181.12700", "2011-09-30": "-801.83600", "2010-09-30": "-398.48600", "2009-09-30": "-93.10600", "2008-09-30": "-409.91000", "2007-09-30": "-165.79600", "2006-09-30": "-67.56800", "2005-09-30": "-68.33000"}, "Net Long-Term Debt": {"2020-09-30": "465.19380", "2019-09-30": "-1214.77700", "2018-09-30": "1212.17300", "2017-09-30": "-152.77400", "2016-09-30": "-191.13600", "2015-09-30": "-138.47000", "2014-09-30": "364.25500", "2013-09-30": "-118.29300", "2012-09-30": "528.57500", "2011-09-30": "586.49210", "2010-09-30": "-0.21700", "2009-09-30": "-45.96300", "2008-09-30": "18.23500", "2007-09-30": "-42.38600", "2006-09-30": "-18.07000", "2005-09-30": "11.86000"}, "Net Current Debt": {"2020-09-30": "-199.93000", "2019-09-30": "171.43500", "2018-09-30": "-2.67900", "2017-09-30": "0.64500", "2016-09-30": "-11.00200", "2015-09-30": "-19.75700", "2014-09-30": "-18.21500", "2013-09-30": "23.69400", "2012-09-30": "-577.31500", "2011-09-30": "-82.33900", "2010-09-30": "58.09000", "2009-09-30": "15.93300", "2008-09-30": "-6.82100", "2007-09-30": "-13.94500", "2006-09-30": "7.94800", "2005-09-30": "5.43900"}, "Debt Issuance/Retirement Net - Total": {"2020-09-30": "265.26390", "2019-09-30": "-1043.34200", "2018-09-30": "1209.49400", "2017-09-30": "-152.12900", "2016-09-30": "-202.13800", "2015-09-30": "-158.22700", "2014-09-30": "346.04000", "2013-09-30": "-94.59900", "2012-09-30": "-48.74010", "2011-09-30": "504.15310", "2010-09-30": "57.87300", "2009-09-30": "-30.03000", "2008-09-30": "11.41400", "2007-09-30": "-56.33100", "2006-09-30": "-10.12200", "2005-09-30": "17.29900"}, "Net Common Equity Issued/Repurchased": {"2020-09-30": "-300.01600", "2019-09-30": "-788.71800", "2018-09-30": "50.60300", "2017-09-30": "-34.53500", "2016-09-30": "-109.41000", "2015-09-30": "-389.09400", "2014-09-30": "-33.69500", "2013-09-30": "46.07900", "2012-09-30": "43.56800", "2011-09-30": "45.94300", "2010-09-30": "36.20900", "2009-09-30": "43.36100", "2008-09-30": "46.36200", "2007-09-30": "34.69100", "2006-09-30": "29.38800", "2005-09-30": "37.05900"}, "Net Total Equity Issued/Repurchased": {"2020-09-30": "-300.01600", "2019-09-30": "-788.71800", "2018-09-30": "50.60300", "2017-09-30": "-34.53500", "2016-09-30": "-109.41000", "2015-09-30": "-389.09400", "2014-09-30": "-33.69500", "2013-09-30": "46.07900", "2012-09-30": "43.56800", "2011-09-30": "45.94300", "2010-09-30": "36.20900", "2009-09-30": "43.36100", "2008-09-30": "46.36200", "2007-09-30": "34.69100", "2006-09-30": "29.38800", "2005-09-30": "37.05900"}, "Total Common And Preferred Stock Dividends Paid": {"2020-09-30": "", "2019-09-30": "", "2018-09-30": "", "2017-09-30": "-58.79300", "2016-09-30": "", "2015-09-30": "", "2014-09-30": "", "2013-09-30": "", "2012-09-30": "", "2011-09-30": "", "2010-09-30": "", "2009-09-30": "", "2008-09-30": "", "2007-09-30": "", "2006-09-30": "", "2005-09-30": ""}, "Financial Activities - Other": {"2020-09-30": "-173.56300", "2019-09-30": "-136.95200", "2018-09-30": "-117.67700", "2017-09-30": "2.87700", "2016-09-30": "-5.47800", "2015-09-30": "-5.99300", "2014-09-30": "-7.42500", "2013-09-30": "-11.18700", "2012-09-30": "2.44800", "2011-09-30": "6.83700", "2010-09-30": "-0.96800", "2009-09-30": "-52.33400", "2008-09-30": "41.01300", "2007-09-30": "1.34500", "2006-09-30": "29.05300", "2005-09-30": "6.33800"}, "Cash Flow From Financial Activities": {"2020-09-30": "-208.31500", "2019-09-30": "-1969.01200", "2018-09-30": "1142.42000", "2017-09-30": "-242.58000", "2016-09-30": "-317.02600", "2015-09-30": "-553.31400", "2014-09-30": "304.92000", "2013-09-30": "-59.70700", "2012-09-30": "-2.72400", "2011-09-30": "556.93300", "2010-09-30": "93.11400", "2009-09-30": "-39.00300", "2008-09-30": "98.78900", "2007-09-30": "-20.29500", "2006-09-30": "48.31900", "2005-09-30": "60.69600"}, "Net Cash Flow": {"2020-09-30": "231.35600", "2019-09-30": "-162.29000", "2018-09-30": "-139.28100", "2017-09-30": "-47.89500", "2016-09-30": "194.85700", "2015-09-30": "-271.78800", "2014-09-30": "-523.75800", "2013-09-30": "223.94800", "2012-09-30": "126.82400", "2011-09-30": "-33.20900", "2010-09-30": "-94.77700", "2009-09-30": "429.19900", "2008-09-30": "-8.93200", "2007-09-30": "179.28500", "2006-09-30": "194.21800", "2005-09-30": "139.77400"}, "Stock-Based Compensation": {"2020-09-30": "48.15000", "2019-09-30": "69.13700", "2018-09-30": "79.24200", "2017-09-30": "38.76400", "2016-09-30": "32.37000", "2015-09-30": "41.41200", "2014-09-30": "43.40000", "2013-09-30": "39.51800", "2012-09-30": "32.44200", "2011-09-30": "29.08400", "2010-09-30": "24.36100", "2009-09-30": "24.08500", "2008-09-30": "21.28900", "2007-09-30": "17.98200", "2006-09-30": "17.15600", "2005-09-30": "27.84900"}, "Common Stock Dividends Paid": {"2020-09-30": "", "2019-09-30": "", "2018-09-30": "", "2017-09-30": "-58.79300", "2016-09-30": "", "2015-09-30": "", "2014-09-30": "", "2013-09-30": "", "2012-09-30": "", "2011-09-30": "", "2010-09-30": "", "2009-09-30": "", "2008-09-30": "", "2007-09-30": "", "2006-09-30": "", "2005-09-30": ""}}, "cash flow statement, quarterly": {"Net Income/Loss": {"2020-09-30": 92.35, "2020-06-30": 254.051, "2020-03-31": -85.801, "2019-12-31": "263.26700", "2019-09-30": 149.792, "2019-06-30": 531.064, "2019-03-31": 62.772, "2018-12-31": "129.59100", "2018-09-30": -31.423, "2018-06-30": 150.072, "2018-03-31": 51.932, "2017-12-31": "2.56100", "2017-09-30": 93.428, "2017-06-30": 88.629, "2017-03-31": 44.165, "2016-12-31": "61.15300", "2016-09-30": 29.883, "2016-06-30": 70.937, "2016-03-31": 63.389, "2015-12-31": "50.30600", "2015-09-30": 37.269, "2015-06-30": 97.308, "2015-03-31": 88.11, "2014-12-31": "106.19500", "2014-09-30": 91.054, "2014-06-30": 71.308, "2014-03-31": 90.801, "2013-12-31": "98.94900", "2013-09-30": 116.481, "2013-06-30": 112.089, "2013-03-31": 107.089, "2012-12-31": "104.52300", "2012-09-30": 111.082, "2012-06-30": 100.99, "2012-03-31": 87.446, "2011-12-31": "91.43600", "2011-09-30": 95.247, "2011-06-30": 91.936, "2011-03-31": 81.341, "2010-12-31": "66.69700", "2010-09-30": 77.079, "2010-06-30": 19.24, "2010-03-31": 77.531, "2009-12-31": "72.43700", "2009-09-30": 78.676, "2009-06-30": 94.9, "2009-03-31": 109.287, "2008-12-31": "116.35000", "2008-09-30": 114.383, "2008-06-30": 108.677, "2008-03-31": 99.312, "2007-12-31": "98.37000", "2007-09-30": 83.892, "2007-06-30": 74.75, "2007-03-31": 67.226, "2006-12-31": "61.26200", "2006-09-30": 58.726, "2006-06-30": 50.632, "2006-03-31": 44.5, "2005-12-31": "43.02500", "2005-09-30": 38.307, "2005-06-30": 36.605, "2005-03-31": 56.696}, "Total Depreciation And Amortization - Cash Flow": {"2020-09-30": 209.803, "2020-06-30": 45.411, "2020-03-31": 44.66, "2019-12-31": "43.99700", "2019-09-30": 43.26, "2019-06-30": 44.234, "2019-03-31": 42.169, "2018-12-31": "39.60600", "2018-09-30": 51.377, "2018-06-30": 52.023, "2018-03-31": 55.66, "2017-12-31": "39.52700", "2017-09-30": 34.904, "2017-06-30": 29.917, "2017-03-31": 29.157, "2016-12-31": "28.53500", "2016-09-30": 31.025, "2016-06-30": 32.269, "2016-03-31": 32.784, "2015-12-31": "33.89300", "2015-09-30": 35.484, "2015-06-30": 37.118, "2015-03-31": 37.703, "2014-12-31": "38.98700", "2014-09-30": 39.382, "2014-06-30": 39.325, "2014-03-31": 38.419, "2013-12-31": "28.28600", "2013-09-30": 26.719, "2013-06-30": 24.383, "2013-03-31": 23.297, "2012-12-31": "24.47500", "2012-09-30": 25.643, "2012-06-30": 24.673, "2012-03-31": 25.272, "2011-12-31": "25.23600", "2011-09-30": 26.227, "2011-06-30": 25.176, "2011-03-31": 23.734, "2010-12-31": "20.23300", "2010-09-30": 22.781, "2010-06-30": 20.873, "2010-03-31": 22.062, "2009-12-31": "22.77900", "2009-09-30": 29.699, "2009-06-30": 19.239, "2009-03-31": 18.605, "2008-12-31": "18.79900", "2008-09-30": 19.601, "2008-06-30": 19.42, "2008-03-31": 17.44, "2007-12-31": "16.66500", "2007-09-30": 14.351, "2007-06-30": 14.573, "2007-03-31": 13.839, "2006-12-31": "12.90700", "2006-09-30": 12.548, "2006-06-30": 12.069, "2006-03-31": 12.094, "2005-12-31": "11.55100", "2005-09-30": 12.118, "2005-06-30": 11.269, "2005-03-31": 22.97}, "Other Non-Cash Items": {"2020-09-30": 5.533, "2020-06-30": -219.804, "2020-03-31": 397.315, "2019-12-31": "-109.08600", "2019-09-30": -46.047, "2019-06-30": -941.746, "2019-03-31": 57.419, "2018-12-31": "-95.72700", "2018-09-30": 290.838, "2018-06-30": -6.164, "2018-03-31": 26.04, "2017-12-31": "18.60700", "2017-09-30": 45.987, "2017-06-30": -4.267, "2017-03-31": -21.43, "2016-12-31": "5.78800", "2016-09-30": 32.986, "2016-06-30": -9.47, "2016-03-31": -21.698, "2015-12-31": "5.36100", "2015-09-30": -0.811, "2015-06-30": 6.156, "2015-03-31": 19.843, "2014-12-31": "-1.78100", "2014-09-30": 16.347, "2014-06-30": 2.18, "2014-03-31": -22.297, "2013-12-31": "13.54900", "2013-09-30": 1.45, "2013-06-30": 9.339, "2013-03-31": 9.282, "2012-12-31": "-8.07800", "2012-09-30": 9.925, "2012-06-30": 8.992, "2012-03-31": -6.495, "2011-12-31": "-38.02300", "2011-09-30": 13.128, "2011-06-30": -17.463, "2011-03-31": -13.239, "2010-12-31": "14.38000", "2010-09-30": 29.891, "2010-06-30": 8.005, "2010-03-31": 5.998, "2009-12-31": "5.13800", "2009-09-30": 5.772, "2009-06-30": 7.766, "2009-03-31": -3.894, "2008-12-31": "8.36400", "2008-09-30": 0.725, "2008-06-30": -7.117, "2008-03-31": -8.446, "2007-12-31": "-20.26800", "2007-09-30": -7.693, "2007-06-30": 0.752, "2007-03-31": -5.875, "2006-12-31": "4.24500", "2006-09-30": 7.252, "2006-06-30": -8.071, "2006-03-31": 3.127, "2005-12-31": "1.98300", "2005-09-30": -2.688, "2005-06-30": 0.238, "2005-03-31": 10.859}, "Total Non-Cash Items": {"2020-09-30": 215.336, "2020-06-30": -174.393, "2020-03-31": 441.975, "2019-12-31": "-65.08900", "2019-09-30": -2.787, "2019-06-30": -897.512, "2019-03-31": 99.588, "2018-12-31": "-56.12100", "2018-09-30": 342.2151, "2018-06-30": 45.859, "2018-03-31": 81.7, "2017-12-31": "58.13400", "2017-09-30": 80.891, "2017-06-30": 25.65, "2017-03-31": 7.727, "2016-12-31": "34.32300", "2016-09-30": 64.011, "2016-06-30": 22.799, "2016-03-31": 11.086, "2015-12-31": "39.25400", "2015-09-30": 34.673, "2015-06-30": 43.274, "2015-03-31": 57.546, "2014-12-31": "37.20600", "2014-09-30": 55.729, "2014-06-30": 41.505, "2014-03-31": 16.122, "2013-12-31": "41.83500", "2013-09-30": 28.169, "2013-06-30": 33.722, "2013-03-31": 32.579, "2012-12-31": "16.39700", "2012-09-30": 35.568, "2012-06-30": 33.665, "2012-03-31": 18.777, "2011-12-31": "-12.78700", "2011-09-30": 39.355, "2011-06-30": 7.713, "2011-03-31": 10.495, "2010-12-31": "34.61300", "2010-09-30": 52.672, "2010-06-30": 28.878, "2010-03-31": 28.06, "2009-12-31": "27.91700", "2009-09-30": 35.471, "2009-06-30": 27.005, "2009-03-31": 14.711, "2008-12-31": "27.16300", "2008-09-30": 20.326, "2008-06-30": 12.303, "2008-03-31": 8.994, "2007-12-31": "-3.60300", "2007-09-30": 6.658, "2007-06-30": 15.325, "2007-03-31": 7.964, "2006-12-31": "17.15200", "2006-09-30": 19.8, "2006-06-30": 3.998, "2006-03-31": 15.221, "2005-12-31": "13.53400", "2005-09-30": 9.43, "2005-06-30": 11.507, "2005-03-31": 33.829}, "Change In Accounts Receivable": {"2020-09-30": 27.831, "2020-06-30": 78.07, "2020-03-31": -92.153, "2019-12-31": "-121.53200", "2019-09-30": -85.04, "2019-06-30": 211.996, "2019-03-31": 104.211, "2018-12-31": "-299.06100", "2018-09-30": -112.544, "2018-06-30": -144.474, "2018-03-31": -187.661, "2017-12-31": "15.74900", "2017-09-30": 31.278, "2017-06-30": -15.49, "2017-03-31": 79.28, "2016-12-31": "-19.62700", "2016-09-30": 105.484, "2016-06-30": 157.165, "2016-03-31": 43.836, "2015-12-31": "90.78300", "2015-09-30": 23.318, "2015-06-30": 109.137, "2015-03-31": -25.035, "2014-12-31": "65.53800", "2014-09-30": -63.917, "2014-06-30": -0.59, "2014-03-31": -18.812, "2013-12-31": "191.26300", "2013-09-30": -202.313, "2013-06-30": -53.254, "2013-03-31": -87.607, "2012-12-31": "108.31000", "2012-09-30": -76.94, "2012-06-30": -75.199, "2012-03-31": -120.83, "2011-12-31": "45.84600", "2011-09-30": 21.583, "2011-06-30": -104.925, "2011-03-31": -207.78, "2010-12-31": "57.09800", "2010-09-30": 30.28, "2010-06-30": 20.542, "2010-03-31": -163.554, "2009-12-31": "109.68000", "2009-09-30": 53.686, "2009-06-30": 143.945, "2009-03-31": 78.805, "2008-12-31": "24.49300", "2008-09-30": -105.673, "2008-06-30": 27.412, "2008-03-31": -108.83, "2007-12-31": "-89.58000", "2007-09-30": -40.652, "2007-06-30": -8.185, "2007-03-31": -30.876, "2006-12-31": "-21.93200", "2006-09-30": 48.152, "2006-06-30": -139.712, "2006-03-31": -59.671, "2005-12-31": "-93.80000", "2005-09-30": 15.286, "2005-06-30": -43.69, "2005-03-31": -99.365}, "Change In Inventories": {"2020-09-30": 0, "2020-06-30": 0, "2020-03-31": 0, "2019-12-31": "", "2019-09-30": 0, "2019-06-30": 0, "2019-03-31": 0, "2018-12-31": "", "2018-09-30": 0, "2018-06-30": 0, "2018-03-31": 0, "2017-12-31": "", "2017-09-30": 0, "2017-06-30": 0, "2017-03-31": 0, "2016-12-31": "", "2016-09-30": 0, "2016-06-30": 0, "2016-03-31": 0, "2015-12-31": "", "2015-09-30": 0, "2015-06-30": 0, "2015-03-31": 0, "2014-12-31": "", "2014-09-30": 0, "2014-06-30": 0, "2014-03-31": 0, "2013-12-31": "", "2013-09-30": 0, "2013-06-30": 0, "2013-03-31": 0, "2012-12-31": "", "2012-09-30": 0, "2012-06-30": 0, "2012-03-31": 0, "2011-12-31": "", "2011-09-30": 0, "2011-06-30": 0, "2011-03-31": 0, "2010-12-31": "", "2010-09-30": 0, "2010-06-30": 0, "2010-03-31": 0, "2009-12-31": "", "2009-09-30": 0, "2009-06-30": 0, "2009-03-31": 0, "2008-12-31": "", "2008-09-30": 0, "2008-06-30": 0, "2008-03-31": 0, "2007-12-31": "", "2007-09-30": 0, "2007-06-30": 0, "2007-03-31": 0, "2006-12-31": "", "2006-09-30": 0, "2006-06-30": 0, "2006-03-31": 0, "2005-12-31": "", "2005-09-30": 0, "2005-06-30": 0, "2005-03-31": 0}, "Change In Accounts Payable": {"2020-09-30": 22.242, "2020-06-30": 37.585, "2020-03-31": -117.285, "2019-12-31": "-35.38000", "2019-09-30": 227.368, "2019-06-30": 74.532, "2019-03-31": -25.645, "2018-12-31": "18.89100", "2018-09-30": 44.344, "2018-06-30": 120.741, "2018-03-31": 56.847, "2017-12-31": "-38.87500", "2017-09-30": 122.279, "2017-06-30": 79.104, "2017-03-31": -36.64, "2016-12-31": "-10.78200", "2016-09-30": 47.875, "2016-06-30": -7.624, "2016-03-31": 59.506, "2015-12-31": "-143.97100", "2015-09-30": 65.61, "2015-06-30": 37.214, "2015-03-31": -51.247, "2014-12-31": "-80.52000", "2014-09-30": 195.994, "2014-06-30": 100.343, "2014-03-31": -83.513, "2013-12-31": "-104.58300", "2013-09-30": 110.063, "2013-06-30": -7.485, "2013-03-31": 13.099, "2012-12-31": "-33.28800", "2012-09-30": 23.397, "2012-06-30": 5.893, "2012-03-31": 30.265, "2011-12-31": "-48.88200", "2011-09-30": 27.234, "2011-06-30": 11.927, "2011-03-31": -27.619, "2010-12-31": "-27.53900", "2010-09-30": 13.615, "2010-06-30": -27.324, "2010-03-31": -20.684, "2009-12-31": "-12.52700", "2009-09-30": -13.625, "2009-06-30": -20.626, "2009-03-31": -46.895, "2008-12-31": "-36.39100", "2008-09-30": 56.949, "2008-06-30": 19.52, "2008-03-31": 2.736, "2007-12-31": "-33.42300", "2007-09-30": 42.565, "2007-06-30": -9.884, "2007-03-31": -43.375, "2006-12-31": "-44.04500", "2006-09-30": -5.401, "2006-06-30": 35.014, "2006-03-31": 44.387, "2005-12-31": "54.92200", "2005-09-30": 7.333, "2005-06-30": 32.881, "2005-03-31": 27.062}, "Change In Assets/Liabilities": {"2020-09-30": -47.182, "2020-06-30": 182.187, "2020-03-31": -183.59, "2019-12-31": "21.30500", "2019-09-30": -19.116, "2019-06-30": 7.027, "2019-03-31": -159.867, "2018-12-31": "158.83900", "2018-09-30": -59.449, "2018-06-30": 9.077, "2018-03-31": -38.799, "2017-12-31": "70.03700", "2017-09-30": -124.61, "2017-06-30": -17.177, "2017-03-31": -28.942, "2016-12-31": "114.99800", "2016-09-30": 10.502, "2016-06-30": -40.086, "2016-03-31": 47.956, "2015-12-31": "32.88100", "2015-09-30": -55.233, "2015-06-30": 34.864, "2015-03-31": -31.263, "2014-12-31": "29.17800", "2014-09-30": 30.771, "2014-06-30": -3.856, "2014-03-31": -80.957, "2013-12-31": "62.07500", "2013-09-30": 26.831, "2013-06-30": 47.17, "2013-03-31": -24.942, "2012-12-31": "34.90100", "2012-09-30": -6.867, "2012-06-30": -51.166, "2012-03-31": -13.353, "2011-12-31": "36.49500", "2011-09-30": -5.659, "2011-06-30": -26.161, "2011-03-31": 22.178, "2010-12-31": "8.34200", "2010-09-30": -43.239, "2010-06-30": -9.211, "2010-03-31": -14.791, "2009-12-31": "24.36600", "2009-09-30": -16.763, "2009-06-30": 5.246, "2009-03-31": -50.896, "2008-12-31": "71.91600", "2008-09-30": -16.555, "2008-06-30": -36.189, "2008-03-31": 2.169, "2007-12-31": "23.51800", "2007-09-30": 31.799, "2007-06-30": 18.209, "2007-03-31": 18.916, "2006-12-31": "46.99700", "2006-09-30": -28.759, "2006-06-30": 8.422, "2006-03-31": -3.601, "2005-12-31": "11.63100", "2005-09-30": -4.988, "2005-06-30": 0.046, "2005-03-31": 11.828}, "Total Change In Assets/Liabilities": {"2020-09-30": 89.099, "2020-06-30": 272.546, "2020-03-31": -210.505, "2019-12-31": "-371.69700", "2019-09-30": -316.32, "2019-06-30": 190.139, "2019-03-31": 30.884, "2018-12-31": "-291.27900", "2018-09-30": -104.508, "2018-06-30": 14.052, "2018-03-31": -80.098, "2017-12-31": "-63.22900", "2017-09-30": 7.49, "2017-06-30": 61.331, "2017-03-31": 37.884, "2016-12-31": "14.95100", "2016-09-30": 140.889, "2016-06-30": 91.145, "2016-03-31": 159.976, "2015-12-31": "-64.21900", "2015-09-30": 23.171, "2015-06-30": 140.619, "2015-03-31": -181.302, "2014-12-31": "-4.45900", "2014-09-30": 82.072, "2014-06-30": 178.549, "2014-03-31": -235.119, "2013-12-31": "179.17100", "2013-09-30": -130.787, "2013-06-30": 39.905, "2013-03-31": -127.783, "2012-12-31": "119.19100", "2012-09-30": 11.615, "2012-06-30": -112.623, "2012-03-31": -125.871, "2011-12-31": "66.35900", "2011-09-30": -22.035, "2011-06-30": -32.905, "2011-03-31": -173.988, "2010-12-31": "45.52300", "2010-09-30": -143.53, "2010-06-30": 71.76, "2010-03-31": -229.009, "2009-12-31": "139.87100", "2009-09-30": -64.359, "2009-06-30": 158.1, "2009-03-31": -125.959, "2008-12-31": "59.57800", "2008-09-30": 4.726, "2008-06-30": 45.832, "2008-03-31": -79.407, "2007-12-31": "-117.51800", "2007-09-30": 89.898, "2007-06-30": -31.448, "2007-03-31": -27.662, "2006-12-31": "-4.75100", "2006-09-30": 47.366, "2006-06-30": -80.175, "2006-03-31": 31.935, "2005-12-31": "-26.45800", "2005-09-30": 24.425, "2005-06-30": 1.065, "2005-03-31": -63.179}, "Cash Flow From Operating Activities": {"2020-09-30": 432.373, "2020-06-30": 359.508, "2020-03-31": 152.154, "2019-12-31": "-137.18600", "2019-09-30": -146.123, "2019-06-30": -165.081, "2019-03-31": 169.469, "2018-12-31": "-224.70100", "2018-09-30": 212.202, "2018-06-30": 214.746, "2018-03-31": 7.318, "2017-12-31": "46.88600", "2017-09-30": 194.294, "2017-06-30": 179.538, "2017-03-31": 90.622, "2016-12-31": "110.42700", "2016-09-30": 234.425, "2016-06-30": 181.448, "2016-03-31": 237.583, "2015-12-31": "26.71700", "2015-09-30": 97.819, "2015-06-30": 282.572, "2015-03-31": -34.79, "2014-12-31": "138.97100", "2014-09-30": 236.503, "2014-06-30": 289.478, "2014-03-31": -130.745, "2013-12-31": "326.48000", "2013-09-30": 11.318, "2013-06-30": 184.525, "2013-03-31": 5.986, "2012-12-31": "246.68700", "2012-09-30": 158.11, "2012-06-30": 19.659, "2012-03-31": -24.146, "2011-12-31": "146.18200", "2011-09-30": 112.301, "2011-06-30": 60.392, "2011-03-31": -81.973, "2010-12-31": "145.77000", "2010-09-30": -13.589, "2010-06-30": 120.043, "2010-03-31": -123.202, "2009-12-31": "240.36900", "2009-09-30": 50.508, "2009-06-30": 280.021, "2009-03-31": -1.903, "2008-12-31": "203.03300", "2008-09-30": 139.992, "2008-06-30": 166.978, "2008-03-31": 29.008, "2007-12-31": "-22.56700", "2007-09-30": 180.814, "2007-06-30": 58.795, "2007-03-31": 46.66, "2006-12-31": "74.59200", "2006-09-30": 126.424, "2006-06-30": -25.202, "2006-03-31": 92.03, "2005-12-31": "30.27900", "2005-09-30": 72.461, "2005-06-30": 49.58, "2005-03-31": 28.254}, "Net Change In Property, Plant, And Equipment": {"2020-09-30": -29.448, "2020-06-30": -27.426, "2020-03-31": -39.039, "2019-12-31": "-22.26000", "2019-09-30": -29.43, "2019-06-30": -45.13, "2019-03-31": -33.724, "2018-12-31": "-20.51600", "2018-09-30": -28.611, "2018-06-30": -18.563, "2018-03-31": -22.071, "2017-12-31": "-22.34600", "2017-09-30": -43.395, "2017-06-30": -26.567, "2017-03-31": -24.661, "2016-12-31": "-21.05000", "2016-09-30": -17.541, "2016-06-30": -10.609, "2016-03-31": -13.205, "2015-12-31": "-15.85400", "2015-09-30": -24.276, "2015-06-30": -9.62, "2015-03-31": -23.738, "2014-12-31": "-30.40100", "2014-09-30": -18.294, "2014-06-30": -25.6, "2014-03-31": -27.59, "2013-12-31": "-37.87700", "2013-09-30": -35.035, "2013-06-30": -25.37, "2013-03-31": -37.633, "2012-12-31": "-24.95600", "2012-09-30": -19.467, "2012-06-30": -32.492, "2012-03-31": -17.591, "2011-12-31": "-19.97900", "2011-09-30": -14.377, "2011-06-30": -64.843, "2011-03-31": -10.591, "2010-12-31": "-5.07800", "2010-09-30": -7.241, "2010-06-30": -16.262, "2010-03-31": -15.114, "2009-12-31": "3.92100", "2009-09-30": -8.327, "2009-06-30": -10.263, "2009-03-31": -16.138, "2008-12-31": "-18.53000", "2008-09-30": -27.757, "2008-06-30": -43.563, "2008-03-31": -24.802, "2007-12-31": "-18.28100", "2007-09-30": -17.491, "2007-06-30": -13.392, "2007-03-31": -17.593, "2006-12-31": "-14.65400", "2006-09-30": -14.304, "2006-06-30": -14.461, "2006-03-31": -13.429, "2005-12-31": "-10.48400", "2005-09-30": -9.963, "2005-06-30": -10.229, "2005-03-31": -22.356}, "Net Change In Intangible Assets": {"2020-09-30": 0, "2020-06-30": 0, "2020-03-31": 0, "2019-12-31": "", "2019-09-30": 0, "2019-06-30": 0, "2019-03-31": 0, "2018-12-31": "", "2018-09-30": 0, "2018-06-30": 0, "2018-03-31": 0, "2017-12-31": "", "2017-09-30": 0, "2017-06-30": 0, "2017-03-31": 0, "2016-12-31": "", "2016-09-30": -10.027, "2016-06-30": 0, "2016-03-31": 0, "2015-12-31": "", "2015-09-30": 0, "2015-06-30": 0, "2015-03-31": 0, "2014-12-31": "", "2014-09-30": 0, "2014-06-30": 0, "2014-03-31": 0, "2013-12-31": "", "2013-09-30": 0, "2013-06-30": 0, "2013-03-31": 0, "2012-12-31": "", "2012-09-30": 0, "2012-06-30": 0, "2012-03-31": 0, "2011-12-31": "", "2011-09-30": 0, "2011-06-30": 0, "2011-03-31": 0, "2010-12-31": "", "2010-09-30": 0, "2010-06-30": 0, "2010-03-31": 0, "2009-12-31": "", "2009-09-30": 0, "2009-06-30": 0, "2009-03-31": 0, "2008-12-31": "", "2008-09-30": 0, "2008-06-30": 0, "2008-03-31": 0, "2007-12-31": "", "2007-09-30": 0, "2007-06-30": 0, "2007-03-31": 0, "2006-12-31": "", "2006-09-30": 0, "2006-06-30": 0, "2006-03-31": 0, "2005-12-31": "", "2005-09-30": 0, "2005-06-30": 0, "2005-03-31": 0}, "Net Acquisitions/Divestitures": {"2020-09-30": -7.046, "2020-06-30": 0, "2020-03-31": -291.595, "2019-12-31": "", "2019-09-30": 4.691, "2019-06-30": 2221.624, "2019-03-31": 0, "2018-12-31": "", "2018-09-30": 4.543, "2018-06-30": -3.729, "2018-03-31": -115.605, "2017-12-31": "-1365.80900", "2017-09-30": -125.408, "2017-06-30": 0, "2017-03-31": -24.782, "2016-12-31": "-2.03600", "2016-09-30": -19.268, "2016-06-30": -39.214, "2016-03-31": 0, "2015-12-31": "-10.50000", "2015-09-30": -8.101, "2015-06-30": 0, "2015-03-31": 0, "2014-12-31": "", "2014-09-30": -157.99, "2014-06-30": -28.815, "2014-03-31": -64.604, "2013-12-31": "-1132.93300", "2013-09-30": -17.116, "2013-06-30": -22.313, "2013-03-31": 0, "2012-12-31": "", "2012-09-30": -18.147, "2012-06-30": -4.146, "2012-03-31": -3.463, "2011-12-31": "-65.81900", "2011-09-30": -0.584, "2011-06-30": -93.017, "2011-03-31": -559.787, "2010-12-31": "-58.03300", "2010-09-30": -0.694, "2010-06-30": 3.052, "2010-03-31": -41.719, "2009-12-31": "-220.13100", "2009-09-30": -22.296, "2009-06-30": 0, "2009-03-31": 0, "2008-12-31": "-1.03300", "2008-09-30": -27.75, "2008-06-30": -5.456, "2008-03-31": -31.011, "2007-12-31": "-199.85000", "2007-09-30": -2.958, "2007-06-30": -46.016, "2007-03-31": -15.796, "2006-12-31": "-23.95100", "2006-09-30": 0, "2006-06-30": -1.593, "2006-03-31": -6.671, "2005-12-31": "-2.69100", "2005-09-30": 0, "2005-06-30": 0, "2005-03-31": 0}, "Net Change In Short-term Investments": {"2020-09-30": 0.08, "2020-06-30": -12.358, "2020-03-31": 0, "2019-12-31": "", "2019-09-30": 59.851, "2019-06-30": -3.904, "2019-03-31": 0, "2018-12-31": "", "2018-09-30": -5.416, "2018-06-30": 0, "2018-03-31": 0, "2017-12-31": "", "2017-09-30": 0, "2017-06-30": 0, "2017-03-31": 0, "2016-12-31": "", "2016-09-30": -3.403, "2016-06-30": 0, "2016-03-31": 0, "2015-12-31": "", "2015-09-30": 0, "2015-06-30": 0, "2015-03-31": 0, "2014-12-31": "", "2014-09-30": 0, "2014-06-30": 0, "2014-03-31": 0, "2013-12-31": "", "2013-09-30": 0, "2013-06-30": 0, "2013-03-31": 0, "2012-12-31": "", "2012-09-30": 0, "2012-06-30": 0, "2012-03-31": 0, "2011-12-31": "", "2011-09-30": 4.667, "2011-06-30": 0, "2011-03-31": 0, "2010-12-31": "", "2010-09-30": 0, "2010-06-30": 0, "2010-03-31": 0, "2009-12-31": "", "2009-09-30": 0, "2009-06-30": 0, "2009-03-31": 0, "2008-12-31": "", "2008-09-30": 0, "2008-06-30": 0, "2008-03-31": 0, "2007-12-31": "", "2007-09-30": 0, "2007-06-30": 0, "2007-03-31": 0, "2006-12-31": "", "2006-09-30": 0, "2006-06-30": 0, "2006-03-31": 0, "2005-12-31": "", "2005-09-30": 0, "2005-06-30": 0, "2005-03-31": 0}, "Net Change In Long-Term Investments": {"2020-09-30": 0, "2020-06-30": 12.358, "2020-03-31": -0.358, "2019-12-31": "-12.00000", "2019-09-30": -64.708, "2019-06-30": 68.612, "2019-03-31": -2.938, "2018-12-31": "-0.96600", "2018-09-30": -7.614, "2018-06-30": 15.31, "2018-03-31": -7.089, "2017-12-31": "-0.60700", "2017-09-30": 31.701, "2017-06-30": 0, "2017-03-31": 0, "2016-12-31": "", "2016-09-30": 3.406, "2016-06-30": 0, "2016-03-31": -3.406, "2015-12-31": "", "2015-09-30": 0, "2015-06-30": 0, "2015-03-31": 0, "2014-12-31": "0.01300", "2014-09-30": 0.46, "2014-06-30": -0.099, "2014-03-31": 0.036, "2013-12-31": "-25.47600", "2013-09-30": -0.008, "2013-06-30": -0.005, "2013-03-31": 0.406, "2012-12-31": "-0.39700", "2012-09-30": 0.745, "2012-06-30": -0.085, "2012-03-31": -0.64, "2011-12-31": "-0.04300", "2011-09-30": -4.522, "2011-06-30": -0.229, "2011-03-31": 4.566, "2010-12-31": "-0.00800", "2010-09-30": -1.558, "2010-06-30": 16.545, "2010-03-31": -8.874, "2009-12-31": "-112.84600", "2009-09-30": -2.394, "2009-06-30": -24.879, "2009-03-31": -1.991, "2008-12-31": "-2.96800", "2008-09-30": -10.286, "2008-06-30": 3.306, "2008-03-31": -0.819, "2007-12-31": "15.23000", "2007-09-30": -2.752, "2007-06-30": 5.107, "2007-03-31": -8.567, "2006-12-31": "3.35900", "2006-09-30": -1.787, "2006-06-30": 0.764, "2006-03-31": -2.768, "2005-12-31": "0.07700", "2005-09-30": 0.399, "2005-06-30": 3.204, "2005-03-31": -2.039}, "Net Change In Investments - Total": {"2020-09-30": 0.08, "2020-06-30": 0, "2020-03-31": -0.358, "2019-12-31": "-12.00000", "2019-09-30": -4.857, "2019-06-30": 64.708, "2019-03-31": -2.938, "2018-12-31": "-0.96600", "2018-09-30": -13.03, "2018-06-30": 15.31, "2018-03-31": -7.089, "2017-12-31": "-0.60700", "2017-09-30": 31.701, "2017-06-30": 0, "2017-03-31": 0, "2016-12-31": "", "2016-09-30": 0.003, "2016-06-30": 0, "2016-03-31": -3.406, "2015-12-31": "", "2015-09-30": 0, "2015-06-30": 0, "2015-03-31": 0, "2014-12-31": "0.01300", "2014-09-30": 0.46, "2014-06-30": -0.099, "2014-03-31": 0.036, "2013-12-31": "-25.47600", "2013-09-30": -0.008, "2013-06-30": -0.005, "2013-03-31": 0.406, "2012-12-31": "-0.39700", "2012-09-30": 0.745, "2012-06-30": -0.085, "2012-03-31": -0.64, "2011-12-31": "-0.04300", "2011-09-30": 0.145, "2011-06-30": -0.229, "2011-03-31": 4.566, "2010-12-31": "-0.00800", "2010-09-30": -1.558, "2010-06-30": 16.545, "2010-03-31": -8.874, "2009-12-31": "-112.84600", "2009-09-30": -2.394, "2009-06-30": -24.879, "2009-03-31": -1.991, "2008-12-31": "-2.96800", "2008-09-30": -10.286, "2008-06-30": 3.306, "2008-03-31": -0.819, "2007-12-31": "15.23000", "2007-09-30": -2.752, "2007-06-30": 5.107, "2007-03-31": -8.567, "2006-12-31": "3.35900", "2006-09-30": -1.787, "2006-06-30": 0.764, "2006-03-31": -2.768, "2005-12-31": "0.07700", "2005-09-30": 0.399, "2005-06-30": 3.204, "2005-03-31": -2.039}, "Investing Activities - Other": {"2020-09-30": 0, "2020-06-30": 0, "2020-03-31": 0, "2019-12-31": "", "2019-09-30": 0, "2019-06-30": 0, "2019-03-31": 0, "2018-12-31": "-1.11300", "2018-09-30": 0, "2018-06-30": 0, "2018-03-31": 0, "2017-12-31": "", "2017-09-30": 0, "2017-06-30": 0, "2017-03-31": 0, "2016-12-31": "", "2016-09-30": 0, "2016-06-30": 0, "2016-03-31": 0, "2015-12-31": "", "2015-09-30": 0, "2015-06-30": 0, "2015-03-31": 0, "2014-12-31": "", "2014-09-30": 0, "2014-06-30": 0, "2014-03-31": 0, "2013-12-31": "", "2013-09-30": 1.013, "2013-06-30": 0.945, "2013-03-31": 3.386, "2012-12-31": "", "2012-09-30": 0, "2012-06-30": 0, "2012-03-31": 0, "2011-12-31": "", "2011-09-30": -4.01, "2011-06-30": 2.927, "2011-03-31": -1.253, "2010-12-31": "2.33600", "2010-09-30": 7.638, "2010-06-30": 6.093, "2010-03-31": -13.144, "2009-12-31": "1.84800", "2009-09-30": -5.74, "2009-06-30": -2.061, "2009-03-31": 16.298, "2008-12-31": "7.21600", "2008-09-30": -23.543, "2008-06-30": -10.619, "2008-03-31": -5.146, "2007-12-31": "0.43700", "2007-09-30": -4.382, "2007-06-30": -6.083, "2007-03-31": 0.661, "2006-12-31": "-1.28800", "2006-09-30": -0.933, "2006-06-30": 1.067, "2006-03-31": 0.96, "2005-12-31": "-1.31500", "2005-09-30": -23.626, "2005-06-30": -1.765, "2005-03-31": -1.955}, "Cash Flow From Investing Activities": {"2020-09-30": -36.414, "2020-06-30": -27.426, "2020-03-31": -330.992, "2019-12-31": "-34.26000", "2019-09-30": -29.596, "2019-06-30": 2241.202, "2019-03-31": -36.662, "2018-12-31": "-22.59500", "2018-09-30": -37.098, "2018-06-30": -6.982, "2018-03-31": -144.765, "2017-12-31": "-1388.76200", "2017-09-30": -137.102, "2017-06-30": -26.567, "2017-03-31": -49.443, "2016-12-31": "-23.08600", "2016-09-30": -46.833, "2016-06-30": -49.823, "2016-03-31": -16.611, "2015-12-31": "-26.35400", "2015-09-30": -32.377, "2015-06-30": -9.62, "2015-03-31": -23.738, "2014-12-31": "-30.38800", "2014-09-30": -175.824, "2014-06-30": -54.514, "2014-03-31": -92.158, "2013-12-31": "-1196.28600", "2013-09-30": -51.146, "2013-06-30": -46.743, "2013-03-31": -33.841, "2012-12-31": "-25.35300", "2012-09-30": -36.869, "2012-06-30": -36.723, "2012-03-31": -21.694, "2011-12-31": "-85.84100", "2011-09-30": -18.826, "2011-06-30": -155.162, "2011-03-31": -567.065, "2010-12-31": "-60.78300", "2010-09-30": -1.855, "2010-06-30": 9.428, "2010-03-31": -78.851, "2009-12-31": "-327.20800", "2009-09-30": -38.757, "2009-06-30": -37.203, "2009-03-31": -1.831, "2008-12-31": "-15.31500", "2008-09-30": -89.336, "2008-06-30": -56.332, "2008-03-31": -61.778, "2007-12-31": "-202.46400", "2007-09-30": -27.583, "2007-06-30": -60.384, "2007-03-31": -41.295, "2006-12-31": "-36.53400", "2006-09-30": -17.024, "2006-06-30": -14.223, "2006-03-31": -21.908, "2005-12-31": "-14.41300", "2005-09-30": -33.19, "2005-06-30": -8.79, "2005-03-31": -26.35}, "Net Long-Term Debt": {"2020-09-30": -491.2441, "2020-06-30": -954.8631, "2020-03-31": 1700.757, "2019-12-31": "210.54400", "2019-09-30": 179.71, "2019-06-30": -2094.2139, "2019-03-31": 172.4129, "2018-12-31": "527.31400", "2018-09-30": -189.052, "2018-06-30": -160.976, "2018-03-31": -80.945, "2017-12-31": "1643.14600", "2017-09-30": -48.3, "2017-06-30": -61.661, "2017-03-31": -54.145, "2016-12-31": "11.33200", "2016-09-30": -93.046, "2016-06-30": -45.4001, "2016-03-31": -95.6689, "2015-12-31": "42.97900", "2015-09-30": -61.9889, "2015-06-30": -75.9091, "2015-03-31": 36.642, "2014-12-31": "-37.21400", "2014-09-30": -3.04, "2014-06-30": -143.416, "2014-03-31": -110.016, "2013-12-31": "620.72700", "2013-09-30": -30.442, "2013-06-30": -18.798, "2013-03-31": -47.915, "2012-12-31": "-21.13800", "2012-09-30": -0.098, "2012-06-30": 243.288, "2012-03-31": 285.385, "2011-12-31": "", "2011-09-30": -0.3529, "2011-06-30": 213.585, "2011-03-31": 361.925, "2010-12-31": "11.33500", "2010-09-30": -0.035, "2010-06-30": -0.032, "2010-03-31": -0.03, "2009-12-31": "-0.12000", "2009-09-30": -12.084, "2009-06-30": -14.894, "2009-03-31": -14.43, "2008-12-31": "-4.55500", "2008-09-30": 20.125, "2008-06-30": 6.069, "2008-03-31": -3.965, "2007-12-31": "-3.99400", "2007-09-30": -25.821, "2007-06-30": -7.499, "2007-03-31": -25.671, "2006-12-31": "16.60500", "2006-09-30": -20.988, "2006-06-30": -8.135, "2006-03-31": 6.255, "2005-12-31": "4.79800", "2005-09-30": -13.935, "2005-06-30": -0.864, "2005-03-31": 26.659}, "Net Current Debt": {"2020-09-30": 0, "2020-06-30": 0, "2020-03-31": -200.002, "2019-12-31": "0.07200", "2019-09-30": -22.664, "2019-06-30": 198.255, "2019-03-31": -3.899, "2018-12-31": "-0.25700", "2018-09-30": -3.841, "2018-06-30": 1.162, "2018-03-31": 0, "2017-12-31": "", "2017-09-30": -0.001, "2017-06-30": -0.023, "2017-03-31": 0, "2016-12-31": "0.66900", "2016-09-30": -6.438, "2016-06-30": 6.284, "2016-03-31": -0.402, "2015-12-31": "-10.44600", "2015-09-30": -23.497, "2015-06-30": -5.989, "2015-03-31": 0.278, "2014-12-31": "9.45100", "2014-09-30": -3.099, "2014-06-30": -24.051, "2014-03-31": 9.112, "2013-12-31": "-0.17700", "2013-09-30": 10.984, "2013-06-30": 9.177, "2013-03-31": -1.551, "2012-12-31": "5.08400", "2012-09-30": -1.8, "2012-06-30": -255.197, "2012-03-31": -297.586, "2011-12-31": "-22.73200", "2011-09-30": 46.141, "2011-06-30": -102.283, "2011-03-31": -18.389, "2010-12-31": "-7.80800", "2010-09-30": -19.164, "2010-06-30": -1.964, "2010-03-31": -18.318, "2009-12-31": "97.53600", "2009-09-30": -15.177, "2009-06-30": 30.875, "2009-03-31": -1.199, "2008-12-31": "1.43400", "2008-09-30": -0.12, "2008-06-30": -0.243, "2008-03-31": -0.001, "2007-12-31": "-6.45700", "2007-09-30": 0.529, "2007-06-30": 0, "2007-03-31": 0, "2006-12-31": "-14.47400", "2006-09-30": 3.641, "2006-06-30": -0.965, "2006-03-31": 2.469, "2005-12-31": "2.80300", "2005-09-30": -5.248, "2005-06-30": -0.096, "2005-03-31": 10.783}, "Debt Issuance/Retirement Net - Total": {"2020-09-30": -491.244, "2020-06-30": -954.8631, "2020-03-31": 1500.755, "2019-12-31": "210.61600", "2019-09-30": 157.046, "2019-06-30": -1895.9589, "2019-03-31": 168.514, "2018-12-31": "527.05690", "2018-09-30": -192.893, "2018-06-30": -159.814, "2018-03-31": -80.945, "2017-12-31": "1643.14600", "2017-09-30": -48.301, "2017-06-30": -61.684, "2017-03-31": -54.145, "2016-12-31": "12.00100", "2016-09-30": -99.484, "2016-06-30": -39.1161, "2016-03-31": -96.0709, "2015-12-31": "32.53300", "2015-09-30": -85.4859, "2015-06-30": -81.8981, "2015-03-31": 36.92, "2014-12-31": "-27.76300", "2014-09-30": -6.139, "2014-06-30": -167.467, "2014-03-31": -100.904, "2013-12-31": "620.55000", "2013-09-30": -19.458, "2013-06-30": -9.621, "2013-03-31": -49.466, "2012-12-31": "-16.05400", "2012-09-30": -1.8981, "2012-06-30": -11.909, "2012-03-31": -12.201, "2011-12-31": "-22.73200", "2011-09-30": 45.7881, "2011-06-30": 111.302, "2011-03-31": 343.536, "2010-12-31": "3.52700", "2010-09-30": -19.199, "2010-06-30": -1.996, "2010-03-31": -18.348, "2009-12-31": "97.41600", "2009-09-30": -27.261, "2009-06-30": 15.981, "2009-03-31": -15.629, "2008-12-31": "-3.12100", "2008-09-30": 20.005, "2008-06-30": 5.826, "2008-03-31": -3.966, "2007-12-31": "-10.45100", "2007-09-30": -25.292, "2007-06-30": -7.499, "2007-03-31": -25.671, "2006-12-31": "2.13100", "2006-09-30": -17.347, "2006-06-30": -9.1, "2006-03-31": 8.724, "2005-12-31": "7.60100", "2005-09-30": -19.183, "2005-06-30": -0.96, "2005-03-31": 37.442}, "Net Common Equity Issued/Repurchased": {"2020-09-30": -42.987, "2020-06-30": 9.873, "2020-03-31": -273.103, "2019-12-31": "6.20100", "2019-09-30": -310.243, "2019-06-30": -15.985, "2019-03-31": -328.273, "2018-12-31": "-134.21700", "2018-09-30": 19.997, "2018-06-30": 6.921, "2018-03-31": 9.231, "2017-12-31": "14.45400", "2017-09-30": 9.355, "2017-06-30": -9.627, "2017-03-31": -41.438, "2016-12-31": "7.17500", "2016-09-30": -33.469, "2016-06-30": -19.385, "2016-03-31": -23.229, "2015-12-31": "-33.32700", "2015-09-30": -41.206, "2015-06-30": -110.836, "2015-03-31": -131.373, "2014-12-31": "-105.67900", "2014-09-30": -67.87, "2014-06-30": 12.056, "2014-03-31": 12.532, "2013-12-31": "9.58700", "2013-09-30": 10.852, "2013-06-30": 11.426, "2013-03-31": 14.34, "2012-12-31": "9.46100", "2012-09-30": 10.111, "2012-06-30": 12.738, "2012-03-31": 11.066, "2011-12-31": "9.65300", "2011-09-30": 9.777, "2011-06-30": 14.014, "2011-03-31": 11.078, "2010-12-31": "11.07400", "2010-09-30": 8.567, "2010-06-30": 9.58, "2010-03-31": 10.124, "2009-12-31": "7.93800", "2009-09-30": 10.91, "2009-06-30": 10.295, "2009-03-31": 11.867, "2008-12-31": "10.28900", "2008-09-30": 11.921, "2008-06-30": 11.668, "2008-03-31": 13.245, "2007-12-31": "9.52800", "2007-09-30": 9.307, "2007-06-30": 10.428, "2007-03-31": 8.174, "2006-12-31": "6.78200", "2006-09-30": 7.69, "2006-06-30": 9.094, "2006-03-31": 7.146, "2005-12-31": "5.45800", "2005-09-30": 10.207, "2005-06-30": 11.228, "2005-03-31": 15.624}, "Net Total Equity Issued/Repurchased": {"2020-09-30": -42.987, "2020-06-30": 9.873, "2020-03-31": -273.103, "2019-12-31": "6.20100", "2019-09-30": -310.243, "2019-06-30": -15.985, "2019-03-31": -328.273, "2018-12-31": "-134.21700", "2018-09-30": 19.997, "2018-06-30": 6.921, "2018-03-31": 9.231, "2017-12-31": "14.45400", "2017-09-30": 9.355, "2017-06-30": -9.627, "2017-03-31": -41.438, "2016-12-31": "7.17500", "2016-09-30": -33.469, "2016-06-30": -19.385, "2016-03-31": -23.229, "2015-12-31": "-33.32700", "2015-09-30": -41.206, "2015-06-30": -110.836, "2015-03-31": -131.373, "2014-12-31": "-105.67900", "2014-09-30": -67.87, "2014-06-30": 12.056, "2014-03-31": 12.532, "2013-12-31": "9.58700", "2013-09-30": 10.852, "2013-06-30": 11.426, "2013-03-31": 14.34, "2012-12-31": "9.46100", "2012-09-30": 10.111, "2012-06-30": 12.738, "2012-03-31": 11.066, "2011-12-31": "9.65300", "2011-09-30": 9.777, "2011-06-30": 14.014, "2011-03-31": 11.078, "2010-12-31": "11.07400", "2010-09-30": 8.567, "2010-06-30": 9.58, "2010-03-31": 10.124, "2009-12-31": "7.93800", "2009-09-30": 10.91, "2009-06-30": 10.295, "2009-03-31": 11.867, "2008-12-31": "10.28900", "2008-09-30": 11.921, "2008-06-30": 11.668, "2008-03-31": 13.245, "2007-12-31": "9.52800", "2007-09-30": 9.307, "2007-06-30": 10.428, "2007-03-31": 8.174, "2006-12-31": "6.78200", "2006-09-30": 7.69, "2006-06-30": 9.094, "2006-03-31": 7.146, "2005-12-31": "5.45800", "2005-09-30": 10.207, "2005-06-30": 11.228, "2005-03-31": 15.624}, "Total Common And Preferred Stock Dividends Paid": {"2020-09-30": 0, "2020-06-30": 63.53, "2020-03-31": -37.912, "2019-12-31": "-25.61800", "2019-09-30": 0, "2019-06-30": 56.39, "2019-03-31": -27.787, "2018-12-31": "-28.60300", "2018-09-30": 65.232, "2018-06-30": -20.999, "2018-03-31": -26.09, "2017-12-31": "-18.14300", "2017-09-30": -18.082, "2017-06-30": -40.711, "2017-03-31": 0, "2016-12-31": "", "2016-09-30": 0, "2016-06-30": 0, "2016-03-31": 0, "2015-12-31": "", "2015-09-30": 0, "2015-06-30": 0, "2015-03-31": 0, "2014-12-31": "", "2014-09-30": 0, "2014-06-30": 0, "2014-03-31": 0, "2013-12-31": "", "2013-09-30": 0, "2013-06-30": 0, "2013-03-31": 0, "2012-12-31": "", "2012-09-30": 0, "2012-06-30": 0, "2012-03-31": 0, "2011-12-31": "", "2011-09-30": 0, "2011-06-30": 0, "2011-03-31": 0, "2010-12-31": "", "2010-09-30": 0, "2010-06-30": 0, "2010-03-31": 0, "2009-12-31": "", "2009-09-30": 0, "2009-06-30": 0, "2009-03-31": 0, "2008-12-31": "", "2008-09-30": 0, "2008-06-30": 0, "2008-03-31": 0, "2007-12-31": "", "2007-09-30": 0, "2007-06-30": 0, "2007-03-31": 0, "2006-12-31": "", "2006-09-30": 0, "2006-06-30": 0, "2006-03-31": 0, "2005-12-31": "", "2005-09-30": 0, "2005-06-30": 0, "2005-03-31": 0}, "Financial Activities - Other": {"2020-09-30": -46.58, "2020-06-30": -100.434, "2020-03-31": -2.215, "2019-12-31": "-24.33400", "2019-09-30": -24.767, "2019-06-30": -88.127, "2019-03-31": -5.546, "2018-12-31": "-18.51200", "2018-09-30": -89.702, "2018-06-30": -10.835, "2018-03-31": -3.36, "2017-12-31": "-13.78000", "2017-09-30": 0.135, "2017-06-30": 19.413, "2017-03-31": -12.823, "2016-12-31": "-3.84800", "2016-09-30": -2.946, "2016-06-30": 0.148, "2016-03-31": 0.024, "2015-12-31": "-2.70400", "2015-09-30": 0.505, "2015-06-30": 0.453, "2015-03-31": 0, "2014-12-31": "-6.95100", "2014-09-30": -1.242, "2014-06-30": -2.795, "2014-03-31": -1.335, "2013-12-31": "-2.05300", "2013-09-30": 0.079, "2013-06-30": -2.727, "2013-03-31": -4.62, "2012-12-31": "-3.91900", "2012-09-30": 0.203, "2012-06-30": -2.673, "2012-03-31": 4.219, "2011-12-31": "0.69900", "2011-09-30": 0.073, "2011-06-30": 2.934, "2011-03-31": 3.529, "2010-12-31": "0.30100", "2010-09-30": 2.032, "2010-06-30": 1.37, "2010-03-31": -6.427, "2009-12-31": "2.05700", "2009-09-30": -49.872, "2009-06-30": 1.265, "2009-03-31": -3.709, "2008-12-31": "-0.01800", "2008-09-30": 5.277, "2008-06-30": 13.315, "2008-03-31": 11.505, "2007-12-31": "10.91600", "2007-09-30": -3.739, "2007-06-30": -8.949, "2007-03-31": 9.323, "2006-12-31": "4.71000", "2006-09-30": -3.384, "2006-06-30": 20.483, "2006-03-31": 10.618, "2005-12-31": "1.33600", "2005-09-30": 4.845, "2005-06-30": -1.479, "2005-03-31": 2.972}, "Cash Flow From Financial Activities": {"2020-09-30": -580.811, "2020-06-30": -981.894, "2020-03-31": 1187.525, "2019-12-31": "166.86500", "2019-09-30": -177.964, "2019-06-30": -1943.681, "2019-03-31": -193.092, "2018-12-31": "345.72500", "2018-09-30": -197.366, "2018-06-30": -184.727, "2018-03-31": -101.164, "2017-12-31": "1625.67700", "2017-09-30": -56.893, "2017-06-30": -92.609, "2017-03-31": -108.406, "2016-12-31": "15.32800", "2016-09-30": -135.899, "2016-06-30": -58.353, "2016-03-31": -119.276, "2015-12-31": "-3.49800", "2015-09-30": -126.187, "2015-06-30": -192.281, "2015-03-31": -94.453, "2014-12-31": "-140.39300", "2014-09-30": -75.251, "2014-06-30": -158.206, "2014-03-31": -89.707, "2013-12-31": "628.08400", "2013-09-30": -8.527, "2013-06-30": -0.922, "2013-03-31": -39.746, "2012-12-31": "-10.51200", "2012-09-30": 8.416, "2012-06-30": -1.844, "2012-03-31": 3.084, "2011-12-31": "-12.38000", "2011-09-30": 55.638, "2011-06-30": 128.25, "2011-03-31": 358.143, "2010-12-31": "14.90200", "2010-09-30": -8.6, "2010-06-30": 8.954, "2010-03-31": -14.651, "2009-12-31": "107.41100", "2009-09-30": -66.223, "2009-06-30": 27.541, "2009-03-31": -7.471, "2008-12-31": "7.15000", "2008-09-30": 37.203, "2008-06-30": 30.809, "2008-03-31": 20.784, "2007-12-31": "9.99300", "2007-09-30": -19.724, "2007-06-30": -6.02, "2007-03-31": -8.174, "2006-12-31": "13.62300", "2006-09-30": -13.041, "2006-06-30": 20.477, "2006-03-31": 26.488, "2005-12-31": "14.39500", "2005-09-30": -4.131, "2005-06-30": 8.789, "2005-03-31": 56.038}, "Net Cash Flow": {"2020-09-30": -162.386, "2020-06-30": -631.069, "2020-03-31": 1036.667, "2019-12-31": "-11.85600", "2019-09-30": -367.174, "2019-06-30": 147.604, "2019-03-31": -36.069, "2018-12-31": "93.34900", "2018-09-30": -27.834, "2018-06-30": -172.711, "2018-03-31": -224.424, "2017-12-31": "285.68800", "2017-09-30": -150.475, "2017-06-30": 83.7, "2017-03-31": -61.95, "2016-12-31": "80.83000", "2016-09-30": 39.325, "2016-06-30": 56.669, "2016-03-31": 115.997, "2015-12-31": "-17.13400", "2015-09-30": -92.702, "2015-06-30": 88.611, "2015-03-31": -205.131, "2014-12-31": "-62.56600", "2014-09-30": -39.966, "2014-06-30": 81.357, "2014-03-31": -319.98, "2013-12-31": "-245.16900", "2013-09-30": -39.112, "2013-06-30": 129.31, "2013-03-31": -75.538, "2012-12-31": "209.28800", "2012-09-30": 133.869, "2012-06-30": -22.919, "2012-03-31": -37.73, "2011-12-31": "53.60400", "2011-09-30": 131.814, "2011-06-30": 25.908, "2011-03-31": -291.772, "2010-12-31": "100.84100", "2010-09-30": -2.838, "2010-06-30": 102.623, "2010-03-31": -215.981, "2009-12-31": "21.41900", "2009-09-30": -25.851, "2009-06-30": 286.818, "2009-03-31": -15.214, "2008-12-31": "183.44600", "2008-09-30": 68.197, "2008-06-30": 143.711, "2008-03-31": -6.268, "2007-12-31": "-214.57200", "2007-09-30": 140.238, "2007-06-30": -7.763, "2007-03-31": -3.636, "2006-12-31": "50.44600", "2006-09-30": 94.516, "2006-06-30": -27.895, "2006-03-31": 96.284, "2005-12-31": "31.31300", "2005-09-30": 38.109, "2005-06-30": 46.597, "2005-03-31": 55.068}, "Stock-Based Compensation": {"2020-09-30": 11.942, "2020-06-30": 12.373, "2020-03-31": 9.556, "2019-12-31": "14.27900", "2019-09-30": 21.796, "2019-06-30": 18.425, "2019-03-31": 13.322, "2018-12-31": "15.59400", "2018-09-30": 17.421, "2018-06-30": 14.632, "2018-03-31": 22.57, "2017-12-31": "24.61900", "2017-09-30": 6.636, "2017-06-30": 10.97, "2017-03-31": 10.953, "2016-12-31": "10.20500", "2016-09-30": 6.584, "2016-06-30": 8.679, "2016-03-31": 8.973, "2015-12-31": "8.13400", "2015-09-30": 8.487, "2015-06-30": 9.12, "2015-03-31": 7.301, "2014-12-31": "16.50400", "2014-09-30": 10.854, "2014-06-30": 9.864, "2014-03-31": 7.419, "2013-12-31": "15.26300", "2013-09-30": 11.025, "2013-06-30": 9.854, "2013-03-31": 9.58, "2012-12-31": "9.05900", "2012-09-30": 8.903, "2012-06-30": 8.003, "2012-03-31": 7.625, "2011-12-31": "7.91100", "2011-09-30": 8.241, "2011-06-30": 7.718, "2011-03-31": 6.482, "2010-12-31": "6.64300", "2010-09-30": 6.714, "2010-06-30": 6.062, "2010-03-31": 5.369, "2009-12-31": "6.21600", "2009-09-30": 6.162, "2009-06-30": 6.302, "2009-03-31": 5.562, "2008-12-31": "6.05900", "2008-09-30": 6.396, "2008-06-30": 5.331, "2008-03-31": 4.828, "2007-12-31": "4.73400", "2007-09-30": 4.234, "2007-06-30": 3.994, "2007-03-31": 4.657, "2006-12-31": "5.09700", "2006-09-30": 4.764, "2006-06-30": 4.442, "2006-03-31": 3.888, "2005-12-31": "4.06200", "2005-09-30": 6.26, "2005-06-30": 5.398, "2005-03-31": 16.191}, "Common Stock Dividends Paid": {"2020-09-30": 0, "2020-06-30": 63.53, "2020-03-31": -37.912, "2019-12-31": "-25.61800", "2019-09-30": 0, "2019-06-30": 56.39, "2019-03-31": -27.787, "2018-12-31": "-28.60300", "2018-09-30": 65.232, "2018-06-30": -20.999, "2018-03-31": -26.09, "2017-12-31": "-18.14300", "2017-09-30": -18.082, "2017-06-30": -40.711, "2017-03-31": 0, "2016-12-31": "", "2016-09-30": 0, "2016-06-30": 0, "2016-03-31": 0, "2015-12-31": "", "2015-09-30": 0, "2015-06-30": 0, "2015-03-31": 0, "2014-12-31": "", "2014-09-30": 0, "2014-06-30": 0, "2014-03-31": 0, "2013-12-31": "", "2013-09-30": 0, "2013-06-30": 0, "2013-03-31": 0, "2012-12-31": "", "2012-09-30": 0, "2012-06-30": 0, "2012-03-31": 0, "2011-12-31": "", "2011-09-30": 0, "2011-06-30": 0, "2011-03-31": 0, "2010-12-31": "", "2010-09-30": 0, "2010-06-30": 0, "2010-03-31": 0, "2009-12-31": "", "2009-09-30": 0, "2009-06-30": 0, "2009-03-31": 0, "2008-12-31": "", "2008-09-30": 0, "2008-06-30": 0, "2008-03-31": 0, "2007-12-31": "", "2007-09-30": 0, "2007-06-30": 0, "2007-03-31": 0, "2006-12-31": "", "2006-09-30": 0, "2006-06-30": 0, "2006-03-31": 0, "2005-12-31": "", "2005-09-30": 0, "2005-06-30": 0, "2005-03-31": 0}}, "financial ratios": {"Current Ratio": {"2020-09-30": "1.54320", "2019-09-30": "1.33770", "2018-09-30": "1.44850", "2017-09-30": "1.55550", "2016-09-30": "1.60680", "2015-09-30": "1.57620", "2014-09-30": "1.65630", "2013-09-30": "2.14000", "2012-09-30": "2.06750", "2011-09-30": "1.46650", "2010-09-30": "2.23250", "2009-09-30": "2.17490", "2008-09-30": "1.74400", "2007-09-30": "1.78470", "2006-09-30": "1.74600", "2005-09-30": "1.70350"}, "Long-term Debt / Capital": {"2020-09-30": "0.22260", "2019-09-30": "0.17230", "2018-09-30": "0.26510", "2017-09-30": "0.04980", "2016-09-30": "0.08170", "2015-09-30": "0.11830", "2014-09-30": "0.14500", "2013-09-30": "0.08900", "2012-09-30": "0.12320", "2011-09-30": "0.00060", "2010-09-30": "0.00020", "2009-09-30": "0.00030", "2008-09-30": "0.02420", "2007-09-30": "0.02150", "2006-09-30": "0.05180", "2005-09-30": "0.07140"}, "Debt/Equity Ratio": {"2020-09-30": "0.28640", "2019-09-30": "0.24290", "2018-09-30": "0.36120", "2017-09-30": "0.05310", "2016-09-30": "0.08950", "2015-09-30": "0.13720", "2014-09-30": "0.17770", "2013-09-30": "0.10310", "2012-09-30": "0.14050", "2011-09-30": "0.17090", "2010-09-30": "0.02790", "2009-09-30": "0.00690", "2008-09-30": "0.02520", "2007-09-30": "0.02220", "2006-09-30": "0.06470", "2005-09-30": "0.08230"}, "Gross Margin": {"2020-09-30": "19.06590", "2019-09-30": "19.44620", "2018-09-30": "20.40260", "2017-09-30": "19.90540", "2016-09-30": "16.12370", "2015-09-30": "16.24730", "2014-09-30": "16.33520", "2013-09-30": "15.58860", "2012-09-30": "15.85300", "2011-09-30": "15.02160", "2010-09-30": "13.43960", "2009-09-30": "13.61150", "2008-09-30": "15.41470", "2007-09-30": "14.29490", "2006-09-30": "12.58880", "2005-09-30": "14.30890"}, "Operating Margin": {"2020-09-30": "3.95060", "2019-09-30": "3.17830", "2018-09-30": "3.66210", "2017-09-30": "3.85680", "2016-09-30": "3.08820", "2015-09-30": "3.67750", "2014-09-30": "4.15960", "2013-09-30": "5.66050", "2012-09-30": "5.47170", "2011-09-30": "4.99840", "2010-09-30": "4.03490", "2009-09-30": "5.41160", "2008-09-30": "5.71500", "2007-09-30": "5.21540", "2006-09-30": "4.06340", "2005-09-30": "3.81350"}, "EBIT Margin": {"2020-09-30": "3.95060", "2019-09-30": "3.17830", "2018-09-30": "3.66210", "2017-09-30": "3.85680", "2016-09-30": "3.08820", "2015-09-30": "3.67750", "2014-09-30": "4.15960", "2013-09-30": "5.66050", "2012-09-30": "5.47170", "2011-09-30": "4.99840", "2010-09-30": "4.03490", "2009-09-30": "5.41160", "2008-09-30": "5.71500", "2007-09-30": "5.21540", "2006-09-30": "4.06340", "2005-09-30": "3.81350"}, "EBITDA Margin": {"2020-09-30": "6.48520", "2019-09-30": "4.50720", "2018-09-30": "5.53920", "2017-09-30": "5.79220", "2016-09-30": "4.27360", "2015-09-30": "4.90980", "2014-09-30": "5.30500", "2013-09-30": "6.49710", "2012-09-30": "6.39720", "2011-09-30": "5.91700", "2010-09-30": "4.92740", "2009-09-30": "6.16460", "2008-09-30": "6.36490", "2007-09-30": "5.87240", "2006-09-30": "4.71370", "2005-09-30": "4.63620"}, "Pre-Tax Profit Margin": {"2020-09-30": "3.25200", "2019-09-30": "2.75520", "2018-09-30": "3.12840", "2017-09-30": "3.84120", "2016-09-30": "2.61510", "2015-09-30": "3.55050", "2014-09-30": "4.27070", "2013-09-30": "5.59760", "2012-09-30": "5.44660", "2011-09-30": "4.97670", "2010-09-30": "3.95270", "2009-09-30": "5.44270", "2008-09-30": "5.84750", "2007-09-30": "5.29440", "2006-09-30": "4.11370", "2005-09-30": "3.71740"}, "Net Profit Margin": {"2020-09-30": "3.62530", "2019-09-30": "6.65720", "2018-09-30": "1.54470", "2017-09-30": "4.64010", "2016-09-30": "1.91960", "2015-09-30": "2.50080", "2014-09-30": "2.58450", "2013-09-30": "3.58000", "2012-09-30": "3.47860", "2011-09-30": "3.18860", "2010-09-30": "2.48070", "2009-09-30": "3.48690", "2008-09-30": "3.73920", "2007-09-30": "3.38840", "2006-09-30": "2.65300", "2005-09-30": "2.33550"}, "Asset Turnover": {"2020-09-30": "1.09820", "2019-09-30": "1.11120", "2018-09-30": "0.83660", "2017-09-30": "0.85760", "2016-09-30": "1.48970", "2015-09-30": "1.55600", "2014-09-30": "1.50170", "2013-09-30": "1.62470", "2012-09-30": "1.59280", "2011-09-30": "1.67470", "2010-09-30": "2.11690", "2009-09-30": "2.58940", "2008-09-30": "2.63010", "2007-09-30": "2.50010", "2006-09-30": "2.60040", "2005-09-30": "2.36880"}, "Inventory Turnover Ratio": {"2020-09-30": "", "2019-09-30": "", "2018-09-30": "", "2017-09-30": "", "2016-09-30": "", "2015-09-30": "", "2014-09-30": "", "2013-09-30": "", "2012-09-30": "", "2011-09-30": "", "2010-09-30": "", "2009-09-30": "", "2008-09-30": "", "2007-09-30": "", "2006-09-30": "", "2005-09-30": ""}, "Receiveable Turnover": {"2020-09-30": "4.28340", "2019-09-30": "4.48480", "2018-09-30": "4.20850", "2017-09-30": "3.01070", "2016-09-30": "5.18240", "2015-09-30": "4.75330", "2014-09-30": "4.42720", "2013-09-30": "4.63650", "2012-09-30": "4.63780", "2011-09-30": "4.99720", "2010-09-30": "5.97380", "2009-09-30": "7.08490", "2008-09-30": "5.74740", "2007-09-30": "5.52910", "2006-09-30": "5.69000", "2005-09-30": "5.47130"}, "Days Sales In Receivables": {"2020-09-30": "85.21190", "2019-09-30": "81.38540", "2018-09-30": "86.73020", "2017-09-30": "121.23430", "2016-09-30": "70.43110", "2015-09-30": "76.78940", "2014-09-30": "82.44540", "2013-09-30": "78.72330", "2012-09-30": "78.70050", "2011-09-30": "73.04080", "2010-09-30": "61.10050", "2009-09-30": "51.51790", "2008-09-30": "63.50670", "2007-09-30": "66.01390", "2006-09-30": "64.14750", "2005-09-30": "66.71190"}, "ROE - Return On Equity": {"2020-09-30": "6.58990", "2019-09-30": "5.44330", "2018-09-30": "0.09000", "2017-09-30": "3.78960", "2016-09-30": "4.95390", "2015-09-30": "7.54930", "2014-09-30": "7.81490", "2013-09-30": "10.36130", "2012-09-30": "10.40080", "2011-09-30": "10.08670", "2010-09-30": "8.59660", "2009-09-30": "15.17070", "2008-09-30": "18.76490", "2007-09-30": "15.57390", "2006-09-30": "13.83370", "2005-09-30": "11.28930"}, "Return On Tangible Equity": {"2020-09-30": "-87.35050", "2019-09-30": "-95.45320", "2018-09-30": "0.92940", "2017-09-30": "14.85670", "2016-09-30": "23.47940", "2015-09-30": "34.46460", "2014-09-30": "33.88560", "2013-09-30": "21.92580", "2012-09-30": "22.35880", "2011-09-30": "23.10890", "2010-09-30": "14.10550", "2009-09-30": "23.46060", "2008-09-30": "31.89030", "2007-09-30": "23.59370", "2006-09-30": "22.67640", "2005-09-30": "21.30020"}, "ROA - Return On Assets": {"2020-09-30": "3.12350", "2019-09-30": "2.73940", "2018-09-30": "0.04230", "2017-09-30": "2.30390", "2016-09-30": "2.91460", "2015-09-30": "4.22410", "2014-09-30": "4.16520", "2013-09-30": "6.05130", "2012-09-30": "5.71620", "2011-09-30": "5.40750", "2010-09-30": "5.25810", "2009-09-30": "9.01440", "2008-09-30": "9.84750", "2007-09-30": "8.47140", "2006-09-30": "6.89880", "2005-09-30": "5.53240"}, "ROI - Return On Investment": {"2020-09-30": "5.12280", "2019-09-30": "4.50520", "2018-09-30": "0.06610", "2017-09-30": "3.60100", "2016-09-30": "4.54910", "2015-09-30": "6.65630", "2014-09-30": "6.68180", "2013-09-30": "9.43900", "2012-09-30": "9.11920", "2011-09-30": "10.08050", "2010-09-30": "8.59510", "2009-09-30": "15.16640", "2008-09-30": "18.31080", "2007-09-30": "15.23950", "2006-09-30": "13.11780", "2005-09-30": "10.48330"}, "Book Value Per Share": {"2020-09-30": "45.13110", "2019-09-30": "43.41290", "2018-09-30": "41.79750", "2017-09-30": "37.27470", "2016-09-30": "35.80110", "2015-09-30": "35.37440", "2014-09-30": "34.19780", "2013-09-30": "32.27260", "2012-09-30": "28.92880", "2011-09-30": "26.00760", "2010-09-30": "22.75400", "2009-09-30": "21.18230", "2008-09-30": "18.29770", "2007-09-30": "15.33550", "2006-09-30": "24.12390", "2005-09-30": "10.02740"}, "Operating Cash Flow Per Share": {"2020-09-30": 8.7116, "2019-09-30": -6.1307, "2018-09-30": -1.2864, "2017-09-30": -0.8141, "2016-09-30": 1.7564, "2015-09-30": -1.6097, "2014-09-30": 2.027, "2013-09-30": 1.0956, "2012-09-30": 0.4709, "2011-09-30": 0.081, "2010-09-30": -2.4915, "2009-09-30": 1.7489, "2008-09-30": -0.4321, "2007-09-30": 1.0954, "2006-09-30": 0.5766, "2005-09-30": 1.2804}, "Free Cash Flow Per Share": {"2020-09-30": 8.7465, "2019-09-30": -6.39, "2018-09-30": -0.9897, "2017-09-30": -1.3059, "2016-09-30": 1.9836, "2015-09-30": -1.4817, "2014-09-30": 2.1402, "2013-09-30": 0.852, "2012-09-30": 0.521, "2011-09-30": -0.389, "2010-09-30": -2.3396, "2009-09-30": 2.2412, "2008-09-30": -0.8356, "2007-09-30": 1.0165, "2006-09-30": 0.5015, "2005-09-30": 0.9179}}, "financial ratios, quarterly": {"Current Ratio": {"2020-09-30": "1.54320", "2020-06-30": "1.69040", "2020-03-31": "1.96840", "2019-12-31": "1.54630", "2019-09-30": "1.33770", "2019-06-30": "1.36070", "2019-03-31": "1.52010", "2018-12-31": "1.58300", "2018-09-30": "1.44850", "2018-06-30": "1.44570", "2018-03-31": "1.49410", "2017-12-31": "1.48450", "2017-09-30": "1.55550", "2017-06-30": "1.59810", "2017-03-31": "1.62770", "2016-12-31": "1.67080", "2016-09-30": "1.60680", "2016-06-30": "1.62120", "2016-03-31": "1.60180", "2015-12-31": "1.74360", "2015-09-30": "1.57620", "2015-06-30": "1.66000", "2015-03-31": "1.70410", "2014-12-31": "1.64640", "2014-09-30": "1.65630", "2014-06-30": "1.72960", "2014-03-31": "1.84020", "2013-12-31": "1.82420", "2013-09-30": "2.14000", "2013-06-30": "2.19250", "2013-03-31": "2.20130", "2012-12-31": "2.11070", "2012-09-30": "2.06750", "2012-06-30": "2.10380", "2012-03-31": "1.78530", "2011-12-31": "1.56100", "2011-09-30": "1.46650", "2011-06-30": "1.46710", "2011-03-31": "1.97370", "2010-12-31": "2.26090", "2010-09-30": "2.23250", "2010-06-30": "2.02910", "2010-03-31": "2.00360", "2009-12-31": "1.91190", "2009-09-30": "2.17490", "2009-06-30": "2.02830", "2009-03-31": "2.01730", "2008-12-31": "1.80300", "2008-09-30": "1.74400", "2008-06-30": "1.74180", "2008-03-31": "1.68670", "2007-12-31": "1.67430", "2007-09-30": "1.78470", "2007-06-30": "1.82910", "2007-03-31": "1.82170", "2006-12-31": "1.80980", "2006-09-30": "1.74600", "2006-06-30": "1.71290", "2006-03-31": "1.70580", "2005-12-31": "1.71470", "2005-09-30": "1.70350", "2005-06-30": "1.68740", "2005-03-31": "1.65140"}, "Long-term Debt / Capital": {"2020-09-30": "0.22260", "2020-06-30": "0.26810", "2020-03-31": "0.35580", "2019-12-31": "0.18920", "2019-09-30": "0.17230", "2019-06-30": "0.14370", "2019-03-31": "0.33840", "2018-12-31": "0.31360", "2018-09-30": "0.26510", "2018-06-30": "0.27850", "2018-03-31": "0.29420", "2017-12-31": "0.30270", "2017-09-30": "0.04980", "2017-06-30": "0.06170", "2017-03-31": "0.07430", "2016-12-31": "0.08560", "2016-09-30": "0.08170", "2016-06-30": "0.09640", "2016-03-31": "0.10670", "2015-12-31": "0.12460", "2015-09-30": "0.11830", "2015-06-30": "0.12810", "2015-03-31": "0.13920", "2014-12-31": "0.13640", "2014-09-30": "0.14500", "2014-06-30": "0.14830", "2014-03-31": "0.17270", "2013-12-31": "0.19280", "2013-09-30": "0.08900", "2013-06-30": "0.09500", "2013-03-31": "0.10080", "2012-12-31": "0.11710", "2012-09-30": "0.12320", "2012-06-30": "0.12160", "2012-03-31": "0.07420", "2011-12-31": "", "2011-09-30": "0.00060", "2011-06-30": "0.00080", "2011-03-31": "0.11070", "2010-12-31": "0.00400", "2010-09-30": "0.00020", "2010-06-30": "0.00020", "2010-03-31": "0.00020", "2009-12-31": "0.00020", "2009-09-30": "0.00030", "2009-06-30": "0.00510", "2009-03-31": "0.01000", "2008-12-31": "0.01670", "2008-09-30": "0.02420", "2008-06-30": "0.01690", "2008-03-31": "0.01520", "2007-12-31": "0.01800", "2007-09-30": "0.02150", "2007-06-30": "0.03770", "2007-03-31": "0.04220", "2006-12-31": "0.05980", "2006-09-30": "0.05180", "2006-06-30": "0.06810", "2006-03-31": "0.07270", "2005-12-31": "0.07090", "2005-09-30": "0.07140", "2005-06-30": "0.08300", "2005-03-31": "0.09110"}, "Debt/Equity Ratio": {"2020-09-30": "0.28640", "2020-06-30": "0.36620", "2020-03-31": "0.55220", "2019-12-31": "0.26640", "2019-09-30": "0.24290", "2019-06-30": "0.20430", "2019-03-31": "0.51150", "2018-12-31": "0.45750", "2018-09-30": "0.36120", "2018-06-30": "0.38750", "2018-03-31": "0.41780", "2017-12-31": "0.43500", "2017-09-30": "0.05310", "2017-06-30": "0.06650", "2017-03-31": "0.08090", "2016-12-31": "0.09430", "2016-09-30": "0.08950", "2016-06-30": "0.10870", "2016-03-31": "0.12000", "2015-12-31": "0.14300", "2015-09-30": "0.13720", "2015-06-30": "0.15560", "2015-03-31": "0.17130", "2014-12-31": "0.16790", "2014-09-30": "0.17770", "2014-06-30": "0.18330", "2014-03-31": "0.22320", "2013-12-31": "0.25100", "2013-09-30": "0.10310", "2013-06-30": "0.10800", "2013-03-31": "0.11300", "2012-12-31": "0.13400", "2012-09-30": "0.14050", "2012-06-30": "0.13890", "2012-03-31": "0.15190", "2011-12-31": "0.15520", "2011-09-30": "0.17090", "2011-06-30": "0.17480", "2011-03-31": "0.14240", "2010-12-31": "0.02790", "2010-09-30": "0.02790", "2010-06-30": "0.03340", "2010-03-31": "0.03420", "2009-12-31": "0.04190", "2009-09-30": "0.00690", "2009-06-30": "0.01830", "2009-03-31": "0.01080", "2008-12-31": "0.01800", "2008-09-30": "0.02520", "2008-06-30": "0.01770", "2008-03-31": "0.01570", "2007-12-31": "0.01860", "2007-09-30": "0.02220", "2007-06-30": "0.03920", "2007-03-31": "0.04410", "2006-12-31": "0.06360", "2006-09-30": "0.06470", "2006-06-30": "0.08150", "2006-03-31": "0.08750", "2005-12-31": "0.08370", "2005-09-30": "0.08230", "2005-06-30": "0.10050", "2005-03-31": "0.11120"}, "Gross Margin": {"2020-09-30": "18.89190", "2020-06-30": "19.29490", "2020-03-31": "18.91160", "2019-12-31": "19.18340", "2019-09-30": "19.61570", "2019-06-30": "19.75420", "2019-03-31": "19.95220", "2018-12-31": "18.43580", "2018-09-30": "20.26280", "2018-06-30": "20.74550", "2018-03-31": "20.96050", "2017-12-31": "19.17570", "2017-09-30": "3.65100", "2017-06-30": "18.26680", "2017-03-31": "18.20940", "2016-12-31": "16.43330", "2016-09-30": "16.34830", "2016-06-30": "16.75840", "2016-03-31": "15.96890", "2015-12-31": "15.46640", "2015-09-30": "15.18630", "2015-06-30": "16.66690", "2015-03-31": "16.90970", "2014-12-31": "16.29890", "2014-09-30": "16.83430", "2014-06-30": "17.38170", "2014-03-31": "16.26410", "2013-12-31": "14.78360", "2013-09-30": "15.10480", "2013-06-30": "15.15760", "2013-03-31": "16.39810", "2012-12-31": "15.78910", "2012-09-30": "16.03070", "2012-06-30": "15.61850", "2012-03-31": "15.76870", "2011-12-31": "15.99850", "2011-09-30": "15.66350", "2011-06-30": "15.03960", "2011-03-31": "15.21420", "2010-12-31": "14.04980", "2010-09-30": "14.85370", "2010-06-30": "10.85400", "2010-03-31": "14.03880", "2009-12-31": "14.09360", "2009-09-30": "13.63250", "2009-06-30": "13.73850", "2009-03-31": "13.56510", "2008-12-31": "13.53130", "2008-09-30": "14.39890", "2008-06-30": "15.47300", "2008-03-31": "16.30870", "2007-12-31": "15.69570", "2007-09-30": "14.58110", "2007-06-30": "15.19500", "2007-03-31": "13.90370", "2006-12-31": "13.44810", "2006-09-30": "12.76770", "2006-06-30": "12.63010", "2006-03-31": "12.35160", "2005-12-31": "12.58940", "2005-09-30": "13.63730", "2005-06-30": "14.41480", "2005-03-31": "14.56600"}, "Operating Margin": {"2020-09-30": "0.63850", "2020-06-30": "5.96230", "2020-03-31": "4.89550", "2019-12-31": "4.50420", "2019-09-30": "2.92050", "2019-06-30": "2.83800", "2019-03-31": "3.32130", "2018-12-31": "3.66850", "2018-09-30": "5.37620", "2018-06-30": "5.53960", "2018-03-31": "2.39540", "2017-12-31": "-0.26180", "2017-09-30": "3.95980", "2017-06-30": "5.10890", "2017-03-31": "2.96070", "2016-12-31": "3.47340", "2016-09-30": "3.13610", "2016-06-30": "4.06690", "2016-03-31": "3.11960", "2015-12-31": "2.08750", "2015-09-30": "1.72690", "2015-06-30": "3.45430", "2015-03-31": "4.58250", "2014-12-31": "4.96460", "2014-09-30": "4.24580", "2014-06-30": "3.83490", "2014-03-31": "3.85490", "2013-12-31": "4.72640", "2013-09-30": "5.57320", "2013-06-30": "5.46440", "2013-03-31": "5.82710", "2012-12-31": "5.80760", "2012-09-30": "6.01580", "2012-06-30": "5.53090", "2012-03-31": "4.92580", "2011-12-31": "5.39380", "2011-09-30": "5.43110", "2011-06-30": "5.07910", "2011-03-31": "5.00450", "2010-12-31": "4.39780", "2010-09-30": "5.10090", "2010-06-30": "1.79780", "2010-03-31": "4.71610", "2009-12-31": "4.57990", "2009-09-30": "4.78510", "2009-06-30": "5.41890", "2009-03-31": "5.73650", "2008-12-31": "5.60120", "2008-09-30": "5.59280", "2008-06-30": "5.78540", "2008-03-31": "5.78480", "2007-12-31": "5.71470", "2007-09-30": "5.67470", "2007-06-30": "5.55280", "2007-03-31": "4.89980", "2006-12-31": "4.67540", "2006-09-30": "4.30120", "2006-06-30": "4.13130", "2006-03-31": "3.78950", "2005-12-31": "4.00440", "2005-09-30": "4.05300", "2005-06-30": "4.04970", "2005-03-31": "3.42630"}, "EBIT Margin": {"2020-09-30": "0.63850", "2020-06-30": "5.96230", "2020-03-31": "4.89550", "2019-12-31": "4.50420", "2019-09-30": "2.92040", "2019-06-30": "2.83800", "2019-03-31": "3.32130", "2018-12-31": "3.66850", "2018-09-30": "5.37610", "2018-06-30": "5.53960", "2018-03-31": "2.39540", "2017-12-31": "-0.26180", "2017-09-30": "3.95980", "2017-06-30": "5.10890", "2017-03-31": "2.96070", "2016-12-31": "3.47340", "2016-09-30": "3.13610", "2016-06-30": "4.06690", "2016-03-31": "3.11960", "2015-12-31": "2.08750", "2015-09-30": "1.72690", "2015-06-30": "3.45430", "2015-03-31": "4.58250", "2014-12-31": "4.96460", "2014-09-30": "4.24580", "2014-06-30": "3.83490", "2014-03-31": "3.85490", "2013-12-31": "4.72640", "2013-09-30": "5.57330", "2013-06-30": "5.46440", "2013-03-31": "5.82710", "2012-12-31": "5.80760", "2012-09-30": "6.01580", "2012-06-30": "5.53090", "2012-03-31": "4.92580", "2011-12-31": "5.39380", "2011-09-30": "5.43110", "2011-06-30": "5.07910", "2011-03-31": "5.00450", "2010-12-31": "4.39780", "2010-09-30": "5.10090", "2010-06-30": "1.79780", "2010-03-31": "4.71610", "2009-12-31": "4.57990", "2009-09-30": "4.78510", "2009-06-30": "5.41890", "2009-03-31": "5.73650", "2008-12-31": "5.60120", "2008-09-30": "5.59280", "2008-06-30": "5.78540", "2008-03-31": "5.78480", "2007-12-31": "5.71470", "2007-09-30": "5.67480", "2007-06-30": "5.55280", "2007-03-31": "4.89980", "2006-12-31": "4.67540", "2006-09-30": "4.30110", "2006-06-30": "4.13130", "2006-03-31": "3.78950", "2005-12-31": "4.00440", "2005-09-30": "4.05300", "2005-06-30": "4.04970", "2005-03-31": "3.42630"}, "EBITDA Margin": {"2020-09-30": "", "2020-06-30": "", "2020-03-31": "", "2019-12-31": "", "2019-09-30": "", "2019-06-30": "", "2019-03-31": "", "2018-12-31": "", "2018-09-30": "", "2018-06-30": "", "2018-03-31": "", "2017-12-31": "", "2017-09-30": "", "2017-06-30": "", "2017-03-31": "", "2016-12-31": "", "2016-09-30": "", "2016-06-30": "", "2016-03-31": "", "2015-12-31": "", "2015-09-30": "", "2015-06-30": "", "2015-03-31": "", "2014-12-31": "", "2014-09-30": "", "2014-06-30": "", "2014-03-31": "", "2013-12-31": "", "2013-09-30": "", "2013-06-30": "", "2013-03-31": "", "2012-12-31": "", "2012-09-30": "", "2012-06-30": "", "2012-03-31": "", "2011-12-31": "", "2011-09-30": "", "2011-06-30": "", "2011-03-31": "", "2010-12-31": "", "2010-09-30": "", "2010-06-30": "", "2010-03-31": "", "2009-12-31": "", "2009-09-30": "", "2009-06-30": "", "2009-03-31": "", "2008-12-31": "", "2008-09-30": "", "2008-06-30": "", "2008-03-31": "", "2007-12-31": "", "2007-09-30": "", "2007-06-30": "", "2007-03-31": "", "2006-12-31": "", "2006-09-30": "", "2006-06-30": "", "2006-03-31": "", "2005-12-31": "", "2005-09-30": "", "2005-06-30": "", "2005-03-31": ""}, "Pre-Tax Profit Margin": {"2020-09-30": "1.70920", "2020-06-30": "9.31520", "2020-03-31": "-5.15890", "2019-12-31": "7.56440", "2019-09-30": "1.57790", "2019-06-30": "2.94670", "2019-03-31": "3.61730", "2018-12-31": "2.98950", "2018-09-30": "4.75960", "2018-06-30": "4.99840", "2018-03-31": "1.69500", "2017-12-31": "-0.37570", "2017-09-30": "2.94700", "2017-06-30": "5.06590", "2017-03-31": "2.62710", "2016-12-31": "3.36570", "2016-09-30": "1.35090", "2016-06-30": "3.81630", "2016-03-31": "3.25180", "2015-12-31": "2.02910", "2015-09-30": "1.58140", "2015-06-30": "3.34260", "2015-03-31": "4.44190", "2014-12-31": "4.85390", "2014-09-30": "4.49920", "2014-06-30": "3.65260", "2014-03-31": "4.16850", "2013-12-31": "4.78740", "2013-09-30": "5.56550", "2013-06-30": "5.46650", "2013-03-31": "5.71090", "2012-12-31": "5.66420", "2012-09-30": "6.10480", "2012-06-30": "5.45900", "2012-03-31": "4.89540", "2011-12-31": "5.30270", "2011-09-30": "5.33020", "2011-06-30": "5.14910", "2011-03-31": "4.94450", "2010-12-31": "4.40220", "2010-09-30": "5.13810", "2010-06-30": "1.48500", "2010-03-31": "4.68350", "2009-12-31": "4.56650", "2009-09-30": "4.85230", "2009-06-30": "5.47030", "2009-03-31": "5.73450", "2008-12-31": "5.61710", "2008-09-30": "5.60850", "2008-06-30": "5.81740", "2008-03-31": "5.82310", "2007-12-31": "6.21830", "2007-09-30": "5.74610", "2007-06-30": "5.60850", "2007-03-31": "5.02180", "2006-12-31": "4.74230", "2006-09-30": "4.51760", "2006-06-30": "4.10650", "2006-03-31": "3.79550", "2005-12-31": "3.99340", "2005-09-30": "4.02600", "2005-06-30": "3.96710", "2005-03-31": "3.28770"}, "Net Profit Margin": {"2020-09-30": "2.32960", "2020-06-30": "7.51300", "2020-03-31": "-2.68700", "2019-12-31": "7.64900", "2019-09-30": "4.19480", "2019-06-30": "16.54590", "2019-03-31": "1.84100", "2018-12-31": "4.03060", "2018-09-30": "-1.25480", "2018-06-30": "5.12070", "2018-03-31": "1.69280", "2017-12-31": "0.12120", "2017-09-30": "-9.20670", "2017-06-30": "3.50440", "2017-03-31": "2.14650", "2016-12-31": "2.37250", "2016-09-30": "1.12260", "2016-06-30": "2.56340", "2016-03-31": "2.34560", "2015-12-31": "1.63330", "2015-09-30": "0.95810", "2015-06-30": "3.13190", "2015-03-31": "2.82320", "2014-12-31": "3.14020", "2014-09-30": "2.67440", "2014-06-30": "2.00640", "2014-03-31": "2.62780", "2013-12-31": "3.05430", "2013-09-30": "3.52600", "2013-06-30": "3.53360", "2013-03-31": "3.68250", "2012-12-31": "3.58780", "2012-09-30": "3.85500", "2012-06-30": "3.53060", "2012-03-31": "3.10540", "2011-12-31": "3.40870", "2011-09-30": "3.46200", "2011-06-30": "3.30430", "2011-03-31": "3.13720", "2010-12-31": "2.79360", "2010-09-30": "3.28610", "2010-06-30": "0.75940", "2010-03-31": "2.99580", "2009-12-31": "2.92350", "2009-09-30": "3.10740", "2009-06-30": "3.50610", "2009-03-31": "3.67300", "2008-12-31": "3.59920", "2008-09-30": "3.57820", "2008-06-30": "3.72320", "2008-03-31": "3.72680", "2007-12-31": "3.97970", "2007-09-30": "3.67940", "2007-06-30": "3.58740", "2007-03-31": "3.21390", "2006-12-31": "3.03500", "2006-09-30": "2.96700", "2006-06-30": "2.62880", "2006-03-31": "2.42840", "2005-12-31": "2.55580", "2005-09-30": "2.52110", "2005-06-30": "2.52610", "2005-03-31": "2.01220"}, "Asset Turnover": {"2020-09-30": "0.28490", "2020-06-30": "0.25850", "2020-03-31": "0.26090", "2019-12-31": "0.27540", "2019-09-30": "0.29600", "2019-06-30": "0.27230", "2019-03-31": "0.23880", "2018-12-31": "0.23820", "2018-09-30": "0.23660", "2018-06-30": "0.23370", "2018-03-31": "0.22780", "2017-12-31": "0.14060", "2017-09-30": "-0.14070", "2017-06-30": "0.34710", "2017-03-31": "0.32490", "2016-12-31": "0.35890", "2016-09-30": "0.35880", "2016-06-30": "0.36300", "2016-03-31": "0.36050", "2015-12-31": "0.37390", "2015-09-30": "0.40030", "2015-06-30": "0.36530", "2015-03-31": "0.36610", "2014-12-31": "0.38660", "2014-09-30": "0.38070", "2014-06-30": "0.38790", "2014-03-31": "0.38560", "2013-12-31": "0.36360", "2013-09-30": "0.43200", "2013-06-30": "0.43700", "2013-03-31": "0.41260", "2012-12-31": "0.39780", "2012-09-30": "0.40740", "2012-06-30": "0.42770", "2012-03-31": "0.42690", "2011-12-31": "0.42960", "2011-09-30": "0.43930", "2011-06-30": "0.45440", "2011-03-31": "0.45370", "2010-12-31": "0.48020", "2010-09-30": "0.50020", "2010-06-30": "0.53800", "2010-03-31": "0.55620", "2009-12-31": "0.52940", "2009-09-30": "0.57640", "2009-06-30": "0.61160", "2009-03-31": "0.71150", "2008-12-31": "0.75170", "2008-09-30": "0.74720", "2008-06-30": "0.72580", "2008-03-31": "0.68730", "2007-12-31": "0.67400", "2007-09-30": "0.67270", "2007-06-30": "0.65640", "2007-03-31": "0.69100", "2006-12-31": "0.67910", "2006-09-30": "0.69350", "2006-06-30": "0.68430", "2006-03-31": "0.68590", "2005-12-31": "0.67370", "2005-09-30": "0.63870", "2005-06-30": "0.62740", "2005-03-31": "0.61440"}, "Inventory Turnover Ratio": {"2020-09-30": "", "2020-06-30": "", "2020-03-31": "", "2019-12-31": "", "2019-09-30": "", "2019-06-30": "", "2019-03-31": "", "2018-12-31": "", "2018-09-30": "", "2018-06-30": "", "2018-03-31": "", "2017-12-31": "", "2017-09-30": "", "2017-06-30": "", "2017-03-31": "", "2016-12-31": "", "2016-09-30": "", "2016-06-30": "", "2016-03-31": "", "2015-12-31": "", "2015-09-30": "", "2015-06-30": "", "2015-03-31": "", "2014-12-31": "", "2014-09-30": "", "2014-06-30": "", "2014-03-31": "", "2013-12-31": "", "2013-09-30": "", "2013-06-30": "", "2013-03-31": "", "2012-12-31": "", "2012-09-30": "", "2012-06-30": "", "2012-03-31": "", "2011-12-31": "", "2011-09-30": "", "2011-06-30": "", "2011-03-31": "", "2010-12-31": "", "2010-09-30": "", "2010-06-30": "", "2010-03-31": "", "2009-12-31": "", "2009-09-30": "", "2009-06-30": "", "2009-03-31": "", "2008-12-31": "", "2008-09-30": "", "2008-06-30": "", "2008-03-31": "", "2007-12-31": "", "2007-09-30": "", "2007-06-30": "", "2007-03-31": "", "2006-12-31": "", "2006-09-30": "", "2006-06-30": "", "2006-03-31": "", "2005-12-31": "", "2005-09-30": "", "2005-06-30": "", "2005-03-31": ""}, "Receiveable Turnover": {"2020-09-30": "1.11130", "2020-06-30": "1.03370", "2020-03-31": "1.07820", "2019-12-31": "1.09950", "2019-09-30": "1.19460", "2019-06-30": "1.14050", "2019-03-31": "1.12540", "2018-12-31": "1.14980", "2018-09-30": "1.19010", "2018-06-30": "0.84700", "2018-03-31": "0.83900", "2017-12-31": "0.54170", "2017-09-30": "-0.49410", "2017-06-30": "1.20530", "2017-03-31": "1.11880", "2016-12-31": "1.21920", "2016-09-30": "1.24810", "2016-06-30": "1.20580", "2016-03-31": "1.15180", "2015-12-31": "1.17470", "2015-09-30": "1.22290", "2015-06-30": "1.08520", "2015-03-31": "1.07530", "2014-12-31": "1.16590", "2014-09-30": "1.12240", "2014-06-30": "1.18120", "2014-03-31": "1.16840", "2013-12-31": "1.14070", "2013-09-30": "1.23290", "2013-06-30": "1.32920", "2013-03-31": "1.24650", "2012-12-31": "1.24090", "2012-09-30": "1.18620", "2012-06-30": "1.25560", "2012-03-31": "1.25900", "2011-12-31": "1.29840", "2011-09-30": "1.31090", "2011-06-30": "1.26020", "2011-03-31": "1.28920", "2010-12-31": "1.45640", "2010-09-30": "1.41160", "2010-06-30": "1.50910", "2010-03-31": "1.52280", "2009-12-31": "1.59880", "2009-09-30": "1.57700", "2009-06-30": "1.63940", "2009-03-31": "1.71270", "2008-12-31": "1.76370", "2008-09-30": "1.63280", "2008-06-30": "1.55170", "2008-03-31": "1.41410", "2007-12-31": "1.41470", "2007-09-30": "1.48770", "2007-06-30": "1.42990", "2007-03-31": "1.51360", "2006-12-31": "1.49750", "2006-09-30": "1.51760", "2006-06-30": "1.42690", "2006-03-31": "1.54320", "2005-12-31": "1.50180", "2005-09-30": "1.47530", "2005-06-30": "1.38760", "2005-03-31": "1.35540"}, "Days Sales In Receivables": {"2020-09-30": "80.98950", "2020-06-30": "87.06280", "2020-03-31": "83.47160", "2019-12-31": "81.85900", "2019-09-30": "75.34020", "2019-06-30": "78.91380", "2019-03-31": "79.97340", "2018-12-31": "78.27120", "2018-09-30": "75.62330", "2018-06-30": "106.26200", "2018-03-31": "107.27490", "2017-12-31": "166.15210", "2017-09-30": "-182.16170", "2017-06-30": "74.66740", "2017-03-31": "80.44090", "2016-12-31": "73.81900", "2016-09-30": "72.10880", "2016-06-30": "74.64200", "2016-03-31": "78.13690", "2015-12-31": "76.61700", "2015-09-30": "73.59330", "2015-06-30": "82.93120", "2015-03-31": "83.70020", "2014-12-31": "77.19350", "2014-09-30": "80.18790", "2014-06-30": "76.19330", "2014-03-31": "77.02670", "2013-12-31": "78.89690", "2013-09-30": "72.99850", "2013-06-30": "67.70950", "2013-03-31": "72.19980", "2012-12-31": "72.52660", "2012-09-30": "75.87170", "2012-06-30": "71.67790", "2012-03-31": "71.48710", "2011-12-31": "69.31750", "2011-09-30": "68.65740", "2011-06-30": "71.41920", "2011-03-31": "69.81320", "2010-12-31": "61.79710", "2010-09-30": "63.75750", "2010-06-30": "59.63930", "2010-03-31": "59.09980", "2009-12-31": "56.29160", "2009-09-30": "57.06870", "2009-06-30": "54.89660", "2009-03-31": "52.54880", "2008-12-31": "51.02990", "2008-09-30": "55.12060", "2008-06-30": "58.00240", "2008-03-31": "63.64440", "2007-12-31": "63.61840", "2007-09-30": "60.49560", "2007-06-30": "62.94270", "2007-03-31": "59.46080", "2006-12-31": "60.10170", "2006-09-30": "59.30590", "2006-06-30": "63.07400", "2006-03-31": "58.32130", "2005-12-31": "59.92910", "2005-09-30": "61.00400", "2005-06-30": "64.85860", "2005-03-31": "66.40230"}, "ROE - Return On Equity": {"2020-09-30": "1.36410", "2020-06-30": "4.01030", "2020-03-31": "-2.06100", "2019-12-31": "3.06290", "2019-09-30": "0.50990", "2019-06-30": "1.56150", "2019-03-31": "2.15600", "2018-12-31": "1.18870", "2018-09-30": "-1.22810", "2018-06-30": "1.90750", "2018-03-31": "-0.05320", "2017-12-31": "-0.56870", "2017-09-30": "-0.53250", "2017-06-30": "2.06840", "2017-03-31": "1.05800", "2016-12-31": "1.47870", "2016-09-30": "0.69010", "2016-06-30": "1.58010", "2016-03-31": "1.42800", "2015-12-31": "1.15110", "2015-09-30": "0.85550", "2015-06-30": "2.21180", "2015-03-31": "1.99850", "2014-12-31": "2.37430", "2014-09-30": "2.02090", "2014-06-30": "1.57320", "2014-03-31": "2.03410", "2013-12-31": "2.26890", "2013-09-30": "2.74180", "2013-06-30": "2.71940", "2013-03-31": "2.68440", "2012-12-31": "2.70200", "2012-09-30": "2.95520", "2012-06-30": "2.73660", "2012-03-31": "2.45470", "2011-12-31": "2.64820", "2011-09-30": "2.86600", "2011-06-30": "2.91570", "2011-03-31": "2.66740", "2010-12-31": "2.25720", "2010-09-30": "2.69040", "2010-06-30": "0.68280", "2010-03-31": "2.75810", "2009-12-31": "2.65850", "2009-09-30": "3.01130", "2009-06-30": "3.62140", "2009-03-31": "4.40700", "2008-12-31": "4.93220", "2008-09-30": "5.11950", "2008-06-30": "4.86730", "2008-03-31": "4.70890", "2007-12-31": "4.94130", "2007-09-30": "4.55030", "2007-06-30": "4.46380", "2007-03-31": "4.25680", "2006-12-31": "4.08720", "2006-09-30": "4.12630", "2006-06-30": "3.80450", "2006-03-31": "3.47210", "2005-12-31": "3.52760", "2005-09-30": "3.28600", "2005-06-30": "3.21070", "2005-03-31": "2.55220"}, "Return On Tangible Equity": {"2020-09-30": "-18.08180", "2020-06-30": "-57.86470", "2020-03-31": "17.19000", "2019-12-31": "-896.17190", "2019-09-30": "-8.94110", "2019-06-30": "220.48950", "2019-03-31": "48.47520", "2018-12-31": "13.40620", "2018-09-30": "-12.68400", "2018-06-30": "-19.81120", "2018-03-31": "0.50290", "2017-12-31": "4.98480", "2017-09-30": "-2.08770", "2017-06-30": "8.25460", "2017-03-31": "4.45180", "2016-12-31": "6.14340", "2016-09-30": "3.27080", "2016-06-30": "6.59360", "2016-03-31": "6.08450", "2015-12-31": "5.21190", "2015-09-30": "3.90550", "2015-06-30": "9.90130", "2015-03-31": "9.12180", "2014-12-31": "10.49500", "2014-09-30": "8.76260", "2014-06-30": "6.39060", "2014-03-31": "8.51290", "2013-12-31": "9.76850", "2013-09-30": "5.80200", "2013-06-30": "5.32120", "2013-03-31": "5.39730", "2012-12-31": "5.62920", "2012-09-30": "6.35280", "2012-06-30": "5.95000", "2012-03-31": "5.19020", "2011-12-31": "5.46870", "2011-09-30": "6.56600", "2011-06-30": "6.52530", "2011-03-31": "6.17250", "2010-12-31": "3.71850", "2010-09-30": "4.41450", "2010-06-30": "1.13200", "2010-03-31": "4.59880", "2009-12-31": "4.55320", "2009-09-30": "4.65680", "2009-06-30": "5.59460", "2009-03-31": "7.01640", "2008-12-31": "8.10550", "2008-09-30": "8.70040", "2008-06-30": "7.94090", "2008-03-31": "7.81430", "2007-12-31": "8.28380", "2007-09-30": "6.89350", "2007-06-30": "7.08500", "2007-03-31": "6.75020", "2006-12-31": "6.63430", "2006-09-30": "6.76390", "2006-06-30": "6.52500", "2006-03-31": "6.10950", "2005-12-31": "6.42310", "2005-09-30": "6.19980", "2005-06-30": "6.18090", "2005-03-31": "5.12840"}, "ROA - Return On Assets": {"2020-09-30": "0.64660", "2020-06-30": "1.87130", "2020-03-31": "-0.88070", "2019-12-31": "1.52190", "2019-09-30": "0.25660", "2019-06-30": "0.81930", "2019-03-31": "0.92520", "2018-12-31": "0.53640", "2018-09-30": "-0.57730", "2018-06-30": "0.91990", "2018-03-31": "-0.02540", "2017-12-31": "-0.26710", "2017-09-30": "-0.32380", "2017-06-30": "1.22340", "2017-03-31": "0.62330", "2016-12-31": "0.86010", "2016-09-30": "0.40600", "2016-06-30": "0.95590", "2016-03-31": "0.82140", "2015-12-31": "0.66050", "2015-09-30": "0.47870", "2015-06-30": "1.22260", "2015-03-31": "1.11090", "2014-12-31": "1.28840", "2014-09-30": "1.07710", "2014-06-30": "0.85580", "2014-03-31": "1.10250", "2013-12-31": "1.17220", "2013-09-30": "1.60130", "2013-06-30": "1.59000", "2013-03-31": "1.55840", "2012-12-31": "1.50680", "2012-09-30": "1.62410", "2012-06-30": "1.55790", "2012-03-31": "1.38110", "2011-12-31": "1.49250", "2011-09-30": "1.53640", "2011-06-30": "1.52230", "2011-03-31": "1.44280", "2010-12-31": "1.35930", "2010-09-30": "1.64560", "2010-06-30": "0.41280", "2010-03-31": "1.66780", "2009-12-31": "1.54690", "2009-09-30": "1.78930", "2009-06-30": "2.13950", "2009-03-31": "2.61060", "2008-12-31": "2.70020", "2008-09-30": "2.68660", "2008-06-30": "2.70230", "2008-03-31": "2.56160", "2007-12-31": "2.68230", "2007-09-30": "2.47510", "2007-06-30": "2.35470", "2007-03-31": "2.22070", "2006-12-31": "2.06100", "2006-09-30": "2.05780", "2006-06-30": "1.79890", "2006-03-31": "1.66570", "2005-12-31": "1.72180", "2005-09-30": "1.61030", "2005-06-30": "1.58490", "2005-03-31": "1.23620"}, "ROI - Return On Investment": {"2020-09-30": "1.06040", "2020-06-30": "2.93540", "2020-03-31": "-1.32780", "2019-12-31": "2.48330", "2019-09-30": "0.42200", "2019-06-30": "1.33710", "2019-03-31": "1.42640", "2018-12-31": "0.81590", "2018-09-30": "-0.90250", "2018-06-30": "1.37630", "2018-03-31": "-0.03750", "2017-12-31": "-0.39650", "2017-09-30": "-0.50600", "2017-06-30": "1.94070", "2017-03-31": "0.97940", "2016-12-31": "1.35210", "2016-09-30": "0.63370", "2016-06-30": "1.42780", "2016-03-31": "1.27570", "2015-12-31": "1.00770", "2015-09-30": "0.75430", "2015-06-30": "1.92840", "2015-03-31": "1.72040", "2014-12-31": "2.05040", "2014-09-30": "1.72790", "2014-06-30": "1.33990", "2014-03-31": "1.68270", "2013-12-31": "1.83150", "2013-09-30": "2.49780", "2013-06-30": "2.46100", "2013-03-31": "2.41380", "2012-12-31": "2.38560", "2012-09-30": "2.59100", "2012-06-30": "2.40390", "2012-03-31": "2.27260", "2011-12-31": "2.64820", "2011-09-30": "2.86420", "2011-06-30": "2.91340", "2011-03-31": "2.37200", "2010-12-31": "2.24820", "2010-09-30": "2.69000", "2010-06-30": "0.68270", "2010-03-31": "2.75760", "2009-12-31": "2.65790", "2009-09-30": "3.01040", "2009-06-30": "3.60310", "2009-03-31": "4.36300", "2008-12-31": "4.84980", "2008-09-30": "4.99560", "2008-06-30": "4.78500", "2008-03-31": "4.63710", "2007-12-31": "4.85230", "2007-09-30": "4.45260", "2007-06-30": "4.29550", "2007-03-31": "4.07700", "2006-12-31": "3.84280", "2006-09-30": "3.91280", "2006-06-30": "3.54530", "2006-03-31": "3.21980", "2005-12-31": "3.27750", "2005-09-30": "3.05130", "2005-06-30": "2.94420", "2005-03-31": "2.31960"}, "Book Value Per Share": {"2020-09-30": "45.13110", "2020-06-30": "45.20660", "2020-03-31": "43.18180", "2019-12-31": "45.57990", "2019-09-30": "43.41290", "2019-06-30": "44.96260", "2019-03-31": "40.72050", "2018-12-31": "41.60280", "2018-09-30": "41.79750", "2018-06-30": "42.66800", "2018-03-31": "42.51830", "2017-12-31": "42.11550", "2017-09-30": "37.27470", "2017-06-30": "35.62850", "2017-03-31": "34.65440", "2016-12-31": "34.13270", "2016-09-30": "35.80110", "2016-06-30": "36.88690", "2016-03-31": "36.34150", "2015-12-31": "35.59510", "2015-09-30": "35.37440", "2015-06-30": "35.43920", "2015-03-31": "34.86000", "2014-12-31": "34.54450", "2014-09-30": "34.19780", "2014-06-30": "34.07760", "2014-03-31": "33.77110", "2013-12-31": "33.07280", "2013-09-30": "32.27260", "2013-06-30": "31.36630", "2013-03-31": "30.51840", "2012-12-31": "29.70150", "2012-09-30": "28.92880", "2012-06-30": "28.46330", "2012-03-31": "27.63470", "2011-12-31": "26.89390", "2011-09-30": "26.00760", "2011-06-30": "24.73620", "2011-03-31": "24.05810", "2010-12-31": "23.40250", "2010-09-30": "22.75400", "2010-06-30": "22.43050", "2010-03-31": "22.51540", "2009-12-31": "21.87290", "2009-09-30": "21.18230", "2009-06-30": "21.10220", "2009-03-31": "20.06750", "2008-12-31": "19.13280", "2008-09-30": "18.29770", "2008-06-30": "18.24180", "2008-03-31": "17.31740", "2007-12-31": "16.42120", "2007-09-30": "15.33550", "2007-06-30": "13.96520", "2007-03-31": "13.27150", "2006-12-31": "12.67150", "2006-09-30": "24.12390", "2006-06-30": "11.31050", "2006-03-31": "10.93890", "2005-12-31": "10.46630", "2005-09-30": "10.02740", "2005-06-30": "9.88410", "2005-03-31": "9.50950"}, "Operating Cash Flow Per Share": {"2020-09-30": 3.2264, "2020-06-30": 2.74, "2020-03-31": 1.132, "2019-12-31": "-1.01910", "2019-09-30": -1.0338, "2019-06-30": -1.202, "2019-03-31": 1.1685, "2018-12-31": "-1.56500", "2018-09-30": 1.618, "2018-06-30": 1.4981, "2018-03-31": 0.0076, "2017-12-31": "0.37470", "2017-09-30": 1.6094, "2017-06-30": 1.5127, "2017-03-31": 0.7565, "2016-12-31": "0.90620", "2016-09-30": 1.9286, "2016-06-30": 1.4886, "2016-03-31": 1.9626, "2015-12-31": "0.21910", "2015-09-30": 0.7386, "2015-06-30": 2.2846, "2015-03-31": -0.2499, "2014-12-31": "1.06920", "2014-09-30": 1.7933, "2014-06-30": 2.1825, "2014-03-31": -0.9936, "2013-12-31": "2.47000", "2013-09-30": 0.0953, "2013-06-30": 1.3971, "2013-03-31": 0.0304, "2012-12-31": "1.90240", "2012-09-30": 1.2297, "2012-06-30": 0.1519, "2012-03-31": -0.1933, "2011-12-31": "1.14130", "2011-09-30": 0.8853, "2011-06-30": 0.4725, "2011-03-31": -0.6502, "2010-12-31": "1.15110", "2010-09-30": -0.1054, "2010-06-30": 0.95, "2010-03-31": -0.9852, "2009-12-31": "1.91830", "2009-09-30": 0.4122, "2009-06-30": 2.2397, "2009-03-31": -0.0204, "2008-12-31": "1.63770", "2008-09-30": 1.1288, "2008-06-30": 1.3397, "2008-03-31": 0.2337, "2007-12-31": "-0.18190", "2007-09-30": 1.4826, "2007-06-30": 0.4743, "2007-03-31": 0.3805, "2006-12-31": "0.61500", "2006-09-30": 1.0514, "2006-06-30": -0.2117, "2006-03-31": 0.7636, "2005-12-31": "0.25370", "2005-09-30": 0.6195, "2005-06-30": 0.4192, "2005-03-31": 0.2417}, "Free Cash Flow Per Share": {"2020-09-30": 3.012, "2020-06-30": 2.5265, "2020-03-31": 0.8348, "2019-12-31": "-1.18440", "2019-09-30": -1.2381, "2019-06-30": -1.5337, "2019-03-31": 0.9221, "2018-12-31": "-1.70790", "2018-09-30": 1.3923, "2018-06-30": 1.3711, "2018-03-31": -0.1271, "2017-12-31": "0.19610", "2017-09-30": 1.2498, "2017-06-30": 1.2877, "2017-03-31": 0.5511, "2016-12-31": "0.73350", "2016-09-30": 1.7843, "2016-06-30": 1.4019, "2016-03-31": 1.8527, "2015-12-31": "0.08910", "2015-09-30": 0.5522, "2015-06-30": 2.1987, "2015-03-31": -0.4418, "2014-12-31": "0.83530", "2014-09-30": 1.6539, "2014-06-30": 1.9896, "2014-03-31": -1.2008, "2013-12-31": "2.18340", "2013-09-30": -0.1741, "2013-06-30": 1.206, "2013-03-31": -0.256, "2012-12-31": "1.71000", "2012-09-30": 1.0778, "2012-06-30": -0.1001, "2012-03-31": -0.3291, "2011-12-31": "0.98530", "2011-09-30": 0.7705, "2011-06-30": -0.0355, "2011-03-31": -0.7331, "2010-12-31": "1.11100", "2010-09-30": -0.1633, "2010-06-30": 0.8212, "2010-03-31": -1.1056, "2009-12-31": "1.94960", "2009-09-30": 0.3447, "2009-06-30": 2.1582, "2009-03-31": -0.1496, "2008-12-31": "1.48820", "2008-09-30": 0.904, "2008-06-30": 0.9911, "2008-03-31": 0.0344, "2007-12-31": "-0.32920", "2007-09-30": 1.3387, "2007-06-30": 0.3665, "2007-03-31": 0.2365, "2006-12-31": "0.49420", "2006-09-30": 0.9321, "2006-06-30": -0.3311, "2006-03-31": 0.6525, "2005-12-31": "0.16590", "2005-09-30": 0.5337, "2005-06-30": 0.3337, "2005-03-31": 0.0505}}, "revenue": {"Jacobs Engineering Group Annual Revenue (Millions of US $)": {"2020": "$13,567", "2019": "$12,738", "2018": "$10,580", "2017": "$6,330", "2016": "$10,964", "2015": "$12,115", "2014": "$12,695", "2013": "$11,818", "2012": "$10,894", "2011": "$10,382", "2010": "$9,916", "2009": "$11,467", "2008": "$11,252", "2007": "$8,474", "2006": "$7,421", "2005": "$5,635"}, "Jacobs Engineering Group Quarterly Revenue (Millions of US $)": {"2020-09-30": "$3,520", "2020-06-30": "$3,260", "2020-03-31": "$3,427", "2019-12-31": "$3,360", "2019-09-30": "$3,393", "2019-06-30": "$3,170", "2019-03-31": "$3,092", "2018-12-31": "$3,084", "2018-09-30": "$2,992", "2018-06-30": "$2,934", "2018-03-31": "$2,870", "2017-12-31": "$1,784", "2017-09-30": "$-1,039", "2017-06-30": "$2,515", "2017-03-31": "$2,303", "2016-12-31": "$2,552", "2016-09-30": "$2,641", "2016-06-30": "$2,694", "2016-03-31": "$2,782", "2015-12-31": "$2,848", "2015-09-30": "$3,117", "2015-06-30": "$2,908", "2015-03-31": "$2,903", "2014-12-31": "$3,187", "2014-09-30": "$3,218", "2014-06-30": "$3,232", "2014-03-31": "$3,176", "2013-12-31": "$3,069", "2013-09-30": "$3,143", "2013-06-30": "$3,081", "2013-03-31": "$2,835", "2012-12-31": "$2,760", "2012-09-30": "$2,786", "2012-06-30": "$2,773", "2012-03-31": "$2,703", "2011-12-31": "$2,632", "2011-09-30": "$2,723", "2011-06-30": "$2,744", "2011-03-31": "$2,558", "2010-12-31": "$2,356", "2010-09-30": "$2,343", "2010-06-30": "$2,508", "2010-03-31": "$2,587", "2009-12-31": "$2,478", "2009-09-30": "$2,553", "2009-06-30": "$2,707", "2009-03-31": "$2,975", "2008-12-31": "$3,233", "2008-09-30": "$3,197", "2008-06-30": "$2,919", "2008-03-31": "$2,665", "2007-12-31": "$2,472", "2007-09-30": "$2,280", "2007-06-30": "$2,084", "2007-03-31": "$2,092", "2006-12-31": "$2,019", "2006-09-30": "$1,979", "2006-06-30": "$1,926", "2006-03-31": "$1,832", "2005-12-31": "$1,683", "2005-09-30": "$1,519", "2005-06-30": "$1,449", "2005-03-31": "$1,383"}}, "gross-profit": {"Jacobs Engineering Group Annual Gross Profit (Millions of US $)": {"2020": "$2,587", "2019": "$2,477", "2018": "$2,159", "2017": "$1,260", "2016": "$1,768", "2015": "$1,968", "2014": "$2,074", "2013": "$1,842", "2012": "$1,727", "2011": "$1,559", "2010": "$1,333", "2009": "$1,561", "2008": "$1,734", "2007": "$1,211", "2006": "$934", "2005": "$806"}, "Jacobs Engineering Group Quarterly Gross Profit (Millions of US $)": {"2020-09-30": "$665", "2020-06-30": "$629", "2020-03-31": "$648", "2019-12-31": "$645", "2019-09-30": "$666", "2019-06-30": "$626", "2019-03-31": "$617", "2018-12-31": "$569", "2018-09-30": "$606", "2018-06-30": "$609", "2018-03-31": "$602", "2017-12-31": "$342", "2017-09-30": "$-38", "2017-06-30": "$459", "2017-03-31": "$419", "2016-12-31": "$419", "2016-09-30": "$432", "2016-06-30": "$451", "2016-03-31": "$444", "2015-12-31": "$440", "2015-09-30": "$473", "2015-06-30": "$485", "2015-03-31": "$491", "2014-12-31": "$519", "2014-09-30": "$542", "2014-06-30": "$562", "2014-03-31": "$517", "2013-12-31": "$454", "2013-09-30": "$475", "2013-06-30": "$467", "2013-03-31": "$465", "2012-12-31": "$436", "2012-09-30": "$447", "2012-06-30": "$433", "2012-03-31": "$426", "2011-12-31": "$421", "2011-09-30": "$427", "2011-06-30": "$413", "2011-03-31": "$389", "2010-12-31": "$331", "2010-09-30": "$348", "2010-06-30": "$272", "2010-03-31": "$363", "2009-12-31": "$349", "2009-09-30": "$348", "2009-06-30": "$372", "2009-03-31": "$404", "2008-12-31": "$437", "2008-09-30": "$460", "2008-06-30": "$452", "2008-03-31": "$435", "2007-12-31": "$388", "2007-09-30": "$332", "2007-06-30": "$317", "2007-03-31": "$291", "2006-12-31": "$271", "2006-09-30": "$253", "2006-06-30": "$243", "2006-03-31": "$226", "2005-12-31": "$212", "2005-09-30": "$207", "2005-06-30": "$209", "2005-03-31": "$201"}}, "operating-income": {"Jacobs Engineering Group Annual Operating Income (Millions of US $)": {"2020": "$536", "2019": "$405", "2018": "$387", "2017": "$244", "2016": "$339", "2015": "$446", "2014": "$528", "2013": "$669", "2012": "$596", "2011": "$519", "2010": "$400", "2009": "$621", "2008": "$643", "2007": "$442", "2006": "$302", "2005": "$215"}, "Jacobs Engineering Group Quarterly Operating Income (Millions of US $)": {"2020-09-30": "$22", "2020-06-30": "$194", "2020-03-31": "$168", "2019-12-31": "$151", "2019-09-30": "$99", "2019-06-30": "$90", "2019-03-31": "$103", "2018-12-31": "$113", "2018-09-30": "$161", "2018-06-30": "$163", "2018-03-31": "$69", "2017-12-31": "$-5", "2017-09-30": "$-41", "2017-06-30": "$128", "2017-03-31": "$68", "2016-12-31": "$89", "2016-09-30": "$83", "2016-06-30": "$110", "2016-03-31": "$87", "2015-12-31": "$59", "2015-09-30": "$54", "2015-06-30": "$100", "2015-03-31": "$133", "2014-12-31": "$158", "2014-09-30": "$137", "2014-06-30": "$124", "2014-03-31": "$122", "2013-12-31": "$145", "2013-09-30": "$175", "2013-06-30": "$168", "2013-03-31": "$165", "2012-12-31": "$160", "2012-09-30": "$168", "2012-06-30": "$153", "2012-03-31": "$133", "2011-12-31": "$142", "2011-09-30": "$148", "2011-06-30": "$139", "2011-03-31": "$128", "2010-12-31": "$104", "2010-09-30": "$120", "2010-06-30": "$45", "2010-03-31": "$122", "2009-12-31": "$113", "2009-09-30": "$122", "2009-06-30": "$147", "2009-03-31": "$171", "2008-12-31": "$181", "2008-09-30": "$179", "2008-06-30": "$169", "2008-03-31": "$154", "2007-12-31": "$141", "2007-09-30": "$129", "2007-06-30": "$116", "2007-03-31": "$102", "2006-12-31": "$94", "2006-09-30": "$85", "2006-06-30": "$80", "2006-03-31": "$69", "2005-12-31": "$67", "2005-09-30": "$62", "2005-06-30": "$59", "2005-03-31": "$47"}}, "ebitda": {"Jacobs Engineering Group Annual EBITDA (Millions of US $)": {"2020": "$880", "2019": "$574", "2018": "$586", "2017": "$367", "2016": "$469", "2015": "$595", "2014": "$673", "2013": "$768", "2012": "$697", "2011": "$614", "2010": "$489", "2009": "$707", "2008": "$716", "2007": "$498", "2006": "$350", "2005": "$261"}, "Jacobs Engineering Group Quarterly EBITDA (Millions of US $)": {"2020-09-30": "$232", "2020-06-30": "$240", "2020-03-31": "$212", "2019-12-31": "$195", "2019-09-30": "$142", "2019-06-30": "$134", "2019-03-31": "$145", "2018-12-31": "$153", "2018-09-30": "$212", "2018-06-30": "$215", "2018-03-31": "$124", "2017-12-31": "$35", "2017-09-30": "$-6", "2017-06-30": "$158", "2017-03-31": "$97", "2016-12-31": "$117", "2016-09-30": "$114", "2016-06-30": "$142", "2016-03-31": "$120", "2015-12-31": "$93", "2015-09-30": "$89", "2015-06-30": "$138", "2015-03-31": "$171", "2014-12-31": "$197", "2014-09-30": "$176", "2014-06-30": "$163", "2014-03-31": "$161", "2013-12-31": "$173", "2013-09-30": "$202", "2013-06-30": "$193", "2013-03-31": "$189", "2012-12-31": "$185", "2012-09-30": "$193", "2012-06-30": "$178", "2012-03-31": "$158", "2011-12-31": "$167", "2011-09-30": "$174", "2011-06-30": "$165", "2011-03-31": "$152", "2010-12-31": "$124", "2010-09-30": "$142", "2010-06-30": "$66", "2010-03-31": "$144", "2009-12-31": "$136", "2009-09-30": "$152", "2009-06-30": "$166", "2009-03-31": "$189", "2008-12-31": "$200", "2008-09-30": "$198", "2008-06-30": "$188", "2008-03-31": "$172", "2007-12-31": "$158", "2007-09-30": "$144", "2007-06-30": "$130", "2007-03-31": "$116", "2006-12-31": "$107", "2006-09-30": "$98", "2006-06-30": "$92", "2006-03-31": "$82", "2005-12-31": "$79", "2005-09-30": "$74", "2005-06-30": "$70", "2005-03-31": "$59"}}, "net-income": {"Jacobs Engineering Group Annual Net Income (Millions of US $)": {"2020": "$492", "2019": "$848", "2018": "$163", "2017": "$294", "2016": "$210", "2015": "$303", "2014": "$328", "2013": "$423", "2012": "$379", "2011": "$331", "2010": "$246", "2009": "$400", "2008": "$421", "2007": "$287", "2006": "$197", "2005": "$132"}, "Jacobs Engineering Group Quarterly Net Income (Millions of US $)": {"2020-09-30": "$82", "2020-06-30": "$245", "2020-03-31": "$-92", "2019-12-31": "$257", "2019-09-30": "$142", "2019-06-30": "$524", "2019-03-31": "$57", "2018-12-31": "$124", "2018-09-30": "$-38", "2018-06-30": "$150", "2018-03-31": "$49", "2017-12-31": "$2", "2017-09-30": "$96", "2017-06-30": "$88", "2017-03-31": "$49", "2016-12-31": "$61", "2016-09-30": "$30", "2016-06-30": "$69", "2016-03-31": "$65", "2015-12-31": "$47", "2015-09-30": "$30", "2015-06-30": "$91", "2015-03-31": "$82", "2014-12-31": "$100", "2014-09-30": "$86", "2014-06-30": "$65", "2014-03-31": "$83", "2013-12-31": "$94", "2013-09-30": "$111", "2013-06-30": "$109", "2013-03-31": "$104", "2012-12-31": "$99", "2012-09-30": "$107", "2012-06-30": "$98", "2012-03-31": "$84", "2011-12-31": "$90", "2011-09-30": "$94", "2011-06-30": "$91", "2011-03-31": "$80", "2010-12-31": "$66", "2010-09-30": "$77", "2010-06-30": "$19", "2010-03-31": "$78", "2009-12-31": "$72", "2009-09-30": "$79", "2009-06-30": "$95", "2009-03-31": "$109", "2008-12-31": "$116", "2008-09-30": "$114", "2008-06-30": "$109", "2008-03-31": "$99", "2007-12-31": "$98", "2007-09-30": "$84", "2007-06-30": "$75", "2007-03-31": "$67", "2006-12-31": "$61", "2006-09-30": "$59", "2006-06-30": "$51", "2006-03-31": "$45", "2005-12-31": "$43", "2005-09-30": "$38", "2005-06-30": "$37", "2005-03-31": "$28"}}, "eps-earnings-per-share-diluted": {"Jacobs Engineering Group Annual EPS": {"2020": "$3.71", "2019": "$6.08", "2018": "$1.18", "2017": "$2.42", "2016": "$1.73", "2015": "$2.40", "2014": "$2.48", "2013": "$3.23", "2012": "$2.94", "2011": "$2.60", "2010": "$1.96", "2009": "$3.21", "2008": "$3.38", "2007": "$2.35", "2006": "$1.64", "2005": "$1.12"}, "Jacobs Engineering Group Quarterly EPS": {"2020-09-30": "$0.62", "2020-06-30": "$1.87", "2020-03-31": "$-0.69", "2019-12-31": "$1.91", "2019-09-30": "$1.01", "2019-06-30": "$3.80", "2019-03-31": "$0.41", "2018-12-31": "$0.86", "2018-09-30": "$-0.23", "2018-06-30": "$1.05", "2018-03-31": "$0.34", "2017-12-31": "$0.02", "2017-09-30": "$0.77", "2017-06-30": "$0.74", "2017-03-31": "$0.41", "2016-12-31": "$0.50", "2016-09-30": "$0.24", "2016-06-30": "$0.57", "2016-03-31": "$0.54", "2015-12-31": "$0.38", "2015-09-30": "$0.26", "2015-06-30": "$0.73", "2015-03-31": "$0.64", "2014-12-31": "$0.77", "2014-09-30": "$0.65", "2014-06-30": "$0.49", "2014-03-31": "$0.63", "2013-12-31": "$0.71", "2013-09-30": "$0.84", "2013-06-30": "$0.83", "2013-03-31": "$0.80", "2012-12-31": "$0.76", "2012-09-30": "$0.83", "2012-06-30": "$0.76", "2012-03-31": "$0.65", "2011-12-31": "$0.70", "2011-09-30": "$0.74", "2011-06-30": "$0.71", "2011-03-31": "$0.63", "2010-12-31": "$0.52", "2010-09-30": "$0.61", "2010-06-30": "$0.15", "2010-03-31": "$0.62", "2009-12-31": "$0.58", "2009-09-30": "$0.63", "2009-06-30": "$0.76", "2009-03-31": "$0.88", "2008-12-31": "$0.94", "2008-09-30": "$0.92", "2008-06-30": "$0.87", "2008-03-31": "$0.80", "2007-12-31": "$0.79", "2007-09-30": "$0.68", "2007-06-30": "$0.61", "2007-03-31": "$0.55", "2006-12-31": "$0.51", "2006-09-30": "$0.49", "2006-06-30": "$0.42", "2006-03-31": "$0.37", "2005-12-31": "$0.36", "2005-09-30": "$0.32", "2005-06-30": "$0.31", "2005-03-31": "$0.24"}}, "shares-outstanding": {"Jacobs Engineering Group Annual Shares Outstanding (Millions of Shares)": {"2020": "133", "2019": "139", "2018": "138", "2017": "120", "2016": "121", "2015": "126", "2014": "132", "2013": "131", "2012": "129", "2011": "127", "2010": "126", "2009": "125", "2008": "124", "2007": "122", "2006": "120", "2005": "117"}, "Jacobs Engineering Group Quarterly Shares Outstanding (Millions of Shares)": {"2020-09-30": "133", "2020-06-30": "131", "2020-03-31": "133", "2019-12-31": "135", "2019-09-30": "139", "2019-06-30": "138", "2019-03-31": "139", "2018-12-31": "144", "2018-09-30": "138", "2018-06-30": "143", "2018-03-31": "142", "2017-12-31": "125", "2017-09-30": "120", "2017-06-30": "120", "2017-03-31": "121", "2016-12-31": "122", "2016-09-30": "121", "2016-06-30": "121", "2016-03-31": "121", "2015-12-31": "122", "2015-09-30": "126", "2015-06-30": "125", "2015-03-31": "127", "2014-12-31": "130", "2014-09-30": "132", "2014-06-30": "133", "2014-03-31": "133", "2013-12-31": "132", "2013-09-30": "131", "2013-06-30": "131", "2013-03-31": "131", "2012-12-31": "130", "2012-09-30": "129", "2012-06-30": "129", "2012-03-31": "129", "2011-12-31": "128", "2011-09-30": "127", "2011-06-30": "128", "2011-03-31": "127", "2010-12-31": "127", "2010-09-30": "126", "2010-06-30": "126", "2010-03-31": "126", "2009-12-31": "125", "2009-09-30": "125", "2009-06-30": "125", "2009-03-31": "124", "2008-12-31": "124", "2008-09-30": "124", "2008-06-30": "125", "2008-03-31": "124", "2007-12-31": "124", "2007-09-30": "122", "2007-06-30": "123", "2007-03-31": "122", "2006-12-31": "121", "2006-09-30": "120", "2006-06-30": "121", "2006-03-31": "120", "2005-12-31": "119", "2005-09-30": "117", "2005-06-30": "118", "2005-03-31": "117"}}, "total-assets": {"Jacobs Engineering Group Annual Total Assets (Millions of US $)": {"2020": "$12,354", "2019": "$11,463", "2018": "$12,646", "2017": "$7,381", "2016": "$7,360", "2015": "$7,786", "2014": "$8,454", "2013": "$7,274", "2012": "$6,839", "2011": "$6,199", "2010": "$4,684", "2009": "$4,429", "2008": "$4,278", "2007": "$3,389", "2006": "$2,854", "2005": "$2,379"}, "Jacobs Engineering Group Quarterly Total Assets (Millions of US $)": {"2020-09-30": "$12,354", "2020-06-30": "$12,612", "2020-03-31": "$13,135", "2019-12-31": "$12,201", "2019-09-30": "$11,463", "2019-06-30": "$11,641", "2019-03-31": "$12,946", "2018-12-31": "$12,945", "2018-09-30": "$12,646", "2018-06-30": "$12,552", "2018-03-31": "$12,602", "2017-12-31": "$12,692", "2017-09-30": "$7,381", "2017-06-30": "$7,245", "2017-03-31": "$7,086", "2016-12-31": "$7,110", "2016-09-30": "$7,360", "2016-06-30": "$7,421", "2016-03-31": "$7,717", "2015-12-31": "$7,616", "2015-09-30": "$7,786", "2015-06-30": "$7,959", "2015-03-31": "$7,931", "2014-12-31": "$8,243", "2014-09-30": "$8,454", "2014-06-30": "$8,333", "2014-03-31": "$8,236", "2013-12-31": "$8,441", "2013-09-30": "$7,274", "2013-06-30": "$7,050", "2013-03-31": "$6,872", "2012-12-31": "$6,937", "2012-09-30": "$6,839", "2012-06-30": "$6,483", "2012-03-31": "$6,332", "2011-12-31": "$6,126", "2011-09-30": "$6,199", "2011-06-30": "$6,039", "2011-03-31": "$5,638", "2010-12-31": "$4,907", "2010-09-30": "$4,684", "2010-06-30": "$4,661", "2010-03-31": "$4,651", "2009-12-31": "$4,681", "2009-09-30": "$4,429", "2009-06-30": "$4,426", "2009-03-31": "$4,182", "2008-12-31": "$4,300", "2008-09-30": "$4,278", "2008-06-30": "$4,022", "2008-03-31": "$3,877", "2007-12-31": "$3,667", "2007-09-30": "$3,389", "2007-06-30": "$3,175", "2007-03-31": "$3,027", "2006-12-31": "$2,972", "2006-09-30": "$2,854", "2006-06-30": "$2,815", "2006-03-31": "$2,671", "2005-12-31": "$2,499", "2005-09-30": "$2,379", "2005-06-30": "$2,310", "2005-03-31": "$2,251"}}, "cash-on-hand": {"Jacobs Engineering Group Annual Cash on Hand (Millions of US $)": {"2020": "$1,210", "2019": "$1,082", "2018": "$635", "2017": "$774", "2016": "$656", "2015": "$461", "2014": "$733", "2013": "$1,256", "2012": "$1,032", "2011": "$906", "2010": "$939", "2009": "$1,034", "2008": "$604", "2007": "$613", "2006": "$434", "2005": "$240"}, "Jacobs Engineering Group Quarterly Cash on Hand (Millions of US $)": {"2020-09-30": "$1,210", "2020-06-30": "$1,025", "2020-03-31": "$1,656", "2019-12-31": "$619", "2019-09-30": "$1,082", "2019-06-30": "$998", "2019-03-31": "$675", "2018-12-31": "$887", "2018-09-30": "$635", "2018-06-30": "$824", "2018-03-31": "$835", "2017-12-31": "$1,060", "2017-09-30": "$774", "2017-06-30": "$758", "2017-03-31": "$675", "2016-12-31": "$737", "2016-09-30": "$656", "2016-06-30": "$616", "2016-03-31": "$560", "2015-12-31": "$444", "2015-09-30": "$461", "2015-06-30": "$554", "2015-03-31": "$465", "2014-12-31": "$670", "2014-09-30": "$733", "2014-06-30": "$773", "2014-03-31": "$691", "2013-12-31": "$1,011", "2013-09-30": "$1,256", "2013-06-30": "$1,296", "2013-03-31": "$1,166", "2012-12-31": "$1,242", "2012-09-30": "$1,032", "2012-06-30": "$899", "2012-03-31": "$922", "2011-12-31": "$959", "2011-09-30": "$906", "2011-06-30": "$774", "2011-03-31": "$748", "2010-12-31": "$1,040", "2010-09-30": "$939", "2010-06-30": "$942", "2010-03-31": "$839", "2009-12-31": "$1,055", "2009-09-30": "$1,034", "2009-06-30": "$1,059", "2009-03-31": "$773", "2008-12-31": "$788", "2008-09-30": "$604", "2008-06-30": "$536", "2008-03-31": "$393", "2007-12-31": "$399", "2007-09-30": "$613", "2007-06-30": "$473", "2007-03-31": "$481", "2006-12-31": "$485", "2006-09-30": "$434", "2006-06-30": "$340", "2006-03-31": "$367", "2005-12-31": "$271", "2005-09-30": "$240", "2005-06-30": "$202", "2005-03-31": "$155"}}, "long-term-debt": {"Jacobs Engineering Group Annual Long Term Debt (Millions of US $)": {"2020": "$1,677", "2019": "$1,201", "2018": "$2,144", "2017": "$235", "2016": "$385", "2015": "$584", "2014": "$764", "2013": "$415", "2012": "$528", "2011": "$2", "2010": "$1", "2009": "$1", "2008": "$56", "2007": "$40", "2006": "$78", "2005": "$90"}, "Jacobs Engineering Group Quarterly Long Term Debt (Millions of US $)": {"2020-09-30": "$1,677", "2020-06-30": "$2,155", "2020-03-31": "$3,099", "2019-12-31": "$1,415", "2019-09-30": "$1,201", "2019-06-30": "$1,025", "2019-03-31": "$2,842", "2018-12-31": "$2,669", "2018-09-30": "$2,144", "2018-06-30": "$2,336", "2018-03-31": "$2,512", "2017-12-31": "$2,588", "2017-09-30": "$235", "2017-06-30": "$282", "2017-03-31": "$335", "2016-12-31": "$387", "2016-09-30": "$385", "2016-06-30": "$479", "2016-03-31": "$530", "2015-12-31": "$622", "2015-09-30": "$584", "2015-06-30": "$646", "2015-03-31": "$713", "2014-12-31": "$707", "2014-09-30": "$764", "2014-06-30": "$789", "2014-03-31": "$932", "2013-12-31": "$1,041", "2013-09-30": "$415", "2013-06-30": "$433", "2013-03-31": "$447", "2012-12-31": "$513", "2012-09-30": "$528", "2012-06-30": "$511", "2012-03-31": "$285", "2011-12-31": "", "2011-09-30": "$2", "2011-06-30": "$2", "2011-03-31": "$380", "2010-12-31": "$12", "2010-09-30": "$1", "2010-06-30": "$1", "2010-03-31": "$1", "2009-12-31": "$1", "2009-09-30": "$1", "2009-06-30": "$13", "2009-03-31": "$25", "2008-12-31": "$40", "2008-09-30": "$56", "2008-06-30": "$38", "2008-03-31": "$33", "2007-12-31": "$37", "2007-09-30": "$40", "2007-06-30": "$66", "2007-03-31": "$70", "2006-12-31": "$95", "2006-09-30": "$78", "2006-06-30": "$97", "2006-03-31": "$100", "2005-12-31": "$93", "2005-09-30": "$90", "2005-06-30": "$103", "2005-03-31": "$109"}}, "total-liabilities": {"Jacobs Engineering Group Annual Total Liabilities (Millions of US $)": {"2020": "$6,499", "2019": "$5,694", "2018": "$6,701", "2017": "$2,894", "2016": "$3,030", "2015": "$3,429", "2014": "$3,948", "2013": "$3,026", "2012": "$3,081", "2011": "$2,876", "2010": "$1,819", "2009": "$1,797", "2008": "$2,033", "2007": "$1,546", "2006": "$1,431", "2005": "$1,213"}, "Jacobs Engineering Group Quarterly Total Liabilities (Millions of US $)": {"2020-09-30": "$6,499", "2020-06-30": "$6,727", "2020-03-31": "$7,522", "2019-12-31": "$6,138", "2019-09-30": "$5,694", "2019-06-30": "$5,533", "2019-03-31": "$7,390", "2018-12-31": "$7,104", "2018-09-30": "$6,701", "2018-06-30": "$6,499", "2018-03-31": "$6,576", "2017-12-31": "$6,730", "2017-09-30": "$2,894", "2017-06-30": "$2,960", "2017-03-31": "$2,912", "2016-12-31": "$2,974", "2016-09-30": "$3,030", "2016-06-30": "$2,932", "2016-03-31": "$3,278", "2015-12-31": "$3,246", "2015-09-30": "$3,429", "2015-06-30": "$3,560", "2015-03-31": "$3,522", "2014-12-31": "$3,770", "2014-09-30": "$3,948", "2014-06-30": "$3,800", "2014-03-31": "$3,772", "2013-12-31": "$4,080", "2013-09-30": "$3,026", "2013-06-30": "$2,928", "2013-03-31": "$2,882", "2012-12-31": "$3,068", "2012-09-30": "$3,081", "2012-06-30": "$2,792", "2012-03-31": "$2,769", "2011-12-31": "$2,674", "2011-09-30": "$2,876", "2011-06-30": "$2,886", "2011-03-31": "$2,588", "2010-12-31": "$1,952", "2010-09-30": "$1,819", "2010-06-30": "$1,843", "2010-03-31": "$1,839", "2009-12-31": "$1,957", "2009-09-30": "$1,797", "2009-06-30": "$1,811", "2009-03-31": "$1,705", "2008-12-31": "$1,946", "2008-09-30": "$2,033", "2008-06-30": "$1,789", "2008-03-31": "$1,768", "2007-12-31": "$1,677", "2007-09-30": "$1,546", "2007-06-30": "$1,500", "2007-03-31": "$1,448", "2006-12-31": "$1,474", "2006-09-30": "$1,431", "2006-06-30": "$1,484", "2006-03-31": "$1,390", "2005-12-31": "$1,279", "2005-09-30": "$1,213", "2005-06-30": "$1,170", "2005-03-31": "$1,161"}}, "total-share-holder-equity": {"Jacobs Engineering Group Annual Share Holder Equity (Millions of US $)": {"2020": "$5,856", "2019": "$5,769", "2018": "$5,944", "2017": "$4,487", "2016": "$4,330", "2015": "$4,356", "2014": "$4,506", "2013": "$4,248", "2012": "$3,759", "2011": "$3,323", "2010": "$2,865", "2009": "$2,631", "2008": "$2,245", "2007": "$1,844", "2006": "$1,423", "2005": "$1,166"}, "Jacobs Engineering Group Quarterly Share Holder Equity (Millions of US $)": {"2020-09-30": "$5,856", "2020-06-30": "$5,885", "2020-03-31": "$5,613", "2019-12-31": "$6,062", "2019-09-30": "$5,769", "2019-06-30": "$6,108", "2019-03-31": "$5,556", "2018-12-31": "$5,841", "2018-09-30": "$5,944", "2018-06-30": "$6,053", "2018-03-31": "$6,025", "2017-12-31": "$5,962", "2017-09-30": "$4,487", "2017-06-30": "$4,285", "2017-03-31": "$4,174", "2016-12-31": "$4,136", "2016-09-30": "$4,330", "2016-06-30": "$4,489", "2016-03-31": "$4,439", "2015-12-31": "$4,370", "2015-09-30": "$4,356", "2015-06-30": "$4,400", "2015-03-31": "$4,409", "2014-12-31": "$4,473", "2014-09-30": "$4,506", "2014-06-30": "$4,533", "2014-03-31": "$4,464", "2013-12-31": "$4,361", "2013-09-30": "$4,248", "2013-06-30": "$4,122", "2013-03-31": "$3,989", "2012-12-31": "$3,868", "2012-09-30": "$3,759", "2012-06-30": "$3,690", "2012-03-31": "$3,562", "2011-12-31": "$3,453", "2011-09-30": "$3,323", "2011-06-30": "$3,153", "2011-03-31": "$3,049", "2010-12-31": "$2,955", "2010-09-30": "$2,865", "2010-06-30": "$2,818", "2010-03-31": "$2,812", "2009-12-31": "$2,723", "2009-09-30": "$2,631", "2009-06-30": "$2,615", "2009-03-31": "$2,477", "2008-12-31": "$2,354", "2008-09-30": "$2,245", "2008-06-30": "$2,233", "2008-03-31": "$2,109", "2007-12-31": "$1,991", "2007-09-30": "$1,844", "2007-06-30": "$1,675", "2007-03-31": "$1,579", "2006-12-31": "$1,499", "2006-09-30": "$1,423", "2006-06-30": "$1,331", "2006-03-31": "$1,282", "2005-12-31": "$1,220", "2005-09-30": "$1,166", "2005-06-30": "$1,140", "2005-03-31": "$1,091"}}, "profit-margins": {"current": "3.62%"}, "gross margin": {"2020-09-30": "19.07%", "2020-06-30": "19.26%", "2020-03-31": "19.36%", "2019-12-31": "19.62%", "2019-09-30": "19.45%", "2019-06-30": "19.60%", "2019-03-31": "19.84%", "2018-12-31": "20.08%", "2018-09-30": "20.41%", "2018-06-30": "23.13%", "2018-03-31": "22.27%", "2017-12-31": "21.25%", "2017-09-30": "19.89%", "2017-06-30": "17.27%", "2017-03-31": "16.89%", "2016-12-31": "16.37%", "2016-09-30": "16.11%", "2016-06-30": "15.80%", "2016-03-31": "15.80%", "2015-12-31": "16.04%", "2015-09-30": "16.24%", "2015-06-30": "16.67%", "2015-03-31": "16.86%", "2014-12-31": "16.70%", "2014-09-30": "16.35%", "2014-06-30": "15.91%", "2014-03-31": "15.34%", "2013-12-31": "15.34%", "2013-09-30": "15.59%", "2013-06-30": "15.83%", "2013-03-31": "15.97%", "2012-12-31": "15.80%", "2012-09-30": "15.85%", "2012-06-30": "15.76%", "2012-03-31": "15.62%", "2011-12-31": "15.48%", "2011-09-30": "15.03%", "2011-06-30": "14.81%", "2011-03-31": "13.72%", "2010-12-31": "13.42%", "2010-09-30": "13.43%", "2010-06-30": "13.15%", "2010-03-31": "13.87%", "2009-12-31": "13.75%", "2009-09-30": "13.61%", "2009-06-30": "13.81%", "2009-03-31": "14.22%", "2008-12-31": "14.85%", "2008-09-30": "15.42%", "2008-06-30": "15.55%", "2008-03-31": "15.49%", "2007-12-31": "14.87%", "2007-09-30": "14.29%", "2007-06-30": "13.85%", "2007-03-31": "13.20%", "2006-12-31": "12.80%", "2006-09-30": "12.59%", "2006-06-30": "12.76%", "2006-03-31": "13.17%", "2005-12-31": "13.74%"}, "operating margin": {"2020-09-30": "3.94%", "2020-06-30": "4.55%", "2020-03-31": "3.81%", "2019-12-31": "3.40%", "2019-09-30": "3.18%", "2019-06-30": "3.79%", "2019-03-31": "4.46%", "2018-12-31": "4.26%", "2018-09-30": "3.67%", "2018-06-30": "2.84%", "2018-03-31": "2.46%", "2017-12-31": "2.70%", "2017-09-30": "3.85%", "2017-06-30": "3.68%", "2017-03-31": "3.43%", "2016-12-31": "3.46%", "2016-09-30": "3.09%", "2016-06-30": "2.71%", "2016-03-31": "2.57%", "2015-12-31": "2.94%", "2015-09-30": "3.67%", "2015-06-30": "4.32%", "2015-03-31": "4.40%", "2014-12-31": "4.22%", "2014-09-30": "4.16%", "2014-06-30": "4.48%", "2014-03-31": "4.89%", "2013-12-31": "5.38%", "2013-09-30": "5.65%", "2013-06-30": "5.77%", "2013-03-31": "5.79%", "2012-12-31": "5.57%", "2012-09-30": "5.47%", "2012-06-30": "5.32%", "2012-03-31": "5.20%", "2011-12-31": "5.23%", "2011-09-30": "5.00%", "2011-06-30": "4.91%", "2011-03-31": "4.07%", "2010-12-31": "3.99%", "2010-09-30": "4.03%", "2010-06-30": "3.97%", "2010-03-31": "4.88%", "2009-12-31": "5.16%", "2009-09-30": "5.42%", "2009-06-30": "5.60%", "2009-03-31": "5.68%", "2008-12-31": "5.69%", "2008-09-30": "5.71%", "2008-06-30": "5.74%", "2008-03-31": "5.68%", "2007-12-31": "5.47%", "2007-09-30": "5.20%", "2007-06-30": "4.86%", "2007-03-31": "4.50%", "2006-12-31": "4.23%", "2006-09-30": "4.06%", "2006-06-30": "3.99%", "2006-03-31": "3.96%", "2005-12-31": "3.89%"}, "ebitda margin": {"2020-09-30": "6.48%", "2020-06-30": "5.87%", "2020-03-31": "5.12%", "2019-12-31": "4.73%", "2019-09-30": "4.51%", "2019-06-30": "5.22%", "2019-03-31": "5.99%", "2018-12-31": "5.93%", "2018-09-30": "5.54%", "2018-06-30": "5.62%", "2018-03-31": "5.07%", "2017-12-31": "5.11%", "2017-09-30": "5.78%", "2017-06-30": "4.85%", "2017-03-31": "4.61%", "2016-12-31": "4.62%", "2016-09-30": "4.28%", "2016-06-30": "3.88%", "2016-03-31": "3.78%", "2015-12-31": "4.17%", "2015-09-30": "4.91%", "2015-06-30": "5.58%", "2015-03-31": "5.64%", "2014-12-31": "5.44%", "2014-09-30": "5.30%", "2014-06-30": "5.54%", "2014-03-31": "5.85%", "2013-12-31": "6.23%", "2013-09-30": "6.50%", "2013-06-30": "6.62%", "2013-03-31": "6.67%", "2012-12-31": "6.48%", "2012-09-30": "6.39%", "2012-06-30": "6.25%", "2012-03-31": "6.15%", "2011-12-31": "6.17%", "2011-09-30": "5.92%", "2011-06-30": "5.83%", "2011-03-31": "4.96%", "2010-12-31": "4.86%", "2010-09-30": "4.92%", "2010-06-30": "4.92%", "2010-03-31": "5.79%", "2009-12-31": "6.00%", "2009-09-30": "6.16%", "2009-06-30": "6.22%", "2009-03-31": "6.29%", "2008-12-31": "6.31%", "2008-09-30": "6.36%", "2008-06-30": "6.40%", "2008-03-31": "6.36%", "2007-12-31": "6.14%", "2007-09-30": "5.86%", "2007-06-30": "5.52%", "2007-03-31": "5.15%", "2006-12-31": "4.89%", "2006-09-30": "4.73%", "2006-06-30": "4.70%", "2006-03-31": "4.70%", "2005-12-31": "4.67%"}, "pre tax profit margin": {"2020-09-30": "3.25%", "2020-06-30": "3.24%", "2020-03-31": "1.68%", "2019-12-31": "3.94%", "2019-09-30": "2.76%", "2019-06-30": "3.56%", "2019-03-31": "4.07%", "2018-12-31": "3.62%", "2018-09-30": "3.13%", "2018-06-30": "2.41%", "2018-03-31": "2.25%", "2017-12-31": "2.68%", "2017-09-30": "3.82%", "2017-06-30": "3.09%", "2017-03-31": "2.80%", "2016-12-31": "2.95%", "2016-09-30": "2.62%", "2016-06-30": "2.62%", "2016-03-31": "2.52%", "2015-12-31": "2.83%", "2015-09-30": "3.55%", "2015-06-30": "4.31%", "2015-03-31": "4.36%", "2014-12-31": "4.29%", "2014-09-30": "4.27%", "2014-06-30": "4.53%", "2014-03-31": "4.99%", "2013-12-31": "5.38%", "2013-09-30": "5.59%", "2013-06-30": "5.72%", "2013-03-31": "5.73%", "2012-12-31": "5.53%", "2012-09-30": "5.44%", "2012-06-30": "5.24%", "2012-03-31": "5.17%", "2011-12-31": "5.18%", "2011-09-30": "4.97%", "2011-06-30": "4.91%", "2011-03-31": "3.96%", "2010-12-31": "3.90%", "2010-09-30": "3.94%", "2010-06-30": "3.90%", "2010-03-31": "4.90%", "2009-12-31": "5.19%", "2009-09-30": "5.45%", "2009-06-30": "5.61%", "2009-03-31": "5.70%", "2008-12-31": "5.71%", "2008-09-30": "5.85%", "2008-06-30": "5.90%", "2008-03-31": "5.86%", "2007-12-31": "5.68%", "2007-09-30": "5.30%", "2007-06-30": "4.98%", "2007-03-31": "4.60%", "2006-12-31": "4.31%", "2006-09-30": "4.11%", "2006-06-30": "3.98%", "2006-03-31": "3.93%", "2005-12-31": "3.81%"}, "net profit margin": {"2020-09-30": "3.63%", "2020-06-30": "4.11%", "2020-03-31": "6.22%", "2019-12-31": "7.53%", "2019-09-30": "6.65%", "2019-06-30": "5.41%", "2019-03-31": "2.42%", "2018-12-31": "2.40%", "2018-09-30": "1.54%", "2018-06-30": "4.54%", "2018-03-31": "3.83%", "2017-12-31": "4.22%", "2017-09-30": "4.64%", "2017-06-30": "2.28%", "2017-03-31": "2.05%", "2016-12-31": "2.11%", "2016-09-30": "1.92%", "2016-06-30": "1.84%", "2016-03-31": "2.00%", "2015-12-31": "2.12%", "2015-09-30": "2.50%", "2015-06-30": "2.94%", "2015-03-31": "2.66%", "2014-12-31": "2.61%", "2014-09-30": "2.58%", "2014-06-30": "2.80%", "2014-03-31": "3.18%", "2013-12-31": "3.45%", "2013-09-30": "3.58%", "2013-06-30": "3.66%", "2013-03-31": "3.66%", "2012-12-31": "3.52%", "2012-09-30": "3.48%", "2012-06-30": "3.38%", "2012-03-31": "3.32%", "2011-12-31": "3.33%", "2011-09-30": "3.19%", "2011-06-30": "3.14%", "2011-03-31": "2.48%", "2010-12-31": "2.45%", "2010-09-30": "2.48%", "2010-06-30": "2.45%", "2010-03-31": "3.14%", "2009-12-31": "3.31%", "2009-09-30": "3.48%", "2009-06-30": "3.58%", "2009-03-31": "3.64%", "2008-12-31": "3.65%", "2008-09-30": "3.73%", "2008-06-30": "3.77%", "2008-03-31": "3.75%", "2007-12-31": "3.63%", "2007-09-30": "3.39%", "2007-06-30": "3.21%", "2007-03-31": "2.97%", "2006-12-31": "2.78%", "2006-09-30": "2.67%", "2006-06-30": "2.54%", "2006-03-31": "2.51%", "2005-12-31": "2.42%"}, "pe ratio": {"current": "19.69", "2021-02-11": "31.00", "2020-09-30": "24.95", "2020-06-30": "20.44", "2020-03-31": "12.99", "2019-12-31": "12.44", "2019-09-30": "14.81", "2019-06-30": "16.97", "2019-03-31": "34.29", "2018-12-31": "27.49", "2018-09-30": "60.14", "2018-06-30": "28.37", "2018-03-31": "30.72", "2017-12-31": "32.94", "2017-09-30": "23.29", "2017-06-30": "27.88", "2017-03-31": "31.04", "2016-12-31": "29.68", "2016-09-30": "28.80", "2016-06-30": "27.74", "2016-03-31": "22.20", "2015-12-31": "20.31", "2015-09-30": "15.15", "2015-06-30": "14.03", "2015-03-31": "17.06", "2014-12-31": "16.95", "2014-09-30": "18.97", "2014-06-30": "19.23", "2014-03-31": "20.33", "2013-12-31": "19.08", "2013-09-30": "17.35", "2013-06-30": "16.50", "2013-03-31": "17.20", "2012-12-31": "13.67", "2012-09-30": "13.25", "2012-06-30": "12.80", "2012-03-31": "15.27", "2011-12-31": "14.06", "2011-09-30": "11.97", "2011-06-30": "16.87", "2011-03-31": "25.94", "2010-12-31": "23.25", "2010-09-30": "19.02", "2010-06-30": "17.73", "2010-03-31": "16.81", "2009-12-31": "12.71", "2009-09-30": "13.79", "2009-06-30": "11.59", "2009-03-31": "10.32", "2008-12-31": "13.13", "2008-09-30": "15.48", "2008-06-30": "24.76", "2008-03-31": "24.62", "2007-12-31": "35.02", "2007-09-30": "31.05", "2007-06-30": "25.77", "2007-03-31": "22.93", "2006-12-31": "22.07"}, "price sales": {"2021-02-11": "1.13", "2020-09-30": "0.91", "2020-06-30": "0.84", "2020-03-31": "0.80", "2019-12-31": "0.94", "2019-09-30": "0.99", "2019-06-30": "0.94", "2019-03-31": "0.86", "2018-12-31": "0.68", "2018-09-30": "0.98", "2018-06-30": "1.34", "2018-03-31": "1.23", "2017-12-31": "1.41", "2017-09-30": "1.08", "2017-06-30": "0.64", "2017-03-31": "0.64", "2016-12-31": "0.63", "2016-09-30": "0.55", "2016-06-30": "0.51", "2016-03-31": "0.44", "2015-12-31": "0.43", "2015-09-30": "0.38", "2015-06-30": "0.41", "2015-03-31": "0.45", "2014-12-31": "0.44", "2014-09-30": "0.49", "2014-06-30": "0.54", "2014-03-31": "0.65", "2013-12-31": "0.66", "2013-09-30": "0.62", "2013-06-30": "0.60", "2013-03-31": "0.63", "2012-12-31": "0.48", "2012-09-30": "0.46", "2012-06-30": "0.43", "2012-03-31": "0.51", "2011-12-31": "0.47", "2011-09-30": "0.38", "2011-06-30": "0.53", "2011-03-31": "0.64", "2010-12-31": "0.57", "2010-09-30": "0.47", "2010-06-30": "0.43", "2010-03-31": "0.53", "2009-12-31": "0.42", "2009-09-30": "0.48", "2009-06-30": "0.42", "2009-03-31": "0.38", "2008-12-31": "0.48", "2008-09-30": "0.58", "2008-06-30": "0.93", "2008-03-31": "0.92", "2007-12-31": "1.27", "2007-09-30": "1.05", "2007-06-30": "0.82", "2007-03-31": "0.68", "2006-12-31": "0.61"}, "price book": {"current": "2.49", "2021-02-11": "2.55", "2020-09-30": "2.05", "2020-06-30": "1.87", "2020-03-31": "1.82", "2019-12-31": "1.95", "2019-09-30": "2.09", "2019-06-30": "1.85", "2019-03-31": "1.82", "2018-12-31": "1.38", "2018-09-30": "1.80", "2018-06-30": "1.46", "2018-03-31": "1.36", "2017-12-31": "1.53", "2017-09-30": "1.52", "2017-06-30": "1.48", "2017-03-31": "1.54", "2016-12-31": "1.61", "2016-09-30": "1.39", "2016-06-30": "1.30", "2016-03-31": "1.15", "2015-12-31": "1.14", "2015-09-30": "1.02", "2015-06-30": "1.10", "2015-03-31": "1.25", "2014-12-31": "1.25", "2014-09-30": "1.38", "2014-06-30": "1.51", "2014-03-31": "1.81", "2013-12-31": "1.83", "2013-09-30": "1.74", "2013-06-30": "1.69", "2013-03-31": "1.78", "2012-12-31": "1.38", "2012-09-30": "1.35", "2012-06-30": "1.28", "2012-03-31": "1.55", "2011-12-31": "1.45", "2011-09-30": "1.20", "2011-06-30": "1.68", "2011-03-31": "2.06", "2010-12-31": "1.89", "2010-09-30": "1.64", "2010-06-30": "1.57", "2010-03-31": "1.93", "2009-12-31": "1.66", "2009-09-30": "2.09", "2009-06-30": "1.92", "2009-03-31": "1.86", "2008-12-31": "2.42", "2008-09-30": "2.86", "2008-06-30": "4.26", "2008-03-31": "4.09", "2007-12-31": "5.61", "2007-09-30": "4.75", "2007-06-30": "3.97", "2007-03-31": "3.39", "2006-12-31": "3.10", "2006-09-30": "1.49", "2006-06-30": "3.39", "2006-03-31": "3.82"}, "price fcf": {"2021-02-11": "", "2020-09-30": "$5.19", "2020-06-30": "$0.94", "2020-03-31": "$-3.12", "2019-12-31": "$-3.03", "2019-09-30": "$-3.56", "2019-06-30": "$-0.93", "2019-03-31": "$1.98", "2018-12-31": "$0.93", "2018-09-30": "$2.83", "2018-06-30": "$2.69", "2018-03-31": "$2.61", "2017-12-31": "$3.28", "2017-09-30": "$3.82", "2017-06-30": "$4.36", "2017-03-31": "$4.47", "2016-12-31": "$5.77", "2016-09-30": "$5.13", "2016-06-30": "$3.90", "2016-03-31": "$4.69", "2015-12-31": "$2.40", "2015-09-30": "$3.14", "2015-06-30": "$4.25", "2015-03-31": "$4.04", "2014-12-31": "$3.28", "2014-09-30": "$4.63", "2014-06-30": "$2.80", "2014-03-31": "$2.01", "2013-12-31": "$2.96", "2013-09-30": "$2.49", "2013-06-30": "$3.74", "2013-03-31": "$2.43", "2012-12-31": "$2.36", "2012-09-30": "$1.63", "2012-06-30": "$1.33", "2012-03-31": "$1.39", "2011-12-31": "$0.99", "2011-09-30": "$1.11", "2011-06-30": "$0.18", "2011-03-31": "$1.04", "2010-12-31": "$0.66", "2010-09-30": "$1.50", "2010-06-30": "$2.01", "2010-03-31": "$3.35", "2009-12-31": "$4.30", "2009-09-30": "$3.84", "2009-06-30": "$4.40", "2009-03-31": "$3.23", "2008-12-31": "$3.42", "2008-09-30": "$1.60", "2008-06-30": "$2.04", "2008-03-31": "$1.41", "2007-12-31": "$1.61", "2007-09-30": "$2.44", "2007-06-30": "$2.03", "2007-03-31": "$1.33", "2006-12-31": "$1.91"}, "net worth": {"value": "$14.56B"}, "current ratio": {"current": "1.54", "2020-09-30": "1.54", "2020-06-30": "1.69", "2020-03-31": "1.97", "2019-12-31": "1.55", "2019-09-30": "1.34", "2019-06-30": "1.36", "2019-03-31": "1.52", "2018-12-31": "1.58", "2018-09-30": "1.45", "2018-06-30": "1.45", "2018-03-31": "1.49", "2017-12-31": "1.48", "2017-09-30": "1.56", "2017-06-30": "1.60", "2017-03-31": "1.63", "2016-12-31": "1.67", "2016-09-30": "1.61", "2016-06-30": "1.62", "2016-03-31": "1.60", "2015-12-31": "1.74", "2015-09-30": "1.58", "2015-06-30": "1.66", "2015-03-31": "1.70", "2014-12-31": "1.65", "2014-09-30": "1.66", "2014-06-30": "1.73", "2014-03-31": "1.84", "2013-12-31": "1.82", "2013-09-30": "2.14", "2013-06-30": "2.19", "2013-03-31": "2.20", "2012-12-31": "2.11", "2012-09-30": "2.07", "2012-06-30": "2.10", "2012-03-31": "1.79", "2011-12-31": "1.56", "2011-09-30": "1.47", "2011-06-30": "1.47", "2011-03-31": "1.97", "2010-12-31": "2.26", "2010-09-30": "2.23", "2010-06-30": "2.03", "2010-03-31": "2.00", "2009-12-31": "1.91", "2009-09-30": "2.18", "2009-06-30": "2.03", "2009-03-31": "2.02", "2008-12-31": "1.80", "2008-09-30": "1.74", "2008-06-30": "1.74", "2008-03-31": "1.69", "2007-12-31": "1.67", "2007-09-30": "1.79", "2007-06-30": "1.83", "2007-03-31": "1.82", "2006-12-31": "1.81", "2006-09-30": "1.75", "2006-06-30": "1.71", "2006-03-31": "1.71", "2005-12-31": "1.72", "2005-09-30": "1.70", "2005-06-30": "1.69", "2005-03-31": "1.65"}, "quick ratio": {"2020-09-30": "0.00", "2020-06-30": "0.00", "2020-03-31": "0.00", "2019-12-31": "0.00", "2019-09-30": "0.00", "2019-06-30": "0.00", "2019-03-31": "0.00", "2018-12-31": "0.00", "2018-09-30": "0.00", "2018-06-30": "0.00", "2018-03-31": "0.00", "2017-12-31": "0.00", "2017-09-30": "0.00", "2017-06-30": "0.00", "2017-03-31": "0.00", "2016-12-31": "0.00", "2016-09-30": "0.00", "2016-06-30": "0.00", "2016-03-31": "0.00", "2015-12-31": "0.00", "2015-09-30": "0.00", "2015-06-30": "0.00", "2015-03-31": "0.00", "2014-12-31": "0.00", "2014-09-30": "0.00", "2014-06-30": "0.00", "2014-03-31": "0.00", "2013-12-31": "0.00", "2013-09-30": "0.00", "2013-06-30": "0.00", "2013-03-31": "0.00", "2012-12-31": "0.00", "2012-09-30": "0.00", "2012-06-30": "0.00", "2012-03-31": "0.00", "2011-12-31": "0.00", "2011-09-30": "0.00", "2011-06-30": "0.00", "2011-03-31": "0.00", "2010-12-31": "0.00", "2010-09-30": "0.00", "2010-06-30": "0.00", "2010-03-31": "0.00", "2009-12-31": "0.00", "2009-09-30": "0.00", "2009-06-30": "0.00", "2009-03-31": "0.00", "2008-12-31": "0.00", "2008-09-30": "0.00", "2008-06-30": "0.00", "2008-03-31": "0.00", "2007-12-31": "0.00", "2007-09-30": "0.00", "2007-06-30": "0.00", "2007-03-31": "0.00", "2006-12-31": "0.00", "2006-09-30": "0.00", "2006-06-30": "0.00", "2006-03-31": "0.00", "2005-12-31": "0.00", "2005-09-30": "0.00", "2005-06-30": "0.00", "2005-03-31": "0.00"}, "debt equity ratio": {"current": "0.29", "2020-09-30": "1.11", "2020-06-30": "1.14", "2020-03-31": "1.34", "2019-12-31": "1.01", "2019-09-30": "0.99", "2019-06-30": "0.91", "2019-03-31": "1.33", "2018-12-31": "1.22", "2018-09-30": "1.13", "2018-06-30": "1.07", "2018-03-31": "1.09", "2017-12-31": "1.13", "2017-09-30": "0.65", "2017-06-30": "0.69", "2017-03-31": "0.70", "2016-12-31": "0.72", "2016-09-30": "0.70", "2016-06-30": "0.65", "2016-03-31": "0.74", "2015-12-31": "0.74", "2015-09-30": "0.79", "2015-06-30": "0.81", "2015-03-31": "0.80", "2014-12-31": "0.84", "2014-09-30": "0.88", "2014-06-30": "0.84", "2014-03-31": "0.85", "2013-12-31": "0.94", "2013-09-30": "0.71", "2013-06-30": "0.71", "2013-03-31": "0.72", "2012-12-31": "0.79", "2012-09-30": "0.82", "2012-06-30": "0.76", "2012-03-31": "0.78", "2011-12-31": "0.77", "2011-09-30": "0.87", "2011-06-30": "0.92", "2011-03-31": "0.85", "2010-12-31": "0.66", "2010-09-30": "0.64", "2010-06-30": "0.65", "2010-03-31": "0.65", "2009-12-31": "0.72", "2009-09-30": "0.68", "2009-06-30": "0.69", "2009-03-31": "0.69", "2008-12-31": "0.83", "2008-09-30": "0.91", "2008-06-30": "0.80", "2008-03-31": "0.84", "2007-12-31": "0.84", "2007-09-30": "0.84", "2007-06-30": "0.90", "2007-03-31": "0.92", "2006-12-31": "0.98", "2006-09-30": "1.01", "2006-06-30": "1.12", "2006-03-31": "1.08", "2005-12-31": "1.05", "2005-09-30": "1.04", "2005-06-30": "1.03", "2005-03-31": "1.07"}, "return on equity": {"2020-09-30": "8.40%", "2020-06-30": "9.46%", "2020-03-31": "14.11%", "2019-12-31": "16.68%", "2019-09-30": "14.56%", "2019-06-30": "11.38%", "2019-03-31": "5.01%", "2018-12-31": "4.78%", "2018-09-30": "2.72%", "2018-06-30": "5.27%", "2018-03-31": "4.53%", "2017-12-31": "4.97%", "2017-09-30": "6.88%", "2017-06-30": "5.39%", "2017-03-31": "4.88%", "2016-12-31": "5.17%", "2016-09-30": "4.79%", "2016-06-30": "4.78%", "2016-03-31": "5.31%", "2015-12-31": "5.70%", "2015-09-30": "6.87%", "2015-06-30": "8.07%", "2015-03-31": "7.43%", "2014-12-31": "7.43%", "2014-09-30": "7.34%", "2014-06-30": "8.02%", "2014-03-31": "9.24%", "2013-12-31": "10.00%", "2013-09-30": "10.43%", "2013-06-30": "10.65%", "2013-03-31": "10.66%", "2012-12-31": "10.43%", "2012-09-30": "10.48%", "2012-06-30": "10.44%", "2012-03-31": "10.64%", "2011-12-31": "10.94%", "2011-09-30": "10.61%", "2011-06-30": "10.45%", "2011-03-31": "8.28%", "2010-12-31": "8.38%", "2010-09-30": "8.77%", "2010-06-30": "9.03%", "2010-03-31": "12.02%", "2009-12-31": "13.59%", "2009-09-30": "15.84%", "2009-06-30": "17.91%", "2009-03-31": "19.25%", "2008-12-31": "19.60%", "2008-09-30": "19.58%", "2008-06-30": "19.08%", "2008-03-31": "18.69%", "2007-12-31": "18.28%", "2007-09-30": "17.40%", "2007-06-30": "16.97%", "2007-03-31": "16.32%", "2006-12-31": "15.61%", "2006-09-30": "15.07%", "2006-06-30": "14.16%", "2006-03-31": "13.56%", "2005-12-31": "12.65%"}, "return on assets": {"2020-09-30": "3.91%", "2020-06-30": "4.47%", "2020-03-31": "6.86%", "2019-12-31": "8.12%", "2019-09-30": "6.91%", "2019-06-30": "5.32%", "2019-03-31": "2.29%", "2018-12-31": "2.25%", "2018-09-30": "1.29%", "2018-06-30": "2.63%", "2018-03-31": "2.35%", "2017-12-31": "2.73%", "2017-09-30": "4.08%", "2017-06-30": "3.17%", "2017-03-31": "2.89%", "2016-12-31": "3.04%", "2016-09-30": "2.80%", "2016-06-30": "2.76%", "2016-03-31": "3.00%", "2015-12-31": "3.20%", "2015-09-30": "3.80%", "2015-06-30": "4.41%", "2015-03-31": "4.04%", "2014-12-31": "4.02%", "2014-09-30": "3.92%", "2014-06-30": "4.37%", "2014-03-31": "5.12%", "2013-12-31": "5.64%", "2013-09-30": "6.01%", "2013-06-30": "6.05%", "2013-03-31": "6.02%", "2012-12-31": "5.84%", "2012-09-30": "5.88%", "2012-06-30": "5.82%", "2012-03-31": "5.81%", "2011-12-31": "5.92%", "2011-09-30": "5.81%", "2011-06-30": "5.91%", "2011-03-31": "4.87%", "2010-12-31": "5.08%", "2010-09-30": "5.27%", "2010-06-30": "5.38%", "2010-03-31": "7.13%", "2009-12-31": "8.01%", "2009-09-30": "9.21%", "2009-06-30": "10.10%", "2009-03-31": "10.68%", "2008-12-31": "10.63%", "2008-09-30": "10.60%", "2008-06-30": "10.43%", "2008-03-31": "10.09%", "2007-12-31": "9.78%", "2007-09-30": "9.14%", "2007-06-30": "8.71%", "2007-03-31": "8.16%", "2006-12-31": "7.64%", "2006-09-30": "7.31%", "2006-06-30": "6.83%", "2006-03-31": "6.61%", "2005-12-31": "6.19%"}, "return on investments": {"2020-09-30": "6.74%", "2020-06-30": "7.85%", "2020-03-31": "6.71%", "2019-12-31": "5.91%", "2019-09-30": "5.22%", "2019-06-30": "5.81%", "2019-03-31": "6.47%", "2018-12-31": "6.04%", "2018-09-30": "4.62%", "2018-06-30": "2.46%", "2018-03-31": "2.29%", "2017-12-31": "2.68%", "2017-09-30": "5.33%", "2017-06-30": "8.04%", "2017-03-31": "7.48%", "2016-12-31": "7.70%", "2016-09-30": "6.90%", "2016-06-30": "6.24%", "2016-03-31": "6.02%", "2015-12-31": "6.89%", "2015-09-30": "8.77%", "2015-06-30": "10.24%", "2015-03-31": "10.57%", "2014-12-31": "10.22%", "2014-09-30": "9.87%", "2014-06-30": "10.89%", "2014-03-31": "12.19%", "2013-12-31": "13.71%", "2013-09-30": "14.81%", "2013-06-30": "14.97%", "2013-03-31": "14.93%", "2012-12-31": "14.69%", "2012-09-30": "19.33%", "2012-06-30": "20.26%", "2012-03-31": "21.76%", "2011-12-31": "22.48%", "2011-09-30": "16.12%", "2011-06-30": "15.82%", "2011-03-31": "13.15%", "2010-12-31": "13.64%", "2010-09-30": "14.26%", "2010-06-30": "14.64%", "2010-03-31": "18.67%", "2009-12-31": "21.09%", "2009-09-30": "24.46%", "2009-06-30": "27.60%", "2009-03-31": "29.57%", "2008-12-31": "30.00%", "2008-09-30": "29.42%", "2008-06-30": "28.50%", "2008-03-31": "27.72%", "2007-12-31": "26.74%", "2007-09-30": "25.69%", "2007-06-30": "24.49%", "2007-03-31": "23.40%", "2006-12-31": "22.22%", "2006-09-30": "21.41%", "2006-06-30": "20.68%", "2006-03-31": "19.80%", "2005-12-31": "18.76%"}, "return on tangible equity": {"2020-09-30": "-127.46%", "2020-06-30": "-154.30%", "2020-03-31": "-339.18%", "2019-12-31": "-6533.33%", "2019-09-30": "707.31%", "2019-06-30": "192.77%", "2019-03-31": "154.62%", "2018-12-31": "-904.76%", "2018-09-30": "-49.24%", "2018-06-30": "-157.35%", "2018-03-31": "104.21%", "2017-12-31": "37.14%", "2017-09-30": "27.96%", "2017-06-30": "22.94%", "2017-03-31": "21.02%", "2016-12-31": "22.35%", "2016-09-30": "21.12%", "2016-06-30": "20.91%", "2016-03-31": "23.63%", "2015-12-31": "25.85%", "2015-09-30": "30.96%", "2015-06-30": "35.90%", "2015-03-31": "32.23%", "2014-12-31": "31.55%", "2014-09-30": "30.98%", "2014-06-30": "27.13%", "2014-03-31": "25.64%", "2013-12-31": "23.51%", "2013-09-30": "21.27%", "2013-06-30": "21.78%", "2013-03-31": "22.40%", "2012-12-31": "22.21%", "2012-09-30": "22.28%", "2012-06-30": "22.51%", "2012-03-31": "23.10%", "2011-12-31": "24.27%", "2011-09-30": "22.17%", "2011-06-30": "20.04%", "2011-03-31": "14.76%", "2010-12-31": "13.86%", "2010-09-30": "14.64%", "2010-06-30": "14.85%", "2010-03-31": "19.43%", "2009-12-31": "21.71%", "2009-09-30": "25.00%", "2009-06-30": "28.92%", "2009-03-31": "31.55%", "2008-12-31": "32.48%", "2008-09-30": "32.63%", "2008-06-30": "30.93%", "2008-03-31": "30.11%", "2007-12-31": "29.09%", "2007-09-30": "27.39%", "2007-06-30": "27.28%", "2007-03-31": "26.72%", "2006-12-31": "26.22%", "2006-09-30": "26.04%", "2006-06-30": "25.36%", "2006-03-31": "25.00%", "2005-12-31": "24.10%"}, "dividend yield history": {"last payout": "$0.76", "last yield": "0.68%"}}