{"ticker": "JBL", "price": {"title": "Jabil Historical Annual Stock Price Data", "value": 44.58, "historical": {"2021": {"Average Stock Price": "43.9542", "Year Open": "42.1700", "Year High": "45.5900", "Year Low": "41.3700", "Year Close": "44.5800", "Annual % Change": "4.82%"}, "2020": {"Average Stock Price": "33.7592", "Year Open": "41.9700", "Year High": "44.0900", "Year Low": "18.4900", "Year Close": "42.5300", "Annual % Change": "2.90%"}, "2019": {"Average Stock Price": "31.0430", "Year Open": "24.7600", "Year High": "43.4300", "Year Low": "23.1200", "Year Close": "41.3300", "Annual % Change": "66.72%"}, "2018": {"Average Stock Price": "27.1011", "Year Open": "26.7000", "Year High": "31.3700", "Year Low": "21.5600", "Year Close": "24.7900", "Annual % Change": "-5.56%"}, "2017": {"Average Stock Price": "28.3912", "Year Open": "23.9800", "Year High": "31.4600", "Year Low": "22.9900", "Year Close": "26.2500", "Annual % Change": "10.90%"}, "2016": {"Average Stock Price": "20.2416", "Year Open": "23.0700", "Year High": "24.3900", "Year Low": "16.8800", "Year Close": "23.6700", "Annual % Change": "1.63%"}, "2015": {"Average Stock Price": "22.2595", "Year Open": "21.6200", "Year High": "25.9300", "Year Low": "17.6600", "Year Close": "23.2900", "Annual % Change": "6.69%"}, "2014": {"Average Stock Price": "19.4769", "Year Open": "17.0100", "Year High": "22.3300", "Year Low": "16.5900", "Year Close": "21.8300", "Annual % Change": "25.17%"}, "2013": {"Average Stock Price": "20.3124", "Year Open": "19.6000", "Year High": "24.0400", "Year Low": "15.6700", "Year Close": "17.4400", "Annual % Change": "-9.59%"}, "2012": {"Average Stock Price": "21.1863", "Year Open": "20.1100", "Year High": "27.1300", "Year Low": "16.9700", "Year Close": "19.2900", "Annual % Change": "-1.88%"}, "2011": {"Average Stock Price": "19.5667", "Year Open": "20.8900", "Year High": "22.9800", "Year Low": "14.0800", "Year Close": "19.6600", "Annual % Change": "-2.14%"}, "2010": {"Average Stock Price": "14.9583", "Year Open": "17.6700", "Year High": "20.1125", "Year Low": "10.2500", "Year Close": "20.0900", "Annual % Change": "15.66%"}, "2009": {"Average Stock Price": "9.3753", "Year Open": "7.0900", "Year High": "17.8300", "Year Low": "3.1600", "Year Close": "17.3700", "Annual % Change": "157.33%"}, "2008": {"Average Stock Price": "11.8812", "Year Open": "14.7700", "Year High": "18.5000", "Year Low": "5.2400", "Year Close": "6.7500", "Annual % Change": "-55.80%"}, "2007": {"Average Stock Price": "22.4006", "Year Open": "24.9800", "Year High": "27.6400", "Year Low": "14.4300", "Year Close": "15.2700", "Annual % Change": "-37.80%"}, "2006": {"Average Stock Price": "32.0854", "Year Open": "37.1400", "Year High": "43.3100", "Year Low": "22.0700", "Year Close": "24.5500", "Annual % Change": "-33.81%"}, "2005": {"Average Stock Price": "29.1554", "Year Open": "24.6700", "Year High": "38.3100", "Year Low": "21.8100", "Year Close": "37.0900", "Annual % Change": "45.00%"}, "2004": {"Average Stock Price": "25.7516", "Year Open": "28.6900", "Year High": "32.3500", "Year Low": "19.4800", "Year Close": "25.5800", "Annual % Change": "-9.61%"}, "2003": {"Average Stock Price": "22.8051", "Year Open": "18.9100", "Year High": "31.1500", "Year Low": "14.7000", "Year Close": "28.3000", "Annual % Change": "57.92%"}, "2002": {"Average Stock Price": "19.5627", "Year Open": "23.5400", "Year High": "26.3400", "Year Low": "11.5300", "Year Close": "17.9200", "Annual % Change": "-21.13%"}, "2001": {"Average Stock Price": "26.3047", "Year Open": "23.3800", "Year High": "38.5700", "Year Low": "14.9600", "Year Close": "22.7200", "Annual % Change": "-10.48%"}, "2000": {"Average Stock Price": "44.1772", "Year Open": "34.7200", "Year High": "65.8400", "Year Low": "21.0000", "Year Close": "25.3800", "Annual % Change": "-30.47%"}, "1999": {"Average Stock Price": "23.8326", "Year Open": "18.2200", "Year High": "37.9400", "Year Low": "15.1900", "Year Close": "36.5000", "Annual % Change": "95.97%"}, "1998": {"Average Stock Price": "10.1582", "Year Open": "9.9850", "Year High": "18.6250", "Year Low": "5.8750", "Year Close": "18.6250", "Annual % Change": "87.42%"}, "1997": {"Average Stock Price": "9.4155", "Year Open": "4.8288", "Year High": "17.8750", "Year Low": "3.9375", "Year Close": "9.9375", "Annual % Change": "98.75%"}, "1996": {"Average Stock Price": "1.8688", "Year Open": "1.3750", "Year High": "5.2025", "Year Low": "0.7813", "Year Close": "5.0000", "Annual % Change": "255.54%"}, "1995": {"Average Stock Price": "1.2452", "Year Open": "0.5163", "Year High": "2.8288", "Year Low": "0.5000", "Year Close": "1.4063", "Annual % Change": "181.26%"}, "1994": {"Average Stock Price": "0.7998", "Year Open": "0.9375", "Year High": "1.1413", "Year Low": "0.4850", "Year Close": "0.5000", "Annual % Change": "-44.83%"}}}, "market cap": {"value": "$6.69B"}, "income statement": {"Revenue": {"2020-08-31": "27266.44000", "2019-08-31": "25282.32000", "2018-08-31": "22095.42000", "2017-08-31": "19063.12000", "2016-08-31": "18353.09000", "2015-08-31": "17899.20000", "2014-08-31": "15762.15000", "2013-08-31": "17249.49000", "2012-08-31": "16140.71000", "2011-08-31": "16518.83000", "2010-08-31": "13409.41000", "2009-08-31": "11684.54000", "2008-08-31": "12779.70000", "2007-08-31": "12290.59000", "2006-08-31": "10265.45000", "2005-08-31": "7524.38600"}, "Cost Of Goods Sold": {"2020-08-31": "25335.63000", "2019-08-31": "23368.92000", "2018-08-31": "20388.62000", "2017-08-31": "17517.48000", "2016-08-31": "16825.38000", "2015-08-31": "16395.98000", "2014-08-31": "14736.54000", "2013-08-31": "16037.30000", "2012-08-31": "14979.75000", "2011-08-31": "15264.26000", "2010-08-31": "12405.27000", "2009-08-31": "10965.72000", "2008-08-31": "11911.90000", "2007-08-31": "11478.56000", "2006-08-31": "9500.54700", "2005-08-31": "6895.88000"}, "Gross Profit": {"2020-08-31": "1930.81300", "2019-08-31": "1913.40000", "2018-08-31": "1706.79300", "2017-08-31": "1545.64300", "2016-08-31": "1527.70300", "2015-08-31": "1503.21700", "2014-08-31": "1025.60400", "2013-08-31": "1212.18900", "2012-08-31": "1160.95100", "2011-08-31": "1254.56900", "2010-08-31": "1004.14500", "2009-08-31": "718.81540", "2008-08-31": "867.80080", "2007-08-31": "812.03030", "2006-08-31": "764.90040", "2005-08-31": "628.50630"}, "Research And Development Expenses": {"2020-08-31": "44.14300", "2019-08-31": "42.86100", "2018-08-31": "38.53100", "2017-08-31": "29.68000", "2016-08-31": "31.95400", "2015-08-31": "27.64500", "2014-08-31": "28.61100", "2013-08-31": "28.41200", "2012-08-31": "25.83700", "2011-08-31": "25.03400", "2010-08-31": "28.08500", "2009-08-31": "27.32100", "2008-08-31": "32.98400", "2007-08-31": "36.38100", "2006-08-31": "34.97500", "2005-08-31": "22.50700"}, "SG&A Expenses": {"2020-08-31": "1174.69400", "2019-08-31": "1111.34700", "2018-08-31": "1050.71600", "2017-08-31": "907.70200", "2016-08-31": "924.42700", "2015-08-31": "862.64700", "2014-08-31": "675.73000", "2013-08-31": "614.29500", "2012-08-31": "572.64500", "2011-08-31": "590.57200", "2010-08-31": "589.73800", "2009-08-31": "495.94100", "2008-08-31": "491.32400", "2007-08-31": "491.96700", "2006-08-31": "382.21000", "2005-08-31": "314.27000"}, "Other Operating Income Or Expenses": {"2020-08-31": "", "2019-08-31": "", "2018-08-31": "", "2017-08-31": "-2.11200", "2016-08-31": "0.00000", "2015-08-31": "0.00000", "2014-08-31": "-7.96200", "2013-08-31": "-25.59700", "2012-08-31": "0.00000", "2011-08-31": "-37.55100", "2010-08-31": "-24.60400", "2009-08-31": "0.00000", "2008-08-31": "", "2007-08-31": "", "2006-08-31": "", "2005-08-31": ""}, "Operating Expenses": {"2020-08-31": "26766.59000", "2019-08-31": "24580.97000", "2018-08-31": "21553.26000", "2017-08-31": "18652.89000", "2016-08-31": "17830.25000", "2015-08-31": "17343.79000", "2014-08-31": "15558.07000", "2013-08-31": "16797.08000", "2012-08-31": "15591.13000", "2011-08-31": "15940.09000", "2010-08-31": "13081.84000", "2009-08-31": "12594.74000", "2008-08-31": "12528.31000", "2007-08-31": "12108.65000", "2006-08-31": "10023.64000", "2005-08-31": "7272.41900"}, "Operating Income": {"2020-08-31": "499.84570", "2019-08-31": "701.35350", "2018-08-31": "542.15230", "2017-08-31": "410.23240", "2016-08-31": "522.83200", "2015-08-31": "555.41020", "2014-08-31": "204.07320", "2013-08-31": "452.41600", "2012-08-31": "549.57030", "2011-08-31": "578.73340", "2010-08-31": "327.56740", "2009-08-31": "-910.20120", "2008-08-31": "251.39650", "2007-08-31": "181.93950", "2006-08-31": "241.80760", "2005-08-31": "251.96730"}, "Total Non-Operating Income/Expense": {"2020-08-31": "-239.10800", "2019-08-31": "-250.65200", "2018-08-31": "-168.75200", "2017-08-31": "-153.99700", "2016-08-31": "-135.78800", "2015-08-31": "-123.76500", "2014-08-31": "-131.95100", "2013-08-31": "-125.30500", "2012-08-31": "-113.02100", "2011-08-31": "-97.54700", "2010-08-31": "-80.29900", "2009-08-31": "-94.93200", "2008-08-31": "-94.20400", "2007-08-31": "-87.42600", "2006-08-31": "-16.69100", "2005-08-31": "-10.99900"}, "Pre-Tax Income": {"2020-08-31": "260.73800", "2019-08-31": "450.70400", "2018-08-31": "373.40100", "2017-08-31": "256.23300", "2016-08-31": "387.04500", "2015-08-31": "431.64600", "2014-08-31": "72.12300", "2013-08-31": "327.11400", "2012-08-31": "436.54900", "2011-08-31": "481.18700", "2010-08-31": "247.26700", "2009-08-31": "-1005.13300", "2008-08-31": "157.19300", "2007-08-31": "94.51300", "2006-08-31": "225.11600", "2005-08-31": "240.96800"}, "Income Taxes": {"2020-08-31": "203.95900", "2019-08-31": "161.23000", "2018-08-31": "285.86000", "2017-08-31": "129.06600", "2016-08-31": "132.14900", "2015-08-31": "137.46100", "2014-08-31": "73.71100", "2013-08-31": "7.63100", "2012-08-31": "102.86600", "2011-08-31": "98.22900", "2010-08-31": "76.50100", "2009-08-31": "160.89800", "2008-08-31": "25.11900", "2007-08-31": "21.40100", "2006-08-31": "60.59800", "2005-08-31": "37.09300"}, "Income After Taxes": {"2020-08-31": "56.77900", "2019-08-31": "289.47400", "2018-08-31": "87.54100", "2017-08-31": "127.16700", "2016-08-31": "254.89600", "2015-08-31": "294.18500", "2014-08-31": "-1.58800", "2013-08-31": "319.48300", "2012-08-31": "333.68300", "2011-08-31": "382.95800", "2010-08-31": "170.76600", "2009-08-31": "-1166.03100", "2008-08-31": "132.07400", "2007-08-31": "73.11200", "2006-08-31": "164.51800", "2005-08-31": "203.87500"}, "Other Income": {"2020-08-31": "", "2019-08-31": "", "2018-08-31": "", "2017-08-31": "", "2016-08-31": "", "2015-08-31": "", "2014-08-31": "", "2013-08-31": "", "2012-08-31": "", "2011-08-31": "", "2010-08-31": "", "2009-08-31": "", "2008-08-31": "", "2007-08-31": "", "2006-08-31": "", "2005-08-31": ""}, "Income From Continuous Operations": {"2020-08-31": "56.77900", "2019-08-31": "289.47400", "2018-08-31": "87.54100", "2017-08-31": "127.16700", "2016-08-31": "254.89600", "2015-08-31": "294.18500", "2014-08-31": "-1.58800", "2013-08-31": "319.48300", "2012-08-31": "333.68300", "2011-08-31": "382.95800", "2010-08-31": "170.76600", "2009-08-31": "-1166.03100", "2008-08-31": "132.07400", "2007-08-31": "73.23600", "2006-08-31": "164.51800", "2005-08-31": "203.87500"}, "Income From Discontinued Operations": {"2020-08-31": "", "2019-08-31": "", "2018-08-31": "", "2017-08-31": "", "2016-08-31": "", "2015-08-31": "-8.57300", "2014-08-31": "243.85300", "2013-08-31": "50.60800", "2012-08-31": "62.40600", "2011-08-31": "", "2010-08-31": "", "2009-08-31": "", "2008-08-31": "", "2007-08-31": "", "2006-08-31": "", "2005-08-31": ""}, "Net Income": {"2020-08-31": "53.91200", "2019-08-31": "287.11100", "2018-08-31": "86.33000", "2017-08-31": "129.09000", "2016-08-31": "254.09500", "2015-08-31": "284.01900", "2014-08-31": "241.31300", "2013-08-31": "371.48200", "2012-08-31": "394.68700", "2011-08-31": "381.06300", "2010-08-31": "168.84000", "2009-08-31": "-1165.21200", "2008-08-31": "133.89200", "2007-08-31": "73.23600", "2006-08-31": "164.51800", "2005-08-31": "203.87500"}, "EBITDA": {"2020-08-31": "1294.42700", "2019-08-31": "1473.18700", "2018-08-31": "1315.85600", "2017-08-31": "1170.63700", "2016-08-31": "1219.58400", "2015-08-31": "1084.58600", "2014-08-31": "691.35130", "2013-08-31": "870.53300", "2012-08-31": "903.06230", "2011-08-31": "897.91240", "2010-08-31": "610.85140", "2009-08-31": "404.61680", "2008-08-31": "530.63550", "2007-08-31": "422.10140", "2006-08-31": "439.08160", "2005-08-31": "471.08830"}, "EBIT": {"2020-08-31": "499.84570", "2019-08-31": "701.35350", "2018-08-31": "542.15230", "2017-08-31": "410.23240", "2016-08-31": "522.83200", "2015-08-31": "555.41020", "2014-08-31": "204.07320", "2013-08-31": "452.41600", "2012-08-31": "549.57030", "2011-08-31": "578.73340", "2010-08-31": "327.56740", "2009-08-31": "-910.20120", "2008-08-31": "251.39650", "2007-08-31": "181.93950", "2006-08-31": "241.80760", "2005-08-31": "251.96730"}, "Basic Shares Outstanding": {"2020-08-31": "151.61300", "2019-08-31": "155.61300", "2018-08-31": "172.23700", "2017-08-31": "181.90200", "2016-08-31": "190.41300", "2015-08-31": "193.68900", "2014-08-31": "202.49700", "2013-08-31": "203.09600", "2012-08-31": "206.16000", "2011-08-31": "214.50200", "2010-08-31": "214.33200", "2009-08-31": "207.00200", "2008-08-31": "209.80500", "2007-08-31": "203.77900", "2006-08-31": "207.41300", "2005-08-31": "202.50100"}, "Shares Outstanding": {"2020-08-31": "155.27400", "2019-08-31": "158.64700", "2018-08-31": "175.04400", "2017-08-31": "185.83800", "2016-08-31": "192.75000", "2015-08-31": "196.00500", "2014-08-31": "202.49700", "2013-08-31": "207.81500", "2012-08-31": "211.18100", "2011-08-31": "220.71900", "2010-08-31": "217.59700", "2009-08-31": "207.00200", "2008-08-31": "210.42500", "2007-08-31": "206.97200", "2006-08-31": "212.54000", "2005-08-31": "207.70600"}, "Basic EPS": {"2020-08-31": "0.36000", "2019-08-31": "1.85000", "2018-08-31": "0.50000", "2017-08-31": "0.71000", "2016-08-31": "1.33000", "2015-08-31": "1.47000", "2014-08-31": "1.19000", "2013-08-31": "1.83000", "2012-08-31": "1.91000", "2011-08-31": "1.78000", "2010-08-31": "0.79000", "2009-08-31": "-5.63000", "2008-08-31": "0.64000", "2007-08-31": "0.36000", "2006-08-31": "0.79000", "2005-08-31": "1.01000"}, "EPS - Earnings Per Share": {"2020-08-31": "0.35000", "2019-08-31": "1.81000", "2018-08-31": "0.49000", "2017-08-31": "0.69000", "2016-08-31": "1.32000", "2015-08-31": "1.45000", "2014-08-31": "1.19000", "2013-08-31": "1.79000", "2012-08-31": "1.87000", "2011-08-31": "1.73000", "2010-08-31": "0.78000", "2009-08-31": "-5.63000", "2008-08-31": "0.64000", "2007-08-31": "0.35000", "2006-08-31": "0.77000", "2005-08-31": "0.98000"}}, "income statement, quarterly": {"Revenue": {"2020-11-30": "7832.52900", "2020-08-31": "7300.01400", "2020-05-31": "6335.64200", "2020-02-29": "6125.08300", "2019-11-30": "7505.69800", "2019-08-31": "6573.45400", "2019-05-31": "6135.60200", "2019-02-28": "6066.99000", "2018-11-30": "6506.27500", "2018-08-31": "5771.83100", "2018-05-31": "5436.95200", "2018-02-28": "5301.10100", "2017-11-30": "5585.53200", "2017-08-31": "5023.03000", "2017-05-31": "4489.55700", "2017-02-28": "4445.63700", "2016-11-30": "5104.89800", "2016-08-31": "4430.76300", "2016-05-31": "4310.75200", "2016-02-29": "4403.59400", "2015-11-30": "5207.97700", "2015-08-31": "4680.81300", "2015-05-31": "4358.64100", "2015-02-28": "4309.32300", "2014-11-30": "4550.41800", "2014-08-31": "4056.24600", "2014-05-31": "3785.87500", "2014-02-28": "3577.31500", "2013-11-30": "4342.71100", "2013-08-31": "4249.89400", "2013-05-31": "4196.22400", "2013-02-28": "4166.35500", "2012-11-30": "4637.01800", "2012-08-31": "3326.84400", "2012-05-31": "4250.91800", "2012-02-29": "4236.17400", "2011-11-30": "4326.76900", "2011-08-31": "4280.29500", "2011-05-31": "4227.68800", "2011-02-28": "3928.66300", "2010-11-30": "4082.18100", "2010-08-31": "3860.93300", "2010-05-31": "3455.57800", "2010-02-28": "3004.64400", "2009-11-30": "3088.25600", "2009-08-31": "2799.52900", "2009-05-31": "2615.10100", "2009-02-28": "2887.40000", "2008-11-30": "3382.50900", "2008-08-31": "3264.87300", "2008-05-31": "3088.26900", "2008-02-29": "3058.61300", "2007-11-30": "3367.94700", "2007-08-31": "3129.83000", "2007-05-31": "3001.89600", "2007-02-28": "2934.86200", "2006-11-30": "3224.00300", "2006-08-31": "2953.61500", "2006-05-31": "2592.46400", "2006-02-28": "2314.96200", "2005-11-30": "2404.40700", "2005-08-31": "2036.59000", "2005-05-31": "1938.41500", "2005-02-28": "1716.00600"}, "Cost Of Goods Sold": {"2020-11-30": "7197.96900", "2020-08-31": "6809.31400", "2020-05-31": "5879.49400", "2020-02-29": "5694.95800", "2019-11-30": "6951.85900", "2019-08-31": "6078.37600", "2019-05-31": "5691.80300", "2019-02-28": "5612.11600", "2018-11-30": "5986.62500", "2018-08-31": "5329.68400", "2018-05-31": "5038.72500", "2018-02-28": "4903.96800", "2017-11-30": "5116.24700", "2017-08-31": "4597.21100", "2017-05-31": "4163.14200", "2017-02-28": "4083.73300", "2016-11-30": "4673.39200", "2016-08-31": "4107.11500", "2016-05-31": "3989.66500", "2016-02-29": "4004.16100", "2015-11-30": "4724.44200", "2015-08-31": "4304.24000", "2015-05-31": "3982.80400", "2015-02-28": "3941.50400", "2014-11-30": "4167.43100", "2014-08-31": "3793.99300", "2014-05-31": "3569.92500", "2014-02-28": "3364.16500", "2013-11-30": "4008.46000", "2013-08-31": "3974.39500", "2013-05-31": "3898.65200", "2013-02-28": "3877.83300", "2012-11-30": "4286.42300", "2012-08-31": "3157.39000", "2012-05-31": "3921.59500", "2012-02-29": "3914.01000", "2011-11-30": "3986.75900", "2011-08-31": "3951.09300", "2011-05-31": "3909.31200", "2011-02-28": "3632.26300", "2010-11-30": "3771.59000", "2010-08-31": "3573.42500", "2010-05-31": "3193.46400", "2010-02-28": "2781.89800", "2009-11-30": "2856.48000", "2009-08-31": "2608.56100", "2009-05-31": "2466.51200", "2009-02-28": "2731.85400", "2008-11-30": "3158.79600", "2008-08-31": "3034.87500", "2008-05-31": "2878.08700", "2008-02-29": "2870.70800", "2007-11-30": "3128.23300", "2007-08-31": "2900.28400", "2007-05-31": "2782.90700", "2007-02-28": "2763.35200", "2006-11-30": "3032.01800", "2006-08-31": "2756.82700", "2006-05-31": "2404.82100", "2006-02-28": "2130.31400", "2005-11-30": "2208.58500", "2005-08-31": "1865.47500", "2005-05-31": "1776.33300", "2005-02-28": "1575.55500"}, "Gross Profit": {"2020-11-30": "634.55960", "2020-08-31": "490.69970", "2020-05-31": "456.14790", "2020-02-29": "430.12500", "2019-11-30": "553.83940", "2019-08-31": "495.07760", "2019-05-31": "443.79880", "2019-02-28": "454.87400", "2018-11-30": "519.64990", "2018-08-31": "442.14750", "2018-05-31": "398.22710", "2018-02-28": "397.13330", "2017-11-30": "469.28520", "2017-08-31": "425.81840", "2017-05-31": "326.41500", "2017-02-28": "361.90430", "2016-11-30": "431.50590", "2016-08-31": "323.64840", "2016-05-31": "321.08690", "2016-02-29": "399.43330", "2015-11-30": "483.53520", "2015-08-31": "376.57370", "2015-05-31": "375.83720", "2015-02-28": "367.81930", "2014-11-30": "382.98680", "2014-08-31": "262.25290", "2014-05-31": "215.95000", "2014-02-28": "213.14990", "2013-11-30": "334.25100", "2013-08-31": "275.49950", "2013-05-31": "297.57200", "2013-02-28": "288.52200", "2012-11-30": "350.59520", "2012-08-31": "169.45390", "2012-05-31": "329.32300", "2012-02-29": "322.16380", "2011-11-30": "340.01000", "2011-08-31": "329.20240", "2011-05-31": "318.37600", "2011-02-28": "296.40010", "2010-11-30": "310.59080", "2010-08-31": "287.50810", "2010-05-31": "262.11380", "2010-02-28": "222.74610", "2009-11-30": "231.77610", "2009-08-31": "190.96750", "2009-05-31": "148.58910", "2009-02-28": "155.54590", "2008-11-30": "223.71310", "2008-08-31": "229.99880", "2008-05-31": "210.18210", "2008-02-29": "187.90500", "2007-11-30": "239.71410", "2007-08-31": "229.54590", "2007-05-31": "218.98900", "2007-02-28": "171.51000", "2006-11-30": "191.98490", "2006-08-31": "196.78780", "2006-05-31": "187.64310", "2006-02-28": "184.64790", "2005-11-30": "195.82200", "2005-08-31": "171.11560", "2005-05-31": "162.08200", "2005-02-28": "140.45090"}, "Research And Development Expenses": {"2020-11-30": "8.11800", "2020-08-31": "10.49600", "2020-05-31": "11.58700", "2020-02-29": "11.29000", "2019-11-30": "10.77000", "2019-08-31": "10.11400", "2019-05-31": "11.44900", "2019-02-28": "10.15500", "2018-11-30": "11.14300", "2018-08-31": "10.99600", "2018-05-31": "10.08200", "2018-02-28": "8.34400", "2017-11-30": "9.10900", "2017-08-31": "7.69800", "2017-05-31": "7.27400", "2017-02-28": "7.08500", "2016-11-30": "7.62300", "2016-08-31": "7.52200", "2016-05-31": "7.67500", "2016-02-29": "8.46500", "2015-11-30": "8.29200", "2015-08-31": "8.14200", "2015-05-31": "6.99700", "2015-02-28": "6.50100", "2014-11-30": "6.00500", "2014-08-31": "7.22400", "2014-05-31": "5.72900", "2014-02-28": "6.60400", "2013-11-30": "9.05400", "2013-08-31": "7.01900", "2013-05-31": "6.47500", "2013-02-28": "7.65500", "2012-11-30": "7.26300", "2012-08-31": "6.78400", "2012-05-31": "6.51800", "2012-02-29": "6.26400", "2011-11-30": "6.27100", "2011-08-31": "6.20900", "2011-05-31": "6.54400", "2011-02-28": "6.54000", "2010-11-30": "5.74100", "2010-08-31": "6.63200", "2010-05-31": "6.33100", "2010-02-28": "7.42500", "2009-11-30": "7.69700", "2009-08-31": "8.71400", "2009-05-31": "7.19800", "2009-02-28": "5.75400", "2008-11-30": "5.65500", "2008-08-31": "8.60300", "2008-05-31": "8.00600", "2008-02-29": "9.86300", "2007-11-30": "6.51200", "2007-08-31": "9.40900", "2007-05-31": "10.49800", "2007-02-28": "7.76600", "2006-11-30": "8.70800", "2006-08-31": "10.21900", "2006-05-31": "9.57800", "2006-02-28": "8.57700", "2005-11-30": "6.60100", "2005-08-31": "4.74600", "2005-05-31": "5.66700", "2005-02-28": "6.17500"}, "SG&A Expenses": {"2020-11-30": "302.75200", "2020-08-31": "257.92200", "2020-05-31": "302.84900", "2020-02-29": "285.02400", "2019-11-30": "328.89900", "2019-08-31": "276.59700", "2019-05-31": "274.48200", "2019-02-28": "282.14200", "2018-11-30": "278.12600", "2018-08-31": "261.23390", "2018-05-31": "252.48700", "2018-02-28": "243.94000", "2017-11-30": "293.05500", "2017-08-31": "241.82300", "2017-05-31": "233.88400", "2017-02-28": "217.94300", "2016-11-30": "214.05200", "2016-08-31": "208.32900", "2016-05-31": "239.64600", "2016-02-29": "224.90500", "2015-11-30": "251.54700", "2015-08-31": "209.46500", "2015-05-31": "228.47600", "2015-02-28": "210.32600", "2014-11-30": "214.38000", "2014-08-31": "177.93400", "2014-05-31": "190.80400", "2014-02-28": "164.52200", "2013-11-30": "142.47000", "2013-08-31": "152.10400", "2013-05-31": "146.96900", "2013-02-28": "145.62200", "2012-11-30": "169.60000", "2012-08-31": "91.26300", "2012-05-31": "162.74800", "2012-02-29": "160.81100", "2011-11-30": "157.82300", "2011-08-31": "152.20400", "2011-05-31": "154.11200", "2011-02-28": "141.80700", "2010-11-30": "142.44900", "2010-08-31": "160.51200", "2010-05-31": "151.40900", "2010-02-28": "146.26400", "2009-11-30": "131.55300", "2009-08-31": "127.80700", "2009-05-31": "125.41900", "2009-02-28": "111.05300", "2008-11-30": "131.66200", "2008-08-31": "123.70700", "2008-05-31": "126.55700", "2008-02-29": "124.91000", "2007-11-30": "116.15000", "2007-08-31": "121.50300", "2007-05-31": "140.73300", "2007-02-28": "119.97500", "2006-11-30": "109.75600", "2006-08-31": "107.06900", "2006-05-31": "93.53600", "2006-02-28": "87.06300", "2005-11-30": "94.54200", "2005-08-31": "108.35600", "2005-05-31": "71.68800", "2005-02-28": "66.13700"}, "Other Operating Income Or Expenses": {"2020-11-30": "", "2020-08-31": "", "2020-05-31": "", "2020-02-29": "", "2019-11-30": "", "2019-08-31": "", "2019-05-31": "", "2019-02-28": "", "2018-11-30": "", "2018-08-31": "", "2018-05-31": "", "2018-02-28": "", "2017-11-30": "", "2017-08-31": "", "2017-05-31": "", "2017-02-28": "", "2016-11-30": "", "2016-08-31": "", "2016-05-31": "", "2016-02-29": "", "2015-11-30": "", "2015-08-31": "", "2015-05-31": "", "2015-02-28": "", "2014-11-30": "", "2014-08-31": "-5.05700", "2014-05-31": "-2.90500", "2014-02-28": "", "2013-11-30": "", "2013-08-31": "", "2013-05-31": "-25.59700", "2013-02-28": "", "2012-11-30": "", "2012-08-31": "", "2012-05-31": "0.00000", "2012-02-29": "", "2011-11-30": "", "2011-08-31": "", "2011-05-31": "", "2011-02-28": "-37.55100", "2010-11-30": "", "2010-08-31": "-8.88200", "2010-05-31": "", "2010-02-28": "0.00000", "2009-11-30": "-15.72200", "2009-08-31": "", "2009-05-31": "", "2009-02-28": "", "2008-11-30": "", "2008-08-31": "", "2008-05-31": "", "2008-02-29": "", "2007-11-30": "", "2007-08-31": "", "2007-05-31": "", "2007-02-28": "", "2006-11-30": "", "2006-08-31": "", "2006-05-31": "", "2006-02-28": "", "2005-11-30": "", "2005-08-31": "", "2005-05-31": "", "2005-02-28": ""}, "Operating Expenses": {"2020-11-30": "7518.58000", "2020-08-31": "7102.96200", "2020-05-31": "6276.25800", "2020-02-29": "6034.45300", "2019-11-30": "7352.91900", "2019-08-31": "6383.71100", "2019-05-31": "5994.68400", "2019-02-28": "5913.00700", "2018-11-30": "6289.56500", "2018-08-31": "5617.93700", "2018-05-31": "5323.98100", "2018-02-28": "5171.56900", "2017-11-30": "5439.77800", "2017-08-31": "4904.97100", "2017-05-31": "4446.17400", "2017-02-28": "4362.45400", "2016-11-30": "4939.29100", "2016-08-31": "4336.95800", "2016-05-31": "4251.15700", "2016-02-29": "4248.66500", "2015-11-30": "4993.47400", "2015-08-31": "4530.43200", "2015-05-31": "4223.21900", "2015-02-28": "4184.47200", "2014-11-30": "4405.66300", "2014-08-31": "4009.60300", "2014-05-31": "3787.48800", "2014-02-28": "3573.67400", "2013-11-30": "4187.30800", "2013-08-31": "4193.92900", "2013-05-31": "4103.09600", "2013-02-28": "4033.31400", "2012-11-30": "4466.73700", "2012-08-31": "3254.93700", "2012-05-31": "4094.31500", "2012-02-29": "4085.95600", "2011-11-30": "4155.92700", "2011-08-31": "4114.73400", "2011-05-31": "4075.15500", "2011-02-28": "3824.02200", "2010-11-30": "3926.18100", "2010-08-31": "3757.94200", "2010-05-31": "3359.04500", "2010-02-28": "2942.86500", "2009-11-30": "3021.99200", "2009-08-31": "2756.38300", "2009-05-31": "2622.90800", "2009-02-28": "3592.97900", "2008-11-30": "3622.46900", "2008-08-31": "3177.10000", "2008-05-31": "3025.17800", "2008-02-29": "3056.99200", "2007-11-30": "3269.03700", "2007-08-31": "3079.29800", "2007-05-31": "2968.26700", "2007-02-28": "2898.18200", "2006-11-30": "3162.90500", "2006-08-31": "2961.23100", "2006-05-31": "2515.20800", "2006-02-28": "2231.61600", "2005-11-30": "2315.58400", "2005-08-31": "1985.93800", "2005-05-31": "1865.17900", "2005-02-28": "1658.23200"}, "Operating Income": {"2020-11-30": "313.94920", "2020-08-31": "197.05180", "2020-05-31": "59.38380", "2020-02-29": "90.62990", "2019-11-30": "152.77930", "2019-08-31": "189.74220", "2019-05-31": "140.91800", "2019-02-28": "153.98340", "2018-11-30": "216.71000", "2018-08-31": "153.89450", "2018-05-31": "112.97120", "2018-02-28": "129.53220", "2017-11-30": "145.75390", "2017-08-31": "118.05860", "2017-05-31": "43.38330", "2017-02-28": "83.18360", "2016-11-30": "165.60740", "2016-08-31": "93.80520", "2016-05-31": "59.59470", "2016-02-29": "154.92920", "2015-11-30": "214.50340", "2015-08-31": "150.38130", "2015-05-31": "135.42240", "2015-02-28": "124.85160", "2014-11-30": "144.75540", "2014-08-31": "46.64310", "2014-05-31": "-1.61300", "2014-02-28": "3.64110", "2013-11-30": "155.40280", "2013-08-31": "55.96530", "2013-05-31": "93.12790", "2013-02-28": "133.04080", "2012-11-30": "170.28080", "2012-08-31": "71.90770", "2012-05-31": "156.60280", "2012-02-29": "150.21780", "2011-11-30": "170.84230", "2011-08-31": "165.56050", "2011-05-31": "152.53300", "2011-02-28": "104.64110", "2010-11-30": "156.00000", "2010-08-31": "102.99120", "2010-05-31": "96.53270", "2010-02-28": "61.77910", "2009-11-30": "66.26420", "2009-08-31": "43.14530", "2009-05-31": "-7.80690", "2009-02-28": "-705.57890", "2008-11-30": "-239.96020", "2008-08-31": "87.77340", "2008-05-31": "63.09110", "2008-02-29": "1.62110", "2007-11-30": "98.91020", "2007-08-31": "50.53220", "2007-05-31": "33.62920", "2007-02-28": "36.67970", "2006-11-30": "61.09770", "2006-08-31": "-7.61690", "2006-05-31": "77.25640", "2006-02-28": "83.34600", "2005-11-30": "88.82300", "2005-08-31": "50.65200", "2005-05-31": "73.23610", "2005-02-28": "57.77390"}, "Total Non-Operating Income/Expense": {"2020-11-30": "-28.54300", "2020-08-31": "-81.80500", "2020-05-31": "-45.61100", "2020-02-29": "-61.55300", "2019-11-30": "-50.13900", "2019-08-31": "-87.83200", "2019-05-31": "-57.84000", "2019-02-28": "-53.15700", "2018-11-30": "-51.82300", "2018-08-31": "-45.34900", "2018-05-31": "-41.81800", "2018-02-28": "-43.27000", "2017-11-30": "-38.31500", "2017-08-31": "-36.44500", "2017-05-31": "-47.60100", "2017-02-28": "-34.88200", "2016-11-30": "-35.06900", "2016-08-31": "-33.58800", "2016-05-31": "-35.32200", "2016-02-29": "-34.14200", "2015-11-30": "-32.73600", "2015-08-31": "-29.09400", "2015-05-31": "-31.04100", "2015-02-28": "-31.79700", "2014-11-30": "-31.83300", "2014-08-31": "-32.24300", "2014-05-31": "-32.56700", "2014-02-28": "-33.36700", "2013-11-30": "-33.77400", "2013-08-31": "-32.56100", "2013-05-31": "-31.75000", "2013-02-28": "-30.33100", "2012-11-30": "-30.66300", "2012-08-31": "-29.79400", "2012-05-31": "-27.62800", "2012-02-29": "-27.95300", "2011-11-30": "-27.64600", "2011-08-31": "-24.52700", "2011-05-31": "-26.02300", "2011-02-28": "-25.88500", "2010-11-30": "-21.11200", "2010-08-31": "-19.70400", "2010-05-31": "-19.83700", "2010-02-28": "-20.51100", "2009-11-30": "-20.24700", "2009-08-31": "-33.22300", "2009-05-31": "-18.90400", "2009-02-28": "-19.01400", "2008-11-30": "-23.79100", "2008-08-31": "-23.13500", "2008-05-31": "-20.17200", "2008-02-29": "-23.87900", "2007-11-30": "-27.01800", "2007-08-31": "-25.14300", "2007-05-31": "-28.29000", "2007-02-28": "-21.35200", "2006-11-30": "-12.64100", "2006-08-31": "-8.54200", "2006-05-31": "-4.34600", "2006-02-28": "-2.49600", "2005-11-30": "-1.30700", "2005-08-31": "-1.96600", "2005-05-31": "-2.75800", "2005-02-28": "-2.75400"}, "Pre-Tax Income": {"2020-11-30": "285.40620", "2020-08-31": "115.24770", "2020-05-31": "13.77300", "2020-02-29": "29.07700", "2019-11-30": "102.64030", "2019-08-31": "101.91300", "2019-05-31": "83.07800", "2019-02-28": "100.82600", "2018-11-30": "164.88700", "2018-08-31": "108.54700", "2018-05-31": "71.15300", "2018-02-28": "86.26200", "2017-11-30": "107.43900", "2017-08-31": "81.61200", "2017-05-31": "-4.21800", "2017-02-28": "48.30100", "2016-11-30": "130.53800", "2016-08-31": "60.21800", "2016-05-31": "24.27300", "2016-02-29": "120.78700", "2015-11-30": "181.76700", "2015-08-31": "121.28900", "2015-05-31": "104.38100", "2015-02-28": "93.05400", "2014-11-30": "112.92200", "2014-08-31": "14.40000", "2014-05-31": "-34.18000", "2014-02-28": "-29.72600", "2013-11-30": "121.62900", "2013-08-31": "23.40800", "2013-05-31": "61.37800", "2013-02-28": "102.71000", "2012-11-30": "139.61800", "2012-08-31": "42.11300", "2012-05-31": "128.97500", "2012-02-29": "122.26500", "2011-11-30": "143.19600", "2011-08-31": "141.03300", "2011-05-31": "126.51000", "2011-02-28": "78.75600", "2010-11-30": "134.88800", "2010-08-31": "83.28600", "2010-05-31": "76.69600", "2010-02-28": "41.26800", "2009-11-30": "46.01700", "2009-08-31": "9.92200", "2009-05-31": "-26.71100", "2009-02-28": "-724.59300", "2008-11-30": "-263.75100", "2008-08-31": "64.64000", "2008-05-31": "42.91900", "2008-02-29": "-22.25800", "2007-11-30": "71.89200", "2007-08-31": "25.38900", "2007-05-31": "5.33900", "2007-02-28": "15.32800", "2006-11-30": "48.45700", "2006-08-31": "-16.16000", "2006-05-31": "72.91000", "2006-02-28": "80.85000", "2005-11-30": "87.51600", "2005-08-31": "48.68600", "2005-05-31": "70.47800", "2005-02-28": "55.02000"}, "Income Taxes": {"2020-11-30": "84.40000", "2020-08-31": "46.33900", "2020-05-31": "64.03600", "2020-02-29": "31.65800", "2019-11-30": "61.92600", "2019-08-31": "48.15200", "2019-05-31": "39.04600", "2019-02-28": "33.21900", "2018-11-30": "40.81300", "2018-08-31": "165.15500", "2018-05-31": "28.45100", "2018-02-28": "48.73400", "2017-11-30": "43.52000", "2017-08-31": "35.57100", "2017-05-31": "21.48100", "2017-02-28": "28.17700", "2016-11-30": "43.83700", "2016-08-31": "21.50900", "2016-05-31": "18.43400", "2016-02-29": "42.35400", "2015-11-30": "49.85200", "2015-08-31": "30.27700", "2015-05-31": "32.12400", "2015-02-28": "35.27200", "2014-11-30": "39.78800", "2014-08-31": "32.78800", "2014-05-31": "18.70800", "2014-02-28": "2.53900", "2013-11-30": "19.67600", "2013-08-31": "-75.95000", "2013-05-31": "22.12900", "2013-02-28": "27.41800", "2012-11-30": "34.03400", "2012-08-31": "22.05400", "2012-05-31": "27.37700", "2012-02-29": "24.02000", "2011-11-30": "29.41500", "2011-08-31": "25.49200", "2011-05-31": "22.22200", "2011-02-28": "23.03800", "2010-11-30": "27.47700", "2010-08-31": "23.91000", "2010-05-31": "24.00900", "2010-02-28": "11.44600", "2009-11-30": "17.13600", "2009-08-31": "3.98900", "2009-05-31": "2.52800", "2009-02-28": "142.01800", "2008-11-30": "12.36300", "2008-08-31": "7.72900", "2008-05-31": "4.65700", "2008-02-29": "3.10200", "2007-11-30": "9.63100", "2007-08-31": "13.29700", "2007-05-31": "-0.50500", "2007-02-28": "1.52900", "2006-11-30": "7.08000", "2006-08-31": "29.45900", "2006-05-31": "8.68400", "2006-02-28": "11.82900", "2005-11-30": "10.62600", "2005-08-31": "6.12600", "2005-05-31": "11.12500", "2005-02-28": "8.97300"}, "Income After Taxes": {"2020-11-30": "201.00620", "2020-08-31": "68.90870", "2020-05-31": "-50.26300", "2020-02-29": "-2.58100", "2019-11-30": "40.71430", "2019-08-31": "53.76100", "2019-05-31": "44.03200", "2019-02-28": "67.60700", "2018-11-30": "124.07400", "2018-08-31": "-56.60800", "2018-05-31": "42.70200", "2018-02-28": "37.52800", "2017-11-30": "63.91900", "2017-08-31": "46.04100", "2017-05-31": "-25.69900", "2017-02-28": "20.12400", "2016-11-30": "86.70100", "2016-08-31": "38.70900", "2016-05-31": "5.83900", "2016-02-29": "78.43300", "2015-11-30": "131.91500", "2015-08-31": "91.01200", "2015-05-31": "72.25700", "2015-02-28": "57.78200", "2014-11-30": "73.13400", "2014-08-31": "-18.38800", "2014-05-31": "-52.88800", "2014-02-28": "-32.26500", "2013-11-30": "101.95300", "2013-08-31": "99.35800", "2013-05-31": "39.24900", "2013-02-28": "75.29200", "2012-11-30": "105.58400", "2012-08-31": "20.05900", "2012-05-31": "101.59800", "2012-02-29": "98.24500", "2011-11-30": "113.78100", "2011-08-31": "115.54100", "2011-05-31": "104.28800", "2011-02-28": "55.71800", "2010-11-30": "107.41100", "2010-08-31": "59.37600", "2010-05-31": "52.68700", "2010-02-28": "29.82200", "2009-11-30": "28.88100", "2009-08-31": "5.93300", "2009-05-31": "-29.23900", "2009-02-28": "-866.61100", "2008-11-30": "-276.11400", "2008-08-31": "56.91100", "2008-05-31": "38.26200", "2008-02-29": "-25.36000", "2007-11-30": "62.26100", "2007-08-31": "12.09200", "2007-05-31": "5.84400", "2007-02-28": "13.79900", "2006-11-30": "41.37700", "2006-08-31": "-45.61900", "2006-05-31": "64.22600", "2006-02-28": "69.02100", "2005-11-30": "76.89000", "2005-08-31": "42.56000", "2005-05-31": "59.35300", "2005-02-28": "46.04700"}, "Other Income": {"2020-11-30": "", "2020-08-31": "", "2020-05-31": "", "2020-02-29": "", "2019-11-30": "", "2019-08-31": "", "2019-05-31": "", "2019-02-28": "", "2018-11-30": "", "2018-08-31": "", "2018-05-31": "", "2018-02-28": "", "2017-11-30": "", "2017-08-31": "", "2017-05-31": "", "2017-02-28": "", "2016-11-30": "", "2016-08-31": "", "2016-05-31": "", "2016-02-29": "", "2015-11-30": "", "2015-08-31": "", "2015-05-31": "", "2015-02-28": "", "2014-11-30": "", "2014-08-31": "", "2014-05-31": "", "2014-02-28": "", "2013-11-30": "", "2013-08-31": "", "2013-05-31": "", "2013-02-28": "", "2012-11-30": "", "2012-08-31": "", "2012-05-31": "", "2012-02-29": "", "2011-11-30": "", "2011-08-31": "", "2011-05-31": "", "2011-02-28": "", "2010-11-30": "", "2010-08-31": "", "2010-05-31": "", "2010-02-28": "", "2009-11-30": "", "2009-08-31": "", "2009-05-31": "", "2009-02-28": "", "2008-11-30": "", "2008-08-31": "", "2008-05-31": "", "2008-02-29": "", "2007-11-30": "", "2007-08-31": "", "2007-05-31": "", "2007-02-28": "", "2006-11-30": "", "2006-08-31": "", "2006-05-31": "", "2006-02-28": "", "2005-11-30": "", "2005-08-31": "", "2005-05-31": "", "2005-02-28": ""}, "Income From Continuous Operations": {"2020-11-30": "201.00620", "2020-08-31": "68.90870", "2020-05-31": "-50.26300", "2020-02-29": "-2.58100", "2019-11-30": "40.71430", "2019-08-31": "53.76100", "2019-05-31": "44.03200", "2019-02-28": "67.60700", "2018-11-30": "124.07400", "2018-08-31": "-56.60800", "2018-05-31": "42.70200", "2018-02-28": "37.52800", "2017-11-30": "63.91900", "2017-08-31": "46.04100", "2017-05-31": "-25.69900", "2017-02-28": "20.12400", "2016-11-30": "86.70100", "2016-08-31": "38.70900", "2016-05-31": "5.83900", "2016-02-29": "78.43300", "2015-11-30": "131.91500", "2015-08-31": "91.01200", "2015-05-31": "72.25700", "2015-02-28": "57.78200", "2014-11-30": "73.13400", "2014-08-31": "-18.38800", "2014-05-31": "-52.88800", "2014-02-28": "-32.26500", "2013-11-30": "101.95300", "2013-08-31": "99.35800", "2013-05-31": "39.24900", "2013-02-28": "75.29200", "2012-11-30": "105.58400", "2012-08-31": "20.05900", "2012-05-31": "101.59800", "2012-02-29": "98.24500", "2011-11-30": "113.78100", "2011-08-31": "115.54100", "2011-05-31": "104.28800", "2011-02-28": "55.71800", "2010-11-30": "107.41100", "2010-08-31": "59.37600", "2010-05-31": "52.68700", "2010-02-28": "29.82200", "2009-11-30": "28.88100", "2009-08-31": "5.93300", "2009-05-31": "-29.23900", "2009-02-28": "-866.61100", "2008-11-30": "-276.11400", "2008-08-31": "55.67300", "2008-05-31": "38.44500", "2008-02-29": "-24.04500", "2007-11-30": "62.00100", "2007-08-31": "11.72500", "2007-05-31": "6.23400", "2007-02-28": "13.90000", "2006-11-30": "41.37700", "2006-08-31": "-45.61900", "2006-05-31": "64.22600", "2006-02-28": "69.02100", "2005-11-30": "76.89000", "2005-08-31": "42.56000", "2005-05-31": "59.35300", "2005-02-28": "46.04700"}, "Income From Discontinued Operations": {"2020-11-30": "", "2020-08-31": "", "2020-05-31": "", "2020-02-29": "", "2019-11-30": "", "2019-08-31": "", "2019-05-31": "", "2019-02-28": "", "2018-11-30": "", "2018-08-31": "", "2018-05-31": "", "2018-02-28": "", "2017-11-30": "", "2017-08-31": "", "2017-05-31": "", "2017-02-28": "", "2016-11-30": "", "2016-08-31": "", "2016-05-31": "", "2016-02-29": "", "2015-11-30": "", "2015-08-31": "-2.47300", "2015-05-31": "0.16700", "2015-02-28": "-5.50900", "2014-11-30": "-0.75800", "2014-08-31": "-7.20400", "2014-05-31": "241.19600", "2014-02-28": "-6.25100", "2013-11-30": "16.11200", "2013-08-31": "27.43200", "2013-05-31": "10.37900", "2013-02-28": "12.79700", "2012-11-30": "", "2012-08-31": "", "2012-05-31": "", "2012-02-29": "", "2011-11-30": "", "2011-08-31": "", "2011-05-31": "", "2011-02-28": "", "2010-11-30": "", "2010-08-31": "", "2010-05-31": "", "2010-02-28": "", "2009-11-30": "", "2009-08-31": "", "2009-05-31": "", "2009-02-28": "", "2008-11-30": "", "2008-08-31": "", "2008-05-31": "", "2008-02-29": "", "2007-11-30": "", "2007-08-31": "", "2007-05-31": "", "2007-02-28": "", "2006-11-30": "", "2006-08-31": "", "2006-05-31": "", "2006-02-28": "", "2005-11-30": "", "2005-08-31": "", "2005-05-31": "", "2005-02-28": ""}, "Net Income": {"2020-11-30": "200.44200", "2020-08-31": "67.73100", "2020-05-31": "-50.95800", "2020-02-29": "-3.28300", "2019-11-30": "40.42200", "2019-08-31": "52.67500", "2019-05-31": "43.48200", "2019-02-28": "67.35400", "2018-11-30": "123.60000", "2018-08-31": "-57.31400", "2018-05-31": "42.54100", "2018-02-28": "37.30800", "2017-11-30": "63.79500", "2017-08-31": "45.67900", "2017-05-31": "-25.28100", "2017-02-28": "20.66500", "2016-11-30": "88.02700", "2016-08-31": "38.06700", "2016-05-31": "5.21300", "2016-02-29": "78.93000", "2015-11-30": "131.88500", "2015-08-31": "87.70200", "2015-05-31": "72.20300", "2015-02-28": "51.95200", "2014-11-30": "72.16200", "2014-08-31": "-26.19700", "2014-05-31": "188.25500", "2014-02-28": "-38.66700", "2013-11-30": "117.92200", "2013-08-31": "127.01900", "2013-05-31": "50.08300", "2013-02-28": "88.53300", "2012-11-30": "105.84700", "2012-08-31": "82.79700", "2012-05-31": "101.32000", "2012-02-29": "97.69800", "2011-11-30": "112.87200", "2011-08-31": "114.28800", "2011-05-31": "104.69500", "2011-02-28": "55.40300", "2010-11-30": "106.67700", "2010-08-31": "58.69100", "2010-05-31": "52.03100", "2010-02-28": "29.83000", "2009-11-30": "28.28800", "2009-08-31": "5.50690", "2009-05-31": "-28.76200", "2009-02-28": "-866.10000", "2008-11-30": "-275.85700", "2008-08-31": "57.49100", "2008-05-31": "38.44500", "2008-02-29": "-24.04500", "2007-11-30": "62.00100", "2007-08-31": "11.72500", "2007-05-31": "6.23400", "2007-02-28": "13.90000", "2006-11-30": "41.37700", "2006-08-31": "-45.61900", "2006-05-31": "64.22600", "2006-02-28": "69.02100", "2005-11-30": "76.89000", "2005-08-31": "42.56000", "2005-05-31": "59.35300", "2005-02-28": "46.04700"}, "EBITDA": {"2020-11-30": "519.71520", "2020-08-31": "390.94070", "2020-05-31": "257.72880", "2020-02-29": "290.11790", "2019-11-30": "355.63830", "2019-08-31": "386.65320", "2019-05-31": "334.33000", "2019-02-28": "346.65740", "2018-11-30": "405.54600", "2018-08-31": "343.95250", "2018-05-31": "314.29520", "2018-02-28": "317.22120", "2017-11-30": "340.38690", "2017-08-31": "307.90660", "2017-05-31": "233.62330", "2017-02-28": "274.59960", "2016-11-30": "354.50840", "2016-08-31": "277.58520", "2016-05-31": "243.26570", "2016-02-29": "322.86720", "2015-11-30": "375.86640", "2015-08-31": "294.42140", "2015-05-31": "271.11740", "2015-02-28": "251.91260", "2014-11-30": "267.13540", "2014-08-31": "167.29910", "2014-05-31": "117.84000", "2014-02-28": "125.21410", "2013-11-30": "280.99880", "2013-08-31": "178.37230", "2013-05-31": "193.81590", "2013-02-28": "232.85980", "2012-11-30": "265.48380", "2012-08-31": "163.21370", "2012-05-31": "245.05480", "2012-02-29": "238.09080", "2011-11-30": "256.70330", "2011-08-31": "250.42750", "2011-05-31": "234.97100", "2011-02-28": "181.56510", "2010-11-30": "230.95000", "2010-08-31": "168.59920", "2010-05-31": "167.92870", "2010-02-28": "133.09010", "2009-11-30": "141.23320", "2009-08-31": "113.96630", "2009-05-31": "65.34410", "2009-02-28": "75.05610", "2008-11-30": "150.25080", "2008-08-31": "161.34750", "2008-05-31": "134.26310", "2008-02-29": "69.84510", "2007-11-30": "165.17920", "2007-08-31": "116.86520", "2007-05-31": "97.48120", "2007-02-28": "94.57270", "2006-11-30": "113.18170", "2006-08-31": "43.26610", "2006-05-31": "127.58640", "2006-02-28": "131.92400", "2005-11-30": "136.30600", "2005-08-31": "102.28800", "2005-05-31": "130.79710", "2005-02-28": "113.98090"}, "EBIT": {"2020-11-30": "313.94920", "2020-08-31": "197.05270", "2020-05-31": "59.38380", "2020-02-29": "90.62990", "2019-11-30": "152.77930", "2019-08-31": "189.74220", "2019-05-31": "140.91800", "2019-02-28": "153.98340", "2018-11-30": "216.71000", "2018-08-31": "153.89500", "2018-05-31": "112.97120", "2018-02-28": "129.53220", "2017-11-30": "145.75390", "2017-08-31": "118.05810", "2017-05-31": "43.38330", "2017-02-28": "83.18360", "2016-11-30": "165.60740", "2016-08-31": "93.80470", "2016-05-31": "59.59470", "2016-02-29": "154.92920", "2015-11-30": "214.50340", "2015-08-31": "150.38090", "2015-05-31": "135.42240", "2015-02-28": "124.85160", "2014-11-30": "144.75540", "2014-08-31": "46.64230", "2014-05-31": "-1.61300", "2014-02-28": "3.64110", "2013-11-30": "155.40280", "2013-08-31": "55.96660", "2013-05-31": "93.12790", "2013-02-28": "133.04080", "2012-11-30": "170.28080", "2012-08-31": "71.90750", "2012-05-31": "156.60280", "2012-02-29": "150.21780", "2011-11-30": "170.84230", "2011-08-31": "165.55930", "2011-05-31": "152.53300", "2011-02-28": "104.64110", "2010-11-30": "156.00000", "2010-08-31": "102.99150", "2010-05-31": "96.53270", "2010-02-28": "61.77910", "2009-11-30": "66.26420", "2009-08-31": "43.14480", "2009-05-31": "-7.80690", "2009-02-28": "-705.57890", "2008-11-30": "-239.96020", "2008-08-31": "87.77420", "2008-05-31": "63.09110", "2008-02-29": "1.62110", "2007-11-30": "98.91020", "2007-08-31": "50.53300", "2007-05-31": "33.62920", "2007-02-28": "36.67970", "2006-11-30": "61.09770", "2006-08-31": "-7.61770", "2006-05-31": "77.25640", "2006-02-28": "83.34600", "2005-11-30": "88.82300", "2005-08-31": "50.65220", "2005-05-31": "73.23610", "2005-02-28": "57.77390"}, "Basic Shares Outstanding": {"2020-11-30": "150.15700", "2020-08-31": "151.61300", "2020-05-31": "150.72300", "2020-02-29": "152.05800", "2019-11-30": "153.10000", "2019-08-31": "155.61300", "2019-05-31": "152.88900", "2019-02-28": "154.72500", "2018-11-30": "161.55700", "2018-08-31": "172.23700", "2018-05-31": "170.51400", "2018-02-28": "174.63500", "2017-11-30": "176.93600", "2017-08-31": "181.90200", "2017-05-31": "181.03800", "2017-02-28": "182.63200", "2016-11-30": "185.29200", "2016-08-31": "190.41300", "2016-05-31": "191.20600", "2016-02-29": "190.95700", "2015-11-30": "190.35500", "2015-08-31": "193.68900", "2015-05-31": "193.78500", "2015-02-28": "193.56100", "2014-11-30": "193.50200", "2014-08-31": "202.49700", "2014-05-31": "202.00800", "2014-02-28": "205.25100", "2013-11-30": "204.76200", "2013-08-31": "203.09600", "2013-05-31": "202.64800", "2013-02-28": "202.45800", "2012-11-30": "204.31800", "2012-08-31": "206.16000", "2012-05-31": "206.29800", "2012-02-29": "207.28700", "2011-11-30": "205.38800", "2011-08-31": "214.50200", "2011-05-31": "215.70500", "2011-02-28": "215.17000", "2010-11-30": "214.39500", "2010-08-31": "214.33200", "2010-05-31": "213.88100", "2010-02-28": "213.62500", "2009-11-30": "213.66500", "2009-08-31": "207.00200", "2009-05-31": "207.19000", "2009-02-28": "206.71100", "2008-11-30": "206.41100", "2008-08-31": "209.80500", "2008-05-31": "205.46300", "2008-02-29": "205.08200", "2007-11-30": "204.64900", "2007-08-31": "203.77900", "2007-05-31": "203.72800", "2007-02-28": "203.37700", "2006-11-30": "203.07700", "2006-08-31": "207.41300", "2006-05-31": "210.44100", "2006-02-28": "207.62200", "2005-11-30": "204.69900", "2005-08-31": "202.50100", "2005-05-31": "202.66600", "2005-02-28": "201.93000"}, "Shares Outstanding": {"2020-11-30": "152.91800", "2020-08-31": "155.27400", "2020-05-31": "150.72300", "2020-02-29": "152.05800", "2019-11-30": "156.46200", "2019-08-31": "158.64700", "2019-05-31": "155.67800", "2019-02-28": "156.73700", "2018-11-30": "163.67000", "2018-08-31": "175.04400", "2018-05-31": "173.27900", "2018-02-28": "176.95300", "2017-11-30": "180.20300", "2017-08-31": "185.83800", "2017-05-31": "181.03800", "2017-02-28": "185.01000", "2016-11-30": "187.85600", "2016-08-31": "192.75000", "2016-05-31": "193.06900", "2016-02-29": "193.29400", "2015-11-30": "193.24300", "2015-08-31": "196.00500", "2015-05-31": "196.30400", "2015-02-28": "195.47300", "2014-11-30": "195.31400", "2014-08-31": "202.49700", "2014-05-31": "202.00800", "2014-02-28": "205.25100", "2013-11-30": "206.81300", "2013-08-31": "207.81500", "2013-05-31": "207.56900", "2013-02-28": "206.80400", "2012-11-30": "207.81600", "2012-08-31": "211.18100", "2012-05-31": "211.54100", "2012-02-29": "212.14800", "2011-11-30": "209.93700", "2011-08-31": "220.71900", "2011-05-31": "222.33700", "2011-02-28": "221.02200", "2010-11-30": "217.40500", "2010-08-31": "217.59700", "2010-05-31": "216.52200", "2010-02-28": "214.76000", "2009-11-30": "215.05900", "2009-08-31": "207.00200", "2009-05-31": "207.19000", "2009-02-28": "206.71100", "2008-11-30": "206.41100", "2008-08-31": "210.42500", "2008-05-31": "206.07700", "2008-02-29": "205.08200", "2007-11-30": "206.60500", "2007-08-31": "206.97200", "2007-05-31": "205.77200", "2007-02-28": "205.92500", "2006-11-30": "206.36100", "2006-08-31": "212.54000", "2006-05-31": "215.86100", "2006-02-28": "214.15800", "2005-11-30": "209.86100", "2005-08-31": "207.70600", "2005-05-31": "207.73600", "2005-02-28": "206.45900"}, "Basic EPS": {"2020-11-30": "1.33000", "2020-08-31": "0.46000", "2020-05-31": "-0.34000", "2020-02-29": "-0.02000", "2019-11-30": "0.26000", "2019-08-31": "0.36000", "2019-05-31": "0.28000", "2019-02-28": "0.44000", "2018-11-30": "0.77000", "2018-08-31": "-0.32000", "2018-05-31": "0.25000", "2018-02-28": "0.21000", "2017-11-30": "0.36000", "2017-08-31": "0.26000", "2017-05-31": "-0.14000", "2017-02-28": "0.11000", "2016-11-30": "0.48000", "2016-08-31": "0.20000", "2016-05-31": "0.03000", "2016-02-29": "0.41000", "2015-11-30": "0.69000", "2015-08-31": "0.46000", "2015-05-31": "0.37000", "2015-02-28": "0.27000", "2014-11-30": "0.37000", "2014-08-31": "-0.13000", "2014-05-31": "0.93000", "2014-02-28": "-0.19000", "2013-11-30": "0.58000", "2013-08-31": "0.62000", "2013-05-31": "0.25000", "2013-02-28": "0.44000", "2012-11-30": "0.52000", "2012-08-31": "0.40000", "2012-05-31": "0.49000", "2012-02-29": "0.47000", "2011-11-30": "0.55000", "2011-08-31": "0.53000", "2011-05-31": "0.49000", "2011-02-28": "0.26000", "2010-11-30": "0.50000", "2010-08-31": "0.28000", "2010-05-31": "0.24000", "2010-02-28": "0.14000", "2009-11-30": "0.13000", "2009-08-31": "0.04000", "2009-05-31": "-0.14000", "2009-02-28": "-4.19000", "2008-11-30": "-1.34000", "2008-08-31": "0.27000", "2008-05-31": "0.19000", "2008-02-29": "-0.12000", "2007-11-30": "0.30000", "2007-08-31": "0.06000", "2007-05-31": "0.03000", "2007-02-28": "0.07000", "2006-11-30": "0.20000", "2006-08-31": "-0.23000", "2006-05-31": "0.31000", "2006-02-28": "0.33000", "2005-11-30": "0.38000", "2005-08-31": "0.21000", "2005-05-31": "0.29000", "2005-02-28": "0.23000"}, "EPS - Earnings Per Share": {"2020-11-30": "1.31000", "2020-08-31": "0.45000", "2020-05-31": "-0.34000", "2020-02-29": "-0.02000", "2019-11-30": "0.26000", "2019-08-31": "0.34000", "2019-05-31": "0.28000", "2019-02-28": "0.43000", "2018-11-30": "0.76000", "2018-08-31": "-0.32000", "2018-05-31": "0.25000", "2018-02-28": "0.21000", "2017-11-30": "0.35000", "2017-08-31": "0.25000", "2017-05-31": "-0.14000", "2017-02-28": "0.11000", "2016-11-30": "0.47000", "2016-08-31": "0.20000", "2016-05-31": "0.03000", "2016-02-29": "0.41000", "2015-11-30": "0.68000", "2015-08-31": "0.44000", "2015-05-31": "0.37000", "2015-02-28": "0.27000", "2014-11-30": "0.37000", "2014-08-31": "-0.12000", "2014-05-31": "0.93000", "2014-02-28": "-0.19000", "2013-11-30": "0.57000", "2013-08-31": "0.61000", "2013-05-31": "0.24000", "2013-02-28": "0.43000", "2012-11-30": "0.51000", "2012-08-31": "0.39000", "2012-05-31": "0.48000", "2012-02-29": "0.46000", "2011-11-30": "0.54000", "2011-08-31": "0.52000", "2011-05-31": "0.47000", "2011-02-28": "0.25000", "2010-11-30": "0.49000", "2010-08-31": "0.27000", "2010-05-31": "0.24000", "2010-02-28": "0.14000", "2009-11-30": "0.13000", "2009-08-31": "0.04000", "2009-05-31": "-0.14000", "2009-02-28": "-4.19000", "2008-11-30": "-1.34000", "2008-08-31": "0.27000", "2008-05-31": "0.19000", "2008-02-29": "-0.12000", "2007-11-30": "0.30000", "2007-08-31": "0.05000", "2007-05-31": "0.03000", "2007-02-28": "0.07000", "2006-11-30": "0.20000", "2006-08-31": "-0.22000", "2006-05-31": "0.30000", "2006-02-28": "0.32000", "2005-11-30": "0.37000", "2005-08-31": "0.20000", "2005-05-31": "0.29000", "2005-02-28": "0.22000"}}, "balance sheet": {"Cash On Hand": {"2020-08-31": "1393.55700", "2019-08-31": "1163.34300", "2018-08-31": "1257.94900", "2017-08-31": "1189.91900", "2016-08-31": "912.05900", "2015-08-31": "913.96300", "2014-08-31": "1000.24900", "2013-08-31": "1011.37300", "2012-08-31": "1217.25600", "2011-08-31": "888.61100", "2010-08-31": "744.32900", "2009-08-31": "876.27200", "2008-08-31": "772.92300", "2007-08-31": "663.62500", "2006-08-31": "773.56300", "2005-08-31": "796.07100"}, "Receivables": {"2020-08-31": "2847.74300", "2019-08-31": "2745.22600", "2018-08-31": "1693.26800", "2017-08-31": "1397.42400", "2016-08-31": "1359.61000", "2015-08-31": "1467.24700", "2014-08-31": "1208.51600", "2013-08-31": "1181.22300", "2012-08-31": "1135.96400", "2011-08-31": "1115.20800", "2010-08-31": "1443.87900", "2009-08-31": "1298.41000", "2008-08-31": "1500.06500", "2007-08-31": "1374.51500", "2006-08-31": "1305.53100", "2005-08-31": "955.35300"}, "Inventory": {"2020-08-31": "3131.78300", "2019-08-31": "3023.00300", "2018-08-31": "3457.70600", "2017-08-31": "2942.08300", "2016-08-31": "2456.61200", "2015-08-31": "2507.26400", "2014-08-31": "2008.07700", "2013-08-31": "2118.71600", "2012-08-31": "2268.94900", "2011-08-31": "2227.33900", "2010-08-31": "2094.13500", "2009-08-31": "1226.65600", "2008-08-31": "1528.86200", "2007-08-31": "1374.40000", "2006-08-31": "1452.73700", "2005-08-31": "818.43500"}, "Pre-Paid Expenses": {"2020-08-31": "657.10200", "2019-08-31": "501.57300", "2018-08-31": "1141.00000", "2017-08-31": "1097.25700", "2016-08-31": "1120.10000", "2015-08-31": "898.79000", "2014-08-31": "1057.56200", "2013-08-31": "1141.91900", "2012-08-31": "989.32600", "2011-08-31": "868.89200", "2010-08-31": "349.16500", "2009-08-31": "247.79500", "2008-08-31": "293.07000", "2007-08-31": "231.79700", "2006-08-31": "121.84300", "2005-08-31": "75.33500"}, "Other Current Assets": {"2020-08-31": "1104.70000", "2019-08-31": "911.94000", "2018-08-31": "", "2017-08-31": "", "2016-08-31": "", "2015-08-31": "", "2014-08-31": "", "2013-08-31": "", "2012-08-31": "", "2011-08-31": "", "2010-08-31": "", "2009-08-31": "", "2008-08-31": "", "2007-08-31": "", "2006-08-31": "", "2005-08-31": ""}, "Total Current Assets": {"2020-08-31": "9134.88500", "2019-08-31": "8345.08500", "2018-08-31": "7549.92300", "2017-08-31": "6626.68300", "2016-08-31": "5848.38100", "2015-08-31": "5866.30900", "2014-08-31": "5359.01700", "2013-08-31": "5820.24500", "2012-08-31": "5639.32800", "2011-08-31": "5115.78700", "2010-08-31": "4654.01800", "2009-08-31": "3676.82600", "2008-08-31": "4139.13700", "2007-08-31": "3666.29300", "2006-08-31": "3678.96500", "2005-08-31": "2685.93500"}, "Property, Plant, And Equipment": {"2020-08-31": "3665.31200", "2019-08-31": "3333.75000", "2018-08-31": "3198.01600", "2017-08-31": "3228.67800", "2016-08-31": "3331.87900", "2015-08-31": "2804.33300", "2014-08-31": "2271.70500", "2013-08-31": "2309.32000", "2012-08-31": "1779.15500", "2011-08-31": "1641.33500", "2010-08-31": "1451.39200", "2009-08-31": "1377.72900", "2008-08-31": "1392.47900", "2007-08-31": "1261.48100", "2006-08-31": "985.26200", "2005-08-31": "880.73600"}, "Long-Term Investments": {"2020-08-31": "", "2019-08-31": "", "2018-08-31": "", "2017-08-31": "", "2016-08-31": "", "2015-08-31": "", "2014-08-31": "", "2013-08-31": "", "2012-08-31": "", "2011-08-31": "", "2010-08-31": "", "2009-08-31": "", "2008-08-31": "", "2007-08-31": "", "2006-08-31": "", "2005-08-31": ""}, "Goodwill And Intangible Assets": {"2020-08-31": "906.72300", "2019-08-31": "879.10800", "2018-08-31": "906.87600", "2017-08-31": "892.78000", "2016-08-31": "891.72710", "2015-08-31": "745.91800", "2014-08-31": "627.70000", "2013-08-31": "609.44490", "2012-08-31": "214.07100", "2011-08-31": "125.30500", "2010-08-31": "132.56800", "2009-08-31": "156.28800", "2008-08-31": "1291.94500", "2007-08-31": "1271.07600", "2006-08-31": "688.77400", "2005-08-31": "453.30100"}, "Other Long-Term Assets": {"2020-08-31": "162.24200", "2019-08-31": "213.70500", "2018-08-31": "172.57400", "2017-08-31": "142.13200", "2016-08-31": "101.83100", "2015-08-31": "89.87100", "2014-08-31": "128.62200", "2013-08-31": "100.80100", "2012-08-31": "97.17600", "2011-08-31": "100.52400", "2010-08-31": "74.66800", "2009-08-31": "57.34200", "2008-08-31": "53.06800", "2007-08-31": "6.82000", "2006-08-31": "12.37300", "2005-08-31": "32.56300"}, "Total Long-Term Assets": {"2020-08-31": "5262.53200", "2019-08-31": "4625.39000", "2018-08-31": "4495.71800", "2017-08-31": "4469.31200", "2016-08-31": "4474.29600", "2015-08-31": "3725.29100", "2014-08-31": "3120.72900", "2013-08-31": "3333.53600", "2012-08-31": "2163.81300", "2011-08-31": "1942.15300", "2010-08-31": "1713.72900", "2009-08-31": "1641.03200", "2008-08-31": "2893.00000", "2007-08-31": "2628.93900", "2006-08-31": "1732.76500", "2005-08-31": "1402.05100"}, "Total Assets": {"2020-08-31": "14397.42000", "2019-08-31": "12970.47000", "2018-08-31": "12045.64000", "2017-08-31": "11096.00000", "2016-08-31": "10322.68000", "2015-08-31": "9591.60000", "2014-08-31": "8479.74600", "2013-08-31": "9153.78100", "2012-08-31": "7803.14100", "2011-08-31": "7057.94000", "2010-08-31": "6367.74700", "2009-08-31": "5317.85800", "2008-08-31": "7032.13700", "2007-08-31": "6295.23200", "2006-08-31": "5411.73000", "2005-08-31": "4087.98600"}, "Total Current Liabilities": {"2020-08-31": "9059.48300", "2019-08-31": "8532.10500", "2018-08-31": "7230.87300", "2017-08-31": "6870.59300", "2016-08-31": "5568.05600", "2015-08-31": "5674.27400", "2014-08-31": "4321.09700", "2013-08-31": "4864.43400", "2012-08-31": "3858.99600", "2011-08-31": "3889.88800", "2010-08-31": "3605.17400", "2009-08-31": "2685.92600", "2008-08-31": "3047.64000", "2007-08-31": "2990.84700", "2006-08-31": "2701.33400", "2005-08-31": "1568.12900"}, "Long Term Debt": {"2020-08-31": "2678.28800", "2019-08-31": "2121.28400", "2018-08-31": "2493.50200", "2017-08-31": "1606.01700", "2016-08-31": "2074.01200", "2015-08-31": "1335.81800", "2014-08-31": "1669.58500", "2013-08-31": "1690.41800", "2012-08-31": "1658.32600", "2011-08-31": "1112.59400", "2010-08-31": "1018.93000", "2009-08-31": "1036.87300", "2008-08-31": "1099.47300", "2007-08-31": "760.47700", "2006-08-31": "329.52000", "2005-08-31": "326.58000"}, "Other Non-Current Liabilities": {"2020-08-31": "417.55400", "2019-08-31": "300.51000", "2018-08-31": "243.50100", "2017-08-31": "201.71400", "2016-08-31": "168.82200", "2015-08-31": "164.33000", "2014-08-31": "167.02600", "2013-08-31": "153.46000", "2012-08-31": "154.23900", "2011-08-31": "155.87400", "2010-08-31": "149.40900", "2009-08-31": "148.47200", "2008-08-31": "152.48600", "2007-08-31": "78.53800", "2006-08-31": "78.54900", "2005-08-31": "47.33600"}, "Total Long Term Liabilities": {"2020-08-31": "3512.53400", "2019-08-31": "2537.61200", "2018-08-31": "2851.38800", "2017-08-31": "1857.05800", "2016-08-31": "2297.12400", "2015-08-31": "1582.31500", "2014-08-31": "1898.28100", "2013-08-31": "1933.78000", "2012-08-31": "1836.81000", "2011-08-31": "1284.22900", "2010-08-31": "1169.80100", "2009-08-31": "1189.52300", "2008-08-31": "1268.77200", "2007-08-31": "861.37400", "2006-08-31": "415.91500", "2005-08-31": "373.91600"}, "Total Liabilities": {"2020-08-31": "12572.02000", "2019-08-31": "11069.72000", "2018-08-31": "10082.26000", "2017-08-31": "8727.65100", "2016-08-31": "7865.18000", "2015-08-31": "7256.58900", "2014-08-31": "6219.37800", "2013-08-31": "6798.21400", "2012-08-31": "5695.80600", "2011-08-31": "5174.11700", "2010-08-31": "4774.97500", "2009-08-31": "3875.44900", "2008-08-31": "4316.41200", "2007-08-31": "3852.22100", "2006-08-31": "3117.24900", "2005-08-31": "1942.04500"}, "Common Stock Net": {"2020-08-31": "0.26400", "2019-08-31": "0.26000", "2018-08-31": "0.25700", "2017-08-31": "0.25300", "2016-08-31": "0.25000", "2015-08-31": "0.24700", "2014-08-31": "0.24400", "2013-08-31": "0.23800", "2012-08-31": "0.23200", "2011-08-31": "0.22500", "2010-08-31": "0.22000", "2009-08-31": "0.21700", "2008-08-31": "0.21500", "2007-08-31": "0.21200", "2006-08-31": "0.21100", "2005-08-31": "0.20400"}, "Retained Earnings (Accumulated Deficit)": {"2020-08-31": "2040.92200", "2019-08-31": "2037.03700", "2018-08-31": "1760.09700", "2017-08-31": "1730.89300", "2016-08-31": "1660.82000", "2015-08-31": "1468.91000", "2014-08-31": "1245.77200", "2013-08-31": "1071.17500", "2012-08-31": "766.93400", "2011-08-31": "441.79300", "2010-08-31": "123.30300", "2009-08-31": "-13.70000", "2008-08-31": "1210.41700", "2007-08-31": "1131.40300", "2006-08-31": "1116.03500", "2005-08-31": "980.66700"}, "Comprehensive Income": {"2020-08-31": "-34.16800", "2019-08-31": "-82.79400", "2018-08-31": "-19.39900", "2017-08-31": "54.62000", "2016-08-31": "-39.87700", "2015-08-31": "-50.85400", "2014-08-31": "86.96200", "2013-08-31": "81.24800", "2012-08-31": "106.27500", "2011-08-31": "194.70600", "2010-08-31": "122.06200", "2009-08-31": "196.97200", "2008-08-31": "301.40100", "2007-08-31": "170.96000", "2006-08-31": "113.10400", "2005-08-31": "80.10300"}, "Other Share Holders Equity": {"2020-08-31": "", "2019-08-31": "", "2018-08-31": "", "2017-08-31": "", "2016-08-31": "", "2015-08-31": "", "2014-08-31": "", "2013-08-31": "", "2012-08-31": "", "2011-08-31": "", "2010-08-31": "", "2009-08-31": "", "2008-08-31": "", "2007-08-31": "", "2006-08-31": "", "2005-08-31": ""}, "Share Holder Equity": {"2020-08-31": "1825.39900", "2019-08-31": "1900.75800", "2018-08-31": "1963.38000", "2017-08-31": "2368.34400", "2016-08-31": "2457.49700", "2015-08-31": "2335.01100", "2014-08-31": "2260.36800", "2013-08-31": "2355.56700", "2012-08-31": "2107.33500", "2011-08-31": "1883.82300", "2010-08-31": "1592.77200", "2009-08-31": "1442.40900", "2008-08-31": "2715.72500", "2007-08-31": "2443.01100", "2006-08-31": "2294.48100", "2005-08-31": "2145.94100"}, "Total Liabilities And Share Holders Equity": {"2020-08-31": "14397.42000", "2019-08-31": "12970.47000", "2018-08-31": "12045.64000", "2017-08-31": "11096.00000", "2016-08-31": "10322.68000", "2015-08-31": "9591.60000", "2014-08-31": "8479.74600", "2013-08-31": "9153.78100", "2012-08-31": "7803.14100", "2011-08-31": "7057.94000", "2010-08-31": "6367.74700", "2009-08-31": "5317.85800", "2008-08-31": "7032.13700", "2007-08-31": "6295.23200", "2006-08-31": "5411.73000", "2005-08-31": "4087.98600"}}, "balance sheet, quarterly": {"Cash On Hand": {"2020-11-30": "1107.57300", "2020-08-31": "1393.55700", "2020-05-31": "763.33700", "2020-02-29": "696.74500", "2019-11-30": "719.84200", "2019-08-31": "1163.34300", "2019-05-31": "694.08600", "2019-02-28": "749.05700", "2018-11-30": "804.40900", "2018-08-31": "1257.94900", "2018-05-31": "677.49200", "2018-02-28": "940.79600", "2017-11-30": "746.25800", "2017-08-31": "1189.91900", "2017-05-31": "743.93100", "2017-02-28": "755.09800", "2016-11-30": "747.41500", "2016-08-31": "912.05900", "2016-05-31": "886.99100", "2016-02-29": "883.21800", "2015-11-30": "1130.34400", "2015-08-31": "913.96300", "2015-05-31": "962.79400", "2015-02-28": "966.41400", "2014-11-30": "921.50400", "2014-08-31": "1000.24900", "2014-05-31": "1322.26600", "2014-02-28": "675.12900", "2013-11-30": "769.22300", "2013-08-31": "1011.37300", "2013-05-31": "1351.72600", "2013-02-28": "1061.65500", "2012-11-30": "1030.03400", "2012-08-31": "1217.25600", "2012-05-31": "742.12900", "2012-02-29": "707.35000", "2011-11-30": "861.90400", "2011-08-31": "888.61100", "2011-05-31": "911.14500", "2011-02-28": "902.31700", "2010-11-30": "630.15400", "2010-08-31": "744.32900", "2010-05-31": "600.34900", "2010-02-28": "794.13700", "2009-11-30": "852.06700", "2009-08-31": "876.27200", "2009-05-31": "768.91500", "2009-02-28": "774.93600", "2008-11-30": "579.88200", "2008-08-31": "772.92300", "2008-05-31": "860.06900", "2008-02-29": "531.36900", "2007-11-30": "664.45600", "2007-08-31": "663.62500", "2007-05-31": "558.35800", "2007-02-28": "554.68700", "2006-11-30": "651.29200", "2006-08-31": "773.56300", "2006-05-31": "854.87900", "2006-02-28": "918.62200", "2005-11-30": "875.62000", "2005-08-31": "796.07100", "2005-05-31": "681.04200", "2005-02-28": "779.77600"}, "Receivables": {"2020-11-30": "3651.86900", "2020-08-31": "2847.74300", "2020-05-31": "2579.80300", "2020-02-29": "2314.05500", "2019-11-30": "3596.14500", "2019-08-31": "2745.22600", "2019-05-31": "2696.59900", "2019-02-28": "2543.61500", "2018-11-30": "2777.60100", "2018-08-31": "1693.26800", "2018-05-31": "1586.68500", "2018-02-28": "1549.89900", "2017-11-30": "1534.75400", "2017-08-31": "1397.42400", "2017-05-31": "1445.14800", "2017-02-28": "1433.67600", "2016-11-30": "1519.65100", "2016-08-31": "1359.61000", "2016-05-31": "1296.92400", "2016-02-29": "1449.33800", "2015-11-30": "1674.43800", "2015-08-31": "1467.24700", "2015-05-31": "1208.35100", "2015-02-28": "1269.17100", "2014-11-30": "1584.79400", "2014-08-31": "1208.51600", "2014-05-31": "1031.11200", "2014-02-28": "967.03700", "2013-11-30": "1457.27700", "2013-08-31": "1181.22300", "2013-05-31": "1020.09400", "2013-02-28": "1311.35800", "2012-11-30": "1441.19500", "2012-08-31": "1135.96400", "2012-05-31": "1135.20400", "2012-02-29": "1132.68600", "2011-11-30": "1141.03500", "2011-08-31": "1115.20800", "2011-05-31": "1080.70500", "2011-02-28": "1089.69500", "2010-11-30": "1216.31200", "2010-08-31": "1443.87900", "2010-05-31": "1299.07100", "2010-02-28": "1207.44900", "2009-11-30": "1437.33200", "2009-08-31": "1298.41000", "2009-05-31": "1179.71900", "2009-02-28": "1165.31700", "2008-11-30": "1694.82500", "2008-08-31": "1500.06500", "2008-05-31": "1349.34700", "2008-02-29": "1363.88800", "2007-11-30": "1615.99100", "2007-08-31": "1374.51500", "2007-05-31": "1353.14700", "2007-02-28": "1359.94500", "2006-11-30": "1532.26900", "2006-08-31": "1305.53100", "2006-05-31": "1139.33200", "2006-02-28": "1069.30000", "2005-11-30": "1085.57400", "2005-08-31": "955.35300", "2005-05-31": "899.42700", "2005-02-28": "795.43200"}, "Inventory": {"2020-11-30": "3271.84200", "2020-08-31": "3131.78300", "2020-05-31": "3283.70100", "2020-02-29": "3339.89000", "2019-11-30": "3342.19800", "2019-08-31": "3023.00300", "2019-05-31": "3159.36900", "2019-02-28": "3248.27300", "2018-11-30": "3214.51300", "2018-08-31": "3457.70600", "2018-05-31": "3343.78200", "2018-02-28": "3387.99500", "2017-11-30": "3283.21500", "2017-08-31": "2942.08300", "2017-05-31": "2706.53000", "2017-02-28": "2498.13700", "2016-11-30": "2506.19900", "2016-08-31": "2456.61200", "2016-05-31": "2292.35000", "2016-02-29": "2293.02400", "2015-11-30": "2503.62500", "2015-08-31": "2507.26400", "2015-05-31": "2260.73600", "2015-02-28": "2105.18300", "2014-11-30": "2099.21400", "2014-08-31": "2008.07700", "2014-05-31": "1861.23500", "2014-02-28": "1821.81500", "2013-11-30": "2166.79700", "2013-08-31": "2118.71600", "2013-05-31": "2356.30400", "2013-02-28": "2496.61800", "2012-11-30": "2465.80100", "2012-08-31": "2268.94900", "2012-05-31": "2377.48500", "2012-02-29": "2350.84200", "2011-11-30": "2384.55500", "2011-08-31": "2227.33900", "2011-05-31": "2257.98400", "2011-02-28": "2160.27500", "2010-11-30": "2158.23500", "2010-08-31": "2094.13500", "2010-05-31": "1781.79800", "2010-02-28": "1565.33500", "2009-11-30": "1416.88100", "2009-08-31": "1226.65600", "2009-05-31": "1255.51000", "2009-02-28": "1403.58800", "2008-11-30": "1611.26600", "2008-08-31": "1528.86200", "2008-05-31": "1511.60000", "2008-02-29": "1482.47100", "2007-11-30": "1472.80600", "2007-08-31": "1374.40000", "2007-05-31": "1446.50500", "2007-02-28": "1532.72800", "2006-11-30": "1545.68900", "2006-08-31": "1452.73700", "2006-05-31": "1229.70400", "2006-02-28": "990.71100", "2005-11-30": "941.43300", "2005-08-31": "818.43500", "2005-05-31": "739.11100", "2005-02-28": "677.08700"}, "Pre-Paid Expenses": {"2020-11-30": "727.84900", "2020-08-31": "657.10200", "2020-05-31": "553.41600", "2020-02-29": "569.49300", "2019-11-30": "533.46600", "2019-08-31": "501.57300", "2019-05-31": "524.83300", "2019-02-28": "532.22300", "2018-11-30": "662.81100", "2018-08-31": "1141.00000", "2018-05-31": "1124.02800", "2018-02-28": "1157.48500", "2017-11-30": "1357.90100", "2017-08-31": "1097.25700", "2017-05-31": "997.75200", "2017-02-28": "949.61000", "2016-11-30": "1310.15100", "2016-08-31": "1120.10000", "2016-05-31": "1056.46100", "2016-02-29": "939.64300", "2015-11-30": "1008.76700", "2015-08-31": "898.79000", "2015-05-31": "998.34400", "2015-02-28": "935.06300", "2014-11-30": "1049.74500", "2014-08-31": "1057.56200", "2014-05-31": "862.80400", "2014-02-28": "905.71900", "2013-11-30": "1165.09000", "2013-08-31": "1141.91900", "2013-05-31": "1044.55700", "2013-02-28": "997.64700", "2012-11-30": "980.49400", "2012-08-31": "989.32600", "2012-05-31": "1053.83700", "2012-02-29": "900.47600", "2011-11-30": "910.33300", "2011-08-31": "868.89200", "2011-05-31": "807.66600", "2011-02-28": "600.81600", "2010-11-30": "594.24400", "2010-08-31": "349.16500", "2010-05-31": "353.62100", "2010-02-28": "267.55700", "2009-11-30": "282.64700", "2009-08-31": "247.79500", "2009-05-31": "283.45900", "2009-02-28": "301.24700", "2008-11-30": "361.68100", "2008-08-31": "293.07000", "2008-05-31": "318.29200", "2008-02-29": "232.68100", "2007-11-30": "236.37200", "2007-08-31": "231.79700", "2007-05-31": "213.38000", "2007-02-28": "210.30300", "2006-11-30": "165.73900", "2006-08-31": "121.84300", "2006-05-31": "102.44300", "2006-02-28": "136.72300", "2005-11-30": "98.65100", "2005-08-31": "75.33500", "2005-05-31": "85.17400", "2005-02-28": "80.56200"}, "Other Current Assets": {"2020-11-30": "1088.05900", "2020-08-31": "1104.70000", "2020-05-31": "1086.03500", "2020-02-29": "1057.65600", "2019-11-30": "1060.58000", "2019-08-31": "911.94000", "2019-05-31": "899.48200", "2019-02-28": "832.88900", "2018-11-30": "761.40500", "2018-08-31": "", "2018-05-31": "", "2018-02-28": "", "2017-11-30": "", "2017-08-31": "", "2017-05-31": "", "2017-02-28": "", "2016-11-30": "", "2016-08-31": "", "2016-05-31": "", "2016-02-29": "", "2015-11-30": "", "2015-08-31": "", "2015-05-31": "", "2015-02-28": "", "2014-11-30": "", "2014-08-31": "", "2014-05-31": "", "2014-02-28": "", "2013-11-30": "", "2013-08-31": "", "2013-05-31": "", "2013-02-28": "", "2012-11-30": "", "2012-08-31": "", "2012-05-31": "", "2012-02-29": "", "2011-11-30": "", "2011-08-31": "", "2011-05-31": "", "2011-02-28": "", "2010-11-30": "", "2010-08-31": "", "2010-05-31": "", "2010-02-28": "", "2009-11-30": "", "2009-08-31": "", "2009-05-31": "", "2009-02-28": "", "2008-11-30": "", "2008-08-31": "", "2008-05-31": "", "2008-02-29": "", "2007-11-30": "", "2007-08-31": "", "2007-05-31": "", "2007-02-28": "", "2006-11-30": "", "2006-08-31": "", "2006-05-31": "", "2006-02-28": "", "2005-11-30": "", "2005-08-31": "", "2005-05-31": "", "2005-02-28": ""}, "Total Current Assets": {"2020-11-30": "9847.19200", "2020-08-31": "9134.88500", "2020-05-31": "8266.29200", "2020-02-29": "7977.83900", "2019-11-30": "9252.23100", "2019-08-31": "8345.08500", "2019-05-31": "7974.36900", "2019-02-28": "7906.05700", "2018-11-30": "8220.73900", "2018-08-31": "7549.92300", "2018-05-31": "6731.98700", "2018-02-28": "7036.17500", "2017-11-30": "6922.12800", "2017-08-31": "6626.68300", "2017-05-31": "5893.36100", "2017-02-28": "5636.52100", "2016-11-30": "6083.41600", "2016-08-31": "5848.38100", "2016-05-31": "5532.72600", "2016-02-29": "5565.22300", "2015-11-30": "6317.17400", "2015-08-31": "5866.30900", "2015-05-31": "5502.64100", "2015-02-28": "5342.18200", "2014-11-30": "5737.35700", "2014-08-31": "5359.01700", "2014-05-31": "5157.15800", "2014-02-28": "4962.67900", "2013-11-30": "5608.69500", "2013-08-31": "5820.24500", "2013-05-31": "5808.18900", "2013-02-28": "5897.27300", "2012-11-30": "5946.07600", "2012-08-31": "5639.32800", "2012-05-31": "5335.03700", "2012-02-29": "5113.35000", "2011-11-30": "5317.00600", "2011-08-31": "5115.78700", "2011-05-31": "5076.54000", "2011-02-28": "4772.25500", "2010-11-30": "4625.04700", "2010-08-31": "4654.01800", "2010-05-31": "4057.96700", "2010-02-28": "3858.03000", "2009-11-30": "4014.83600", "2009-08-31": "3676.82600", "2009-05-31": "3514.41900", "2009-02-28": "3672.06600", "2008-11-30": "4281.92500", "2008-08-31": "4139.13700", "2008-05-31": "4089.18900", "2008-02-29": "3650.79200", "2007-11-30": "4021.07900", "2007-08-31": "3666.29300", "2007-05-31": "3593.47800", "2007-02-28": "3681.41600", "2006-11-30": "3921.96000", "2006-08-31": "3678.96500", "2006-05-31": "3367.57400", "2006-02-28": "3153.35100", "2005-11-30": "3043.13900", "2005-08-31": "2685.93500", "2005-05-31": "2448.79900", "2005-02-28": "2384.82800"}, "Property, Plant, And Equipment": {"2020-11-30": "3792.09100", "2020-08-31": "3665.31200", "2020-05-31": "3485.66900", "2020-02-29": "3462.03800", "2019-11-30": "3450.21100", "2019-08-31": "3333.75000", "2019-05-31": "3335.83700", "2019-02-28": "3279.50500", "2018-11-30": "3271.55900", "2018-08-31": "3198.01600", "2018-05-31": "3127.08300", "2018-02-28": "3141.95200", "2017-11-30": "3289.75400", "2017-08-31": "3228.67800", "2017-05-31": "3210.10700", "2017-02-28": "3177.72800", "2016-11-30": "3279.84400", "2016-08-31": "3331.87900", "2016-05-31": "3218.14100", "2016-02-29": "3180.04200", "2015-11-30": "2876.61000", "2015-08-31": "2804.33300", "2015-05-31": "2593.45700", "2015-02-28": "2435.70400", "2014-11-30": "2314.46400", "2014-08-31": "2271.70500", "2014-05-31": "2212.90800", "2014-02-28": "2331.97000", "2013-11-30": "2474.46600", "2013-08-31": "2309.32000", "2013-05-31": "1939.84800", "2013-02-28": "1961.49200", "2012-11-30": "1859.16600", "2012-08-31": "1779.15500", "2012-05-31": "1659.48400", "2012-02-29": "1658.46100", "2011-11-30": "1628.85500", "2011-08-31": "1641.33500", "2011-05-31": "1593.40600", "2011-02-28": "1547.39400", "2010-11-30": "1485.30900", "2010-08-31": "1451.39200", "2010-05-31": "1378.05700", "2010-02-28": "1336.21400", "2009-11-30": "1338.68200", "2009-08-31": "1377.72900", "2009-05-31": "1381.44400", "2009-02-28": "1371.37000", "2008-11-30": "1391.76000", "2008-08-31": "1392.47900", "2008-05-31": "1342.81500", "2008-02-29": "1330.77700", "2007-11-30": "1304.97700", "2007-08-31": "1261.48100", "2007-05-31": "1260.67700", "2007-02-28": "1231.54400", "2006-11-30": "1011.36400", "2006-08-31": "985.26200", "2006-05-31": "963.26500", "2006-02-28": "917.31300", "2005-11-30": "899.67000", "2005-08-31": "880.73600", "2005-05-31": "831.26900", "2005-02-28": "803.73400"}, "Long-Term Investments": {"2020-11-30": "", "2020-08-31": "", "2020-05-31": "", "2020-02-29": "", "2019-11-30": "", "2019-08-31": "", "2019-05-31": "", "2019-02-28": "", "2018-11-30": "", "2018-08-31": "", "2018-05-31": "", "2018-02-28": "", "2017-11-30": "", "2017-08-31": "", "2017-05-31": "", "2017-02-28": "", "2016-11-30": "", "2016-08-31": "", "2016-05-31": "", "2016-02-29": "", "2015-11-30": "", "2015-08-31": "", "2015-05-31": "", "2015-02-28": "", "2014-11-30": "", "2014-08-31": "", "2014-05-31": "", "2014-02-28": "", "2013-11-30": "", "2013-08-31": "", "2013-05-31": "", "2013-02-28": "", "2012-11-30": "", "2012-08-31": "", "2012-05-31": "", "2012-02-29": "", "2011-11-30": "", "2011-08-31": "", "2011-05-31": "", "2011-02-28": "", "2010-11-30": "", "2010-08-31": "", "2010-05-31": "", "2010-02-28": "", "2009-11-30": "", "2009-08-31": "", "2009-05-31": "", "2009-02-28": "", "2008-11-30": "", "2008-08-31": "", "2008-05-31": "", "2008-02-29": "", "2007-11-30": "", "2007-08-31": "", "2007-05-31": "", "2007-02-28": "", "2006-11-30": "", "2006-08-31": "", "2006-05-31": "", "2006-02-28": "", "2005-11-30": "", "2005-08-31": "", "2005-05-31": "", "2005-02-28": ""}, "Goodwill And Intangible Assets": {"2020-11-30": "905.42600", "2020-08-31": "906.72300", "2020-05-31": "922.24500", "2020-02-29": "935.57400", "2019-11-30": "919.24000", "2019-08-31": "879.10800", "2019-05-31": "890.67900", "2019-02-28": "901.73500", "2018-11-30": "896.11500", "2018-08-31": "906.87600", "2018-05-31": "919.82400", "2018-02-28": "927.59900", "2017-11-30": "931.48900", "2017-08-31": "892.78000", "2017-05-31": "896.53410", "2017-02-28": "877.09600", "2016-11-30": "878.20300", "2016-08-31": "891.72710", "2016-05-31": "893.61500", "2016-02-29": "896.43600", "2015-11-30": "783.44900", "2015-08-31": "745.91800", "2015-05-31": "658.97200", "2015-02-28": "618.59400", "2014-11-30": "620.94400", "2014-08-31": "627.70000", "2014-05-31": "617.61800", "2014-02-28": "625.28200", "2013-11-30": "762.66600", "2013-08-31": "609.44490", "2013-05-31": "214.38200", "2013-02-28": "212.36300", "2012-11-30": "211.56900", "2012-08-31": "214.07100", "2012-05-31": "216.42500", "2012-02-29": "222.86300", "2011-11-30": "117.05400", "2011-08-31": "125.30500", "2011-05-31": "129.08000", "2011-02-28": "146.84400", "2010-11-30": "130.22200", "2010-08-31": "132.56800", "2010-05-31": "141.46400", "2010-02-28": "144.31400", "2009-11-30": "151.48900", "2009-08-31": "156.28800", "2009-05-31": "167.01900", "2009-02-28": "169.66100", "2008-11-30": "904.01300", "2008-08-31": "1291.94500", "2008-05-31": "1333.00400", "2008-02-29": "1324.92600", "2007-11-30": "1300.31800", "2007-08-31": "1271.07600", "2007-05-31": "1278.45100", "2007-02-28": "1263.36500", "2006-11-30": "689.22300", "2006-08-31": "688.77400", "2006-05-31": "648.22000", "2006-02-28": "439.94000", "2005-11-30": "441.51700", "2005-08-31": "453.30100", "2005-05-31": "457.89600", "2005-02-28": "352.94000"}, "Other Long-Term Assets": {"2020-11-30": "168.50100", "2020-08-31": "162.24200", "2020-05-31": "166.12200", "2020-02-29": "196.34600", "2019-11-30": "213.44100", "2019-08-31": "213.70500", "2019-05-31": "205.33600", "2019-02-28": "195.28200", "2018-11-30": "173.71500", "2018-08-31": "172.57400", "2018-05-31": "165.86500", "2018-02-28": "166.25000", "2017-11-30": "159.36400", "2017-08-31": "142.13200", "2017-05-31": "139.76600", "2017-02-28": "148.18300", "2016-11-30": "137.28100", "2016-08-31": "101.83100", "2016-05-31": "110.75600", "2016-02-29": "107.80900", "2015-11-30": "101.58000", "2015-08-31": "89.87100", "2015-05-31": "116.99800", "2015-02-28": "96.65000", "2014-11-30": "107.71500", "2014-08-31": "128.62200", "2014-05-31": "144.19500", "2014-02-28": "119.33100", "2013-11-30": "96.40500", "2013-08-31": "100.80100", "2013-05-31": "75.33100", "2013-02-28": "103.89200", "2012-11-30": "97.32500", "2012-08-31": "97.17600", "2012-05-31": "76.71100", "2012-02-29": "78.88400", "2011-11-30": "70.06700", "2011-08-31": "100.52400", "2011-05-31": "87.49100", "2011-02-28": "78.79500", "2010-11-30": "84.85200", "2010-08-31": "74.66800", "2010-05-31": "55.67200", "2010-02-28": "53.89300", "2009-11-30": "58.91300", "2009-08-31": "57.34200", "2009-05-31": "51.26100", "2009-02-28": "44.33800", "2008-11-30": "42.63800", "2008-08-31": "53.06800", "2008-05-31": "15.41500", "2008-02-29": "12.48600", "2007-11-30": "6.78200", "2007-08-31": "6.82000", "2007-05-31": "16.44500", "2007-02-28": "16.11300", "2006-11-30": "12.16600", "2006-08-31": "12.37300", "2006-05-31": "11.63800", "2006-02-28": "11.88800", "2005-11-30": "32.97300", "2005-08-31": "32.56300", "2005-05-31": "29.58000", "2005-02-28": "13.66400"}, "Total Long-Term Assets": {"2020-11-30": "5422.28600", "2020-08-31": "5262.53200", "2020-05-31": "5124.58400", "2020-02-29": "5161.83900", "2019-11-30": "5192.73200", "2019-08-31": "4625.39000", "2019-05-31": "4634.40800", "2019-02-28": "4570.53700", "2018-11-30": "4557.59800", "2018-08-31": "4495.71800", "2018-05-31": "4443.52300", "2018-02-28": "4452.08200", "2017-11-30": "4597.43700", "2017-08-31": "4469.31200", "2017-05-31": "4436.28800", "2017-02-28": "4378.30700", "2016-11-30": "4460.43000", "2016-08-31": "4474.29600", "2016-05-31": "4373.34800", "2016-02-29": "4332.97900", "2015-11-30": "3903.97800", "2015-08-31": "3725.29100", "2015-05-31": "3462.89200", "2015-02-28": "3235.97400", "2014-11-30": "3132.55100", "2014-08-31": "3120.72900", "2014-05-31": "3064.17200", "2014-02-28": "3165.52900", "2013-11-30": "3420.70700", "2013-08-31": "3333.53600", "2013-05-31": "2325.29500", "2013-02-28": "2350.36800", "2012-11-30": "2239.42400", "2012-08-31": "2163.81300", "2012-05-31": "2037.80100", "2012-02-29": "2053.70400", "2011-11-30": "1882.36800", "2011-08-31": "1942.15300", "2011-05-31": "1879.02800", "2011-02-28": "1840.53000", "2010-11-30": "1759.40700", "2010-08-31": "1713.72900", "2010-05-31": "1635.31600", "2010-02-28": "1591.84800", "2009-11-30": "1605.41500", "2009-08-31": "1641.03200", "2009-05-31": "1654.63600", "2009-02-28": "1621.72300", "2008-11-30": "2501.12600", "2008-08-31": "2893.00000", "2008-05-31": "2838.86200", "2008-02-29": "2793.13400", "2007-11-30": "2712.96000", "2007-08-31": "2628.93900", "2007-05-31": "2626.19000", "2007-02-28": "2571.11400", "2006-11-30": "1764.12300", "2006-08-31": "1732.76500", "2006-05-31": "1676.02100", "2006-02-28": "1400.06900", "2005-11-30": "1398.57800", "2005-08-31": "1402.05100", "2005-05-31": "1334.02500", "2005-02-28": "1193.90900"}, "Total Assets": {"2020-11-30": "15269.48000", "2020-08-31": "14397.42000", "2020-05-31": "13390.88000", "2020-02-29": "13139.68000", "2019-11-30": "14444.96000", "2019-08-31": "12970.47000", "2019-05-31": "12608.78000", "2019-02-28": "12476.59000", "2018-11-30": "12778.34000", "2018-08-31": "12045.64000", "2018-05-31": "11175.51000", "2018-02-28": "11488.26000", "2017-11-30": "11519.57000", "2017-08-31": "11096.00000", "2017-05-31": "10329.65000", "2017-02-28": "10014.83000", "2016-11-30": "10543.85000", "2016-08-31": "10322.68000", "2016-05-31": "9906.07400", "2016-02-29": "9898.20200", "2015-11-30": "10221.15000", "2015-08-31": "9591.60000", "2015-05-31": "8965.53300", "2015-02-28": "8578.15600", "2014-11-30": "8869.90800", "2014-08-31": "8479.74600", "2014-05-31": "8221.33000", "2014-02-28": "8128.20800", "2013-11-30": "9029.40200", "2013-08-31": "9153.78100", "2013-05-31": "8133.48400", "2013-02-28": "8247.64100", "2012-11-30": "8185.50000", "2012-08-31": "7803.14100", "2012-05-31": "7372.83800", "2012-02-29": "7167.05400", "2011-11-30": "7199.37400", "2011-08-31": "7057.94000", "2011-05-31": "6955.56800", "2011-02-28": "6612.78500", "2010-11-30": "6384.45400", "2010-08-31": "6367.74700", "2010-05-31": "5693.28300", "2010-02-28": "5449.87800", "2009-11-30": "5620.25100", "2009-08-31": "5317.85800", "2009-05-31": "5169.05500", "2009-02-28": "5293.78900", "2008-11-30": "6783.05100", "2008-08-31": "7032.13700", "2008-05-31": "6928.05100", "2008-02-29": "6443.92600", "2007-11-30": "6734.03900", "2007-08-31": "6295.23200", "2007-05-31": "6219.66800", "2007-02-28": "6252.53000", "2006-11-30": "5686.08300", "2006-08-31": "5411.73000", "2006-05-31": "5043.59500", "2006-02-28": "4553.42000", "2005-11-30": "4441.71700", "2005-08-31": "4087.98600", "2005-05-31": "3782.82400", "2005-02-28": "3578.73700"}, "Total Current Liabilities": {"2020-11-30": "9662.00400", "2020-08-31": "9059.48300", "2020-05-31": "8768.28400", "2020-02-29": "8405.14100", "2019-11-30": "9562.04800", "2019-08-31": "8532.10500", "2019-05-31": "7867.21500", "2019-02-28": "7751.86000", "2018-11-30": "8035.31100", "2018-08-31": "7230.87300", "2018-05-31": "6581.42500", "2018-02-28": "6765.06000", "2017-11-30": "7249.72400", "2017-08-31": "6870.59300", "2017-05-31": "6117.23500", "2017-02-28": "5301.20600", "2016-11-30": "5857.09700", "2016-08-31": "5568.05600", "2016-05-31": "5387.66400", "2016-02-29": "5372.93400", "2015-11-30": "5775.33100", "2015-08-31": "5674.27400", "2015-05-31": "4726.54200", "2015-02-28": "4425.74000", "2014-11-30": "4722.92800", "2014-08-31": "4321.09700", "2014-05-31": "3888.15800", "2014-02-28": "3914.99500", "2013-11-30": "4679.41000", "2013-08-31": "4864.43400", "2013-05-31": "4089.57300", "2013-02-28": "4228.58800", "2012-11-30": "4269.49000", "2012-08-31": "3858.99600", "2012-05-31": "4051.23800", "2012-02-29": "3851.49300", "2011-11-30": "3999.38300", "2011-08-31": "3889.88800", "2011-05-31": "3735.85800", "2011-02-28": "3546.98100", "2010-11-30": "3425.13400", "2010-08-31": "3605.17400", "2010-05-31": "2994.49900", "2010-02-28": "2770.05700", "2009-11-30": "2947.37100", "2009-08-31": "2685.92600", "2009-05-31": "2522.03400", "2009-02-28": "2652.78400", "2008-11-30": "3258.35100", "2008-08-31": "3047.64000", "2008-05-31": "2918.62000", "2008-02-29": "2664.57800", "2007-11-30": "3243.56200", "2007-08-31": "2990.84700", "2007-05-31": "3309.21900", "2007-02-28": "3362.49100", "2006-11-30": "2899.98600", "2006-08-31": "2701.33400", "2006-05-31": "2117.90300", "2006-02-28": "1770.90400", "2005-11-30": "1847.25200", "2005-08-31": "1568.12900", "2005-05-31": "1381.15900", "2005-02-28": "1216.34500"}, "Long Term Debt": {"2020-11-30": "2679.00500", "2020-08-31": "2678.28800", "2020-05-31": "2087.59300", "2020-02-29": "2086.35900", "2019-11-30": "2115.71500", "2019-08-31": "2121.28400", "2019-05-31": "2476.84200", "2019-02-28": "2482.38700", "2018-11-30": "2487.91200", "2018-08-31": "2493.50200", "2018-05-31": "2175.13300", "2018-02-28": "2181.47800", "2017-11-30": "1693.43300", "2017-08-31": "1606.01700", "2017-05-31": "1644.59000", "2017-02-28": "2055.54500", "2016-11-30": "2067.71200", "2016-08-31": "2074.01200", "2016-05-31": "1791.02800", "2016-02-29": "1811.22000", "2015-11-30": "1818.44700", "2015-08-31": "1335.81800", "2015-05-31": "1659.86200", "2015-02-28": "1662.77800", "2014-11-30": "1666.37700", "2014-08-31": "1669.58500", "2014-05-31": "1672.52100", "2014-02-28": "1675.32200", "2013-11-30": "1677.82400", "2013-08-31": "1690.41800", "2013-05-31": "1651.35900", "2013-02-28": "1653.70800", "2012-11-30": "1656.05800", "2012-08-31": "1658.32600", "2012-05-31": "1140.15400", "2012-02-29": "1112.47500", "2011-11-30": "1112.52600", "2011-08-31": "1112.59400", "2011-05-31": "1107.19500", "2011-02-28": "1100.54700", "2010-11-30": "1099.44900", "2010-08-31": "1018.93000", "2010-05-31": "1038.41200", "2010-02-28": "1037.89400", "2009-11-30": "1037.40800", "2009-08-31": "1036.87300", "2009-05-31": "1064.16700", "2009-02-28": "1069.71600", "2008-11-30": "1071.73000", "2008-08-31": "1099.47300", "2008-05-31": "1147.80700", "2008-02-29": "998.99700", "2007-11-30": "758.77500", "2007-08-31": "760.47700", "2007-05-31": "384.46300", "2007-02-28": "400.99200", "2006-11-30": "329.04000", "2006-08-31": "329.52000", "2006-05-31": "331.06700", "2006-02-28": "325.83500", "2005-11-30": "324.21800", "2005-08-31": "326.58000", "2005-05-31": "311.88100", "2005-02-28": "289.88800"}, "Other Non-Current Liabilities": {"2020-11-30": "494.55200", "2020-08-31": "417.55400", "2020-05-31": "464.43300", "2020-02-29": "459.03600", "2019-11-30": "462.55600", "2019-08-31": "300.51000", "2019-05-31": "282.15000", "2019-02-28": "265.94800", "2018-11-30": "232.79700", "2018-08-31": "243.50100", "2018-05-31": "199.02800", "2018-02-28": "209.50700", "2017-11-30": "182.11500", "2017-08-31": "201.71400", "2017-05-31": "173.14000", "2017-02-28": "181.38100", "2016-11-30": "174.22800", "2016-08-31": "168.82200", "2016-05-31": "159.34600", "2016-02-29": "175.91300", "2015-11-30": "171.62100", "2015-08-31": "164.33000", "2015-05-31": "181.57500", "2015-02-28": "165.84000", "2014-11-30": "167.58200", "2014-08-31": "167.02600", "2014-05-31": "169.35900", "2014-02-28": "159.76000", "2013-11-30": "175.73200", "2013-08-31": "153.46000", "2013-05-31": "159.82300", "2013-02-28": "162.01000", "2012-11-30": "161.23900", "2012-08-31": "154.23900", "2012-05-31": "144.39900", "2012-02-29": "167.70400", "2011-11-30": "156.21200", "2011-08-31": "155.87400", "2011-05-31": "156.43100", "2011-02-28": "154.60000", "2010-11-30": "149.19700", "2010-08-31": "149.40900", "2010-05-31": "147.84800", "2010-02-28": "149.80900", "2009-11-30": "151.99600", "2009-08-31": "148.47200", "2009-05-31": "159.39800", "2009-02-28": "150.74700", "2008-11-30": "148.47500", "2008-08-31": "152.48600", "2008-05-31": "169.26300", "2008-02-29": "156.45300", "2007-11-30": "129.94000", "2007-08-31": "78.53800", "2007-05-31": "71.83100", "2007-02-28": "76.67700", "2006-11-30": "79.25900", "2006-08-31": "78.54900", "2006-05-31": "51.46800", "2006-02-28": "46.72600", "2005-11-30": "45.31300", "2005-08-31": "47.33600", "2005-05-31": "43.69000", "2005-02-28": "51.78500"}, "Total Long Term Liabilities": {"2020-11-30": "3613.52300", "2020-08-31": "3512.53400", "2020-05-31": "2977.28800", "2020-02-29": "2975.39700", "2019-11-30": "3033.62200", "2019-08-31": "2537.61200", "2019-05-31": "2874.36200", "2019-02-28": "2865.88200", "2018-11-30": "2837.51300", "2018-08-31": "2851.38800", "2018-05-31": "2408.52700", "2018-02-28": "2428.85100", "2017-11-30": "1925.14900", "2017-08-31": "1857.05800", "2017-05-31": "1869.57100", "2017-02-28": "2286.52400", "2016-11-30": "2294.78700", "2016-08-31": "2297.12400", "2016-05-31": "2007.15300", "2016-02-29": "2040.05400", "2015-11-30": "2044.52400", "2015-08-31": "1582.31500", "2015-05-31": "1908.05300", "2015-02-28": "1888.44700", "2014-11-30": "1893.06800", "2014-08-31": "1898.28100", "2014-05-31": "1902.89300", "2014-02-28": "1892.78900", "2013-11-30": "1932.24400", "2013-08-31": "1933.78000", "2013-05-31": "1836.89200", "2013-02-28": "1841.06300", "2012-11-30": "1839.96500", "2012-08-31": "1836.81000", "2012-05-31": "1305.72300", "2012-02-29": "1296.76700", "2011-11-30": "1284.27800", "2011-08-31": "1284.22900", "2011-05-31": "1270.33500", "2011-02-28": "1257.40700", "2010-11-30": "1252.19300", "2010-08-31": "1169.80100", "2010-05-31": "1187.15000", "2010-02-28": "1189.09800", "2009-11-30": "1195.88300", "2009-08-31": "1189.52300", "2009-05-31": "1238.17600", "2009-02-28": "1238.70800", "2008-11-30": "1233.99300", "2008-08-31": "1268.77200", "2008-05-31": "1333.91800", "2008-02-29": "1171.92500", "2007-11-30": "913.55400", "2007-08-31": "861.37400", "2007-05-31": "478.32500", "2007-02-28": "506.06800", "2006-11-30": "418.50600", "2006-08-31": "415.91500", "2006-05-31": "391.42700", "2006-02-28": "372.56100", "2005-11-30": "369.53100", "2005-08-31": "373.91600", "2005-05-31": "355.57100", "2005-02-28": "341.67300"}, "Total Liabilities": {"2020-11-30": "13275.53000", "2020-08-31": "12572.02000", "2020-05-31": "11745.57000", "2020-02-29": "11380.54000", "2019-11-30": "12595.67000", "2019-08-31": "11069.72000", "2019-05-31": "10741.58000", "2019-02-28": "10617.74000", "2018-11-30": "10872.82000", "2018-08-31": "10082.26000", "2018-05-31": "8989.95200", "2018-02-28": "9193.91100", "2017-11-30": "9174.87300", "2017-08-31": "8727.65100", "2017-05-31": "7986.80600", "2017-02-28": "7587.73000", "2016-11-30": "8151.88400", "2016-08-31": "7865.18000", "2016-05-31": "7394.81700", "2016-02-29": "7412.98800", "2015-11-30": "7819.85500", "2015-08-31": "7256.58900", "2015-05-31": "6634.59500", "2015-02-28": "6314.18700", "2014-11-30": "6615.99600", "2014-08-31": "6219.37800", "2014-05-31": "5791.05100", "2014-02-28": "5807.78400", "2013-11-30": "6611.65400", "2013-08-31": "6798.21400", "2013-05-31": "5926.46500", "2013-02-28": "6069.65100", "2012-11-30": "6109.45500", "2012-08-31": "5695.80600", "2012-05-31": "5356.96100", "2012-02-29": "5148.26000", "2011-11-30": "5283.66100", "2011-08-31": "5174.11700", "2011-05-31": "5006.19300", "2011-02-28": "4804.38800", "2010-11-30": "4677.32700", "2010-08-31": "4774.97500", "2010-05-31": "4181.64900", "2010-02-28": "3959.15500", "2009-11-30": "4143.25400", "2009-08-31": "3875.44900", "2009-05-31": "3760.21000", "2009-02-28": "3891.49200", "2008-11-30": "4492.34400", "2008-08-31": "4316.41200", "2008-05-31": "4252.53800", "2008-02-29": "3836.50300", "2007-11-30": "4157.11600", "2007-08-31": "3852.22100", "2007-05-31": "3787.54400", "2007-02-28": "3868.55900", "2006-11-30": "3318.49200", "2006-08-31": "3117.24900", "2006-05-31": "2509.33000", "2006-02-28": "2143.46500", "2005-11-30": "2216.78300", "2005-08-31": "1942.04500", "2005-05-31": "1736.73000", "2005-02-28": "1558.01800"}, "Common Stock Net": {"2020-11-30": "0.26600", "2020-08-31": "0.26400", "2020-05-31": "0.26300", "2020-02-29": "0.26300", "2019-11-30": "0.26200", "2019-08-31": "0.26000", "2019-05-31": "0.26000", "2019-02-28": "0.26000", "2018-11-30": "0.25900", "2018-08-31": "0.25700", "2018-05-31": "0.25700", "2018-02-28": "0.25700", "2017-11-30": "0.25600", "2017-08-31": "0.25300", "2017-05-31": "0.25300", "2017-02-28": "0.25300", "2016-11-30": "0.25200", "2016-08-31": "0.25000", "2016-05-31": "0.24900", "2016-02-29": "0.24900", "2015-11-30": "0.24800", "2015-08-31": "0.24700", "2015-05-31": "0.24600", "2015-02-28": "0.24600", "2014-11-30": "0.24500", "2014-08-31": "0.24400", "2014-05-31": "0.24300", "2014-02-28": "0.24300", "2013-11-30": "0.24200", "2013-08-31": "0.23800", "2013-05-31": "0.23700", "2013-02-28": "0.23700", "2012-11-30": "0.23700", "2012-08-31": "0.23200", "2012-05-31": "0.23100", "2012-02-29": "0.23100", "2011-11-30": "0.23000", "2011-08-31": "0.22500", "2011-05-31": "0.22400", "2011-02-28": "0.22300", "2010-11-30": "0.22200", "2010-08-31": "0.22000", "2010-05-31": "0.21900", "2010-02-28": "0.21800", "2009-11-30": "0.21700", "2009-08-31": "0.21700", "2009-05-31": "0.21600", "2009-02-28": "0.21500", "2008-11-30": "0.21500", "2008-08-31": "0.21500", "2008-05-31": "0.21400", "2008-02-29": "0.21400", "2007-11-30": "0.21300", "2007-08-31": "0.21200", "2007-05-31": "0.21200", "2007-02-28": "0.21200", "2006-11-30": "0.21100", "2006-08-31": "0.21100", "2006-05-31": "0.21100", "2006-02-28": "0.20900", "2005-11-30": "0.20500", "2005-08-31": "0.20400", "2005-05-31": "0.20300", "2005-02-28": "0.20200"}, "Retained Earnings (Accumulated Deficit)": {"2020-11-30": "2228.72900", "2020-08-31": "2040.92200", "2020-05-31": "1985.54600", "2020-02-29": "2048.95400", "2019-11-30": "2064.75800", "2019-08-31": "2037.03700", "2019-05-31": "1996.90100", "2019-02-28": "1966.10000", "2018-11-30": "1911.45100", "2018-08-31": "1760.09700", "2018-05-31": "1830.92100", "2018-02-28": "1802.37200", "2017-11-30": "1779.33500", "2017-08-31": "1730.89300", "2017-05-31": "1698.70400", "2017-02-28": "1738.82300", "2016-11-30": "1733.20800", "2016-08-31": "1660.82000", "2016-05-31": "1637.39200", "2016-02-29": "1648.11900", "2015-11-30": "1585.13600", "2015-08-31": "1468.91000", "2015-05-31": "1397.18700", "2015-02-28": "1340.97200", "2014-11-30": "1305.04100", "2014-08-31": "1245.77200", "2014-05-31": "1288.02900", "2014-02-28": "1116.46100", "2013-11-30": "1172.10500", "2013-08-31": "1071.17500", "2013-05-31": "961.16000", "2013-02-28": "927.36100", "2012-11-30": "855.81900", "2012-08-31": "766.93400", "2012-05-31": "701.36700", "2012-02-29": "617.66100", "2011-11-30": "537.28700", "2011-08-31": "441.79300", "2011-05-31": "342.72500", "2011-02-28": "253.66400", "2010-11-30": "213.88300", "2010-08-31": "123.30300", "2010-05-31": "79.80500", "2010-02-28": "43.41300", "2009-11-30": "28.79100", "2009-08-31": "-13.70000", "2009-05-31": "-5.14600", "2009-02-28": "38.57000", "2008-11-30": "919.64400", "2008-08-31": "1210.41700", "2008-05-31": "1167.66500", "2008-02-29": "1143.92400", "2007-11-30": "1182.67300", "2007-08-31": "1131.40300", "2007-05-31": "1134.23800", "2007-02-28": "1142.52100", "2006-11-30": "1143.03500", "2006-08-31": "1116.03500", "2006-05-31": "1217.08200", "2006-02-28": "1167.71100", "2005-11-30": "1098.69000", "2005-08-31": "980.66700", "2005-05-31": "951.26800", "2005-02-28": "891.91500"}, "Comprehensive Income": {"2020-11-30": "-14.34600", "2020-08-31": "-34.16800", "2020-05-31": "-149.40300", "2020-02-29": "-102.94300", "2019-11-30": "-74.32200", "2019-08-31": "-82.79400", "2019-05-31": "-50.00500", "2019-02-28": "-13.25300", "2018-11-30": "-31.94800", "2018-08-31": "-19.39900", "2018-05-31": "25.93200", "2018-02-28": "86.60800", "2017-11-30": "51.48400", "2017-08-31": "54.62000", "2017-05-31": "15.92700", "2017-02-28": "-8.67900", "2016-11-30": "-52.91500", "2016-08-31": "-39.87700", "2016-05-31": "-46.10700", "2016-02-29": "-69.01100", "2015-11-30": "-59.53200", "2015-08-31": "-50.85400", "2015-05-31": "-9.24400", "2015-02-28": "-0.57800", "2014-11-30": "49.71000", "2014-08-31": "86.96200", "2014-05-31": "87.74100", "2014-02-28": "94.57100", "2013-11-30": "93.91400", "2013-08-31": "81.24800", "2013-05-31": "98.61600", "2013-02-28": "118.62400", "2012-11-30": "112.89000", "2012-08-31": "106.27500", "2012-05-31": "109.26500", "2012-02-29": "169.00900", "2011-11-30": "138.87200", "2011-08-31": "194.70600", "2011-05-31": "190.18800", "2011-02-28": "161.21900", "2010-11-30": "134.42100", "2010-08-31": "122.06200", "2010-05-31": "127.63000", "2010-02-28": "174.03600", "2009-11-30": "206.96600", "2009-08-31": "196.97200", "2009-05-31": "171.96000", "2009-02-28": "133.44100", "2008-11-30": "152.97300", "2008-08-31": "301.40100", "2008-05-31": "324.77500", "2008-02-29": "291.49900", "2007-11-30": "246.29700", "2007-08-31": "170.96000", "2007-05-31": "180.38900", "2007-02-28": "139.30700", "2006-11-30": "143.04000", "2006-08-31": "113.10400", "2006-05-31": "114.52600", "2006-02-28": "83.06400", "2005-11-30": "64.71300", "2005-08-31": "80.10300", "2005-05-31": "90.77600", "2005-02-28": "137.05400"}, "Other Share Holders Equity": {"2020-11-30": "", "2020-08-31": "", "2020-05-31": "", "2020-02-29": "", "2019-11-30": "", "2019-08-31": "", "2019-05-31": "", "2019-02-28": "", "2018-11-30": "", "2018-08-31": "", "2018-05-31": "", "2018-02-28": "", "2017-11-30": "", "2017-08-31": "", "2017-05-31": "", "2017-02-28": "", "2016-11-30": "", "2016-08-31": "", "2016-05-31": "", "2016-02-29": "", "2015-11-30": "", "2015-08-31": "", "2015-05-31": "", "2015-02-28": "", "2014-11-30": "", "2014-08-31": "", "2014-05-31": "", "2014-02-28": "", "2013-11-30": "", "2013-08-31": "", "2013-05-31": "", "2013-02-28": "", "2012-11-30": "", "2012-08-31": "", "2012-05-31": "", "2012-02-29": "", "2011-11-30": "", "2011-08-31": "", "2011-05-31": "", "2011-02-28": "", "2010-11-30": "", "2010-08-31": "", "2010-05-31": "", "2010-02-28": "", "2009-11-30": "", "2009-08-31": "", "2009-05-31": "", "2009-02-28": "", "2008-11-30": "", "2008-08-31": "", "2008-05-31": "", "2008-02-29": "", "2007-11-30": "", "2007-08-31": "", "2007-05-31": "", "2007-02-28": "", "2006-11-30": "", "2006-08-31": "", "2006-05-31": "", "2006-02-28": "", "2005-11-30": "", "2005-08-31": "", "2005-05-31": "", "2005-02-28": ""}, "Share Holder Equity": {"2020-11-30": "1993.95100", "2020-08-31": "1825.39900", "2020-05-31": "1645.30400", "2020-02-29": "1759.14000", "2019-11-30": "1849.29300", "2019-08-31": "1900.75800", "2019-05-31": "1867.20000", "2019-02-28": "1858.85200", "2018-11-30": "1905.51300", "2018-08-31": "1963.38000", "2018-05-31": "2185.55800", "2018-02-28": "2294.34600", "2017-11-30": "2344.69200", "2017-08-31": "2368.34400", "2017-05-31": "2342.84300", "2017-02-28": "2427.09800", "2016-11-30": "2391.96200", "2016-08-31": "2457.49700", "2016-05-31": "2511.25700", "2016-02-29": "2485.21400", "2015-11-30": "2401.29700", "2015-08-31": "2335.01100", "2015-05-31": "2330.93800", "2015-02-28": "2263.96900", "2014-11-30": "2253.91200", "2014-08-31": "2260.36800", "2014-05-31": "2430.27900", "2014-02-28": "2320.42400", "2013-11-30": "2417.74800", "2013-08-31": "2355.56700", "2013-05-31": "2207.01900", "2013-02-28": "2177.99000", "2012-11-30": "2076.04500", "2012-08-31": "2107.33500", "2012-05-31": "2015.87700", "2012-02-29": "2018.79400", "2011-11-30": "1915.71300", "2011-08-31": "1883.82300", "2011-05-31": "1949.37500", "2011-02-28": "1808.39700", "2010-11-30": "1707.12700", "2010-08-31": "1592.77200", "2010-05-31": "1511.63400", "2010-02-28": "1490.72300", "2009-11-30": "1476.99700", "2009-08-31": "1442.40900", "2009-05-31": "1408.84500", "2009-02-28": "1402.29700", "2008-11-30": "2290.70700", "2008-08-31": "2715.72500", "2008-05-31": "2675.51300", "2008-02-29": "2607.42300", "2007-11-30": "2576.92300", "2007-08-31": "2443.01100", "2007-05-31": "2432.12400", "2007-02-28": "2383.97100", "2006-11-30": "2367.59100", "2006-08-31": "2294.48100", "2006-05-31": "2534.26500", "2006-02-28": "2409.95500", "2005-11-30": "2224.93400", "2005-08-31": "2145.94100", "2005-05-31": "2046.09400", "2005-02-28": "2020.71900"}, "Total Liabilities And Share Holders Equity": {"2020-11-30": "15269.48000", "2020-08-31": "14397.42000", "2020-05-31": "13390.88000", "2020-02-29": "13139.68000", "2019-11-30": "14444.96000", "2019-08-31": "12970.47000", "2019-05-31": "12608.78000", "2019-02-28": "12476.59000", "2018-11-30": "12778.34000", "2018-08-31": "12045.64000", "2018-05-31": "11175.51000", "2018-02-28": "11488.26000", "2017-11-30": "11519.57000", "2017-08-31": "11096.00000", "2017-05-31": "10329.65000", "2017-02-28": "10014.83000", "2016-11-30": "10543.85000", "2016-08-31": "10322.68000", "2016-05-31": "9906.07400", "2016-02-29": "9898.20200", "2015-11-30": "10221.15000", "2015-08-31": "9591.60000", "2015-05-31": "8965.53300", "2015-02-28": "8578.15600", "2014-11-30": "8869.90800", "2014-08-31": "8479.74600", "2014-05-31": "8221.33000", "2014-02-28": "8128.20800", "2013-11-30": "9029.40200", "2013-08-31": "9153.78100", "2013-05-31": "8133.48400", "2013-02-28": "8247.64100", "2012-11-30": "8185.50000", "2012-08-31": "7803.14100", "2012-05-31": "7372.83800", "2012-02-29": "7167.05400", "2011-11-30": "7199.37400", "2011-08-31": "7057.94000", "2011-05-31": "6955.56800", "2011-02-28": "6612.78500", "2010-11-30": "6384.45400", "2010-08-31": "6367.74700", "2010-05-31": "5693.28300", "2010-02-28": "5449.87800", "2009-11-30": "5620.25100", "2009-08-31": "5317.85800", "2009-05-31": "5169.05500", "2009-02-28": "5293.78900", "2008-11-30": "6783.05100", "2008-08-31": "7032.13700", "2008-05-31": "6928.05100", "2008-02-29": "6443.92600", "2007-11-30": "6734.03900", "2007-08-31": "6295.23200", "2007-05-31": "6219.66800", "2007-02-28": "6252.53000", "2006-11-30": "5686.08300", "2006-08-31": "5411.73000", "2006-05-31": "5043.59500", "2006-02-28": "4553.42000", "2005-11-30": "4441.71700", "2005-08-31": "4087.98600", "2005-05-31": "3782.82400", "2005-02-28": "3578.73700"}}, "cash flow statement": {"Net Income/Loss": {"2020-08-31": "56.77900", "2019-08-31": "289.47400", "2018-08-31": "87.54100", "2017-08-31": "127.16700", "2016-08-31": "254.89600", "2015-08-31": "285.61200", "2014-08-31": "242.26500", "2013-08-31": "370.09100", "2012-08-31": "396.08900", "2011-08-31": "382.95800", "2010-08-31": "170.76600", "2009-08-31": "-1166.03100", "2008-08-31": "132.07400", "2007-08-31": "73.23600", "2006-08-31": "164.51800", "2005-08-31": "203.87500"}, "Total Depreciation And Amortization - Cash Flow": {"2020-08-31": "794.58100", "2019-08-31": "771.83300", "2018-08-31": "773.70400", "2017-08-31": "760.40500", "2016-08-31": "696.75200", "2015-08-31": "529.17600", "2014-08-31": "487.27800", "2013-08-31": "418.11700", "2012-08-31": "353.49200", "2011-08-31": "319.17900", "2010-08-31": "283.28400", "2009-08-31": "1314.81800", "2008-08-31": "279.23900", "2007-08-31": "240.16200", "2006-08-31": "197.27400", "2005-08-31": "219.12100"}, "Other Non-Cash Items": {"2020-08-31": "285.65800", "2019-08-31": "161.29400", "2018-08-31": "184.06300", "2017-08-31": "112.11000", "2016-08-31": "59.30000", "2015-08-31": "78.82000", "2014-08-31": "-185.54500", "2013-08-31": "-31.17400", "2012-08-31": "96.88200", "2011-08-31": "125.65100", "2010-08-31": "143.31600", "2009-08-31": "227.71900", "2008-08-31": "11.87200", "2007-08-31": "86.25900", "2006-08-31": "127.01200", "2005-08-31": "39.89900"}, "Total Non-Cash Items": {"2020-08-31": "1080.23900", "2019-08-31": "933.12710", "2018-08-31": "957.76700", "2017-08-31": "872.51510", "2016-08-31": "756.05200", "2015-08-31": "607.99600", "2014-08-31": "301.73300", "2013-08-31": "386.94300", "2012-08-31": "450.37400", "2011-08-31": "444.83000", "2010-08-31": "426.60000", "2009-08-31": "1542.53700", "2008-08-31": "291.11100", "2007-08-31": "326.42100", "2006-08-31": "324.28600", "2005-08-31": "259.02000"}, "Change In Accounts Receivable": {"2020-08-31": "-135.97300", "2019-08-31": "-586.51100", "2018-08-31": "-2334.36700", "2017-08-31": "-2828.32800", "2016-08-31": "122.11500", "2015-08-31": "-292.70600", "2014-08-31": "-116.45800", "2013-08-31": "0.75000", "2012-08-31": "-22.62600", "2011-08-31": "48.23200", "2010-08-31": "-247.13300", "2009-08-31": "169.74100", "2008-08-31": "-60.78800", "2007-08-31": "126.01700", "2006-08-31": "-299.36900", "2005-08-31": "-31.07000"}, "Change In Inventories": {"2020-08-31": "-77.32000", "2019-08-31": "483.07400", "2018-08-31": "-499.10500", "2017-08-31": "-445.08900", "2016-08-31": "67.96600", "2015-08-31": "-483.07100", "2014-08-31": "160.79000", "2013-08-31": "50.22900", "2012-08-31": "-53.26800", "2011-08-31": "-158.54500", "2010-08-31": "-969.34800", "2009-08-31": "283.81600", "2008-08-31": "-27.60200", "2007-08-31": "201.54600", "2006-08-31": "-577.93400", "2005-08-31": "-106.29100"}, "Change In Accounts Payable": {"2020-08-31": "", "2019-08-31": "", "2018-08-31": "", "2017-08-31": "", "2016-08-31": "", "2015-08-31": "", "2014-08-31": "", "2013-08-31": "", "2012-08-31": "", "2011-08-31": "", "2010-08-31": "", "2009-08-31": "", "2008-08-31": "", "2007-08-31": "", "2006-08-31": "", "2005-08-31": ""}, "Change In Assets/Liabilities": {"2020-08-31": "-259.42200", "2019-08-31": "-887.76000", "2018-08-31": "-132.54200", "2017-08-31": "65.18000", "2016-08-31": "-198.76200", "2015-08-31": "138.04600", "2014-08-31": "80.04400", "2013-08-31": "-83.01400", "2012-08-31": "-144.27100", "2011-08-31": "-209.06000", "2010-08-31": "-143.19100", "2009-08-31": "33.34600", "2008-08-31": "-87.72600", "2007-08-31": "-75.30700", "2006-08-31": "-39.83400", "2005-08-31": "22.89200"}, "Total Change In Assets/Liabilities": {"2020-08-31": "120.25700", "2019-08-31": "-29.53500", "2018-08-31": "-2150.75600", "2017-08-31": "-2463.76700", "2016-08-31": "-94.74100", "2015-08-31": "346.92000", "2014-08-31": "-44.35900", "2013-08-31": "456.85500", "2012-08-31": "-212.23700", "2011-08-31": "0.22100", "2010-08-31": "-169.95590", "2009-08-31": "180.80300", "2008-08-31": "-3.18300", "2007-08-31": "-215.76800", "2006-08-31": "-40.62800", "2005-08-31": "127.10600"}, "Cash Flow From Operating Activities": {"2020-08-31": "1257.27500", "2019-08-31": "1193.06600", "2018-08-31": "-1105.44800", "2017-08-31": "-1464.08500", "2016-08-31": "916.20700", "2015-08-31": "1240.52800", "2014-08-31": "499.63900", "2013-08-31": "1213.88900", "2012-08-31": "634.22600", "2011-08-31": "828.00900", "2010-08-31": "427.41000", "2009-08-31": "557.30900", "2008-08-31": "420.00200", "2007-08-31": "183.88900", "2006-08-31": "448.17600", "2005-08-31": "590.00100"}, "Net Change In Property, Plant, And Equipment": {"2020-08-31": "-796.38000", "2019-08-31": "-786.77200", "2018-08-31": "-686.36000", "2017-08-31": "-541.48500", "2016-08-31": "-898.20800", "2015-08-31": "-947.36100", "2014-08-31": "-462.92200", "2013-08-31": "-721.06600", "2012-08-31": "-481.28900", "2011-08-31": "-435.50600", "2010-08-31": "-388.14500", "2009-08-31": "-281.99900", "2008-08-31": "-326.47700", "2007-08-31": "-282.52400", "2006-08-31": "-250.78400", "2005-08-31": "-242.46900"}, "Net Change In Intangible Assets": {"2020-08-31": "", "2019-08-31": "", "2018-08-31": "", "2017-08-31": "", "2016-08-31": "", "2015-08-31": "", "2014-08-31": "", "2013-08-31": "", "2012-08-31": "", "2011-08-31": "", "2010-08-31": "", "2009-08-31": "", "2008-08-31": "", "2007-08-31": "", "2006-08-31": "", "2005-08-31": ""}, "Net Acquisitions/Divestitures": {"2020-08-31": "-146.90900", "2019-08-31": "-153.23900", "2018-08-31": "-109.66400", "2017-08-31": "-36.62000", "2016-08-31": "-242.14300", "2015-08-31": "-167.44100", "2014-08-31": "531.18900", "2013-08-31": "-650.05400", "2012-08-31": "-124.58100", "2011-08-31": "3.42800", "2010-08-31": "", "2009-08-31": "-4.17600", "2008-08-31": "-58.24300", "2007-08-31": "-771.89800", "2006-08-31": "-166.68600", "2005-08-31": "-216.06000"}, "Net Change In Short-term Investments": {"2020-08-31": "", "2019-08-31": "", "2018-08-31": "", "2017-08-31": "", "2016-08-31": "", "2015-08-31": "", "2014-08-31": "", "2013-08-31": "", "2012-08-31": "", "2011-08-31": "", "2010-08-31": "", "2009-08-31": "", "2008-08-31": "", "2007-08-31": "", "2006-08-31": "", "2005-08-31": ""}, "Net Change In Long-Term Investments": {"2020-08-31": "", "2019-08-31": "", "2018-08-31": "", "2017-08-31": "", "2016-08-31": "", "2015-08-31": "", "2014-08-31": "", "2013-08-31": "", "2012-08-31": "", "2011-08-31": "5.80000", "2010-08-31": "-27.14000", "2009-08-31": "", "2008-08-31": "", "2007-08-31": "", "2006-08-31": "", "2005-08-31": ""}, "Net Change In Investments - Total": {"2020-08-31": "", "2019-08-31": "", "2018-08-31": "", "2017-08-31": "", "2016-08-31": "", "2015-08-31": "", "2014-08-31": "", "2013-08-31": "", "2012-08-31": "", "2011-08-31": "5.80000", "2010-08-31": "-27.14000", "2009-08-31": "", "2008-08-31": "", "2007-08-31": "", "2006-08-31": "", "2005-08-31": ""}, "Investing Activities - Other": {"2020-08-31": "22.17600", "2019-08-31": "67.55700", "2018-08-31": "2036.93800", "2017-08-31": "2719.36800", "2016-08-31": "-39.63000", "2015-08-31": "-6.64500", "2014-08-31": "-7.60000", "2013-08-31": "-3.34200", "2012-08-31": "", "2011-08-31": "", "2010-08-31": "-24.97200", "2009-08-31": "", "2008-08-31": "", "2007-08-31": "", "2006-08-31": "", "2005-08-31": "-30.16500"}, "Cash Flow From Investing Activities": {"2020-08-31": "-921.11300", "2019-08-31": "-872.45400", "2018-08-31": "1240.91400", "2017-08-31": "2141.26300", "2016-08-31": "-1179.98100", "2015-08-31": "-1121.44700", "2014-08-31": "60.66700", "2013-08-31": "-1374.46200", "2012-08-31": "-605.87000", "2011-08-31": "-426.27800", "2010-08-31": "-440.25700", "2009-08-31": "-286.17500", "2008-08-31": "-384.72000", "2007-08-31": "-1054.42200", "2006-08-31": "-417.47000", "2005-08-31": "-488.69400"}, "Net Long-Term Debt": {"2020-08-31": "232.59860", "2019-08-31": "-27.02640", "2018-08-31": "471.40820", "2017-08-31": "-45.04300", "2016-08-31": "458.29300", "2015-08-31": "-21.29490", "2014-08-31": "-224.13570", "2013-08-31": "177.66210", "2012-08-31": "484.99410", "2011-08-31": "-14.59670", "2010-08-31": "-49.43510", "2009-08-31": "-125.60690", "2008-08-31": "122.77200", "2007-08-31": "740.90700", "2006-08-31": "9.74700", "2005-08-31": "15.24200"}, "Net Current Debt": {"2020-08-31": "", "2019-08-31": "", "2018-08-31": "", "2017-08-31": "", "2016-08-31": "", "2015-08-31": "", "2014-08-31": "", "2013-08-31": "", "2012-08-31": "", "2011-08-31": "", "2010-08-31": "3.06690", "2009-08-31": "", "2008-08-31": "", "2007-08-31": "", "2006-08-31": "", "2005-08-31": ""}, "Debt Issuance/Retirement Net - Total": {"2020-08-31": "232.59860", "2019-08-31": "-27.02640", "2018-08-31": "471.40820", "2017-08-31": "-45.04300", "2016-08-31": "458.29300", "2015-08-31": "-21.29490", "2014-08-31": "-224.13570", "2013-08-31": "177.66210", "2012-08-31": "484.99410", "2011-08-31": "-14.59670", "2010-08-31": "-46.36820", "2009-08-31": "-125.60690", "2008-08-31": "122.77200", "2007-08-31": "740.90700", "2006-08-31": "9.74700", "2005-08-31": "15.24200"}, "Net Common Equity Issued/Repurchased": {"2020-08-31": "-207.52100", "2019-08-31": "-335.24200", "2018-08-31": "-448.05100", "2017-08-31": "-297.11700", "2016-08-31": "-138.08600", "2015-08-31": "-75.12000", "2014-08-31": "-278.81500", "2013-08-31": "-131.26700", "2012-08-31": "-96.69400", "2011-08-31": "-178.34500", "2010-08-31": "5.82500", "2009-08-31": "6.56500", "2008-08-31": "14.04000", "2007-08-31": "25.11200", "2006-08-31": "-68.60800", "2005-08-31": "50.26200"}, "Net Total Equity Issued/Repurchased": {"2020-08-31": "-207.52100", "2019-08-31": "-335.24200", "2018-08-31": "-448.05100", "2017-08-31": "-297.11700", "2016-08-31": "-138.08600", "2015-08-31": "-75.12000", "2014-08-31": "-278.81500", "2013-08-31": "-131.26700", "2012-08-31": "-96.69400", "2011-08-31": "-178.34500", "2010-08-31": "5.82500", "2009-08-31": "6.56500", "2008-08-31": "14.04000", "2007-08-31": "25.11200", "2006-08-31": "-68.60800", "2005-08-31": "50.26200"}, "Total Common And Preferred Stock Dividends Paid": {"2020-08-31": "-50.46200", "2019-08-31": "-52.00400", "2018-08-31": "-57.83300", "2017-08-31": "-59.95900", "2016-08-31": "-62.43600", "2015-08-31": "-63.13800", "2014-08-31": "-68.21100", "2013-08-31": "-67.18100", "2012-08-31": "-65.57300", "2011-08-31": "-60.41100", "2010-08-31": "-59.86900", "2009-08-31": "-59.58300", "2008-08-31": "-58.63400", "2007-08-31": "-57.60400", "2006-08-31": "-14.85500", "2005-08-31": ""}, "Financial Activities - Other": {"2020-08-31": "-39.73900", "2019-08-31": "-1.50000", "2018-08-31": "-12.56800", "2017-08-31": "-2.42700", "2016-08-31": "-4.25900", "2015-08-31": "-3.24200", "2014-08-31": "-6.43900", "2013-08-31": "-2.20700", "2012-08-31": "-5.36900", "2011-08-31": "-14.36900", "2010-08-31": "0.13200", "2009-08-31": "-17.28800", "2008-08-31": "6.82200", "2007-08-31": "6.72500", "2006-08-31": "5.81000", "2005-08-31": "-4.56400"}, "Cash Flow From Financial Activities": {"2020-08-31": "-65.12300", "2019-08-31": "-415.77200", "2018-08-31": "-47.04400", "2017-08-31": "-404.54600", "2016-08-31": "253.51200", "2015-08-31": "-162.79500", "2014-08-31": "-577.60100", "2013-08-31": "-22.99300", "2012-08-31": "317.35800", "2011-08-31": "-267.72200", "2010-08-31": "-100.28000", "2009-08-31": "-195.91300", "2008-08-31": "85.00000", "2007-08-31": "715.14000", "2006-08-31": "-67.90600", "2005-08-31": "60.94000"}, "Net Cash Flow": {"2020-08-31": "230.21400", "2019-08-31": "-94.60600", "2018-08-31": "68.03000", "2017-08-31": "277.86000", "2016-08-31": "-1.90400", "2015-08-31": "-86.28600", "2014-08-31": "-11.12400", "2013-08-31": "-205.88300", "2012-08-31": "328.64500", "2011-08-31": "144.28200", "2010-08-31": "-131.94300", "2009-08-31": "103.34900", "2008-08-31": "109.29800", "2007-08-31": "-109.93800", "2006-08-31": "-22.50800", "2005-08-31": "174.74900"}, "Stock-Based Compensation": {"2020-08-31": "83.08400", "2019-08-31": "61.34600", "2018-08-31": "90.66400", "2017-08-31": "48.54400", "2016-08-31": "58.99700", "2015-08-31": "62.56000", "2014-08-31": "10.62400", "2013-08-31": "68.38300", "2012-08-31": "81.40500", "2011-08-31": "76.23000", "2010-08-31": "104.60900", "2009-08-31": "44.02600", "2008-08-31": "36.40400", "2007-08-31": "43.28700", "2006-08-31": "43.84800", "2005-08-31": "37.28400"}, "Common Stock Dividends Paid": {"2020-08-31": "-50.46200", "2019-08-31": "-52.00400", "2018-08-31": "-57.83300", "2017-08-31": "-59.95900", "2016-08-31": "-62.43600", "2015-08-31": "-63.13800", "2014-08-31": "-68.21100", "2013-08-31": "-67.18100", "2012-08-31": "-65.57300", "2011-08-31": "-60.41100", "2010-08-31": "-59.86900", "2009-08-31": "-59.58300", "2008-08-31": "-58.63400", "2007-08-31": "-57.60400", "2006-08-31": "-14.85500", "2005-08-31": ""}}, "cash flow statement, quarterly": {"Net Income/Loss": {"2020-11-30": "201.00700", "2020-08-31": 68.909, "2020-05-31": -50.263, "2020-02-29": -2.581, "2019-11-30": "40.71400", "2019-08-31": 53.761, "2019-05-31": 44.032, "2019-02-28": 67.607, "2018-11-30": "124.07400", "2018-08-31": -56.608, "2018-05-31": 42.702, "2018-02-28": 37.528, "2017-11-30": "63.91900", "2017-08-31": 46.041, "2017-05-31": -25.699, "2017-02-28": 20.124, "2016-11-30": "86.70100", "2016-08-31": 38.709, "2016-05-31": 5.839, "2016-02-29": 78.433, "2015-11-30": "131.91500", "2015-08-31": 88.539, "2015-05-31": 72.424, "2015-02-28": 52.273, "2014-11-30": "72.37600", "2014-08-31": -25.592, "2014-05-31": 188.308, "2014-02-28": -38.516, "2013-11-30": "118.06500", "2013-08-31": 126.79, "2013-05-31": 49.628, "2013-02-28": 88.089, "2012-11-30": "105.58400", "2012-08-31": 82.465, "2012-05-31": 101.598, "2012-02-29": 98.245, "2011-11-30": "113.78100", "2011-08-31": 115.541, "2011-05-31": 104.288, "2011-02-28": 55.718, "2010-11-30": "107.41100", "2010-08-31": 59.376, "2010-05-31": 52.687, "2010-02-28": 29.822, "2009-11-30": "28.88100", "2009-08-31": 5.933, "2009-05-31": -29.239, "2009-02-28": -866.611, "2008-11-30": "-276.11400", "2008-08-31": 55.673, "2008-05-31": 38.445, "2008-02-29": -24.045, "2007-11-30": "62.00100", "2007-08-31": 11.725, "2007-05-31": 6.234, "2007-02-28": 13.9, "2006-11-30": "41.37700", "2006-08-31": -45.619, "2006-05-31": 64.226, "2006-02-28": 69.021, "2005-11-30": "76.89000", "2005-08-31": 42.56, "2005-05-31": 59.353, "2005-02-28": 101.962}, "Total Depreciation And Amortization - Cash Flow": {"2020-11-30": "205.76600", "2020-08-31": 193.889, "2020-05-31": 198.345, "2020-02-29": 199.488, "2019-11-30": "202.85900", "2019-08-31": 196.911, "2019-05-31": 193.412, "2019-02-28": 192.674, "2018-11-30": "188.83600", "2018-08-31": 190.058, "2018-05-31": 201.324, "2018-02-28": 187.689, "2017-11-30": "194.63300", "2017-08-31": 189.848, "2017-05-31": 190.24, "2017-02-28": 191.416, "2016-11-30": "188.90100", "2016-08-31": 183.78, "2016-05-31": 183.671, "2016-02-29": 167.938, "2015-11-30": "161.36300", "2015-08-31": 144.04, "2015-05-31": 135.695, "2015-02-28": 127.061, "2014-11-30": "122.38000", "2014-08-31": 120.656, "2014-05-31": 119.453, "2014-02-28": 121.573, "2013-11-30": "125.59600", "2013-08-31": 122.407, "2013-05-31": 100.688, "2013-02-28": 99.819, "2012-11-30": "95.20300", "2012-08-31": 91.306, "2012-05-31": 88.452, "2012-02-29": 87.873, "2011-11-30": "85.86100", "2011-08-31": 84.867, "2011-05-31": 82.438, "2011-02-28": 76.924, "2010-11-30": "74.95000", "2010-08-31": 65.608, "2010-05-31": 71.396, "2010-02-28": 71.311, "2009-11-30": "74.96900", "2009-08-31": 70.821, "2009-05-31": 73.151, "2009-02-28": 780.635, "2008-11-30": "390.21100", "2008-08-31": 73.574, "2008-05-31": 71.172, "2008-02-29": 68.224, "2007-11-30": "66.26900", "2007-08-31": 66.333, "2007-05-31": 63.852, "2007-02-28": 57.893, "2006-11-30": "52.08400", "2006-08-31": 50.883, "2006-05-31": 50.33, "2006-02-28": 48.578, "2005-11-30": "47.48300", "2005-08-31": 51.636, "2005-05-31": 57.561, "2005-02-28": 109.924}, "Other Non-Cash Items": {"2020-11-30": "43.78900", "2020-08-31": 130.258, "2020-05-31": 49.897, "2020-02-29": 51.986, "2019-11-30": "53.51700", "2019-08-31": 58.451, "2019-05-31": 5.031, "2019-02-28": 31.726, "2018-11-30": "66.08600", "2018-08-31": 117.492, "2018-05-31": 5.426, "2018-02-28": 17.054, "2017-11-30": "44.09100", "2017-08-31": 38.746, "2017-05-31": 33.559, "2017-02-28": 39.53, "2016-11-30": "0.27500", "2016-08-31": 5.561, "2016-05-31": 15.652, "2016-02-29": 22.521, "2015-11-30": "15.56600", "2015-08-31": 7.201, "2015-05-31": 10.778, "2015-02-28": 22.5, "2014-11-30": "38.34100", "2014-08-31": 20.568, "2014-05-31": -205.356, "2014-02-28": 25.479, "2013-11-30": "-26.23600", "2013-08-31": -87.045, "2013-05-31": 13.839, "2013-02-28": 21.731, "2012-11-30": "20.30100", "2012-08-31": 30.066, "2012-05-31": 34.743, "2012-02-29": 13.969, "2011-11-30": "18.10400", "2011-08-31": 21.118, "2011-05-31": 28.323, "2011-02-28": 57.755, "2010-11-30": "18.45500", "2010-08-31": 62.305, "2010-05-31": 26.467, "2010-02-28": 22.088, "2009-11-30": "32.45600", "2009-08-31": 35.82, "2009-05-31": 15.387, "2009-02-28": 169.85, "2008-11-30": "6.66200", "2008-08-31": 14.115, "2008-05-31": -22.479, "2008-02-29": 25.574, "2007-11-30": "-5.33800", "2007-08-31": 25.918, "2007-05-31": 36.978, "2007-02-28": 5.173, "2006-11-30": "18.19000", "2006-08-31": 123.718, "2006-05-31": -10.353, "2006-02-28": -1.46, "2005-11-30": "15.10700", "2005-08-31": 26.957, "2005-05-31": 17.279, "2005-02-28": -4.337}, "Total Non-Cash Items": {"2020-11-30": "249.55500", "2020-08-31": 324.147, "2020-05-31": 248.242, "2020-02-29": 251.474, "2019-11-30": "256.37600", "2019-08-31": 255.3621, "2019-05-31": 198.443, "2019-02-28": 224.4, "2018-11-30": "254.92200", "2018-08-31": 307.55, "2018-05-31": 206.75, "2018-02-28": 204.743, "2017-11-30": "238.72400", "2017-08-31": 228.5941, "2017-05-31": 223.799, "2017-02-28": 230.946, "2016-11-30": "189.17600", "2016-08-31": 189.341, "2016-05-31": 199.323, "2016-02-29": 190.459, "2015-11-30": "176.92900", "2015-08-31": 151.241, "2015-05-31": 146.473, "2015-02-28": 149.561, "2014-11-30": "160.72100", "2014-08-31": 141.224, "2014-05-31": -85.903, "2014-02-28": 147.052, "2013-11-30": "99.36000", "2013-08-31": 35.362, "2013-05-31": 114.527, "2013-02-28": 121.55, "2012-11-30": "115.50400", "2012-08-31": 121.372, "2012-05-31": 123.195, "2012-02-29": 101.842, "2011-11-30": "103.96500", "2011-08-31": 105.985, "2011-05-31": 110.761, "2011-02-28": 134.679, "2010-11-30": "93.40500", "2010-08-31": 127.913, "2010-05-31": 97.863, "2010-02-28": 93.399, "2009-11-30": "107.42500", "2009-08-31": 106.641, "2009-05-31": 88.538, "2009-02-28": 950.485, "2008-11-30": "396.87300", "2008-08-31": 87.689, "2008-05-31": 48.693, "2008-02-29": 93.798, "2007-11-30": "60.93100", "2007-08-31": 92.251, "2007-05-31": 100.83, "2007-02-28": 63.066, "2006-11-30": "70.27400", "2006-08-31": 174.601, "2006-05-31": 39.977, "2006-02-28": 47.118, "2005-11-30": "62.59000", "2005-08-31": 78.593, "2005-05-31": 74.84, "2005-02-28": 105.587}, "Change In Accounts Receivable": {"2020-11-30": "-791.49200", "2020-08-31": -278.443, "2020-05-31": -282.501, "2020-02-29": 1288.181, "2019-11-30": "-863.21000", "2019-08-31": -57.914, "2019-05-31": -163.405, "2019-02-28": 235.438, "2018-11-30": "-600.63000", "2018-08-31": -642.159, "2018-05-31": -446.715, "2018-02-28": -372.586, "2017-11-30": "-872.90700", "2017-08-31": -2742.567, "2017-05-31": -8.112, "2017-02-28": 93.283, "2016-11-30": "-170.93200", "2016-08-31": -58.715, "2016-05-31": 160.803, "2016-02-29": 225.943, "2015-11-30": "-205.91600", "2015-08-31": -248.724, "2015-05-31": 53.877, "2015-02-28": 300.475, "2014-11-30": "-398.33400", "2014-08-31": -219.166, "2014-05-31": -84.322, "2014-02-28": 333.649, "2013-11-30": "-146.61900", "2013-08-31": -112.384, "2013-05-31": 285.295, "2013-02-28": 136.326, "2012-11-30": "-308.48700", "2012-08-31": 0.008, "2012-05-31": -21.61, "2012-02-29": 28.635, "2011-11-30": "-29.65900", "2011-08-31": -51.994, "2011-05-31": -78.085, "2011-02-28": 167.07, "2010-11-30": "11.24100", "2010-08-31": -177.04, "2010-05-31": -113.307, "2010-02-28": 200.149, "2009-11-30": "-156.93500", "2009-08-31": -96.894, "2009-05-31": 11.021, "2009-02-28": 515.543, "2008-11-30": "-259.92900", "2008-08-31": -182.323, "2008-05-31": -6.267, "2008-02-29": 318.351, "2007-11-30": "-190.54900", "2007-08-31": -8.348, "2007-05-31": 19.224, "2007-02-28": 316.057, "2006-11-30": "-200.91600", "2006-08-31": -144.019, "2006-05-31": -42.833, "2006-02-28": 28.455, "2005-11-30": "-140.97200", "2005-08-31": -56.335, "2005-05-31": -99.198, "2005-02-28": 124.463}, "Change In Inventories": {"2020-11-30": "-134.72300", "2020-08-31": 152.078, "2020-05-31": 50.266, "2020-02-29": 7.111, "2019-11-30": "-286.77500", "2019-08-31": 133.822, "2019-05-31": 124.216, "2019-02-28": -17.47, "2018-11-30": "242.50600", "2018-08-31": -119.447, "2018-05-31": 38.649, "2018-02-28": -97.493, "2017-11-30": "-320.81400", "2017-08-31": -228.94, "2017-05-31": -196.628, "2017-02-28": 12.999, "2016-11-30": "-32.52000", "2016-08-31": -161.221, "2016-05-31": 6.047, "2016-02-29": 211.421, "2015-11-30": "11.71900", "2015-08-31": -229.492, "2015-05-31": -140.586, "2015-02-28": -12.162, "2014-11-30": "-100.83100", "2014-08-31": -154.464, "2014-05-31": -27.54, "2014-02-28": 205.387, "2013-11-30": "137.40700", "2013-08-31": 136.084, "2013-05-31": 136.79, "2013-02-28": -27.329, "2012-11-30": "-195.31600", "2012-08-31": 108.808, "2012-05-31": -42.26, "2012-02-29": 53.52, "2011-11-30": "-173.33600", "2011-08-31": 28.601, "2011-05-31": -82.847, "2011-02-28": 45.766, "2010-11-30": "-150.06500", "2010-08-31": -361.606, "2010-05-31": -246.595, "2010-02-28": -174.718, "2009-11-30": "-186.42900", "2009-08-31": 35.391, "2009-05-31": 177.495, "2009-02-28": 199.398, "2008-11-30": "-128.46800", "2008-08-31": -29.738, "2008-05-31": -18.692, "2008-02-29": 31.478, "2007-11-30": "-10.65000", "2007-08-31": 82.902, "2007-05-31": 97.224, "2007-02-28": 102.298, "2006-11-30": "-80.87800", "2006-08-31": -223.127, "2006-05-31": -190.311, "2006-02-28": -36.749, "2005-11-30": "-127.74700", "2005-08-31": -77.19, "2005-05-31": -30.894, "2005-02-28": 1.793}, "Change In Accounts Payable": {"2020-11-30": "", "2020-08-31": 0, "2020-05-31": 0, "2020-02-29": 0, "2019-11-30": "", "2019-08-31": 0, "2019-05-31": 0, "2019-02-28": 0, "2018-11-30": "", "2018-08-31": 0, "2018-05-31": 0, "2018-02-28": 0, "2017-11-30": "", "2017-08-31": 0, "2017-05-31": 0, "2017-02-28": 0, "2016-11-30": "", "2016-08-31": 0, "2016-05-31": 0, "2016-02-29": 0, "2015-11-30": "", "2015-08-31": 0, "2015-05-31": 0, "2015-02-28": 0, "2014-11-30": "", "2014-08-31": 0, "2014-05-31": 0, "2014-02-28": 0, "2013-11-30": "", "2013-08-31": 0, "2013-05-31": 0, "2013-02-28": 0, "2012-11-30": "", "2012-08-31": 0, "2012-05-31": 0, "2012-02-29": 0, "2011-11-30": "", "2011-08-31": 0, "2011-05-31": 0, "2011-02-28": 0, "2010-11-30": "", "2010-08-31": 0, "2010-05-31": 0, "2010-02-28": 0, "2009-11-30": "", "2009-08-31": 0, "2009-05-31": 0, "2009-02-28": 0, "2008-11-30": "", "2008-08-31": 0, "2008-05-31": 0, "2008-02-29": 0, "2007-11-30": "", "2007-08-31": 0, "2007-05-31": 0, "2007-02-28": 0, "2006-11-30": "", "2006-08-31": 0, "2006-05-31": 0, "2006-02-28": 0, "2005-11-30": "", "2005-08-31": 0, "2005-05-31": 0, "2005-02-28": 0}, "Change In Assets/Liabilities": {"2020-11-30": "-34.41400", "2020-08-31": -113.428, "2020-05-31": -11.373, "2020-02-29": -26.724, "2019-11-30": "-107.89700", "2019-08-31": -12.562, "2019-05-31": -44.989, "2019-02-28": 37.269, "2018-11-30": "-867.47800", "2018-08-31": -12.84, "2018-05-31": -5.243, "2018-02-28": -1.275, "2017-11-30": "-113.18400", "2017-08-31": -6.365, "2017-05-31": -32.011, "2017-02-28": 356.922, "2016-11-30": "-253.36600", "2016-08-31": -59.614, "2016-05-31": -118.652, "2016-02-29": 61.252, "2015-11-30": "-81.74800", "2015-08-31": 85.942, "2015-05-31": -77.274, "2015-02-28": 115.792, "2014-11-30": "13.58600", "2014-08-31": -153.015, "2014-05-31": 40.131, "2014-02-28": 199.578, "2013-11-30": "-6.65000", "2013-08-31": -22.258, "2013-05-31": -51.608, "2013-02-28": -19.637, "2012-11-30": "10.48900", "2012-08-31": 60.746, "2012-05-31": -171.537, "2012-02-29": 9.21, "2011-11-30": "-42.69000", "2011-08-31": -53.665, "2011-05-31": -130.082, "2011-02-28": -7.174, "2010-11-30": "-18.13900", "2010-08-31": -18.742, "2010-05-31": -103.324, "2010-02-28": 10.614, "2009-11-30": "-31.73900", "2009-08-31": 32.623, "2009-05-31": 31.912, "2009-02-28": 57.388, "2008-11-30": "-88.57700", "2008-08-31": -13.762, "2008-05-31": -91.718, "2008-02-29": 12.681, "2007-11-30": "5.07300", "2007-08-31": -9.693, "2007-05-31": -2.998, "2007-02-28": -22.332, "2006-11-30": "-40.28400", "2006-08-31": -19.047, "2006-05-31": 15.699, "2006-02-28": -12.657, "2005-11-30": "-23.82900", "2005-08-31": 4.944, "2005-05-31": 7.65, "2005-02-28": 10.298}, "Total Change In Assets/Liabilities": {"2020-11-30": "-385.10210", "2020-08-31": 293.493, "2020-05-31": 288.581, "2020-02-29": -185.671, "2019-11-30": "-276.14600", "2019-08-31": 771.287, "2019-05-31": -237.584, "2019-02-28": -92.549, "2018-11-30": "-470.68900", "2018-08-31": 19.915, "2018-05-31": -761.758, "2018-02-28": -456.625, "2017-11-30": "-952.28800", "2017-08-31": -2271.743, "2017-05-31": -11.28, "2017-02-28": -56.807, "2016-11-30": "-123.93700", "2016-08-31": 199.948, "2016-05-31": 210.389, "2016-02-29": -341.725, "2015-11-30": "-163.35300", "2015-08-31": 117.827, "2015-05-31": 138.599, "2015-02-28": 134.49, "2014-11-30": "-43.99600", "2014-08-31": -25.381, "2014-05-31": 172.367, "2014-02-28": -91.626, "2013-11-30": "-99.71900", "2013-08-31": 242.056, "2013-05-31": 339.842, "2013-02-28": -55.869, "2012-11-30": "-69.17400", "2012-08-31": 238.862, "2012-05-31": -38.494, "2012-02-29": -309.432, "2011-11-30": "-103.17300", "2011-08-31": 82.066, "2011-05-31": -58.237, "2011-02-28": 259.936, "2010-11-30": "-283.54400", "2010-08-31": 97.9451, "2010-05-31": -113.166, "2010-02-28": -92.692, "2009-11-30": "-62.04300", "2009-08-31": 56.44, "2009-05-31": 19.802, "2009-02-28": 258.648, "2008-11-30": "-154.08700", "2008-08-31": -142.724, "2008-05-31": 59.418, "2008-02-29": 60.049, "2007-11-30": "20.07400", "2007-08-31": 140.888, "2007-05-31": 84.525, "2007-02-28": -77.296, "2006-11-30": "-363.88500", "2006-08-31": 48.997, "2006-05-31": 16.587, "2006-02-28": -110.241, "2005-11-30": "4.02900", "2005-08-31": 51.464, "2005-05-31": 56.391, "2005-02-28": 19.251}, "Cash Flow From Operating Activities": {"2020-11-30": "65.46000", "2020-08-31": 686.549, "2020-05-31": 486.56, "2020-02-29": 63.222, "2019-11-30": "20.94400", "2019-08-31": 1080.41, "2019-05-31": 4.891, "2019-02-28": 199.458, "2018-11-30": "-91.69300", "2018-08-31": 270.857, "2018-05-31": -512.306, "2018-02-28": -214.354, "2017-11-30": "-649.64500", "2017-08-31": -1997.108, "2017-05-31": 186.82, "2017-02-28": 194.263, "2016-11-30": "151.94000", "2016-08-31": 427.998, "2016-05-31": 415.551, "2016-02-29": -72.833, "2015-11-30": "145.49100", "2015-08-31": 357.607, "2015-05-31": 357.496, "2015-02-28": 336.324, "2014-11-30": "189.10100", "2014-08-31": 90.251, "2014-05-31": 274.772, "2014-02-28": 16.91, "2013-11-30": "117.70600", "2013-08-31": 404.208, "2013-05-31": 503.997, "2013-02-28": 153.77, "2012-11-30": "151.91400", "2012-08-31": 442.699, "2012-05-31": 186.299, "2012-02-29": -109.345, "2011-11-30": "114.57300", "2011-08-31": 303.592, "2011-05-31": 156.812, "2011-02-28": 450.333, "2010-11-30": "-82.72800", "2010-08-31": 285.234, "2010-05-31": 37.384, "2010-02-28": 30.529, "2009-11-30": "74.26300", "2009-08-31": 169.014, "2009-05-31": 79.101, "2009-02-28": 342.522, "2008-11-30": "-33.32800", "2008-08-31": 0.638, "2008-05-31": 146.556, "2008-02-29": 129.802, "2007-11-30": "143.00600", "2007-08-31": 244.864, "2007-05-31": 191.589, "2007-02-28": -0.33, "2006-11-30": "-252.23400", "2006-08-31": 177.979, "2006-05-31": 120.79, "2006-02-28": 5.898, "2005-11-30": "143.50900", "2005-08-31": 172.617, "2005-05-31": 190.584, "2005-02-28": 226.8}, "Net Change In Property, Plant, And Equipment": {"2020-11-30": "-242.08900", "2020-08-31": -241.114, "2020-05-31": -143.125, "2020-02-29": -204.957, "2019-11-30": "-207.18400", "2019-08-31": -165.199, "2019-05-31": -229.401, "2019-02-28": -170.886, "2018-11-30": "-221.28600", "2018-08-31": -113.563, "2018-05-31": -264.712, "2018-02-28": -109.798, "2017-11-30": "-198.28700", "2017-08-31": -102.183, "2017-05-31": -137.591, "2017-02-28": -139.317, "2016-11-30": "-162.39400", "2016-08-31": -248.413, "2016-05-31": -200.963, "2016-02-29": -199.761, "2015-11-30": "-249.07100", "2015-08-31": -225.089, "2015-05-31": -258.694, "2015-02-28": -269.666, "2014-11-30": "-193.91200", "2014-08-31": -189.275, "2014-05-31": -0.243, "2014-02-28": -76.231, "2013-11-30": "-197.17300", "2013-08-31": -279.347, "2013-05-31": -79.751, "2013-02-28": -197.464, "2012-11-30": "-164.50400", "2012-08-31": -202.052, "2012-05-31": -108.397, "2012-02-29": -75.754, "2011-11-30": "-95.08600", "2011-08-31": -128.21, "2011-05-31": -109.766, "2011-02-28": -98.251, "2010-11-30": "-99.27900", "2010-08-31": -150.284, "2010-05-31": -126.815, "2010-02-28": -75.909, "2009-11-30": "-35.13700", "2009-08-31": -55.44, "2009-05-31": -45.765, "2009-02-28": -67.073, "2008-11-30": "-113.72100", "2008-08-31": -119.208, "2008-05-31": -61.116, "2008-02-29": -81.943, "2007-11-30": "-64.21000", "2007-08-31": -79.737, "2007-05-31": -83.887, "2007-02-28": -49.199, "2006-11-30": "-69.70100", "2006-08-31": -260.544, "2006-05-31": 126.707, "2006-02-28": -51.481, "2005-11-30": "-65.46600", "2005-08-31": -92.083, "2005-05-31": -62.337, "2005-02-28": -88.049}, "Net Change In Intangible Assets": {"2020-11-30": "", "2020-08-31": 0, "2020-05-31": 0, "2020-02-29": 0, "2019-11-30": "", "2019-08-31": 0, "2019-05-31": 0, "2019-02-28": 0, "2018-11-30": "", "2018-08-31": 0, "2018-05-31": 0, "2018-02-28": 0, "2017-11-30": "", "2017-08-31": 0, "2017-05-31": 0, "2017-02-28": 0, "2016-11-30": "", "2016-08-31": 0, "2016-05-31": 0, "2016-02-29": 0, "2015-11-30": "", "2015-08-31": 0, "2015-05-31": 0, "2015-02-28": 0, "2014-11-30": "", "2014-08-31": 0, "2014-05-31": 0, "2014-02-28": 0, "2013-11-30": "", "2013-08-31": 0, "2013-05-31": 0, "2013-02-28": 0, "2012-11-30": "", "2012-08-31": 0, "2012-05-31": 0, "2012-02-29": 0, "2011-11-30": "", "2011-08-31": 0, "2011-05-31": 0, "2011-02-28": 0, "2010-11-30": "", "2010-08-31": 0, "2010-05-31": 0, "2010-02-28": 0, "2009-11-30": "", "2009-08-31": 0, "2009-05-31": 0, "2009-02-28": 0, "2008-11-30": "", "2008-08-31": 0, "2008-05-31": 0, "2008-02-29": 0, "2007-11-30": "", "2007-08-31": 0, "2007-05-31": 0, "2007-02-28": 0, "2006-11-30": "", "2006-08-31": 0, "2006-05-31": 0, "2006-02-28": 0, "2005-11-30": "", "2005-08-31": 0, "2005-05-31": 0, "2005-02-28": 0}, "Net Acquisitions/Divestitures": {"2020-11-30": "-18.41700", "2020-08-31": -1.314, "2020-05-31": -4.4, "2020-02-29": -24.428, "2019-11-30": "-116.76700", "2019-08-31": 0, "2019-05-31": -72.461, "2019-02-28": -80.778, "2018-11-30": "", "2018-08-31": 0, "2018-05-31": -13.806, "2018-02-28": 0, "2017-11-30": "-95.85800", "2017-08-31": 0, "2017-05-31": -31.364, "2017-02-28": -5.256, "2016-11-30": "", "2016-08-31": -36.104, "2016-05-31": 0.631, "2016-02-29": -139.359, "2015-11-30": "-67.31100", "2015-08-31": -99.097, "2015-05-31": -66.11, "2015-02-28": -2.234, "2014-11-30": "", "2014-08-31": -13.306, "2014-05-31": 544.495, "2014-02-28": 0, "2013-11-30": "", "2013-08-31": -640.392, "2013-05-31": -3.8, "2013-02-28": -5.862, "2012-11-30": "", "2012-08-31": 0, "2012-05-31": 3.384, "2012-02-29": -128.475, "2011-11-30": "0.51000", "2011-08-31": -0.036, "2011-05-31": 32.726, "2011-02-28": -14.382, "2010-11-30": "-14.88000", "2010-08-31": 0, "2010-05-31": 0, "2010-02-28": 0, "2009-11-30": "", "2009-08-31": -3.061, "2009-05-31": 0, "2009-02-28": -0.715, "2008-11-30": "-0.40000", "2008-08-31": 0, "2008-05-31": -0.675, "2008-02-29": 2.505, "2007-11-30": "-60.07300", "2007-08-31": -771.898, "2007-05-31": 743.003, "2007-02-28": -742.647, "2006-11-30": "-0.35600", "2006-08-31": 17.913, "2006-05-31": -173.252, "2006-02-28": -11.298, "2005-11-30": "-0.04900", "2005-08-31": -3.746, "2005-05-31": -207.127, "2005-02-28": -5.187}, "Net Change In Short-term Investments": {"2020-11-30": "", "2020-08-31": 0, "2020-05-31": 0, "2020-02-29": 0, "2019-11-30": "", "2019-08-31": 0, "2019-05-31": 0, "2019-02-28": 0, "2018-11-30": "", "2018-08-31": 0, "2018-05-31": 0, "2018-02-28": 0, "2017-11-30": "", "2017-08-31": 0, "2017-05-31": 0, "2017-02-28": 0, "2016-11-30": "", "2016-08-31": 0, "2016-05-31": 0, "2016-02-29": 0, "2015-11-30": "", "2015-08-31": 0, "2015-05-31": 0, "2015-02-28": 0, "2014-11-30": "", "2014-08-31": 0, "2014-05-31": 0, "2014-02-28": 0, "2013-11-30": "", "2013-08-31": 0, "2013-05-31": 0, "2013-02-28": 0, "2012-11-30": "", "2012-08-31": 0, "2012-05-31": 0, "2012-02-29": 0, "2011-11-30": "", "2011-08-31": 0, "2011-05-31": 0, "2011-02-28": 0, "2010-11-30": "", "2010-08-31": 0, "2010-05-31": 0, "2010-02-28": 0, "2009-11-30": "", "2009-08-31": 0, "2009-05-31": 0, "2009-02-28": 0, "2008-11-30": "", "2008-08-31": 0, "2008-05-31": 0, "2008-02-29": 0, "2007-11-30": "", "2007-08-31": 0, "2007-05-31": 0, "2007-02-28": 0, "2006-11-30": "", "2006-08-31": 0, "2006-05-31": 0, "2006-02-28": 0, "2005-11-30": "", "2005-08-31": 0, "2005-05-31": 0, "2005-02-28": 0}, "Net Change In Long-Term Investments": {"2020-11-30": "", "2020-08-31": 0, "2020-05-31": 0, "2020-02-29": 0, "2019-11-30": "", "2019-08-31": 0, "2019-05-31": 0, "2019-02-28": 0, "2018-11-30": "", "2018-08-31": 0, "2018-05-31": 0, "2018-02-28": 0, "2017-11-30": "", "2017-08-31": 0, "2017-05-31": 0, "2017-02-28": 0, "2016-11-30": "", "2016-08-31": 0, "2016-05-31": 0, "2016-02-29": 0, "2015-11-30": "", "2015-08-31": 0, "2015-05-31": 0, "2015-02-28": 0, "2014-11-30": "", "2014-08-31": 0, "2014-05-31": 0, "2014-02-28": 0, "2013-11-30": "", "2013-08-31": 0, "2013-05-31": 0, "2013-02-28": 0, "2012-11-30": "", "2012-08-31": 0, "2012-05-31": 0, "2012-02-29": 0, "2011-11-30": "", "2011-08-31": 0, "2011-05-31": 0, "2011-02-28": 0, "2010-11-30": "5.80000", "2010-08-31": -27.14, "2010-05-31": 0, "2010-02-28": 0, "2009-11-30": "", "2009-08-31": 0, "2009-05-31": 0, "2009-02-28": 0, "2008-11-30": "", "2008-08-31": 0, "2008-05-31": 0, "2008-02-29": 0, "2007-11-30": "", "2007-08-31": 0, "2007-05-31": 0, "2007-02-28": 0, "2006-11-30": "", "2006-08-31": 0, "2006-05-31": 0, "2006-02-28": 0, "2005-11-30": "", "2005-08-31": 0, "2005-05-31": 0, "2005-02-28": 0}, "Net Change In Investments - Total": {"2020-11-30": "", "2020-08-31": 0, "2020-05-31": 0, "2020-02-29": 0, "2019-11-30": "", "2019-08-31": 0, "2019-05-31": 0, "2019-02-28": 0, "2018-11-30": "", "2018-08-31": 0, "2018-05-31": 0, "2018-02-28": 0, "2017-11-30": "", "2017-08-31": 0, "2017-05-31": 0, "2017-02-28": 0, "2016-11-30": "", "2016-08-31": 0, "2016-05-31": 0, "2016-02-29": 0, "2015-11-30": "", "2015-08-31": 0, "2015-05-31": 0, "2015-02-28": 0, "2014-11-30": "", "2014-08-31": 0, "2014-05-31": 0, "2014-02-28": 0, "2013-11-30": "", "2013-08-31": 0, "2013-05-31": 0, "2013-02-28": 0, "2012-11-30": "", "2012-08-31": 0, "2012-05-31": 0, "2012-02-29": 0, "2011-11-30": "", "2011-08-31": 0, "2011-05-31": 0, "2011-02-28": 0, "2010-11-30": "5.80000", "2010-08-31": -27.14, "2010-05-31": 0, "2010-02-28": 0, "2009-11-30": "", "2009-08-31": 0, "2009-05-31": 0, "2009-02-28": 0, "2008-11-30": "", "2008-08-31": 0, "2008-05-31": 0, "2008-02-29": 0, "2007-11-30": "", "2007-08-31": 0, "2007-05-31": 0, "2007-02-28": 0, "2006-11-30": "", "2006-08-31": 0, "2006-05-31": 0, "2006-02-28": 0, "2005-11-30": "", "2005-08-31": 0, "2005-05-31": 0, "2005-02-28": 0}, "Investing Activities - Other": {"2020-11-30": "-3.36700", "2020-08-31": 0.778, "2020-05-31": 23.411, "2020-02-29": -0.234, "2019-11-30": "-1.77900", "2019-08-31": -3.16, "2019-05-31": -12.625, "2019-02-28": -6.692, "2018-11-30": "90.03400", "2018-08-31": 468.142, "2018-05-31": 408.972, "2018-02-28": 564.833, "2017-11-30": "594.99100", "2017-08-31": 2720.728, "2017-05-31": 0, "2017-02-28": 0.673, "2016-11-30": "-2.03300", "2016-08-31": -5.08, "2016-05-31": -0.8, "2016-02-29": -6, "2015-11-30": "-27.75000", "2015-08-31": 0, "2015-05-31": -11.539, "2015-02-28": 1.294, "2014-11-30": "3.60000", "2014-08-31": -7.6, "2014-05-31": 0, "2014-02-28": 0, "2013-11-30": "", "2013-08-31": -0.4, "2013-05-31": 0, "2013-02-28": -2.942, "2012-11-30": "", "2012-08-31": 0, "2012-05-31": 0, "2012-02-29": 0, "2011-11-30": "", "2011-08-31": 0, "2011-05-31": 0, "2011-02-28": 0, "2010-11-30": "", "2010-08-31": -24.972, "2010-05-31": 0, "2010-02-28": 0, "2009-11-30": "", "2009-08-31": 0, "2009-05-31": 0, "2009-02-28": 0, "2008-11-30": "", "2008-08-31": 0, "2008-05-31": 0, "2008-02-29": 0, "2007-11-30": "", "2007-08-31": 771.361, "2007-05-31": -771.361, "2007-02-28": 0, "2006-11-30": "", "2006-08-31": 162.836, "2006-05-31": -162.836, "2006-02-28": 0, "2005-11-30": "", "2005-08-31": 0, "2005-05-31": -30.165, "2005-02-28": 0}, "Cash Flow From Investing Activities": {"2020-11-30": "-263.87300", "2020-08-31": -241.65, "2020-05-31": -124.114, "2020-02-29": -229.619, "2019-11-30": "-325.73000", "2019-08-31": -168.359, "2019-05-31": -314.487, "2019-02-28": -258.356, "2018-11-30": "-131.25200", "2018-08-31": 354.579, "2018-05-31": 130.454, "2018-02-28": 455.035, "2017-11-30": "300.84600", "2017-08-31": 2618.545, "2017-05-31": -168.955, "2017-02-28": -143.9, "2016-11-30": "-164.42700", "2016-08-31": -289.597, "2016-05-31": -201.132, "2016-02-29": -345.12, "2015-11-30": "-344.13200", "2015-08-31": -324.186, "2015-05-31": -336.343, "2015-02-28": -270.606, "2014-11-30": "-190.31200", "2014-08-31": -210.181, "2014-05-31": 544.252, "2014-02-28": -76.231, "2013-11-30": "-197.17300", "2013-08-31": -920.139, "2013-05-31": -83.551, "2013-02-28": -206.268, "2012-11-30": "-164.50400", "2012-08-31": -202.052, "2012-05-31": -105.013, "2012-02-29": -204.229, "2011-11-30": "-94.57600", "2011-08-31": -128.246, "2011-05-31": -77.04, "2011-02-28": -112.633, "2010-11-30": "-108.35900", "2010-08-31": -202.396, "2010-05-31": -126.815, "2010-02-28": -75.909, "2009-11-30": "-35.13700", "2009-08-31": -58.501, "2009-05-31": -45.765, "2009-02-28": -67.788, "2008-11-30": "-114.12100", "2008-08-31": -119.208, "2008-05-31": -61.791, "2008-02-29": -79.438, "2007-11-30": "-124.28300", "2007-08-31": -80.274, "2007-05-31": -112.245, "2007-02-28": -791.846, "2006-11-30": "-70.05700", "2006-08-31": -79.795, "2006-05-31": -209.381, "2006-02-28": -62.779, "2005-11-30": "-65.51500", "2005-08-31": -95.829, "2005-05-31": -299.629, "2005-02-28": -93.236}, "Net Long-Term Debt": {"2020-11-30": "-1.96900", "2020-08-31": 244.2685, "2020-05-31": -239.331, "2020-02-29": 235.1031, "2019-11-30": "-7.44200", "2019-08-31": -435.8106, "2019-05-31": 272.0342, "2019-02-28": 143.3879, "2018-11-30": "-6.63790", "2018-08-31": 96.3804, "2018-05-31": 239.6909, "2018-02-28": 91.9359, "2017-11-30": "43.40100", "2017-08-31": -106.6099, "2017-05-31": 79.5061, "2017-02-28": -8.7882, "2016-11-30": "-9.15100", "2016-08-31": -20.9282, "2016-05-31": -198.9927, "2016-02-29": 181.196, "2015-11-30": "497.01790", "2015-08-31": -12.4839, "2015-05-31": -3.3401, "2015-02-28": -2.0949, "2014-11-30": "-3.37600", "2014-08-31": -59.3188, "2014-05-31": -93.6897, "2014-02-28": 43.1987, "2013-11-30": "-114.32590", "2013-08-31": 193.0713, "2013-05-31": -102.3872, "2013-02-28": 97.657, "2012-11-30": "-10.67900", "2012-08-31": 234.8662, "2012-05-31": 42.5488, "2012-02-29": 197.7332, "2011-11-30": "9.84590", "2011-08-31": -6.3535, "2011-05-31": -57.604, "2011-02-28": -56.6133, "2010-11-30": "105.97410", "2010-08-31": 60.0649, "2010-05-31": -70.173, "2010-02-28": 13.0771, "2009-11-30": "-52.40410", "2009-08-31": 12.5611, "2009-05-31": -28.0198, "2009-02-28": -88.7432, "2008-11-30": "-21.40500", "2008-08-31": -16.24, "2008-05-31": 267.3589, "2008-02-29": -137.3489, "2007-11-30": "9.00200", "2007-08-31": -62.279, "2007-05-31": -87.6819, "2007-02-28": 690.7479, "2006-11-30": "200.12000", "2006-08-31": 36.898, "2006-05-31": -29.921, "2006-02-28": 2.713, "2005-11-30": "0.05700", "2005-08-31": 13.525, "2005-05-31": 17.461, "2005-02-28": -15.744}, "Net Current Debt": {"2020-11-30": "", "2020-08-31": 0, "2020-05-31": 0, "2020-02-29": 0, "2019-11-30": "", "2019-08-31": 0, "2019-05-31": 0, "2019-02-28": 0, "2018-11-30": "", "2018-08-31": 0, "2018-05-31": 0, "2018-02-28": 0, "2017-11-30": "", "2017-08-31": 0, "2017-05-31": 0, "2017-02-28": 0, "2016-11-30": "", "2016-08-31": 0, "2016-05-31": 0, "2016-02-29": 0, "2015-11-30": "", "2015-08-31": 0, "2015-05-31": 0, "2015-02-28": 0, "2014-11-30": "", "2014-08-31": 0, "2014-05-31": 0, "2014-02-28": 0, "2013-11-30": "", "2013-08-31": 0, "2013-05-31": 0, "2013-02-28": 0, "2012-11-30": "", "2012-08-31": 0, "2012-05-31": 0, "2012-02-29": 0, "2011-11-30": "", "2011-08-31": 0, "2011-05-31": 0, "2011-02-28": -5.322, "2010-11-30": "5.32200", "2010-08-31": -6.5981, "2010-05-31": 9.665, "2010-02-28": 0, "2009-11-30": "", "2009-08-31": 0, "2009-05-31": 0, "2009-02-28": 0, "2008-11-30": "", "2008-08-31": 0, "2008-05-31": 0, "2008-02-29": 0, "2007-11-30": "", "2007-08-31": 0, "2007-05-31": 0, "2007-02-28": 0, "2006-11-30": "", "2006-08-31": 0, "2006-05-31": 0, "2006-02-28": 0, "2005-11-30": "", "2005-08-31": 0, "2005-05-31": 0, "2005-02-28": 0}, "Debt Issuance/Retirement Net - Total": {"2020-11-30": "-1.96900", "2020-08-31": 244.2685, "2020-05-31": -239.331, "2020-02-29": 235.1031, "2019-11-30": "-7.44200", "2019-08-31": -435.8106, "2019-05-31": 272.0342, "2019-02-28": 143.3879, "2018-11-30": "-6.63790", "2018-08-31": 96.3804, "2018-05-31": 239.6909, "2018-02-28": 91.9359, "2017-11-30": "43.40100", "2017-08-31": -106.6099, "2017-05-31": 79.5061, "2017-02-28": -8.7882, "2016-11-30": "-9.15100", "2016-08-31": -20.9282, "2016-05-31": -198.9927, "2016-02-29": 181.196, "2015-11-30": "497.01790", "2015-08-31": -12.4839, "2015-05-31": -3.3401, "2015-02-28": -2.0949, "2014-11-30": "-3.37600", "2014-08-31": -59.3188, "2014-05-31": -93.6897, "2014-02-28": 43.1987, "2013-11-30": "-114.32590", "2013-08-31": 193.0713, "2013-05-31": -102.3872, "2013-02-28": 97.657, "2012-11-30": "-10.67900", "2012-08-31": 234.8662, "2012-05-31": 42.5488, "2012-02-29": 197.7332, "2011-11-30": "9.84590", "2011-08-31": -6.3535, "2011-05-31": -57.604, "2011-02-28": -61.9353, "2010-11-30": "111.29610", "2010-08-31": 53.4668, "2010-05-31": -60.508, "2010-02-28": 13.0771, "2009-11-30": "-52.40410", "2009-08-31": 12.5611, "2009-05-31": -28.0198, "2009-02-28": -88.7432, "2008-11-30": "-21.40500", "2008-08-31": -16.24, "2008-05-31": 267.3589, "2008-02-29": -137.3489, "2007-11-30": "9.00200", "2007-08-31": -62.279, "2007-05-31": -87.6819, "2007-02-28": 690.7479, "2006-11-30": "200.12000", "2006-08-31": 36.898, "2006-05-31": -29.921, "2006-02-28": 2.713, "2005-11-30": "0.05700", "2005-08-31": 13.525, "2005-05-31": 17.461, "2005-02-28": -15.744}, "Net Common Equity Issued/Repurchased": {"2020-11-30": "-71.61000", "2020-08-31": -11.115, "2020-05-31": -20.915, "2020-02-29": -59.784, "2019-11-30": "-115.70700", "2019-08-31": 12.397, "2019-05-31": -0.699, "2019-02-28": -132.638, "2018-11-30": "-214.30200", "2018-08-31": -121.975, "2018-05-31": -91.463, "2018-02-28": -120.559, "2017-11-30": "-114.05400", "2017-08-31": -59.67, "2017-05-31": -86.413, "2017-02-28": -27.75, "2016-11-30": "-123.28400", "2016-08-31": -83.689, "2016-05-31": -0.161, "2016-02-29": 10.613, "2015-11-30": "-64.84900", "2015-08-31": -36.548, "2015-05-31": -0.61, "2015-02-28": 8.786, "2014-11-30": "-46.74800", "2014-08-31": -115.59, "2014-05-31": -66.329, "2014-02-28": -64.179, "2013-11-30": "-32.71700", "2013-08-31": 7.364, "2013-05-31": -0.015, "2013-02-28": 7.353, "2012-11-30": "-145.96900", "2012-08-31": 7.403, "2012-05-31": -47.48, "2012-02-29": -28.932, "2011-11-30": "-27.68500", "2011-08-31": -186.384, "2011-05-31": 2.967, "2011-02-28": 14.07, "2010-11-30": "-8.99800", "2010-08-31": 4.516, "2010-05-31": -1.235, "2010-02-28": 5.639, "2009-11-30": "-3.09500", "2009-08-31": 4.022, "2009-05-31": -0.621, "2009-02-28": 3.33, "2008-11-30": "-0.16600", "2008-08-31": 4.638, "2008-05-31": 1.413, "2008-02-29": 5.903, "2007-11-30": "2.08600", "2007-08-31": 10.591, "2007-05-31": 1.177, "2007-02-28": 9.598, "2006-11-30": "3.74600", "2006-08-31": -192.313, "2006-05-31": 29.056, "2006-02-28": 83.569, "2005-11-30": "11.08000", "2005-08-31": 27.77, "2005-05-31": 11.79, "2005-02-28": 10.702}, "Net Total Equity Issued/Repurchased": {"2020-11-30": "-71.61000", "2020-08-31": -11.115, "2020-05-31": -20.915, "2020-02-29": -59.784, "2019-11-30": "-115.70700", "2019-08-31": 12.397, "2019-05-31": -0.699, "2019-02-28": -132.638, "2018-11-30": "-214.30200", "2018-08-31": -121.975, "2018-05-31": -91.463, "2018-02-28": -120.559, "2017-11-30": "-114.05400", "2017-08-31": -59.67, "2017-05-31": -86.413, "2017-02-28": -27.75, "2016-11-30": "-123.28400", "2016-08-31": -83.689, "2016-05-31": -0.161, "2016-02-29": 10.613, "2015-11-30": "-64.84900", "2015-08-31": -36.548, "2015-05-31": -0.61, "2015-02-28": 8.786, "2014-11-30": "-46.74800", "2014-08-31": -115.59, "2014-05-31": -66.329, "2014-02-28": -64.179, "2013-11-30": "-32.71700", "2013-08-31": 7.364, "2013-05-31": -0.015, "2013-02-28": 7.353, "2012-11-30": "-145.96900", "2012-08-31": 7.403, "2012-05-31": -47.48, "2012-02-29": -28.932, "2011-11-30": "-27.68500", "2011-08-31": -186.384, "2011-05-31": 2.967, "2011-02-28": 14.07, "2010-11-30": "-8.99800", "2010-08-31": 4.516, "2010-05-31": -1.235, "2010-02-28": 5.639, "2009-11-30": "-3.09500", "2009-08-31": 4.022, "2009-05-31": -0.621, "2009-02-28": 3.33, "2008-11-30": "-0.16600", "2008-08-31": 4.638, "2008-05-31": 1.413, "2008-02-29": 5.903, "2007-11-30": "2.08600", "2007-08-31": 10.591, "2007-05-31": 1.177, "2007-02-28": 9.598, "2006-11-30": "3.74600", "2006-08-31": -192.313, "2006-05-31": 29.056, "2006-02-28": 83.569, "2005-11-30": "11.08000", "2005-08-31": 27.77, "2005-05-31": 11.79, "2005-02-28": 10.702}, "Total Common And Preferred Stock Dividends Paid": {"2020-11-30": "-13.81400", "2020-08-31": -12.051, "2020-05-31": -12.131, "2020-02-29": -12.549, "2019-11-30": "-13.73100", "2019-08-31": -12.268, "2019-05-31": -12.314, "2019-02-28": -12.894, "2018-11-30": "-14.52800", "2018-08-31": -13.559, "2018-05-31": -13.843, "2018-02-28": -14.2, "2017-11-30": "-16.23100", "2017-08-31": -14.409, "2017-05-31": -14.61, "2017-02-28": -14.881, "2016-11-30": "-16.05900", "2016-08-31": -15.314, "2016-05-31": -15.327, "2016-02-29": -15.254, "2015-11-30": "-16.54100", "2015-08-31": -15.515, "2015-05-31": -15.545, "2015-02-28": -15.471, "2014-11-30": "-16.60700", "2014-08-31": -16.049, "2014-05-31": -16.37, "2014-02-28": -16.531, "2013-11-30": "-19.26100", "2013-08-31": -15.438, "2013-05-31": -16.995, "2013-02-28": -16.197, "2012-11-30": "-18.55100", "2012-08-31": -16.524, "2012-05-31": -16.901, "2012-02-29": -16.62, "2011-11-30": "-15.52800", "2011-08-31": -15.105, "2011-05-31": -15.092, "2011-02-28": -15.02, "2010-11-30": "-15.19400", "2010-08-31": -14.968, "2010-05-31": -14.98, "2010-02-28": -14.929, "2009-11-30": "-14.99200", "2009-08-31": -14.954, "2009-05-31": -14.974, "2009-02-28": -14.916, "2008-11-30": "-14.73900", "2008-08-31": -14.704, "2008-05-31": -14.704, "2008-02-29": -14.667, "2007-11-30": "-14.55900", "2007-08-31": -14.517, "2007-05-31": -14.414, "2007-02-28": -14.378, "2006-11-30": "-14.29500", "2006-08-31": -14.855, "2006-05-31": 0, "2006-02-28": 0, "2005-11-30": "", "2005-08-31": 0, "2005-05-31": 0, "2005-02-28": 0}, "Financial Activities - Other": {"2020-11-30": "", "2020-08-31": -26.633, "2020-05-31": -1.489, "2020-02-29": -11.617, "2019-11-30": "", "2019-08-31": 0, "2019-05-31": 0, "2019-02-28": -1.508, "2018-11-30": "0.00800", "2018-08-31": -0.692, "2018-05-31": -0.639, "2018-02-28": -7.325, "2017-11-30": "-3.91200", "2017-08-31": -0.931, "2017-05-31": 0.003, "2017-02-28": -1.499, "2016-11-30": "", "2016-08-31": -2.301, "2016-05-31": -0.458, "2016-02-29": 0, "2015-11-30": "-1.50000", "2015-08-31": -3.143, "2015-05-31": -0.161, "2015-02-28": -0.001, "2014-11-30": "0.06300", "2014-08-31": -12.177, "2014-05-31": 0.83, "2014-02-28": 2.518, "2013-11-30": "2.39000", "2013-08-31": -2.853, "2013-05-31": 0, "2013-02-28": -0.001, "2012-11-30": "0.64700", "2012-08-31": -1.105, "2012-05-31": -5.014, "2012-02-29": -0.138, "2011-11-30": "0.88800", "2011-08-31": 0.001, "2011-05-31": 0.105, "2011-02-28": -5.605, "2010-11-30": "-8.87000", "2010-08-31": 0.014, "2010-05-31": -0.007, "2010-02-28": 0.04, "2009-11-30": "0.08500", "2009-08-31": -19.664, "2009-05-31": -0.501, "2009-02-28": 2.92, "2008-11-30": "-0.04300", "2008-08-31": 1.371, "2008-05-31": 2.114, "2008-02-29": 3.222, "2007-11-30": "0.11500", "2007-08-31": 7.049, "2007-05-31": -0.324, "2007-02-28": -0.766, "2006-11-30": "0.76600", "2006-08-31": -6.615, "2006-05-31": 5.498, "2006-02-28": 6.927, "2005-11-30": "", "2005-08-31": -4.564, "2005-05-31": 0, "2005-02-28": 0}, "Cash Flow From Financial Activities": {"2020-11-30": "-87.39300", "2020-08-31": 194.469, "2020-05-31": -273.865, "2020-02-29": 151.153, "2019-11-30": "-136.88000", "2019-08-31": -435.681, "2019-05-31": 259.021, "2019-02-28": -3.652, "2018-11-30": "-235.46000", "2018-08-31": -39.846, "2018-05-31": 133.746, "2018-02-28": -50.148, "2017-11-30": "-90.79600", "2017-08-31": -181.62, "2017-05-31": -21.514, "2017-02-28": -52.918, "2016-11-30": "-148.49400", "2016-08-31": -122.232, "2016-05-31": -214.939, "2016-02-29": 176.555, "2015-11-30": "414.12800", "2015-08-31": -67.69, "2015-05-31": -19.656, "2015-02-28": -8.781, "2014-11-30": "-66.66800", "2014-08-31": -203.135, "2014-05-31": -175.559, "2014-02-28": -34.993, "2013-11-30": "-163.91400", "2013-08-31": 182.144, "2013-05-31": -119.397, "2013-02-28": 88.812, "2012-11-30": "-174.55200", "2012-08-31": 224.64, "2012-05-31": -26.846, "2012-02-29": 152.043, "2011-11-30": "-32.47900", "2011-08-31": -207.842, "2011-05-31": -69.624, "2011-02-28": -68.49, "2010-11-30": "78.23400", "2010-08-31": 43.029, "2010-05-31": -76.73, "2010-02-28": 3.827, "2009-11-30": "-70.40600", "2009-08-31": -18.035, "2009-05-31": -44.116, "2009-02-28": -97.409, "2008-11-30": "-36.35300", "2008-08-31": -24.935, "2008-05-31": 256.182, "2008-02-29": -142.891, "2007-11-30": "-3.35600", "2007-08-31": -59.156, "2007-05-31": -101.243, "2007-02-28": 685.202, "2006-11-30": "190.33700", "2006-08-31": -176.885, "2006-05-31": 4.633, "2006-02-28": 93.209, "2005-11-30": "11.13700", "2005-08-31": 36.731, "2005-05-31": 29.251, "2005-02-28": -5.042}, "Net Cash Flow": {"2020-11-30": "-285.98400", "2020-08-31": 630.22, "2020-05-31": 66.592, "2020-02-29": -23.097, "2019-11-30": "-443.50100", "2019-08-31": 469.257, "2019-05-31": -54.971, "2019-02-28": -55.352, "2018-11-30": "-453.54000", "2018-08-31": 580.457, "2018-05-31": -263.304, "2018-02-28": 194.538, "2017-11-30": "-443.66100", "2017-08-31": 445.988, "2017-05-31": -11.167, "2017-02-28": 7.683, "2016-11-30": "-164.64400", "2016-08-31": 25.068, "2016-05-31": 3.773, "2016-02-29": -247.126, "2015-11-30": "216.38100", "2015-08-31": -48.831, "2015-05-31": -3.62, "2015-02-28": 44.91, "2014-11-30": "-78.74500", "2014-08-31": -322.017, "2014-05-31": 647.137, "2014-02-28": -94.094, "2013-11-30": "-242.15000", "2013-08-31": -340.353, "2013-05-31": 290.071, "2013-02-28": 31.621, "2012-11-30": "-187.22200", "2012-08-31": 475.127, "2012-05-31": 34.779, "2012-02-29": -154.554, "2011-11-30": "-26.70700", "2011-08-31": -22.534, "2011-05-31": 8.828, "2011-02-28": 272.163, "2010-11-30": "-114.17500", "2010-08-31": 143.98, "2010-05-31": -193.788, "2010-02-28": -57.93, "2009-11-30": "-24.20500", "2009-08-31": 107.357, "2009-05-31": -6.021, "2009-02-28": 195.054, "2008-11-30": "-193.04100", "2008-08-31": -87.146, "2008-05-31": 328.7, "2008-02-29": -133.087, "2007-11-30": "0.83100", "2007-08-31": 105.267, "2007-05-31": 3.671, "2007-02-28": -96.605, "2006-11-30": "-122.27100", "2006-08-31": -81.316, "2006-05-31": -63.743, "2006-02-28": 43.002, "2005-11-30": "79.54900", "2005-08-31": 115.029, "2005-05-31": -98.734, "2005-02-28": 158.454}, "Stock-Based Compensation": {"2020-11-30": "33.54100", "2020-08-31": 20.87, "2020-05-31": 16.882, "2020-02-29": 15.109, "2019-11-30": "30.22300", "2019-08-31": 13.894, "2019-05-31": 14.506, "2019-02-28": 15.697, "2018-11-30": "17.24900", "2018-08-31": 15.687, "2018-05-31": 15.039, "2018-02-28": 14.964, "2017-11-30": "44.97400", "2017-08-31": 15.167, "2017-05-31": 18.35, "2017-02-28": 15.318, "2016-11-30": "-0.29100", "2016-08-31": 0.492, "2016-05-31": 13.445, "2016-02-29": 20.268, "2015-11-30": "24.79200", "2015-08-31": 9.459, "2015-05-31": 20.119, "2015-02-28": 14.939, "2014-11-30": "18.04300", "2014-08-31": 2.367, "2014-05-31": 16.078, "2014-02-28": 16.745, "2013-11-30": "-24.56600", "2013-08-31": 16.182, "2013-05-31": 15.688, "2013-02-28": 17.71, "2012-11-30": "18.80300", "2012-08-31": 21.548, "2012-05-31": 20.123, "2012-02-29": 21.069, "2011-11-30": "18.66500", "2011-08-31": 16.376, "2011-05-31": 20.053, "2011-02-28": 20.301, "2010-11-30": "19.50000", "2010-08-31": 36.629, "2010-05-31": 27.487, "2010-02-28": 26.512, "2009-11-30": "13.98100", "2009-08-31": 10.982, "2009-05-31": 13.039, "2009-02-28": 5.187, "2008-11-30": "14.81800", "2008-08-31": 6.965, "2008-05-31": 9.308, "2008-02-29": 15.027, "2007-11-30": "5.10400", "2007-08-31": 5.659, "2007-05-31": 14.266, "2007-02-28": 11.844, "2006-11-30": "11.51800", "2006-08-31": 10.711, "2006-05-31": 8.848, "2006-02-28": 7.152, "2005-11-30": "17.13700", "2005-08-31": 35.968, "2005-05-31": 0.511, "2005-02-28": 0.805}, "Common Stock Dividends Paid": {"2020-11-30": "-13.81400", "2020-08-31": -12.051, "2020-05-31": -12.131, "2020-02-29": -12.549, "2019-11-30": "-13.73100", "2019-08-31": -12.268, "2019-05-31": -12.314, "2019-02-28": -12.894, "2018-11-30": "-14.52800", "2018-08-31": -13.559, "2018-05-31": -13.843, "2018-02-28": -14.2, "2017-11-30": "-16.23100", "2017-08-31": -14.409, "2017-05-31": -14.61, "2017-02-28": -14.881, "2016-11-30": "-16.05900", "2016-08-31": -15.314, "2016-05-31": -15.327, "2016-02-29": -15.254, "2015-11-30": "-16.54100", "2015-08-31": -15.515, "2015-05-31": -15.545, "2015-02-28": -15.471, "2014-11-30": "-16.60700", "2014-08-31": -16.049, "2014-05-31": -16.37, "2014-02-28": -16.531, "2013-11-30": "-19.26100", "2013-08-31": -15.438, "2013-05-31": -16.995, "2013-02-28": -16.197, "2012-11-30": "-18.55100", "2012-08-31": -16.524, "2012-05-31": -16.901, "2012-02-29": -16.62, "2011-11-30": "-15.52800", "2011-08-31": -15.105, "2011-05-31": -15.092, "2011-02-28": -15.02, "2010-11-30": "-15.19400", "2010-08-31": -14.968, "2010-05-31": -14.98, "2010-02-28": -14.929, "2009-11-30": "-14.99200", "2009-08-31": -14.954, "2009-05-31": -14.974, "2009-02-28": -14.916, "2008-11-30": "-14.73900", "2008-08-31": -14.704, "2008-05-31": -14.704, "2008-02-29": -14.667, "2007-11-30": "-14.55900", "2007-08-31": -14.517, "2007-05-31": -14.414, "2007-02-28": -14.378, "2006-11-30": "-14.29500", "2006-08-31": -14.855, "2006-05-31": 0, "2006-02-28": 0, "2005-11-30": "", "2005-08-31": 0, "2005-05-31": 0, "2005-02-28": 0}}, "financial ratios": {"Current Ratio": {"2020-08-31": "1.00830", "2019-08-31": "0.97810", "2018-08-31": "1.04410", "2017-08-31": "0.96450", "2016-08-31": "1.05030", "2015-08-31": "1.03380", "2014-08-31": "1.24020", "2013-08-31": "1.19650", "2012-08-31": "1.46130", "2011-08-31": "1.31520", "2010-08-31": "1.29090", "2009-08-31": "1.36890", "2008-08-31": "1.35810", "2007-08-31": "1.22580", "2006-08-31": "1.36190", "2005-08-31": "1.71280"}, "Long-term Debt / Capital": {"2020-08-31": "0.59470", "2019-08-31": "0.52740", "2018-08-31": "0.55950", "2017-08-31": "0.40410", "2016-08-31": "0.45770", "2015-08-31": "0.36390", "2014-08-31": "0.42480", "2013-08-31": "0.41780", "2012-08-31": "0.44040", "2011-08-31": "0.37130", "2010-08-31": "0.39010", "2009-08-31": "0.41820", "2008-08-31": "0.28820", "2007-08-31": "0.23740", "2006-08-31": "0.12560", "2005-08-31": "0.13210"}, "Debt/Equity Ratio": {"2020-08-31": "1.49470", "2019-08-31": "1.31340", "2018-08-31": "1.28280", "2017-08-31": "0.86570", "2016-08-31": "0.86260", "2015-08-31": "0.71040", "2014-08-31": "0.74440", "2013-08-31": "0.80910", "2012-08-31": "0.79550", "2011-08-31": "0.63000", "2010-08-31": "0.74490", "2009-08-31": "0.85580", "2008-08-31": "0.50430", "2007-08-31": "0.51670", "2006-08-31": "0.17140", "2005-08-31": "0.15250"}, "Gross Margin": {"2020-08-31": "7.08130", "2019-08-31": "7.56810", "2018-08-31": "7.72460", "2017-08-31": "8.10800", "2016-08-31": "8.32400", "2015-08-31": "8.39820", "2014-08-31": "6.50670", "2013-08-31": "7.02740", "2012-08-31": "7.19270", "2011-08-31": "7.59480", "2010-08-31": "7.48840", "2009-08-31": "6.15180", "2008-08-31": "6.79050", "2007-08-31": "6.60690", "2006-08-31": "7.45120", "2005-08-31": "8.35290"}, "Operating Margin": {"2020-08-31": "1.83320", "2019-08-31": "2.77410", "2018-08-31": "2.45370", "2017-08-31": "2.15200", "2016-08-31": "2.84870", "2015-08-31": "3.10300", "2014-08-31": "1.29470", "2013-08-31": "2.62280", "2012-08-31": "3.40490", "2011-08-31": "3.50350", "2010-08-31": "2.44280", "2009-08-31": "-7.78980", "2008-08-31": "1.96720", "2007-08-31": "1.48030", "2006-08-31": "2.35550", "2005-08-31": "3.34870"}, "EBIT Margin": {"2020-08-31": "1.83320", "2019-08-31": "2.77410", "2018-08-31": "2.45370", "2017-08-31": "2.15200", "2016-08-31": "2.84870", "2015-08-31": "3.10300", "2014-08-31": "1.29470", "2013-08-31": "2.62280", "2012-08-31": "3.40490", "2011-08-31": "3.50350", "2010-08-31": "2.44280", "2009-08-31": "-7.78980", "2008-08-31": "1.96720", "2007-08-31": "1.48030", "2006-08-31": "2.35550", "2005-08-31": "3.34870"}, "EBITDA Margin": {"2020-08-31": "4.74730", "2019-08-31": "5.82690", "2018-08-31": "5.95530", "2017-08-31": "6.14080", "2016-08-31": "6.64510", "2015-08-31": "6.05940", "2014-08-31": "4.38610", "2013-08-31": "5.04670", "2012-08-31": "5.59490", "2011-08-31": "5.43570", "2010-08-31": "4.55540", "2009-08-31": "3.46280", "2008-08-31": "4.15220", "2007-08-31": "3.43430", "2006-08-31": "4.27730", "2005-08-31": "6.26080"}, "Pre-Tax Profit Margin": {"2020-08-31": "0.95630", "2019-08-31": "1.78270", "2018-08-31": "1.68990", "2017-08-31": "1.34410", "2016-08-31": "2.10890", "2015-08-31": "2.41150", "2014-08-31": "0.45760", "2013-08-31": "1.89640", "2012-08-31": "2.70460", "2011-08-31": "2.91300", "2010-08-31": "1.84400", "2009-08-31": "-8.60220", "2008-08-31": "1.23000", "2007-08-31": "0.76900", "2006-08-31": "2.19290", "2005-08-31": "3.20250"}, "Net Profit Margin": {"2020-08-31": "0.19770", "2019-08-31": "1.13560", "2018-08-31": "0.39070", "2017-08-31": "0.67720", "2016-08-31": "1.38450", "2015-08-31": "1.58680", "2014-08-31": "1.53100", "2013-08-31": "2.15360", "2012-08-31": "2.44530", "2011-08-31": "2.30680", "2010-08-31": "1.25910", "2009-08-31": "-9.97230", "2008-08-31": "1.04770", "2007-08-31": "0.59590", "2006-08-31": "1.60260", "2005-08-31": "2.70950"}, "Asset Turnover": {"2020-08-31": "1.89380", "2019-08-31": "1.94920", "2018-08-31": "1.83430", "2017-08-31": "1.71800", "2016-08-31": "1.77790", "2015-08-31": "1.86610", "2014-08-31": "1.85880", "2013-08-31": "1.88440", "2012-08-31": "2.06850", "2011-08-31": "2.34050", "2010-08-31": "2.10580", "2009-08-31": "2.19720", "2008-08-31": "1.81730", "2007-08-31": "1.95240", "2006-08-31": "1.89690", "2005-08-31": "1.84060"}, "Inventory Turnover Ratio": {"2020-08-31": "8.08980", "2019-08-31": "7.73040", "2018-08-31": "5.89660", "2017-08-31": "5.95410", "2016-08-31": "6.84900", "2015-08-31": "6.53940", "2014-08-31": "7.33860", "2013-08-31": "7.56940", "2012-08-31": "6.60210", "2011-08-31": "6.85310", "2010-08-31": "5.92380", "2009-08-31": "8.93950", "2008-08-31": "7.79140", "2007-08-31": "8.35170", "2006-08-31": "6.53980", "2005-08-31": "8.42570"}, "Receiveable Turnover": {"2020-08-31": "9.57480", "2019-08-31": "9.20960", "2018-08-31": "13.04900", "2017-08-31": "13.64160", "2016-08-31": "13.49880", "2015-08-31": "12.19920", "2014-08-31": "13.04260", "2013-08-31": "14.60310", "2012-08-31": "14.20880", "2011-08-31": "14.81230", "2010-08-31": "9.28710", "2009-08-31": "8.99910", "2008-08-31": "8.51940", "2007-08-31": "8.94180", "2006-08-31": "7.86300", "2005-08-31": "7.87600"}, "Days Sales In Receivables": {"2020-08-31": "38.12110", "2019-08-31": "39.63270", "2018-08-31": "27.97150", "2017-08-31": "26.75640", "2016-08-31": "27.03950", "2015-08-31": "29.92010", "2014-08-31": "27.98530", "2013-08-31": "24.99470", "2012-08-31": "25.68830", "2011-08-31": "24.64160", "2010-08-31": "39.30190", "2009-08-31": "40.55960", "2008-08-31": "42.84320", "2007-08-31": "40.81970", "2006-08-31": "46.41970", "2005-08-31": "46.34320"}, "ROE - Return On Equity": {"2020-08-31": "3.11050", "2019-08-31": "15.22940", "2018-08-31": "4.45870", "2017-08-31": "5.36940", "2016-08-31": "10.37220", "2015-08-31": "12.59890", "2014-08-31": "-0.07030", "2013-08-31": "13.56290", "2012-08-31": "15.83440", "2011-08-31": "20.32880", "2010-08-31": "10.72130", "2009-08-31": "-80.83910", "2008-08-31": "4.86330", "2007-08-31": "2.99780", "2006-08-31": "7.17020", "2005-08-31": "9.50050"}, "Return On Tangible Equity": {"2020-08-31": "6.18050", "2019-08-31": "28.33400", "2018-08-31": "8.28590", "2017-08-31": "8.61820", "2016-08-31": "16.27930", "2015-08-31": "18.51280", "2014-08-31": "-0.09730", "2013-08-31": "18.29670", "2012-08-31": "17.62480", "2011-08-31": "21.77730", "2010-08-31": "11.69470", "2009-08-31": "-90.66260", "2008-08-31": "9.27630", "2007-08-31": "6.24920", "2006-08-31": "10.24580", "2005-08-31": "12.04480"}, "ROA - Return On Assets": {"2020-08-31": "0.39440", "2019-08-31": "2.23180", "2018-08-31": "0.72670", "2017-08-31": "1.14610", "2016-08-31": "2.46930", "2015-08-31": "3.06710", "2014-08-31": "-0.01870", "2013-08-31": "3.49020", "2012-08-31": "4.27630", "2011-08-31": "5.42590", "2010-08-31": "2.68170", "2009-08-31": "-21.92670", "2008-08-31": "1.87810", "2007-08-31": "1.16340", "2006-08-31": "3.04000", "2005-08-31": "4.98720"}, "ROI - Return On Investment": {"2020-08-31": "1.26070", "2019-08-31": "7.19720", "2018-08-31": "1.96420", "2017-08-31": "3.19970", "2016-08-31": "5.62500", "2015-08-31": "8.01410", "2014-08-31": "-0.04040", "2013-08-31": "7.89630", "2012-08-31": "8.86120", "2011-08-31": "12.78050", "2010-08-31": "6.53850", "2009-08-31": "-47.03100", "2008-08-31": "3.46180", "2007-08-31": "2.28610", "2006-08-31": "6.26970", "2005-08-31": "8.24560"}, "Book Value Per Share": {"2020-08-31": "12.14260", "2019-08-31": "12.38120", "2018-08-31": "11.92910", "2017-08-31": "13.32570", "2016-08-31": "13.14180", "2015-08-31": "12.15720", "2014-08-31": "11.64450", "2013-08-31": "11.59440", "2012-08-31": "10.22830", "2011-08-31": "9.26090", "2010-08-31": "7.56670", "2009-08-31": "6.93390", "2008-08-31": "13.15890", "2007-08-31": "11.94190", "2006-08-31": "11.79610", "2005-08-31": "10.49400"}, "Operating Cash Flow Per Share": {"2020-08-31": 0.5768, "2019-08-31": 13.8356, "2018-08-31": 1.563, "2017-08-31": -12.6316, "2016-08-31": -1.5758, "2015-08-31": 3.8617, "2014-08-31": -3.3738, "2013-08-31": 2.838, "2012-08-31": -0.7482, "2011-08-31": 1.7872, "2010-08-31": -0.7281, "2009-08-31": 0.6963, "2008-08-31": 1.1075, "2007-08-31": -1.2202, "2006-08-31": -0.7319, "2005-08-31": 2.8406}, "Free Cash Flow Per Share": {"2020-08-31": 0.4073, "2019-08-31": 12.7973, "2018-08-31": 0.5557, "2017-08-31": -10.8854, "2016-08-31": -1.4023, "2015-08-31": 1.3144, "2014-08-31": -2.1902, "2013-08-31": 1.6473, "2012-08-31": -1.0541, "2011-08-31": 1.5979, "2010-08-31": -1.1496, "2009-08-31": 0.8855, "2008-08-31": 0.9211, "2007-08-31": -1.4053, "2006-08-31": -0.7445, "2005-08-31": 1.6732}}, "financial ratios, quarterly": {"Current Ratio": {"2020-11-30": "1.01920", "2020-08-31": "1.00830", "2020-05-31": "0.94270", "2020-02-29": "0.94920", "2019-11-30": "0.96760", "2019-08-31": "0.97810", "2019-05-31": "1.01360", "2019-02-28": "1.01990", "2018-11-30": "1.02310", "2018-08-31": "1.04410", "2018-05-31": "1.02290", "2018-02-28": "1.04010", "2017-11-30": "0.95480", "2017-08-31": "0.96450", "2017-05-31": "0.96340", "2017-02-28": "1.06330", "2016-11-30": "1.03860", "2016-08-31": "1.05030", "2016-05-31": "1.02690", "2016-02-29": "1.03580", "2015-11-30": "1.09380", "2015-08-31": "1.03380", "2015-05-31": "1.16420", "2015-02-28": "1.20710", "2014-11-30": "1.21480", "2014-08-31": "1.24020", "2014-05-31": "1.32640", "2014-02-28": "1.26760", "2013-11-30": "1.19860", "2013-08-31": "1.19650", "2013-05-31": "1.42020", "2013-02-28": "1.39460", "2012-11-30": "1.39270", "2012-08-31": "1.46130", "2012-05-31": "1.31690", "2012-02-29": "1.32760", "2011-11-30": "1.32950", "2011-08-31": "1.31520", "2011-05-31": "1.35890", "2011-02-28": "1.34540", "2010-11-30": "1.35030", "2010-08-31": "1.29090", "2010-05-31": "1.35510", "2010-02-28": "1.39280", "2009-11-30": "1.36220", "2009-08-31": "1.36890", "2009-05-31": "1.39350", "2009-02-28": "1.38420", "2008-11-30": "1.31410", "2008-08-31": "1.35810", "2008-05-31": "1.40110", "2008-02-29": "1.37010", "2007-11-30": "1.23970", "2007-08-31": "1.22580", "2007-05-31": "1.08590", "2007-02-28": "1.09480", "2006-11-30": "1.35240", "2006-08-31": "1.36190", "2006-05-31": "1.59010", "2006-02-28": "1.78060", "2005-11-30": "1.64740", "2005-08-31": "1.71280", "2005-05-31": "1.77300", "2005-02-28": "1.96070"}, "Long-term Debt / Capital": {"2020-11-30": "0.57330", "2020-08-31": "0.59470", "2020-05-31": "0.55920", "2020-02-29": "0.54250", "2019-11-30": "0.53360", "2019-08-31": "0.52740", "2019-05-31": "0.57020", "2019-02-28": "0.57180", "2018-11-30": "0.56630", "2018-08-31": "0.55950", "2018-05-31": "0.49880", "2018-02-28": "0.48740", "2017-11-30": "0.41940", "2017-08-31": "0.40410", "2017-05-31": "0.41240", "2017-02-28": "0.45860", "2016-11-30": "0.46360", "2016-08-31": "0.45770", "2016-05-31": "0.41630", "2016-02-29": "0.42160", "2015-11-30": "0.43090", "2015-08-31": "0.36390", "2015-05-31": "0.41590", "2015-02-28": "0.42340", "2014-11-30": "0.42510", "2014-08-31": "0.42480", "2014-05-31": "0.40770", "2014-02-28": "0.41930", "2013-11-30": "0.40970", "2013-08-31": "0.41780", "2013-05-31": "0.42800", "2013-02-28": "0.43160", "2012-11-30": "0.44370", "2012-08-31": "0.44040", "2012-05-31": "0.36130", "2012-02-29": "0.35530", "2011-11-30": "0.36740", "2011-08-31": "0.37130", "2011-05-31": "0.36220", "2011-02-28": "0.37830", "2010-11-30": "0.39170", "2010-08-31": "0.39010", "2010-05-31": "0.40720", "2010-02-28": "0.41050", "2009-11-30": "0.41260", "2009-08-31": "0.41820", "2009-05-31": "0.43030", "2009-02-28": "0.43270", "2008-11-30": "0.31870", "2008-08-31": "0.28820", "2008-05-31": "0.30020", "2008-02-29": "0.27700", "2007-11-30": "0.22750", "2007-08-31": "0.23740", "2007-05-31": "0.13650", "2007-02-28": "0.14400", "2006-11-30": "0.12200", "2006-08-31": "0.12560", "2006-05-31": "0.11550", "2006-02-28": "0.11910", "2005-11-30": "0.12720", "2005-08-31": "0.13210", "2005-05-31": "0.13230", "2005-02-28": "0.12550"}, "Debt/Equity Ratio": {"2020-11-30": "1.36870", "2020-08-31": "1.49470", "2020-05-31": "1.51180", "2020-02-29": "1.54860", "2019-11-30": "1.34690", "2019-08-31": "1.31340", "2019-05-31": "1.57010", "2019-02-28": "1.42970", "2018-11-30": "1.31890", "2018-08-31": "1.28280", "2018-05-31": "1.12040", "2018-02-28": "0.96260", "2017-11-30": "0.90440", "2017-08-31": "0.86570", "2017-05-31": "0.93200", "2017-02-28": "0.86640", "2016-11-30": "0.88250", "2016-08-31": "0.86260", "2016-05-31": "0.85650", "2016-02-29": "0.94540", "2015-11-30": "0.90230", "2015-08-31": "0.71040", "2015-05-31": "0.71700", "2015-02-28": "0.73940", "2014-11-30": "0.74440", "2014-08-31": "0.74440", "2014-05-31": "0.71700", "2014-02-28": "0.79130", "2013-11-30": "0.74240", "2013-08-31": "0.80910", "2013-05-31": "0.75250", "2013-02-28": "0.80960", "2012-11-30": "0.80230", "2012-08-31": "0.79550", "2012-05-31": "0.71260", "2012-02-29": "0.69050", "2011-11-30": "0.62450", "2011-08-31": "0.63000", "2011-05-31": "0.60920", "2011-02-28": "0.68460", "2010-11-30": "0.76060", "2010-08-31": "0.74490", "2010-05-31": "0.74490", "2010-02-28": "0.80250", "2009-11-30": "0.80200", "2009-08-31": "0.85580", "2009-05-31": "0.86630", "2009-02-28": "0.88620", "2008-11-30": "0.58040", "2008-08-31": "0.50430", "2008-05-31": "0.52160", "2008-02-29": "0.43790", "2007-11-30": "0.49520", "2007-08-31": "0.51670", "2007-05-31": "0.54440", "2007-02-28": "0.59050", "2006-11-30": "0.25150", "2006-08-31": "0.17140", "2006-05-31": "0.14060", "2006-02-28": "0.13680", "2005-11-30": "0.14660", "2005-08-31": "0.15250", "2005-05-31": "0.15270", "2005-02-28": "0.14380"}, "Gross Margin": {"2020-11-30": "8.10160", "2020-08-31": "6.72190", "2020-05-31": "7.19970", "2020-02-29": "7.02240", "2019-11-30": "7.37890", "2019-08-31": "7.53150", "2019-05-31": "7.23320", "2019-02-28": "7.49750", "2018-11-30": "7.98690", "2018-08-31": "7.66040", "2018-05-31": "7.32450", "2018-02-28": "7.49150", "2017-11-30": "8.40180", "2017-08-31": "8.47730", "2017-05-31": "7.27050", "2017-02-28": "8.14070", "2016-11-30": "8.45280", "2016-08-31": "7.30460", "2016-05-31": "7.44850", "2016-02-29": "9.07060", "2015-11-30": "9.28450", "2015-08-31": "8.04510", "2015-05-31": "8.62280", "2015-02-28": "8.53540", "2014-11-30": "8.41650", "2014-08-31": "6.46540", "2014-05-31": "5.70410", "2014-02-28": "5.95840", "2013-11-30": "7.69680", "2013-08-31": "6.48250", "2013-05-31": "7.09140", "2013-02-28": "6.92500", "2012-11-30": "7.56080", "2012-08-31": "5.09350", "2012-05-31": "7.74710", "2012-02-29": "7.60510", "2011-11-30": "7.85830", "2011-08-31": "7.69110", "2011-05-31": "7.53070", "2011-02-28": "7.54460", "2010-11-30": "7.60850", "2010-08-31": "7.44660", "2010-05-31": "7.58520", "2010-02-28": "7.41340", "2009-11-30": "7.50510", "2009-08-31": "6.82140", "2009-05-31": "5.68200", "2009-02-28": "5.38710", "2008-11-30": "6.61380", "2008-08-31": "7.04470", "2008-05-31": "6.80580", "2008-02-29": "6.14350", "2007-11-30": "7.11750", "2007-08-31": "7.33410", "2007-05-31": "7.29500", "2007-02-28": "5.84390", "2006-11-30": "5.95490", "2006-08-31": "6.66260", "2006-05-31": "7.23800", "2006-02-28": "7.97630", "2005-11-30": "8.14430", "2005-08-31": "8.40210", "2005-05-31": "8.36160", "2005-02-28": "8.18480"}, "Operating Margin": {"2020-11-30": "4.00830", "2020-08-31": "2.69930", "2020-05-31": "0.93730", "2020-02-29": "1.47970", "2019-11-30": "2.03550", "2019-08-31": "2.88650", "2019-05-31": "2.29670", "2019-02-28": "2.53810", "2018-11-30": "3.33080", "2018-08-31": "2.66630", "2018-05-31": "2.07780", "2018-02-28": "2.44350", "2017-11-30": "2.60950", "2017-08-31": "2.35030", "2017-05-31": "0.96630", "2017-02-28": "1.87110", "2016-11-30": "3.24410", "2016-08-31": "2.11710", "2016-05-31": "1.38250", "2016-02-29": "3.51820", "2015-11-30": "4.11870", "2015-08-31": "3.21270", "2015-05-31": "3.10700", "2015-02-28": "2.89720", "2014-11-30": "3.18110", "2014-08-31": "1.14990", "2014-05-31": "-0.04260", "2014-02-28": "0.10180", "2013-11-30": "3.57850", "2013-08-31": "1.31690", "2013-05-31": "2.21930", "2013-02-28": "3.19320", "2012-11-30": "3.67220", "2012-08-31": "2.16140", "2012-05-31": "3.68400", "2012-02-29": "3.54610", "2011-11-30": "3.94850", "2011-08-31": "3.86800", "2011-05-31": "3.60800", "2011-02-28": "2.66350", "2010-11-30": "3.82150", "2010-08-31": "2.66750", "2010-05-31": "2.79350", "2010-02-28": "2.05610", "2009-11-30": "2.14570", "2009-08-31": "1.54120", "2009-05-31": "-0.29850", "2009-02-28": "-24.43650", "2008-11-30": "-7.09410", "2008-08-31": "2.68840", "2008-05-31": "2.04290", "2008-02-29": "0.05300", "2007-11-30": "2.93680", "2007-08-31": "1.61450", "2007-05-31": "1.12030", "2007-02-28": "1.24980", "2006-11-30": "1.89510", "2006-08-31": "-0.25790", "2006-05-31": "2.98000", "2006-02-28": "3.60030", "2005-11-30": "3.69420", "2005-08-31": "2.48710", "2005-05-31": "3.77810", "2005-02-28": "3.36680"}, "EBIT Margin": {"2020-11-30": "4.00830", "2020-08-31": "2.69930", "2020-05-31": "0.93730", "2020-02-29": "1.47970", "2019-11-30": "2.03550", "2019-08-31": "2.88650", "2019-05-31": "2.29670", "2019-02-28": "2.53810", "2018-11-30": "3.33080", "2018-08-31": "2.66630", "2018-05-31": "2.07780", "2018-02-28": "2.44350", "2017-11-30": "2.60950", "2017-08-31": "2.35030", "2017-05-31": "0.96630", "2017-02-28": "1.87110", "2016-11-30": "3.24410", "2016-08-31": "2.11710", "2016-05-31": "1.38250", "2016-02-29": "3.51820", "2015-11-30": "4.11870", "2015-08-31": "3.21270", "2015-05-31": "3.10700", "2015-02-28": "2.89720", "2014-11-30": "3.18110", "2014-08-31": "1.14990", "2014-05-31": "-0.04260", "2014-02-28": "0.10180", "2013-11-30": "3.57850", "2013-08-31": "1.31690", "2013-05-31": "2.21930", "2013-02-28": "3.19320", "2012-11-30": "3.67220", "2012-08-31": "2.16140", "2012-05-31": "3.68400", "2012-02-29": "3.54610", "2011-11-30": "3.94850", "2011-08-31": "3.86790", "2011-05-31": "3.60800", "2011-02-28": "2.66350", "2010-11-30": "3.82150", "2010-08-31": "2.66750", "2010-05-31": "2.79350", "2010-02-28": "2.05610", "2009-11-30": "2.14570", "2009-08-31": "1.54110", "2009-05-31": "-0.29850", "2009-02-28": "-24.43650", "2008-11-30": "-7.09410", "2008-08-31": "2.68840", "2008-05-31": "2.04290", "2008-02-29": "0.05300", "2007-11-30": "2.93680", "2007-08-31": "1.61460", "2007-05-31": "1.12030", "2007-02-28": "1.24980", "2006-11-30": "1.89510", "2006-08-31": "-0.25790", "2006-05-31": "2.98000", "2006-02-28": "3.60030", "2005-11-30": "3.69420", "2005-08-31": "2.48710", "2005-05-31": "3.77810", "2005-02-28": "3.36680"}, "EBITDA Margin": {"2020-11-30": "", "2020-08-31": "", "2020-05-31": "", "2020-02-29": "", "2019-11-30": "", "2019-08-31": "", "2019-05-31": "", "2019-02-28": "", "2018-11-30": "", "2018-08-31": "", "2018-05-31": "", "2018-02-28": "", "2017-11-30": "", "2017-08-31": "", "2017-05-31": "", "2017-02-28": "", "2016-11-30": "", "2016-08-31": "", "2016-05-31": "", "2016-02-29": "", "2015-11-30": "", "2015-08-31": "", "2015-05-31": "", "2015-02-28": "", "2014-11-30": "", "2014-08-31": "", "2014-05-31": "", "2014-02-28": "", "2013-11-30": "", "2013-08-31": "", "2013-05-31": "", "2013-02-28": "", "2012-11-30": "", "2012-08-31": "", "2012-05-31": "", "2012-02-29": "", "2011-11-30": "", "2011-08-31": "", "2011-05-31": "", "2011-02-28": "", "2010-11-30": "", "2010-08-31": "", "2010-05-31": "", "2010-02-28": "", "2009-11-30": "", "2009-08-31": "", "2009-05-31": "", "2009-02-28": "", "2008-11-30": "", "2008-08-31": "", "2008-05-31": "", "2008-02-29": "", "2007-11-30": "", "2007-08-31": "", "2007-05-31": "", "2007-02-28": "", "2006-11-30": "", "2006-08-31": "", "2006-05-31": "", "2006-02-28": "", "2005-11-30": "", "2005-08-31": "", "2005-05-31": "", "2005-02-28": ""}, "Pre-Tax Profit Margin": {"2020-11-30": "3.64390", "2020-08-31": "1.57870", "2020-05-31": "0.21740", "2020-02-29": "0.47470", "2019-11-30": "1.36750", "2019-08-31": "1.55040", "2019-05-31": "1.35400", "2019-02-28": "1.66190", "2018-11-30": "2.53430", "2018-08-31": "1.88060", "2018-05-31": "1.30870", "2018-02-28": "1.62720", "2017-11-30": "1.92350", "2017-08-31": "1.62480", "2017-05-31": "-0.09400", "2017-02-28": "1.08650", "2016-11-30": "2.55710", "2016-08-31": "1.35910", "2016-05-31": "0.56310", "2016-02-29": "2.74290", "2015-11-30": "3.49020", "2015-08-31": "2.59120", "2015-05-31": "2.39480", "2015-02-28": "2.15940", "2014-11-30": "2.48160", "2014-08-31": "0.35500", "2014-05-31": "-0.90280", "2014-02-28": "-0.83100", "2013-11-30": "2.80080", "2013-08-31": "0.55080", "2013-05-31": "1.46270", "2013-02-28": "2.46520", "2012-11-30": "3.01090", "2012-08-31": "1.26590", "2012-05-31": "3.03410", "2012-02-29": "2.88620", "2011-11-30": "3.30950", "2011-08-31": "3.29490", "2011-05-31": "2.99240", "2011-02-28": "2.00470", "2010-11-30": "3.30430", "2010-08-31": "2.15710", "2010-05-31": "2.21950", "2010-02-28": "1.37350", "2009-11-30": "1.49010", "2009-08-31": "0.35440", "2009-05-31": "-1.02140", "2009-02-28": "-25.09500", "2008-11-30": "-7.79750", "2008-08-31": "1.97990", "2008-05-31": "1.38970", "2008-02-29": "-0.72770", "2007-11-30": "2.13460", "2007-08-31": "0.81120", "2007-05-31": "0.17790", "2007-02-28": "0.52230", "2006-11-30": "1.50300", "2006-08-31": "-0.54710", "2006-05-31": "2.81240", "2006-02-28": "3.49250", "2005-11-30": "3.63980", "2005-08-31": "2.39060", "2005-05-31": "3.63590", "2005-02-28": "3.20630"}, "Net Profit Margin": {"2020-11-30": "2.55910", "2020-08-31": "0.92780", "2020-05-31": "-0.80430", "2020-02-29": "-0.05360", "2019-11-30": "0.53860", "2019-08-31": "0.80130", "2019-05-31": "0.70870", "2019-02-28": "1.11020", "2018-11-30": "1.89970", "2018-08-31": "-0.99300", "2018-05-31": "0.78240", "2018-02-28": "0.70380", "2017-11-30": "1.14210", "2017-08-31": "0.90940", "2017-05-31": "-0.56310", "2017-02-28": "0.46480", "2016-11-30": "1.72440", "2016-08-31": "0.85920", "2016-05-31": "0.12090", "2016-02-29": "1.79240", "2015-11-30": "2.53240", "2015-08-31": "1.87360", "2015-05-31": "1.65650", "2015-02-28": "1.20560", "2014-11-30": "1.58580", "2014-08-31": "-0.64580", "2014-05-31": "4.97260", "2014-02-28": "-1.08090", "2013-11-30": "2.71540", "2013-08-31": "2.98880", "2013-05-31": "1.19350", "2013-02-28": "2.12500", "2012-11-30": "2.28270", "2012-08-31": "2.48880", "2012-05-31": "2.38350", "2012-02-29": "2.30630", "2011-11-30": "2.60870", "2011-08-31": "2.67010", "2011-05-31": "2.47640", "2011-02-28": "1.41020", "2010-11-30": "2.61320", "2010-08-31": "1.52010", "2010-05-31": "1.50570", "2010-02-28": "0.99280", "2009-11-30": "0.91600", "2009-08-31": "0.19670", "2009-05-31": "-1.09980", "2009-02-28": "-29.99580", "2008-11-30": "-8.15540", "2008-08-31": "1.76090", "2008-05-31": "1.24490", "2008-02-29": "-0.78610", "2007-11-30": "1.84090", "2007-08-31": "0.37460", "2007-05-31": "0.20770", "2007-02-28": "0.47360", "2006-11-30": "1.28340", "2006-08-31": "-1.54450", "2006-05-31": "2.47740", "2006-02-28": "2.98150", "2005-11-30": "3.19790", "2005-08-31": "2.08980", "2005-05-31": "3.06190", "2005-02-28": "2.68340"}, "Asset Turnover": {"2020-11-30": "0.51300", "2020-08-31": "0.50700", "2020-05-31": "0.47310", "2020-02-29": "0.46620", "2019-11-30": "0.51960", "2019-08-31": "0.50680", "2019-05-31": "0.48660", "2019-02-28": "0.48630", "2018-11-30": "0.50920", "2018-08-31": "0.47920", "2018-05-31": "0.48650", "2018-02-28": "0.46140", "2017-11-30": "0.48490", "2017-08-31": "0.45270", "2017-05-31": "0.43460", "2017-02-28": "0.44390", "2016-11-30": "0.48420", "2016-08-31": "0.42920", "2016-05-31": "0.43520", "2016-02-29": "0.44490", "2015-11-30": "0.50950", "2015-08-31": "0.48800", "2015-05-31": "0.48620", "2015-02-28": "0.50240", "2014-11-30": "0.51300", "2014-08-31": "0.47830", "2014-05-31": "0.46050", "2014-02-28": "0.44010", "2013-11-30": "0.48100", "2013-08-31": "0.46430", "2013-05-31": "0.51590", "2013-02-28": "0.50520", "2012-11-30": "0.56650", "2012-08-31": "0.42630", "2012-05-31": "0.57660", "2012-02-29": "0.59110", "2011-11-30": "0.60100", "2011-08-31": "0.60650", "2011-05-31": "0.60780", "2011-02-28": "0.59410", "2010-11-30": "0.63940", "2010-08-31": "0.60630", "2010-05-31": "0.60700", "2010-02-28": "0.55130", "2009-11-30": "0.54950", "2009-08-31": "0.52640", "2009-05-31": "0.50590", "2009-02-28": "0.54540", "2008-11-30": "0.49870", "2008-08-31": "0.46430", "2008-05-31": "0.44580", "2008-02-29": "0.47470", "2007-11-30": "0.50010", "2007-08-31": "0.49720", "2007-05-31": "0.48260", "2007-02-28": "0.46940", "2006-11-30": "0.56700", "2006-08-31": "0.54580", "2006-05-31": "0.51400", "2006-02-28": "0.50840", "2005-11-30": "0.54130", "2005-08-31": "0.49820", "2005-05-31": "0.51240", "2005-02-28": "0.47950"}, "Inventory Turnover Ratio": {"2020-11-30": "2.20000", "2020-08-31": "2.17430", "2020-05-31": "1.79050", "2020-02-29": "1.70510", "2019-11-30": "2.08000", "2019-08-31": "2.01070", "2019-05-31": "1.80160", "2019-02-28": "1.72770", "2018-11-30": "1.86240", "2018-08-31": "1.54140", "2018-05-31": "1.50690", "2018-02-28": "1.44750", "2017-11-30": "1.55830", "2017-08-31": "1.56260", "2017-05-31": "1.53820", "2017-02-28": "1.63470", "2016-11-30": "1.86470", "2016-08-31": "1.67190", "2016-05-31": "1.74040", "2016-02-29": "1.74620", "2015-11-30": "1.88700", "2015-08-31": "1.71670", "2015-05-31": "1.76170", "2015-02-28": "1.87230", "2014-11-30": "1.98520", "2014-08-31": "1.88940", "2014-05-31": "1.91800", "2014-02-28": "1.84660", "2013-11-30": "1.84990", "2013-08-31": "1.87590", "2013-05-31": "1.65460", "2013-02-28": "1.55320", "2012-11-30": "1.73830", "2012-08-31": "1.39160", "2012-05-31": "1.64950", "2012-02-29": "1.66490", "2011-11-30": "1.67190", "2011-08-31": "1.77390", "2011-05-31": "1.73130", "2011-02-28": "1.68140", "2010-11-30": "1.74750", "2010-08-31": "1.70640", "2010-05-31": "1.79230", "2010-02-28": "1.77720", "2009-11-30": "2.01600", "2009-08-31": "2.12660", "2009-05-31": "1.96460", "2009-02-28": "1.94630", "2008-11-30": "1.96040", "2008-08-31": "1.98510", "2008-05-31": "1.90400", "2008-02-29": "1.93640", "2007-11-30": "2.12400", "2007-08-31": "2.11020", "2007-05-31": "1.92390", "2007-02-28": "1.80290", "2006-11-30": "1.96160", "2006-08-31": "1.89770", "2006-05-31": "1.95560", "2006-02-28": "2.15030", "2005-11-30": "2.34600", "2005-08-31": "2.27930", "2005-05-31": "2.40330", "2005-02-28": "2.32700"}, "Receiveable Turnover": {"2020-11-30": "2.14480", "2020-08-31": "2.56340", "2020-05-31": "2.45590", "2020-02-29": "2.64690", "2019-11-30": "2.08720", "2019-08-31": "2.39450", "2019-05-31": "2.27530", "2019-02-28": "2.38520", "2018-11-30": "2.34240", "2018-08-31": "3.40870", "2018-05-31": "3.42660", "2018-02-28": "3.42030", "2017-11-30": "3.63940", "2017-08-31": "3.59450", "2017-05-31": "3.10660", "2017-02-28": "3.10090", "2016-11-30": "3.35930", "2016-08-31": "3.25880", "2016-05-31": "3.32380", "2016-02-29": "3.03830", "2015-11-30": "3.11030", "2015-08-31": "3.19020", "2015-05-31": "3.60710", "2015-02-28": "3.39540", "2014-11-30": "2.87130", "2014-08-31": "3.35640", "2014-05-31": "3.67160", "2014-02-28": "3.69930", "2013-11-30": "2.98000", "2013-08-31": "3.59790", "2013-05-31": "4.11360", "2013-02-28": "3.17710", "2012-11-30": "3.21750", "2012-08-31": "2.92870", "2012-05-31": "3.74460", "2012-02-29": "3.73990", "2011-11-30": "3.79200", "2011-08-31": "3.83810", "2011-05-31": "3.91200", "2011-02-28": "3.60530", "2010-11-30": "3.35620", "2010-08-31": "2.67400", "2010-05-31": "2.66000", "2010-02-28": "2.48840", "2009-11-30": "2.14860", "2009-08-31": "2.15610", "2009-05-31": "2.21670", "2009-02-28": "2.47780", "2008-11-30": "1.99580", "2008-08-31": "2.17650", "2008-05-31": "2.28870", "2008-02-29": "2.24260", "2007-11-30": "2.08410", "2007-08-31": "2.27700", "2007-05-31": "2.21850", "2007-02-28": "2.15810", "2006-11-30": "2.10410", "2006-08-31": "2.26240", "2006-05-31": "2.27540", "2006-02-28": "2.16490", "2005-11-30": "2.21490", "2005-08-31": "2.13180", "2005-05-31": "2.15520", "2005-02-28": "2.15730"}, "Days Sales In Receivables": {"2020-11-30": "41.96200", "2020-08-31": "35.10910", "2020-05-31": "36.64700", "2020-02-29": "34.00200", "2019-11-30": "43.12100", "2019-08-31": "37.58610", "2019-05-31": "39.55500", "2019-02-28": "37.73290", "2018-11-30": "38.42200", "2018-08-31": "26.40310", "2018-05-31": "26.26500", "2018-02-28": "26.31360", "2017-11-30": "24.72960", "2017-08-31": "25.03830", "2017-05-31": "28.97020", "2017-02-28": "29.02420", "2016-11-30": "26.79160", "2016-08-31": "27.61710", "2016-05-31": "27.07720", "2016-02-29": "29.62140", "2015-11-30": "28.93630", "2015-08-31": "28.21140", "2015-05-31": "24.95080", "2015-02-28": "26.50660", "2014-11-30": "31.34470", "2014-08-31": "26.81460", "2014-05-31": "24.51220", "2014-02-28": "24.32920", "2013-11-30": "30.20120", "2013-08-31": "25.01480", "2013-05-31": "21.87880", "2013-02-28": "28.32750", "2012-11-30": "27.97220", "2012-08-31": "30.73090", "2012-05-31": "24.03440", "2012-02-29": "24.06460", "2011-11-30": "23.73440", "2011-08-31": "23.44900", "2011-05-31": "23.00630", "2011-02-28": "24.96330", "2010-11-30": "26.81610", "2010-08-31": "33.65740", "2010-05-31": "33.83410", "2010-02-28": "36.16750", "2009-11-30": "41.88770", "2009-08-31": "41.74160", "2009-05-31": "40.60060", "2009-02-28": "36.32280", "2008-11-30": "45.09500", "2008-08-31": "41.35100", "2008-05-31": "39.32340", "2008-02-29": "40.13250", "2007-11-30": "43.18330", "2007-08-31": "39.52490", "2007-05-31": "40.56880", "2007-02-28": "41.70390", "2006-11-30": "42.77420", "2006-08-31": "39.78100", "2006-05-31": "39.55310", "2006-02-28": "41.57170", "2005-11-30": "40.63440", "2005-08-31": "42.21850", "2005-05-31": "41.76010", "2005-02-28": "41.71830"}, "ROE - Return On Equity": {"2020-11-30": "10.08080", "2020-08-31": "3.77500", "2020-05-31": "-3.05490", "2020-02-29": "-0.14670", "2019-11-30": "2.20160", "2019-08-31": "2.82840", "2019-05-31": "2.35820", "2019-02-28": "3.63700", "2018-11-30": "6.51130", "2018-08-31": "-2.88320", "2018-05-31": "1.95380", "2018-02-28": "1.63570", "2017-11-30": "2.72610", "2017-08-31": "1.94400", "2017-05-31": "-1.09690", "2017-02-28": "0.82910", "2016-11-30": "3.62470", "2016-08-31": "1.57510", "2016-05-31": "0.23250", "2016-02-29": "3.15600", "2015-11-30": "5.49350", "2015-08-31": "3.89770", "2015-05-31": "3.09990", "2015-02-28": "2.55220", "2014-11-30": "3.24480", "2014-08-31": "-0.81350", "2014-05-31": "-2.17620", "2014-02-28": "-1.39050", "2013-11-30": "4.21690", "2013-08-31": "4.21800", "2013-05-31": "1.77840", "2013-02-28": "3.45690", "2012-11-30": "5.08580", "2012-08-31": "0.95190", "2012-05-31": "5.03990", "2012-02-29": "4.86650", "2011-11-30": "5.93940", "2011-08-31": "6.13330", "2011-05-31": "5.34980", "2011-02-28": "3.08110", "2010-11-30": "6.29190", "2010-08-31": "3.72780", "2010-05-31": "3.48540", "2010-02-28": "2.00050", "2009-11-30": "1.95540", "2009-08-31": "0.41130", "2009-05-31": "-2.07540", "2009-02-28": "-61.79940", "2008-11-30": "-12.05370", "2008-08-31": "2.05000", "2008-05-31": "1.43690", "2008-02-29": "-0.92220", "2007-11-30": "2.40600", "2007-08-31": "0.47990", "2007-05-31": "0.25630", "2007-02-28": "0.58310", "2006-11-30": "1.74760", "2006-08-31": "-1.98820", "2006-05-31": "2.53430", "2006-02-28": "2.86400", "2005-11-30": "3.45580", "2005-08-31": "1.98330", "2005-05-31": "2.90080", "2005-02-28": "2.27870"}, "Return On Tangible Equity": {"2020-11-30": "18.46590", "2020-08-31": "7.50090", "2020-05-31": "-6.95140", "2020-02-29": "-0.31340", "2019-11-30": "4.37760", "2019-08-31": "5.26220", "2019-05-31": "4.50910", "2019-02-28": "7.06360", "2018-11-30": "12.29190", "2018-08-31": "-5.35800", "2018-05-31": "3.37370", "2018-02-28": "2.74580", "2017-11-30": "4.52300", "2017-08-31": "3.12020", "2017-05-31": "-1.77690", "2017-02-28": "1.29830", "2016-11-30": "5.72750", "2016-08-31": "2.47220", "2016-05-31": "0.36100", "2016-02-29": "4.93670", "2015-11-30": "8.15370", "2015-08-31": "5.72730", "2015-05-31": "4.32170", "2015-02-28": "3.51180", "2014-11-30": "4.47860", "2014-08-31": "-1.12630", "2014-05-31": "-2.91770", "2014-02-28": "-1.90340", "2013-11-30": "6.16000", "2013-08-31": "5.69020", "2013-05-31": "1.96970", "2013-02-28": "3.83040", "2012-11-30": "5.66290", "2012-08-31": "1.05950", "2012-05-31": "5.64610", "2012-02-29": "5.47040", "2011-11-30": "6.32590", "2011-08-31": "6.57040", "2011-05-31": "5.72920", "2011-02-28": "3.35340", "2010-11-30": "6.81150", "2010-08-31": "4.06630", "2010-05-31": "3.84530", "2010-02-28": "2.21490", "2009-11-30": "2.17890", "2009-08-31": "0.46130", "2009-05-31": "-2.35450", "2009-02-28": "-70.30550", "2008-11-30": "-19.91170", "2008-08-31": "3.91020", "2008-05-31": "2.86370", "2008-02-29": "-1.87490", "2007-11-30": "4.85670", "2007-08-31": "1.00050", "2007-05-31": "0.54040", "2007-02-28": "1.24040", "2006-11-30": "2.46530", "2006-08-31": "-2.84110", "2006-05-31": "3.40530", "2006-02-28": "3.50360", "2005-11-30": "4.31140", "2005-08-31": "2.51440", "2005-05-31": "3.73710", "2005-02-28": "2.76100"}, "ROA - Return On Assets": {"2020-11-30": "1.31640", "2020-08-31": "0.47860", "2020-05-31": "-0.37540", "2020-02-29": "-0.01960", "2019-11-30": "0.28190", "2019-08-31": "0.41450", "2019-05-31": "0.34920", "2019-02-28": "0.54190", "2018-11-30": "0.97100", "2018-08-31": "-0.46990", "2018-05-31": "0.38210", "2018-02-28": "0.32670", "2017-11-30": "0.55490", "2017-08-31": "0.41490", "2017-05-31": "-0.24880", "2017-02-28": "0.20090", "2016-11-30": "0.82230", "2016-08-31": "0.37500", "2016-05-31": "0.05890", "2016-02-29": "0.79240", "2015-11-30": "1.29060", "2015-08-31": "0.94890", "2015-05-31": "0.80590", "2015-02-28": "0.67360", "2014-11-30": "0.82450", "2014-08-31": "-0.21680", "2014-05-31": "-0.64330", "2014-02-28": "-0.39700", "2013-11-30": "1.12910", "2013-08-31": "1.08540", "2013-05-31": "0.48260", "2013-02-28": "0.91290", "2012-11-30": "1.28990", "2012-08-31": "0.25710", "2012-05-31": "1.37800", "2012-02-29": "1.37080", "2011-11-30": "1.58040", "2011-08-31": "1.63700", "2011-05-31": "1.49930", "2011-02-28": "0.84260", "2010-11-30": "1.68240", "2010-08-31": "0.93240", "2010-05-31": "0.92540", "2010-02-28": "0.54720", "2009-11-30": "0.51390", "2009-08-31": "0.11160", "2009-05-31": "-0.56570", "2009-02-28": "-16.37030", "2008-11-30": "-4.07060", "2008-08-31": "0.79170", "2008-05-31": "0.55490", "2008-02-29": "-0.37310", "2007-11-30": "0.92070", "2007-08-31": "0.18630", "2007-05-31": "0.10020", "2007-02-28": "0.22230", "2006-11-30": "0.72770", "2006-08-31": "-0.84300", "2006-05-31": "1.27340", "2006-02-28": "1.51580", "2005-11-30": "1.73110", "2005-08-31": "1.04110", "2005-05-31": "1.56900", "2005-02-28": "1.28670"}, "ROI - Return On Investment": {"2020-11-30": "4.30150", "2020-08-31": "1.53010", "2020-05-31": "-1.34650", "2020-02-29": "-0.06710", "2019-11-30": "1.02680", "2019-08-31": "1.33670", "2019-05-31": "1.01360", "2019-02-28": "1.55730", "2018-11-30": "2.82410", "2018-08-31": "-1.27010", "2018-05-31": "0.97920", "2018-02-28": "0.83850", "2017-11-30": "1.58290", "2017-08-31": "1.15850", "2017-05-31": "-0.64450", "2017-02-28": "0.44890", "2016-11-30": "1.94410", "2016-08-31": "0.85420", "2016-05-31": "0.13570", "2016-02-29": "1.82550", "2015-11-30": "3.12610", "2015-08-31": "2.47930", "2015-05-31": "1.81060", "2015-02-28": "1.47150", "2014-11-30": "1.86550", "2014-08-31": "-0.46790", "2014-05-31": "-1.28910", "2014-02-28": "-0.80750", "2013-11-30": "2.48930", "2013-08-31": "2.45570", "2013-05-31": "1.01720", "2013-02-28": "1.96500", "2012-11-30": "2.82910", "2012-08-31": "0.53270", "2012-05-31": "3.21920", "2012-02-29": "3.13750", "2011-11-30": "3.75730", "2011-08-31": "3.85600", "2011-05-31": "3.41190", "2011-02-28": "1.91540", "2010-11-30": "3.82710", "2010-08-31": "2.27350", "2010-05-31": "2.06610", "2010-02-28": "1.17940", "2009-11-30": "1.14860", "2009-08-31": "0.23930", "2009-05-31": "-1.18230", "2009-02-28": "-35.05690", "2008-11-30": "-8.21170", "2008-08-31": "1.45920", "2008-05-31": "1.00550", "2008-02-29": "-0.66670", "2007-11-30": "1.85870", "2007-08-31": "0.36600", "2007-05-31": "0.22130", "2007-02-28": "0.49910", "2006-11-30": "1.53440", "2006-08-31": "-1.73850", "2006-05-31": "2.24150", "2006-02-28": "2.52290", "2005-11-30": "3.01630", "2005-08-31": "1.72130", "2005-05-31": "2.51710", "2005-02-28": "1.99290"}, "Book Value Per Share": {"2020-11-30": "13.25130", "2020-08-31": "12.14260", "2020-05-31": "10.92690", "2020-02-29": "11.61850", "2019-11-30": "12.14240", "2019-08-31": "12.38120", "2019-05-31": "12.20980", "2019-02-28": "12.15910", "2018-11-30": "12.06120", "2018-08-31": "11.92910", "2018-05-31": "12.94760", "2018-02-28": "13.33430", "2017-11-30": "13.29900", "2017-08-31": "13.32570", "2017-05-31": "13.05470", "2017-02-28": "13.31010", "2016-11-30": "13.06350", "2016-08-31": "13.14180", "2016-05-31": "13.13280", "2016-02-29": "12.99880", "2015-11-30": "12.60210", "2015-08-31": "12.15720", "2015-05-31": "12.02580", "2015-02-28": "11.68500", "2014-11-30": "11.66490", "2014-08-31": "11.64450", "2014-05-31": "12.16230", "2014-02-28": "11.41080", "2013-11-30": "11.71080", "2013-08-31": "11.59440", "2013-05-31": "10.89070", "2013-02-28": "10.74790", "2012-11-30": "10.27030", "2012-08-31": "10.22830", "2012-05-31": "9.81090", "2012-02-29": "9.77130", "2011-11-30": "9.22730", "2011-08-31": "9.26090", "2011-05-31": "9.11110", "2011-02-28": "8.46140", "2010-11-30": "8.02960", "2010-08-31": "7.56670", "2010-05-31": "7.19560", "2010-02-28": "7.11300", "2009-11-30": "7.38970", "2009-08-31": "6.93390", "2009-05-31": "6.79440", "2009-02-28": "6.55990", "2008-11-30": "10.71230", "2008-08-31": "13.15890", "2008-05-31": "12.73850", "2008-02-29": "12.46560", "2007-11-30": "12.29850", "2007-08-31": "11.94190", "2007-05-31": "11.71790", "2007-02-28": "11.57280", "2006-11-30": "11.49330", "2006-08-31": "11.79610", "2006-05-31": "11.93790", "2006-02-28": "11.50410", "2005-11-30": "10.83250", "2005-08-31": "10.49400", "2005-05-31": "10.07010", "2005-02-28": "9.98800"}, "Operating Cash Flow Per Share": {"2020-11-30": "0.42810", "2020-08-31": 4.3105, "2020-05-31": 3.2331, "2020-02-29": 0.4196, "2019-11-30": "0.13390", "2019-08-31": 6.7967, "2019-05-31": 0.036, "2019-02-28": 1.2478, "2018-11-30": "-0.56020", "2018-08-31": 1.6274, "2018-05-31": -3.0601, "2018-02-28": -1.2775, "2017-11-30": "-3.60510", "2017-08-31": -10.8226, "2017-05-31": 1.073, "2017-02-28": 1.0625, "2016-11-30": "0.80880", "2016-08-31": 2.2246, "2016-05-31": 2.1528, "2016-02-29": -0.377, "2015-11-30": "0.75290", "2015-08-31": 1.8314, "2015-05-31": 1.8097, "2015-02-28": 1.7198, "2014-11-30": "0.96820", "2014-08-31": 0.4408, "2014-05-31": 1.3707, "2014-02-28": 0.0868, "2013-11-30": "0.56910", "2013-08-31": 1.9404, "2013-05-31": 2.4227, "2013-02-28": 0.7471, "2012-11-30": "0.73100", "2012-08-31": 2.0978, "2012-05-31": 0.8808, "2012-02-29": -0.5211, "2011-11-30": "0.54570", "2011-08-31": 1.3927, "2011-05-31": 0.6955, "2011-02-28": 2.0437, "2010-11-30": "-0.38050", "2010-08-31": 1.3076, "2010-05-31": 0.1687, "2010-02-28": 0.1426, "2009-11-30": "0.34530", "2009-08-31": 0.8182, "2009-05-31": 0.3783, "2009-02-28": 1.6573, "2008-11-30": "-0.16150", "2008-08-31": -0.039, "2008-05-31": 0.7048, "2008-02-29": 0.638, "2007-11-30": "0.69220", "2007-08-31": 1.1848, "2007-05-31": 0.9302, "2007-02-28": -0.0042, "2006-11-30": "-1.22230", "2006-08-31": 0.857, "2006-05-31": 0.5541, "2006-02-28": 0.0138, "2005-11-30": "0.68380", "2005-08-31": 0.8314, "2005-05-31": 0.9107, "2005-02-28": 1.0985}, "Free Cash Flow Per Share": {"2020-11-30": "-1.15510", "2020-08-31": 2.8657, "2020-05-31": 2.2595, "2020-02-29": -0.9666, "2019-11-30": "-1.19030", "2019-08-31": 5.83, "2019-05-31": -1.4545, "2019-02-28": 0.0978, "2018-11-30": "-1.91230", "2018-08-31": 1.0121, "2018-05-31": -4.6247, "2018-02-28": -1.9183, "2017-11-30": "-4.70540", "2017-08-31": -11.3097, "2017-05-31": 0.2772, "2017-02-28": 0.2961, "2016-11-30": "-0.05560", "2016-08-31": 0.9303, "2016-05-31": 1.1092, "2016-02-29": -1.4101, "2015-11-30": "-0.53600", "2015-08-31": 0.6773, "2015-05-31": 0.502, "2015-02-28": 0.341, "2014-11-30": "-0.02460", "2014-08-31": -0.4907, "2014-05-31": 1.3482, "2014-02-28": -0.292, "2013-11-30": "-0.38420", "2013-08-31": 0.5988, "2013-05-31": 2.0449, "2013-02-28": -0.2116, "2012-11-30": "-0.06060", "2012-08-31": 1.1388, "2012-05-31": 0.366, "2012-02-29": -0.8734, "2011-11-30": "0.09280", "2011-08-31": 0.8018, "2011-05-31": 0.207, "2011-02-28": 1.6067, "2010-11-30": "-0.83720", "2010-08-31": 0.6223, "2010-05-31": -0.4128, "2010-02-28": -0.211, "2009-11-30": "0.18190", "2009-08-31": 0.5494, "2009-05-31": 0.1594, "2009-02-28": 1.3336, "2008-11-30": "-0.71240", "2008-08-31": -0.5847, "2008-05-31": 0.4116, "2008-02-29": 0.2362, "2007-11-30": "0.38140", "2007-08-31": 0.8052, "2007-05-31": 0.5221, "2007-02-28": -0.2438, "2006-11-30": "-1.56010", "2006-08-31": -0.3682, "2006-05-31": 1.1453, "2006-02-28": -0.2203, "2005-11-30": "0.37190", "2005-08-31": 0.3879, "2005-05-31": 0.6132, "2005-02-28": 0.6721}}, "revenue": {"Jabil Annual Revenue (Millions of US $)": {"2020": "$27,266", "2019": "$25,282", "2018": "$22,095", "2017": "$19,063", "2016": "$18,353", "2015": "$17,899", "2014": "$15,762", "2013": "$17,249", "2012": "$16,141", "2011": "$16,519", "2010": "$13,409", "2009": "$11,685", "2008": "$12,780", "2007": "$12,291", "2006": "$10,265", "2005": "$7,524"}, "Jabil Quarterly Revenue (Millions of US $)": {"2020-11-30": "$7,833", "2020-08-31": "$7,300", "2020-05-31": "$6,336", "2020-02-29": "$6,125", "2019-11-30": "$7,506", "2019-08-31": "$6,573", "2019-05-31": "$6,136", "2019-02-28": "$6,067", "2018-11-30": "$6,506", "2018-08-31": "$5,772", "2018-05-31": "$5,437", "2018-02-28": "$5,301", "2017-11-30": "$5,586", "2017-08-31": "$5,023", "2017-05-31": "$4,490", "2017-02-28": "$4,446", "2016-11-30": "$5,105", "2016-08-31": "$4,431", "2016-05-31": "$4,311", "2016-02-29": "$4,404", "2015-11-30": "$5,208", "2015-08-31": "$4,681", "2015-05-31": "$4,359", "2015-02-28": "$4,309", "2014-11-30": "$4,550", "2014-08-31": "$4,056", "2014-05-31": "$3,786", "2014-02-28": "$3,577", "2013-11-30": "$4,343", "2013-08-31": "$4,250", "2013-05-31": "$4,196", "2013-02-28": "$4,166", "2012-11-30": "$4,637", "2012-08-31": "$3,327", "2012-05-31": "$4,251", "2012-02-29": "$4,236", "2011-11-30": "$4,327", "2011-08-31": "$4,280", "2011-05-31": "$4,228", "2011-02-28": "$3,929", "2010-11-30": "$4,082", "2010-08-31": "$3,861", "2010-05-31": "$3,456", "2010-02-28": "$3,005", "2009-11-30": "$3,088", "2009-08-31": "$2,800", "2009-05-31": "$2,615", "2009-02-28": "$2,887", "2008-11-30": "$3,383", "2008-08-31": "$3,265", "2008-05-31": "$3,088", "2008-02-29": "$3,059", "2007-11-30": "$3,368", "2007-08-31": "$3,130", "2007-05-31": "$3,002", "2007-02-28": "$2,935", "2006-11-30": "$3,224", "2006-08-31": "$2,954", "2006-05-31": "$2,592", "2006-02-28": "$2,315", "2005-11-30": "$2,404", "2005-08-31": "$2,037", "2005-05-31": "$1,938", "2005-02-28": "$1,716"}}, "gross-profit": {"Jabil Annual Gross Profit (Millions of US $)": {"2020": "$1,931", "2019": "$1,913", "2018": "$1,707", "2017": "$1,546", "2016": "$1,528", "2015": "$1,503", "2014": "$1,026", "2013": "$1,212", "2012": "$1,161", "2011": "$1,255", "2010": "$1,004", "2009": "$719", "2008": "$868", "2007": "$812", "2006": "$765", "2005": "$629"}, "Jabil Quarterly Gross Profit (Millions of US $)": {"2020-11-30": "$635", "2020-08-31": "$491", "2020-05-31": "$456", "2020-02-29": "$430", "2019-11-30": "$554", "2019-08-31": "$495", "2019-05-31": "$444", "2019-02-28": "$455", "2018-11-30": "$520", "2018-08-31": "$442", "2018-05-31": "$398", "2018-02-28": "$397", "2017-11-30": "$469", "2017-08-31": "$426", "2017-05-31": "$326", "2017-02-28": "$362", "2016-11-30": "$432", "2016-08-31": "$324", "2016-05-31": "$321", "2016-02-29": "$399", "2015-11-30": "$484", "2015-08-31": "$377", "2015-05-31": "$376", "2015-02-28": "$368", "2014-11-30": "$383", "2014-08-31": "$262", "2014-05-31": "$216", "2014-02-28": "$213", "2013-11-30": "$334", "2013-08-31": "$276", "2013-05-31": "$298", "2013-02-28": "$289", "2012-11-30": "$351", "2012-08-31": "$169", "2012-05-31": "$329", "2012-02-29": "$322", "2011-11-30": "$340", "2011-08-31": "$329", "2011-05-31": "$318", "2011-02-28": "$296", "2010-11-30": "$311", "2010-08-31": "$288", "2010-05-31": "$262", "2010-02-28": "$223", "2009-11-30": "$232", "2009-08-31": "$191", "2009-05-31": "$149", "2009-02-28": "$156", "2008-11-30": "$224", "2008-08-31": "$230", "2008-05-31": "$210", "2008-02-29": "$188", "2007-11-30": "$240", "2007-08-31": "$230", "2007-05-31": "$219", "2007-02-28": "$172", "2006-11-30": "$192", "2006-08-31": "$197", "2006-05-31": "$188", "2006-02-28": "$185", "2005-11-30": "$196", "2005-08-31": "$171", "2005-05-31": "$162", "2005-02-28": "$140"}}, "operating-income": {"Jabil Annual Operating Income (Millions of US $)": {"2020": "$500", "2019": "$701", "2018": "$542", "2017": "$410", "2016": "$523", "2015": "$555", "2014": "$204", "2013": "$452", "2012": "$550", "2011": "$579", "2010": "$328", "2009": "$-910", "2008": "$251", "2007": "$182", "2006": "$242", "2005": "$252"}, "Jabil Quarterly Operating Income (Millions of US $)": {"2020-11-30": "$314", "2020-08-31": "$197", "2020-05-31": "$59", "2020-02-29": "$91", "2019-11-30": "$153", "2019-08-31": "$190", "2019-05-31": "$141", "2019-02-28": "$154", "2018-11-30": "$217", "2018-08-31": "$154", "2018-05-31": "$113", "2018-02-28": "$130", "2017-11-30": "$146", "2017-08-31": "$118", "2017-05-31": "$43", "2017-02-28": "$83", "2016-11-30": "$166", "2016-08-31": "$94", "2016-05-31": "$60", "2016-02-29": "$155", "2015-11-30": "$215", "2015-08-31": "$150", "2015-05-31": "$135", "2015-02-28": "$125", "2014-11-30": "$145", "2014-08-31": "$47", "2014-05-31": "$-2", "2014-02-28": "$4", "2013-11-30": "$155", "2013-08-31": "$56", "2013-05-31": "$93", "2013-02-28": "$133", "2012-11-30": "$170", "2012-08-31": "$72", "2012-05-31": "$157", "2012-02-29": "$150", "2011-11-30": "$171", "2011-08-31": "$166", "2011-05-31": "$153", "2011-02-28": "$105", "2010-11-30": "$156", "2010-08-31": "$103", "2010-05-31": "$97", "2010-02-28": "$62", "2009-11-30": "$66", "2009-08-31": "$43", "2009-05-31": "$-8", "2009-02-28": "$-706", "2008-11-30": "$-240", "2008-08-31": "$88", "2008-05-31": "$63", "2008-02-29": "$2", "2007-11-30": "$99", "2007-08-31": "$51", "2007-05-31": "$34", "2007-02-28": "$37", "2006-11-30": "$61", "2006-08-31": "$-8", "2006-05-31": "$77", "2006-02-28": "$83", "2005-11-30": "$89", "2005-08-31": "$51", "2005-05-31": "$73", "2005-02-28": "$58"}}, "ebitda": {"Jabil Annual EBITDA (Millions of US $)": {"2020": "$1,294", "2019": "$1,473", "2018": "$1,316", "2017": "$1,171", "2016": "$1,220", "2015": "$1,085", "2014": "$691", "2013": "$871", "2012": "$903", "2011": "$898", "2010": "$611", "2009": "$405", "2008": "$531", "2007": "$422", "2006": "$439", "2005": "$471"}, "Jabil Quarterly EBITDA (Millions of US $)": {"2020-11-30": "$520", "2020-08-31": "$391", "2020-05-31": "$258", "2020-02-29": "$290", "2019-11-30": "$356", "2019-08-31": "$387", "2019-05-31": "$334", "2019-02-28": "$347", "2018-11-30": "$406", "2018-08-31": "$344", "2018-05-31": "$314", "2018-02-28": "$317", "2017-11-30": "$340", "2017-08-31": "$308", "2017-05-31": "$234", "2017-02-28": "$275", "2016-11-30": "$355", "2016-08-31": "$278", "2016-05-31": "$243", "2016-02-29": "$323", "2015-11-30": "$376", "2015-08-31": "$294", "2015-05-31": "$271", "2015-02-28": "$252", "2014-11-30": "$267", "2014-08-31": "$167", "2014-05-31": "$118", "2014-02-28": "$125", "2013-11-30": "$281", "2013-08-31": "$178", "2013-05-31": "$194", "2013-02-28": "$233", "2012-11-30": "$265", "2012-08-31": "$163", "2012-05-31": "$245", "2012-02-29": "$238", "2011-11-30": "$257", "2011-08-31": "$250", "2011-05-31": "$235", "2011-02-28": "$182", "2010-11-30": "$231", "2010-08-31": "$169", "2010-05-31": "$168", "2010-02-28": "$133", "2009-11-30": "$141", "2009-08-31": "$114", "2009-05-31": "$65", "2009-02-28": "$75", "2008-11-30": "$150", "2008-08-31": "$161", "2008-05-31": "$134", "2008-02-29": "$70", "2007-11-30": "$165", "2007-08-31": "$117", "2007-05-31": "$97", "2007-02-28": "$95", "2006-11-30": "$113", "2006-08-31": "$43", "2006-05-31": "$128", "2006-02-28": "$132", "2005-11-30": "$136", "2005-08-31": "$102", "2005-05-31": "$131", "2005-02-28": "$114"}}, "net-income": {"Jabil Annual Net Income (Millions of US $)": {"2020": "$54", "2019": "$287", "2018": "$86", "2017": "$129", "2016": "$254", "2015": "$284", "2014": "$241", "2013": "$371", "2012": "$395", "2011": "$381", "2010": "$169", "2009": "$-1,165", "2008": "$134", "2007": "$73", "2006": "$165", "2005": "$204"}, "Jabil Quarterly Net Income (Millions of US $)": {"2020-11-30": "$200", "2020-08-31": "$68", "2020-05-31": "$-51", "2020-02-29": "$-3", "2019-11-30": "$40", "2019-08-31": "$53", "2019-05-31": "$43", "2019-02-28": "$67", "2018-11-30": "$124", "2018-08-31": "$-57", "2018-05-31": "$43", "2018-02-28": "$37", "2017-11-30": "$64", "2017-08-31": "$46", "2017-05-31": "$-25", "2017-02-28": "$21", "2016-11-30": "$88", "2016-08-31": "$38", "2016-05-31": "$5", "2016-02-29": "$79", "2015-11-30": "$132", "2015-08-31": "$88", "2015-05-31": "$72", "2015-02-28": "$52", "2014-11-30": "$72", "2014-08-31": "$-26", "2014-05-31": "$188", "2014-02-28": "$-39", "2013-11-30": "$118", "2013-08-31": "$127", "2013-05-31": "$50", "2013-02-28": "$89", "2012-11-30": "$106", "2012-08-31": "$83", "2012-05-31": "$101", "2012-02-29": "$98", "2011-11-30": "$113", "2011-08-31": "$114", "2011-05-31": "$105", "2011-02-28": "$55", "2010-11-30": "$107", "2010-08-31": "$59", "2010-05-31": "$52", "2010-02-28": "$30", "2009-11-30": "$28", "2009-08-31": "$6", "2009-05-31": "$-29", "2009-02-28": "$-866", "2008-11-30": "$-276", "2008-08-31": "$57", "2008-05-31": "$38", "2008-02-29": "$-24", "2007-11-30": "$62", "2007-08-31": "$12", "2007-05-31": "$6", "2007-02-28": "$14", "2006-11-30": "$41", "2006-08-31": "$-46", "2006-05-31": "$64", "2006-02-28": "$69", "2005-11-30": "$77", "2005-08-31": "$43", "2005-05-31": "$59", "2005-02-28": "$46"}}, "eps-earnings-per-share-diluted": {"Jabil Annual EPS": {"2020": "$0.35", "2019": "$1.81", "2018": "$0.49", "2017": "$0.69", "2016": "$1.32", "2015": "$1.45", "2014": "$1.19", "2013": "$1.79", "2012": "$1.87", "2011": "$1.73", "2010": "$0.78", "2009": "$-5.63", "2008": "$0.64", "2007": "$0.35", "2006": "$0.77", "2005": "$0.98"}, "Jabil Quarterly EPS": {"2020-11-30": "$1.31", "2020-08-31": "$0.45", "2020-05-31": "$-0.34", "2020-02-29": "$-0.02", "2019-11-30": "$0.26", "2019-08-31": "$0.34", "2019-05-31": "$0.28", "2019-02-28": "$0.43", "2018-11-30": "$0.76", "2018-08-31": "$-0.32", "2018-05-31": "$0.25", "2018-02-28": "$0.21", "2017-11-30": "$0.35", "2017-08-31": "$0.25", "2017-05-31": "$-0.14", "2017-02-28": "$0.11", "2016-11-30": "$0.47", "2016-08-31": "$0.20", "2016-05-31": "$0.03", "2016-02-29": "$0.41", "2015-11-30": "$0.68", "2015-08-31": "$0.44", "2015-05-31": "$0.37", "2015-02-28": "$0.27", "2014-11-30": "$0.37", "2014-08-31": "$-0.12", "2014-05-31": "$0.93", "2014-02-28": "$-0.19", "2013-11-30": "$0.57", "2013-08-31": "$0.61", "2013-05-31": "$0.24", "2013-02-28": "$0.43", "2012-11-30": "$0.51", "2012-08-31": "$0.39", "2012-05-31": "$0.48", "2012-02-29": "$0.46", "2011-11-30": "$0.54", "2011-08-31": "$0.52", "2011-05-31": "$0.47", "2011-02-28": "$0.25", "2010-11-30": "$0.49", "2010-08-31": "$0.27", "2010-05-31": "$0.24", "2010-02-28": "$0.14", "2009-11-30": "$0.13", "2009-08-31": "$0.04", "2009-05-31": "$-0.14", "2009-02-28": "$-4.19", "2008-11-30": "$-1.34", "2008-08-31": "$0.27", "2008-05-31": "$0.19", "2008-02-29": "$-0.12", "2007-11-30": "$0.30", "2007-08-31": "$0.05", "2007-05-31": "$0.03", "2007-02-28": "$0.07", "2006-11-30": "$0.20", "2006-08-31": "$-0.22", "2006-05-31": "$0.30", "2006-02-28": "$0.32", "2005-11-30": "$0.37", "2005-08-31": "$0.20", "2005-05-31": "$0.29", "2005-02-28": "$0.22"}}, "shares-outstanding": {"Jabil Annual Shares Outstanding (Millions of Shares)": {"2020": "155", "2019": "159", "2018": "175", "2017": "186", "2016": "193", "2015": "196", "2014": "202", "2013": "208", "2012": "211", "2011": "221", "2010": "218", "2009": "207", "2008": "210", "2007": "207", "2006": "213", "2005": "208"}, "Jabil Quarterly Shares Outstanding (Millions of Shares)": {"2020-11-30": "153", "2020-08-31": "155", "2020-05-31": "151", "2020-02-29": "152", "2019-11-30": "156", "2019-08-31": "159", "2019-05-31": "156", "2019-02-28": "157", "2018-11-30": "164", "2018-08-31": "175", "2018-05-31": "173", "2018-02-28": "177", "2017-11-30": "180", "2017-08-31": "186", "2017-05-31": "181", "2017-02-28": "185", "2016-11-30": "188", "2016-08-31": "193", "2016-05-31": "193", "2016-02-29": "193", "2015-11-30": "193", "2015-08-31": "196", "2015-05-31": "196", "2015-02-28": "195", "2014-11-30": "195", "2014-08-31": "202", "2014-05-31": "202", "2014-02-28": "205", "2013-11-30": "207", "2013-08-31": "208", "2013-05-31": "208", "2013-02-28": "207", "2012-11-30": "208", "2012-08-31": "211", "2012-05-31": "212", "2012-02-29": "212", "2011-11-30": "210", "2011-08-31": "221", "2011-05-31": "222", "2011-02-28": "221", "2010-11-30": "217", "2010-08-31": "218", "2010-05-31": "217", "2010-02-28": "215", "2009-11-30": "215", "2009-08-31": "207", "2009-05-31": "207", "2009-02-28": "207", "2008-11-30": "206", "2008-08-31": "210", "2008-05-31": "206", "2008-02-29": "205", "2007-11-30": "207", "2007-08-31": "207", "2007-05-31": "206", "2007-02-28": "206", "2006-11-30": "206", "2006-08-31": "213", "2006-05-31": "216", "2006-02-28": "214", "2005-11-30": "210", "2005-08-31": "208", "2005-05-31": "208", "2005-02-28": "206"}}, "total-assets": {"Jabil Annual Total Assets (Millions of US $)": {"2020": "$14,397", "2019": "$12,970", "2018": "$12,046", "2017": "$11,096", "2016": "$10,323", "2015": "$9,592", "2014": "$8,480", "2013": "$9,154", "2012": "$7,803", "2011": "$7,058", "2010": "$6,368", "2009": "$5,318", "2008": "$7,032", "2007": "$6,295", "2006": "$5,412", "2005": "$4,088"}, "Jabil Quarterly Total Assets (Millions of US $)": {"2020-11-30": "$15,269", "2020-08-31": "$14,397", "2020-05-31": "$13,391", "2020-02-29": "$13,140", "2019-11-30": "$14,445", "2019-08-31": "$12,970", "2019-05-31": "$12,609", "2019-02-28": "$12,477", "2018-11-30": "$12,778", "2018-08-31": "$12,046", "2018-05-31": "$11,176", "2018-02-28": "$11,488", "2017-11-30": "$11,520", "2017-08-31": "$11,096", "2017-05-31": "$10,330", "2017-02-28": "$10,015", "2016-11-30": "$10,544", "2016-08-31": "$10,323", "2016-05-31": "$9,906", "2016-02-29": "$9,898", "2015-11-30": "$10,221", "2015-08-31": "$9,592", "2015-05-31": "$8,966", "2015-02-28": "$8,578", "2014-11-30": "$8,870", "2014-08-31": "$8,480", "2014-05-31": "$8,221", "2014-02-28": "$8,128", "2013-11-30": "$9,029", "2013-08-31": "$9,154", "2013-05-31": "$8,133", "2013-02-28": "$8,248", "2012-11-30": "$8,186", "2012-08-31": "$7,803", "2012-05-31": "$7,373", "2012-02-29": "$7,167", "2011-11-30": "$7,199", "2011-08-31": "$7,058", "2011-05-31": "$6,956", "2011-02-28": "$6,613", "2010-11-30": "$6,384", "2010-08-31": "$6,368", "2010-05-31": "$5,693", "2010-02-28": "$5,450", "2009-11-30": "$5,620", "2009-08-31": "$5,318", "2009-05-31": "$5,169", "2009-02-28": "$5,294", "2008-11-30": "$6,783", "2008-08-31": "$7,032", "2008-05-31": "$6,928", "2008-02-29": "$6,444", "2007-11-30": "$6,734", "2007-08-31": "$6,295", "2007-05-31": "$6,220", "2007-02-28": "$6,253", "2006-11-30": "$5,686", "2006-08-31": "$5,412", "2006-05-31": "$5,044", "2006-02-28": "$4,553", "2005-11-30": "$4,442", "2005-08-31": "$4,088", "2005-05-31": "$3,783", "2005-02-28": "$3,579"}}, "cash-on-hand": {"Jabil Annual Cash on Hand (Millions of US $)": {"2020": "$1,394", "2019": "$1,163", "2018": "$1,258", "2017": "$1,190", "2016": "$912", "2015": "$914", "2014": "$1,000", "2013": "$1,011", "2012": "$1,217", "2011": "$889", "2010": "$744", "2009": "$876", "2008": "$773", "2007": "$664", "2006": "$774", "2005": "$796"}, "Jabil Quarterly Cash on Hand (Millions of US $)": {"2020-11-30": "$1,108", "2020-08-31": "$1,394", "2020-05-31": "$763", "2020-02-29": "$697", "2019-11-30": "$720", "2019-08-31": "$1,163", "2019-05-31": "$694", "2019-02-28": "$749", "2018-11-30": "$804", "2018-08-31": "$1,258", "2018-05-31": "$677", "2018-02-28": "$941", "2017-11-30": "$746", "2017-08-31": "$1,190", "2017-05-31": "$744", "2017-02-28": "$755", "2016-11-30": "$747", "2016-08-31": "$912", "2016-05-31": "$887", "2016-02-29": "$883", "2015-11-30": "$1,130", "2015-08-31": "$914", "2015-05-31": "$963", "2015-02-28": "$966", "2014-11-30": "$922", "2014-08-31": "$1,000", "2014-05-31": "$1,322", "2014-02-28": "$675", "2013-11-30": "$769", "2013-08-31": "$1,011", "2013-05-31": "$1,352", "2013-02-28": "$1,062", "2012-11-30": "$1,030", "2012-08-31": "$1,217", "2012-05-31": "$742", "2012-02-29": "$707", "2011-11-30": "$862", "2011-08-31": "$889", "2011-05-31": "$911", "2011-02-28": "$902", "2010-11-30": "$630", "2010-08-31": "$744", "2010-05-31": "$600", "2010-02-28": "$794", "2009-11-30": "$852", "2009-08-31": "$876", "2009-05-31": "$769", "2009-02-28": "$775", "2008-11-30": "$580", "2008-08-31": "$773", "2008-05-31": "$860", "2008-02-29": "$531", "2007-11-30": "$664", "2007-08-31": "$664", "2007-05-31": "$558", "2007-02-28": "$555", "2006-11-30": "$651", "2006-08-31": "$774", "2006-05-31": "$855", "2006-02-28": "$919", "2005-11-30": "$876", "2005-08-31": "$796", "2005-05-31": "$681", "2005-02-28": "$780"}}, "long-term-debt": {"Jabil Annual Long Term Debt (Millions of US $)": {"2020": "$2,678", "2019": "$2,121", "2018": "$2,494", "2017": "$1,606", "2016": "$2,074", "2015": "$1,336", "2014": "$1,670", "2013": "$1,690", "2012": "$1,658", "2011": "$1,113", "2010": "$1,019", "2009": "$1,037", "2008": "$1,099", "2007": "$760", "2006": "$330", "2005": "$327"}, "Jabil Quarterly Long Term Debt (Millions of US $)": {"2020-11-30": "$2,679", "2020-08-31": "$2,678", "2020-05-31": "$2,088", "2020-02-29": "$2,086", "2019-11-30": "$2,116", "2019-08-31": "$2,121", "2019-05-31": "$2,477", "2019-02-28": "$2,482", "2018-11-30": "$2,488", "2018-08-31": "$2,494", "2018-05-31": "$2,175", "2018-02-28": "$2,181", "2017-11-30": "$1,693", "2017-08-31": "$1,606", "2017-05-31": "$1,645", "2017-02-28": "$2,056", "2016-11-30": "$2,068", "2016-08-31": "$2,074", "2016-05-31": "$1,791", "2016-02-29": "$1,811", "2015-11-30": "$1,818", "2015-08-31": "$1,336", "2015-05-31": "$1,660", "2015-02-28": "$1,663", "2014-11-30": "$1,666", "2014-08-31": "$1,670", "2014-05-31": "$1,673", "2014-02-28": "$1,675", "2013-11-30": "$1,678", "2013-08-31": "$1,690", "2013-05-31": "$1,651", "2013-02-28": "$1,654", "2012-11-30": "$1,656", "2012-08-31": "$1,658", "2012-05-31": "$1,140", "2012-02-29": "$1,112", "2011-11-30": "$1,113", "2011-08-31": "$1,113", "2011-05-31": "$1,107", "2011-02-28": "$1,101", "2010-11-30": "$1,099", "2010-08-31": "$1,019", "2010-05-31": "$1,038", "2010-02-28": "$1,038", "2009-11-30": "$1,037", "2009-08-31": "$1,037", "2009-05-31": "$1,064", "2009-02-28": "$1,070", "2008-11-30": "$1,072", "2008-08-31": "$1,099", "2008-05-31": "$1,148", "2008-02-29": "$999", "2007-11-30": "$759", "2007-08-31": "$760", "2007-05-31": "$384", "2007-02-28": "$401", "2006-11-30": "$329", "2006-08-31": "$330", "2006-05-31": "$331", "2006-02-28": "$326", "2005-11-30": "$324", "2005-08-31": "$327", "2005-05-31": "$312", "2005-02-28": "$290"}}, "total-liabilities": {"Jabil Annual Total Liabilities (Millions of US $)": {"2020": "$12,572", "2019": "$11,070", "2018": "$10,082", "2017": "$8,728", "2016": "$7,865", "2015": "$7,257", "2014": "$6,219", "2013": "$6,798", "2012": "$5,696", "2011": "$5,174", "2010": "$4,775", "2009": "$3,875", "2008": "$4,316", "2007": "$3,852", "2006": "$3,117", "2005": "$1,942"}, "Jabil Quarterly Total Liabilities (Millions of US $)": {"2020-11-30": "$13,276", "2020-08-31": "$12,572", "2020-05-31": "$11,746", "2020-02-29": "$11,381", "2019-11-30": "$12,596", "2019-08-31": "$11,070", "2019-05-31": "$10,742", "2019-02-28": "$10,618", "2018-11-30": "$10,873", "2018-08-31": "$10,082", "2018-05-31": "$8,990", "2018-02-28": "$9,194", "2017-11-30": "$9,175", "2017-08-31": "$8,728", "2017-05-31": "$7,987", "2017-02-28": "$7,588", "2016-11-30": "$8,152", "2016-08-31": "$7,865", "2016-05-31": "$7,395", "2016-02-29": "$7,413", "2015-11-30": "$7,820", "2015-08-31": "$7,257", "2015-05-31": "$6,635", "2015-02-28": "$6,314", "2014-11-30": "$6,616", "2014-08-31": "$6,219", "2014-05-31": "$5,791", "2014-02-28": "$5,808", "2013-11-30": "$6,612", "2013-08-31": "$6,798", "2013-05-31": "$5,926", "2013-02-28": "$6,070", "2012-11-30": "$6,109", "2012-08-31": "$5,696", "2012-05-31": "$5,357", "2012-02-29": "$5,148", "2011-11-30": "$5,284", "2011-08-31": "$5,174", "2011-05-31": "$5,006", "2011-02-28": "$4,804", "2010-11-30": "$4,677", "2010-08-31": "$4,775", "2010-05-31": "$4,182", "2010-02-28": "$3,959", "2009-11-30": "$4,143", "2009-08-31": "$3,875", "2009-05-31": "$3,760", "2009-02-28": "$3,891", "2008-11-30": "$4,492", "2008-08-31": "$4,316", "2008-05-31": "$4,253", "2008-02-29": "$3,837", "2007-11-30": "$4,157", "2007-08-31": "$3,852", "2007-05-31": "$3,788", "2007-02-28": "$3,869", "2006-11-30": "$3,318", "2006-08-31": "$3,117", "2006-05-31": "$2,509", "2006-02-28": "$2,143", "2005-11-30": "$2,217", "2005-08-31": "$1,942", "2005-05-31": "$1,737", "2005-02-28": "$1,558"}}, "total-share-holder-equity": {"Jabil Annual Share Holder Equity (Millions of US $)": {"2020": "$1,825", "2019": "$1,901", "2018": "$1,963", "2017": "$2,368", "2016": "$2,457", "2015": "$2,335", "2014": "$2,260", "2013": "$2,356", "2012": "$2,107", "2011": "$1,884", "2010": "$1,593", "2009": "$1,442", "2008": "$2,716", "2007": "$2,443", "2006": "$2,294", "2005": "$2,146"}, "Jabil Quarterly Share Holder Equity (Millions of US $)": {"2020-11-30": "$1,994", "2020-08-31": "$1,825", "2020-05-31": "$1,645", "2020-02-29": "$1,759", "2019-11-30": "$1,849", "2019-08-31": "$1,901", "2019-05-31": "$1,867", "2019-02-28": "$1,859", "2018-11-30": "$1,906", "2018-08-31": "$1,963", "2018-05-31": "$2,186", "2018-02-28": "$2,294", "2017-11-30": "$2,345", "2017-08-31": "$2,368", "2017-05-31": "$2,343", "2017-02-28": "$2,427", "2016-11-30": "$2,392", "2016-08-31": "$2,457", "2016-05-31": "$2,511", "2016-02-29": "$2,485", "2015-11-30": "$2,401", "2015-08-31": "$2,335", "2015-05-31": "$2,331", "2015-02-28": "$2,264", "2014-11-30": "$2,254", "2014-08-31": "$2,260", "2014-05-31": "$2,430", "2014-02-28": "$2,320", "2013-11-30": "$2,418", "2013-08-31": "$2,356", "2013-05-31": "$2,207", "2013-02-28": "$2,178", "2012-11-30": "$2,076", "2012-08-31": "$2,107", "2012-05-31": "$2,016", "2012-02-29": "$2,019", "2011-11-30": "$1,916", "2011-08-31": "$1,884", "2011-05-31": "$1,949", "2011-02-28": "$1,808", "2010-11-30": "$1,707", "2010-08-31": "$1,593", "2010-05-31": "$1,512", "2010-02-28": "$1,491", "2009-11-30": "$1,477", "2009-08-31": "$1,442", "2009-05-31": "$1,409", "2009-02-28": "$1,402", "2008-11-30": "$2,291", "2008-08-31": "$2,716", "2008-05-31": "$2,676", "2008-02-29": "$2,607", "2007-11-30": "$2,577", "2007-08-31": "$2,443", "2007-05-31": "$2,432", "2007-02-28": "$2,384", "2006-11-30": "$2,368", "2006-08-31": "$2,294", "2006-05-31": "$2,534", "2006-02-28": "$2,410", "2005-11-30": "$2,225", "2005-08-31": "$2,146", "2005-05-31": "$2,046", "2005-02-28": "$2,021"}}, "profit-margins": {"current": "0.78%"}, "gross margin": {"2020-11-30": "7.29%", "2020-08-31": "7.08%", "2020-05-31": "7.29%", "2020-02-29": "7.30%", "2019-11-30": "7.41%", "2019-08-31": "7.57%", "2019-05-31": "7.60%", "2019-02-28": "7.63%", "2018-11-30": "7.63%", "2018-08-31": "7.72%", "2018-05-31": "7.92%", "2018-02-28": "7.93%", "2017-11-30": "8.10%", "2017-08-31": "8.11%", "2017-05-31": "7.82%", "2017-02-28": "7.87%", "2016-11-30": "8.09%", "2016-08-31": "8.33%", "2016-05-31": "8.50%", "2016-02-29": "8.77%", "2015-11-30": "8.65%", "2015-08-31": "8.40%", "2015-05-31": "8.04%", "2015-02-28": "7.36%", "2014-11-30": "6.73%", "2014-08-31": "6.50%", "2014-05-31": "6.51%", "2014-02-28": "6.84%", "2013-11-30": "7.05%", "2013-08-31": "7.03%", "2013-05-31": "6.78%", "2013-02-28": "6.95%", "2012-11-30": "7.12%", "2012-08-31": "7.19%", "2012-05-31": "7.72%", "2012-02-29": "7.67%", "2011-11-30": "7.65%", "2011-08-31": "7.59%", "2011-05-31": "7.53%", "2011-02-28": "7.55%", "2010-11-30": "7.53%", "2010-08-31": "7.49%", "2010-05-31": "7.35%", "2010-02-28": "6.91%", "2009-11-30": "6.39%", "2009-08-31": "6.16%", "2009-05-31": "6.25%", "2009-02-28": "6.50%", "2008-11-30": "6.66%", "2008-08-31": "6.79%", "2008-05-31": "6.86%", "2008-02-29": "6.98%", "2007-11-30": "6.92%", "2007-08-31": "6.61%", "2007-05-31": "6.44%", "2007-02-28": "6.40%", "2006-11-30": "6.87%", "2006-08-31": "7.46%", "2006-05-31": "7.92%", "2006-02-28": "8.21%", "2005-11-30": "8.26%"}, "operating margin": {"2020-11-30": "2.40%", "2020-08-31": "1.83%", "2020-05-31": "1.86%", "2020-02-29": "2.18%", "2019-11-30": "2.43%", "2019-08-31": "2.78%", "2019-05-31": "2.72%", "2019-02-28": "2.68%", "2018-11-30": "2.67%", "2018-08-31": "2.46%", "2018-05-31": "2.38%", "2018-02-28": "2.14%", "2017-11-30": "2.00%", "2017-08-31": "2.15%", "2017-05-31": "2.09%", "2017-02-28": "2.20%", "2016-11-30": "2.60%", "2016-08-31": "2.85%", "2016-05-31": "3.12%", "2016-02-29": "3.51%", "2015-11-30": "3.37%", "2015-08-31": "3.10%", "2015-05-31": "2.62%", "2015-02-28": "1.89%", "2014-11-30": "1.21%", "2014-08-31": "1.29%", "2014-05-31": "1.33%", "2014-02-28": "1.88%", "2013-11-30": "2.58%", "2013-08-31": "2.62%", "2013-05-31": "2.87%", "2013-02-28": "3.25%", "2012-11-30": "3.34%", "2012-08-31": "3.41%", "2012-05-31": "3.77%", "2012-02-29": "3.75%", "2011-11-30": "3.55%", "2011-08-31": "3.51%", "2011-05-31": "3.21%", "2011-02-28": "3.01%", "2010-11-30": "2.90%", "2010-08-31": "2.45%", "2010-05-31": "2.17%", "2010-02-28": "1.42%", "2009-11-30": "-5.31%", "2009-08-31": "-7.80%", "2009-05-31": "-7.13%", "2009-02-28": "-6.30%", "2008-11-30": "-0.68%", "2008-08-31": "1.97%", "2008-05-31": "1.70%", "2008-02-29": "1.48%", "2007-11-30": "1.78%", "2007-08-31": "1.49%", "2007-05-31": "1.02%", "2007-02-28": "1.43%", "2006-11-30": "1.92%", "2006-08-31": "2.35%", "2006-05-31": "3.21%", "2006-02-28": "3.40%", "2005-11-30": "3.35%"}, "ebitda margin": {"2020-11-30": "5.29%", "2020-08-31": "4.75%", "2020-05-31": "4.86%", "2020-02-29": "5.19%", "2019-11-30": "5.42%", "2019-08-31": "5.83%", "2019-05-31": "5.85%", "2019-02-28": "5.93%", "2018-11-30": "6.00%", "2018-08-31": "5.95%", "2018-05-31": "5.99%", "2018-02-28": "5.88%", "2017-11-30": "5.92%", "2017-08-31": "6.15%", "2017-05-31": "6.18%", "2017-02-28": "6.29%", "2016-11-30": "6.57%", "2016-08-31": "6.65%", "2016-05-31": "6.64%", "2016-02-29": "6.78%", "2015-11-30": "6.43%", "2015-08-31": "6.06%", "2015-05-31": "5.54%", "2015-02-28": "4.81%", "2014-11-30": "4.24%", "2014-08-31": "4.38%", "2014-05-31": "4.40%", "2014-02-28": "4.75%", "2013-11-30": "5.23%", "2013-08-31": "5.04%", "2013-05-31": "5.24%", "2013-02-28": "5.53%", "2012-11-30": "5.54%", "2012-08-31": "5.59%", "2012-05-31": "5.79%", "2012-02-29": "5.74%", "2011-11-30": "5.51%", "2011-08-31": "5.44%", "2011-05-31": "5.07%", "2011-02-28": "4.89%", "2010-11-30": "4.87%", "2010-08-31": "4.56%", "2010-05-31": "4.50%", "2010-02-28": "3.94%", "2009-11-30": "3.47%", "2009-08-31": "3.46%", "2009-05-31": "3.71%", "2009-02-28": "4.12%", "2008-11-30": "4.03%", "2008-08-31": "4.15%", "2008-05-31": "3.84%", "2008-02-29": "3.58%", "2007-11-30": "3.81%", "2007-08-31": "3.43%", "2007-05-31": "2.87%", "2007-02-28": "3.24%", "2006-11-30": "3.75%", "2006-08-31": "4.28%", "2006-05-31": "5.33%", "2006-02-28": "5.76%", "2005-11-30": "5.97%"}, "pre tax profit margin": {"2020-11-30": "1.61%", "2020-08-31": "0.96%", "2020-05-31": "0.93%", "2020-02-29": "1.20%", "2019-11-30": "1.48%", "2019-08-31": "1.78%", "2019-05-31": "1.87%", "2019-02-28": "1.88%", "2018-11-30": "1.87%", "2018-08-31": "1.69%", "2018-05-31": "1.62%", "2018-02-28": "1.33%", "2017-11-30": "1.19%", "2017-08-31": "1.35%", "2017-05-31": "1.27%", "2017-02-28": "1.44%", "2016-11-30": "1.84%", "2016-08-31": "2.11%", "2016-05-31": "2.41%", "2016-02-29": "2.83%", "2015-11-30": "2.69%", "2015-08-31": "2.41%", "2015-05-31": "1.88%", "2015-02-28": "1.11%", "2014-11-30": "0.39%", "2014-08-31": "0.46%", "2014-05-31": "0.51%", "2014-02-28": "1.08%", "2013-11-30": "1.82%", "2013-08-31": "1.90%", "2013-05-31": "2.12%", "2013-02-28": "2.53%", "2012-11-30": "2.63%", "2012-08-31": "2.70%", "2012-05-31": "3.13%", "2012-02-29": "3.12%", "2011-11-30": "2.92%", "2011-08-31": "2.92%", "2011-05-31": "2.63%", "2011-02-28": "2.44%", "2010-11-30": "2.33%", "2010-08-31": "1.84%", "2010-05-31": "1.41%", "2010-02-28": "0.61%", "2009-11-30": "-6.11%", "2009-08-31": "-8.61%", "2009-05-31": "-7.83%", "2009-02-28": "-6.98%", "2008-11-30": "-1.39%", "2008-08-31": "1.24%", "2008-05-31": "0.93%", "2008-02-29": "0.64%", "2007-11-30": "0.94%", "2007-08-31": "0.76%", "2007-05-31": "0.43%", "2007-02-28": "1.03%", "2006-11-30": "1.68%", "2006-08-31": "2.20%", "2006-05-31": "3.11%", "2006-02-28": "3.31%", "2005-11-30": "3.24%"}, "net profit margin": {"2020-11-30": "0.78%", "2020-08-31": "0.20%", "2020-05-31": "0.15%", "2020-02-29": "0.50%", "2019-11-30": "0.77%", "2019-08-31": "1.14%", "2019-05-31": "0.72%", "2019-02-28": "0.74%", "2018-11-30": "0.64%", "2018-08-31": "0.39%", "2018-05-31": "0.89%", "2018-02-28": "0.60%", "2017-11-30": "0.54%", "2017-08-31": "0.68%", "2017-05-31": "0.66%", "2017-02-28": "0.83%", "2016-11-30": "1.15%", "2016-08-31": "1.38%", "2016-05-31": "1.63%", "2016-02-29": "1.99%", "2015-11-30": "1.85%", "2015-08-31": "1.59%", "2015-05-31": "0.98%", "2015-02-28": "1.71%", "2014-11-30": "1.22%", "2014-08-31": "1.53%", "2014-05-31": "2.47%", "2014-02-28": "1.56%", "2013-11-30": "2.26%", "2013-08-31": "2.16%", "2013-05-31": "2.01%", "2013-02-28": "2.31%", "2012-11-30": "2.36%", "2012-08-31": "2.45%", "2012-05-31": "2.49%", "2012-02-29": "2.52%", "2011-11-30": "2.31%", "2011-08-31": "2.31%", "2011-05-31": "2.02%", "2011-02-28": "1.78%", "2010-11-30": "1.72%", "2010-08-31": "1.26%", "2010-05-31": "0.94%", "2010-02-28": "0.30%", "2009-11-30": "-7.56%", "2009-08-31": "-9.97%", "2009-05-31": "-9.17%", "2009-02-28": "-8.29%", "2008-11-30": "-1.60%", "2008-08-31": "1.04%", "2008-05-31": "0.70%", "2008-02-29": "0.45%", "2007-11-30": "0.76%", "2007-08-31": "0.59%", "2007-05-31": "0.12%", "2007-02-28": "0.62%", "2006-11-30": "1.15%", "2006-08-31": "1.60%", "2006-05-31": "2.71%", "2006-02-28": "2.85%", "2005-11-30": "2.78%"}, "pe ratio": {"current": "27.35", "2021-02-05": "32.07", "2020-11-30": "27.50", "2020-08-31": "100.23", "2020-05-31": "124.12", "2020-02-29": "36.99", "2019-11-30": "29.37", "2019-08-31": "15.73", "2019-05-31": "21.51", "2019-02-28": "25.45", "2018-11-30": "27.89", "2018-08-31": "61.62", "2018-05-31": "26.06", "2018-02-28": "39.39", "2017-11-30": "49.16", "2017-08-31": "44.00", "2017-05-31": "45.15", "2017-02-28": "30.33", "2016-11-30": "18.30", "2016-08-31": "15.36", "2016-05-31": "11.58", "2016-02-29": "10.35", "2015-11-30": "13.65", "2015-08-31": "12.47", "2015-05-31": "26.17", "2015-02-28": "14.25", "2014-11-30": "19.71", "2014-08-31": "16.96", "2014-05-31": "9.05", "2014-02-28": "13.84", "2013-11-30": "10.03", "2013-08-31": "11.63", "2013-05-31": "11.62", "2013-02-28": "9.37", "2012-11-30": "9.31", "2012-08-31": "10.93", "2012-05-31": "8.55", "2012-02-29": "11.56", "2011-11-30": "10.11", "2011-08-31": "8.61", "2011-05-31": "12.84", "2011-02-28": "15.05", "2010-11-30": "11.60", "2010-08-31": "11.44", "2010-05-31": "21.95", "2010-02-28": "81.70", "2009-11-30": "0.00", "2009-08-31": "0.00", "2009-05-31": "41.48", "2009-02-28": "7.09", "2008-11-30": "9.57", "2008-08-31": "21.31", "2008-05-31": "24.21", "2008-02-29": "38.92", "2007-11-30": "29.82", "2007-08-31": "49.73", "2007-05-31": "231.18", "2007-02-28": "61.20", "2006-11-30": "37.79"}, "price sales": {"2021-02-05": "0.25", "2020-11-30": "0.21", "2020-08-31": "0.19", "2020-05-31": "0.17", "2020-02-29": "0.19", "2019-11-30": "0.23", "2019-08-31": "0.18", "2019-05-31": "0.16", "2019-02-28": "0.20", "2018-11-30": "0.18", "2018-08-31": "0.23", "2018-05-31": "0.23", "2018-02-28": "0.23", "2017-11-30": "0.26", "2017-08-31": "0.29", "2017-05-31": "0.29", "2017-02-28": "0.25", "2016-11-30": "0.21", "2016-08-31": "0.21", "2016-05-31": "0.19", "2016-02-29": "0.21", "2015-11-30": "0.25", "2015-08-31": "0.20", "2015-05-31": "0.26", "2015-02-28": "0.24", "2014-11-30": "0.24", "2014-08-31": "0.26", "2014-05-31": "0.22", "2014-02-28": "0.22", "2013-11-30": "0.23", "2013-08-31": "0.25", "2013-05-31": "0.23", "2013-02-28": "0.22", "2012-11-30": "0.22", "2012-08-31": "0.27", "2012-05-31": "0.21", "2012-02-29": "0.29", "2011-11-30": "0.23", "2011-08-31": "0.20", "2011-05-31": "0.26", "2011-02-28": "0.27", "2010-11-30": "0.20", "2010-08-31": "0.14", "2010-05-31": "0.20", "2010-02-28": "0.24", "2009-11-30": "0.21", "2009-08-31": "0.17", "2009-05-31": "0.11", "2009-02-28": "0.06", "2008-11-30": "0.09", "2008-08-31": "0.22", "2008-05-31": "0.17", "2008-02-29": "0.17", "2007-11-30": "0.23", "2007-08-31": "0.30", "2007-05-31": "0.32", "2007-02-28": "0.38", "2006-11-30": "0.43"}, "price book": {"current": "3.36", "2021-02-05": "3.36", "2020-11-30": "2.88", "2020-08-31": "2.81", "2020-05-31": "2.73", "2020-02-29": "2.74", "2019-11-30": "3.17", "2019-08-31": "2.30", "2019-05-31": "1.99", "2019-02-28": "2.30", "2018-11-30": "2.04", "2018-08-31": "2.43", "2018-05-31": "2.13", "2018-02-28": "1.98", "2017-11-30": "2.11", "2017-08-31": "2.28", "2017-05-31": "2.21", "2017-02-28": "1.85", "2016-11-30": "1.55", "2016-08-31": "1.54", "2016-05-31": "1.38", "2016-02-29": "1.52", "2015-11-30": "1.92", "2015-08-31": "1.50", "2015-05-31": "1.92", "2015-02-28": "1.76", "2014-11-30": "1.66", "2014-08-31": "1.72", "2014-05-31": "1.43", "2014-02-28": "1.49", "2013-11-30": "1.58", "2013-08-31": "1.80", "2013-05-31": "1.67", "2013-02-28": "1.58", "2012-11-30": "1.67", "2012-08-31": "2.00", "2012-05-31": "1.74", "2012-02-29": "2.35", "2011-11-30": "1.95", "2011-08-31": "1.61", "2011-05-31": "2.09", "2011-02-28": "2.22", "2010-11-30": "1.65", "2010-08-31": "1.18", "2010-05-31": "1.65", "2010-02-28": "1.84", "2009-11-30": "1.54", "2009-08-31": "1.35", "2009-05-31": "0.98", "2009-02-28": "0.53", "2008-11-30": "0.51", "2008-08-31": "1.05", "2008-05-31": "0.82", "2008-02-29": "0.84", "2007-11-30": "1.12", "2007-08-31": "1.50", "2007-05-31": "1.58", "2007-02-28": "1.85", "2006-11-30": "1.97", "2006-08-31": "1.81", "2006-05-31": "2.32", "2006-02-28": "2.61"}, "price fcf": {"2021-02-05": "", "2020-11-30": "$3.00", "2020-08-31": "$2.97", "2020-05-31": "$5.93", "2020-02-29": "$2.22", "2019-11-30": "$3.28", "2019-08-31": "$2.56", "2019-05-31": "$-2.26", "2019-02-28": "$-5.43", "2018-11-30": "$-7.44", "2018-08-31": "$-10.24", "2018-05-31": "$-22.56", "2018-02-28": "$-17.66", "2017-11-30": "$-15.44", "2017-08-31": "$-10.79", "2017-05-31": "$1.45", "2017-02-28": "$2.28", "2016-11-30": "$0.57", "2016-08-31": "$0.09", "2016-05-31": "$-0.16", "2016-02-29": "$-0.77", "2015-11-30": "$0.98", "2015-08-31": "$1.50", "2015-05-31": "$0.33", "2015-02-28": "$1.17", "2014-11-30": "$0.54", "2014-08-31": "$0.18", "2014-05-31": "$1.27", "2014-02-28": "$1.97", "2013-11-30": "$2.05", "2013-08-31": "$2.37", "2013-05-31": "$2.91", "2013-02-28": "$1.23", "2012-11-30": "$0.57", "2012-08-31": "$0.72", "2012-05-31": "$0.39", "2012-02-29": "$0.23", "2011-11-30": "$2.71", "2011-08-31": "$1.78", "2011-05-31": "$1.60", "2011-02-28": "$0.98", "2010-11-30": "$-0.84", "2010-08-31": "$0.18", "2010-05-31": "$0.11", "2010-02-28": "$0.68", "2009-11-30": "$2.22", "2009-08-31": "$1.33", "2009-05-31": "$0.20", "2009-02-28": "$0.45", "2008-11-30": "$-0.65", "2008-08-31": "$0.44", "2008-05-31": "$1.83", "2008-02-29": "$1.94", "2007-11-30": "$1.46", "2007-08-31": "$-0.48", "2007-05-31": "$-1.65", "2007-02-28": "$-1.03", "2006-11-30": "$-0.63"}, "net worth": {"value": "$6.69B"}, "current ratio": {"current": "1.02", "2020-11-30": "1.02", "2020-08-31": "1.01", "2020-05-31": "0.94", "2020-02-29": "0.95", "2019-11-30": "0.97", "2019-08-31": "0.98", "2019-05-31": "1.01", "2019-02-28": "1.02", "2018-11-30": "1.02", "2018-08-31": "1.04", "2018-05-31": "1.02", "2018-02-28": "1.04", "2017-11-30": "0.96", "2017-08-31": "0.96", "2017-05-31": "0.96", "2017-02-28": "1.06", "2016-11-30": "1.04", "2016-08-31": "1.05", "2016-05-31": "1.03", "2016-02-29": "1.04", "2015-11-30": "1.09", "2015-08-31": "1.03", "2015-05-31": "1.16", "2015-02-28": "1.21", "2014-11-30": "1.22", "2014-08-31": "1.24", "2014-05-31": "1.33", "2014-02-28": "1.27", "2013-11-30": "1.20", "2013-08-31": "1.20", "2013-05-31": "1.42", "2013-02-28": "1.40", "2012-11-30": "1.39", "2012-08-31": "1.46", "2012-05-31": "1.32", "2012-02-29": "1.33", "2011-11-30": "1.33", "2011-08-31": "1.32", "2011-05-31": "1.36", "2011-02-28": "1.35", "2010-11-30": "1.35", "2010-08-31": "1.29", "2010-05-31": "1.36", "2010-02-28": "1.39", "2009-11-30": "1.36", "2009-08-31": "1.37", "2009-05-31": "1.39", "2009-02-28": "1.38", "2008-11-30": "1.31", "2008-08-31": "1.36", "2008-05-31": "1.40", "2008-02-29": "1.37", "2007-11-30": "1.24", "2007-08-31": "1.23", "2007-05-31": "1.09", "2007-02-28": "1.10", "2006-11-30": "1.35", "2006-08-31": "1.36", "2006-05-31": "1.59", "2006-02-28": "1.78", "2005-11-30": "1.65", "2005-08-31": "1.71", "2005-05-31": "1.77", "2005-02-28": "1.96"}, "quick ratio": {"2020-11-30": "0.68", "2020-08-31": "0.66", "2020-05-31": "0.57", "2020-02-29": "0.55", "2019-11-30": "0.62", "2019-08-31": "0.62", "2019-05-31": "0.61", "2019-02-28": "0.60", "2018-11-30": "0.62", "2018-08-31": "0.57", "2018-05-31": "0.52", "2018-02-28": "0.54", "2017-11-30": "0.50", "2017-08-31": "0.54", "2017-05-31": "0.52", "2017-02-28": "0.59", "2016-11-30": "0.61", "2016-08-31": "0.61", "2016-05-31": "0.60", "2016-02-29": "0.61", "2015-11-30": "0.66", "2015-08-31": "0.59", "2015-05-31": "0.69", "2015-02-28": "0.73", "2014-11-30": "0.77", "2014-08-31": "0.78", "2014-05-31": "0.85", "2014-02-28": "0.80", "2013-11-30": "0.74", "2013-08-31": "0.76", "2013-05-31": "0.84", "2013-02-28": "0.80", "2012-11-30": "0.82", "2012-08-31": "0.87", "2012-05-31": "0.73", "2012-02-29": "0.72", "2011-11-30": "0.73", "2011-08-31": "0.74", "2011-05-31": "0.75", "2011-02-28": "0.74", "2010-11-30": "0.72", "2010-08-31": "0.71", "2010-05-31": "0.76", "2010-02-28": "0.83", "2009-11-30": "0.88", "2009-08-31": "0.91", "2009-05-31": "0.90", "2009-02-28": "0.86", "2008-11-30": "0.82", "2008-08-31": "0.86", "2008-05-31": "0.88", "2008-02-29": "0.81", "2007-11-30": "0.79", "2007-08-31": "0.77", "2007-05-31": "0.65", "2007-02-28": "0.64", "2006-11-30": "0.82", "2006-08-31": "0.82", "2006-05-31": "1.01", "2006-02-28": "1.22", "2005-11-30": "1.14", "2005-08-31": "1.19", "2005-05-31": "1.24", "2005-02-28": "1.40"}, "debt equity ratio": {"current": "1.34", "2020-11-30": "6.66", "2020-08-31": "6.89", "2020-05-31": "7.14", "2020-02-29": "6.47", "2019-11-30": "6.81", "2019-08-31": "5.82", "2019-05-31": "5.75", "2019-02-28": "5.71", "2018-11-30": "5.71", "2018-08-31": "5.14", "2018-05-31": "4.11", "2018-02-28": "4.01", "2017-11-30": "3.91", "2017-08-31": "3.69", "2017-05-31": "3.41", "2017-02-28": "3.13", "2016-11-30": "3.41", "2016-08-31": "3.20", "2016-05-31": "2.95", "2016-02-29": "2.98", "2015-11-30": "3.26", "2015-08-31": "3.11", "2015-05-31": "2.85", "2015-02-28": "2.79", "2014-11-30": "2.94", "2014-08-31": "2.75", "2014-05-31": "2.38", "2014-02-28": "2.50", "2013-11-30": "2.74", "2013-08-31": "2.89", "2013-05-31": "2.69", "2013-02-28": "2.79", "2012-11-30": "2.94", "2012-08-31": "2.70", "2012-05-31": "2.66", "2012-02-29": "2.55", "2011-11-30": "2.76", "2011-08-31": "2.75", "2011-05-31": "2.57", "2011-02-28": "2.66", "2010-11-30": "2.74", "2010-08-31": "3.00", "2010-05-31": "2.77", "2010-02-28": "2.66", "2009-11-30": "2.81", "2009-08-31": "2.69", "2009-05-31": "2.67", "2009-02-28": "2.78", "2008-11-30": "1.96", "2008-08-31": "1.59", "2008-05-31": "1.59", "2008-02-29": "1.47", "2007-11-30": "1.61", "2007-08-31": "1.58", "2007-05-31": "1.56", "2007-02-28": "1.62", "2006-11-30": "1.40", "2006-08-31": "1.36", "2006-05-31": "0.99", "2006-02-28": "0.89", "2005-11-30": "1.00", "2005-08-31": "0.91", "2005-05-31": "0.85", "2005-02-28": "0.77"}, "return on equity": {"2020-11-30": "11.85%", "2020-08-31": "3.05%", "2020-05-31": "2.18%", "2020-02-29": "7.21%", "2019-11-30": "10.86%", "2019-08-31": "15.24%", "2019-05-31": "9.32%", "2019-02-28": "8.95%", "2018-11-30": "7.04%", "2018-08-31": "3.96%", "2018-05-31": "8.27%", "2018-02-28": "5.22%", "2017-11-30": "4.47%", "2017-08-31": "5.46%", "2017-05-31": "5.07%", "2017-02-28": "6.21%", "2016-11-30": "8.53%", "2016-08-31": "10.31%", "2016-05-31": "12.49%", "2016-02-29": "15.54%", "2015-11-30": "14.75%", "2015-08-31": "12.37%", "2015-05-31": "7.47%", "2015-02-28": "12.42%", "2014-11-30": "8.42%", "2014-08-31": "10.22%", "2014-05-31": "16.55%", "2014-02-28": "11.01%", "2013-11-30": "16.77%", "2013-08-31": "16.88%", "2013-05-31": "15.31%", "2013-02-28": "18.10%", "2012-11-30": "18.89%", "2012-08-31": "19.61%", "2012-05-31": "21.75%", "2012-02-29": "22.14%", "2011-11-30": "20.48%", "2011-08-31": "20.74%", "2011-05-31": "18.48%", "2011-02-28": "16.50%", "2010-11-30": "15.74%", "2010-08-31": "11.13%", "2010-05-31": "7.84%", "2010-02-28": "2.41%", "2009-11-30": "-60.10%", "2009-08-31": "-71.21%", "2009-05-31": "-57.00%", "2009-02-28": "-46.10%", "2008-11-30": "-7.97%", "2008-08-31": "5.03%", "2008-05-31": "3.42%", "2008-02-29": "2.23%", "2007-11-30": "3.82%", "2007-08-31": "3.03%", "2007-05-31": "0.63%", "2007-02-28": "3.05%", "2006-11-30": "5.33%", "2006-08-31": "6.93%", "2006-05-31": "10.86%", "2006-02-28": "11.24%", "2005-11-30": "10.67%"}, "return on assets": {"2020-11-30": "1.52%", "2020-08-31": "0.39%", "2020-05-31": "0.29%", "2020-02-29": "1.00%", "2019-11-30": "1.55%", "2019-08-31": "2.26%", "2019-05-31": "1.42%", "2019-02-28": "1.46%", "2018-11-30": "1.24%", "2018-08-31": "0.75%", "2018-05-31": "1.68%", "2018-02-28": "1.10%", "2017-11-30": "0.99%", "2017-08-31": "1.24%", "2017-05-31": "1.18%", "2017-02-28": "1.49%", "2016-11-30": "2.07%", "2016-08-31": "2.52%", "2016-05-31": "3.07%", "2016-02-29": "3.84%", "2015-11-30": "3.68%", "2015-08-31": "3.16%", "2015-05-31": "1.95%", "2015-02-28": "3.35%", "2014-11-30": "2.31%", "2014-08-31": "2.85%", "2014-05-31": "4.56%", "2014-02-28": "2.97%", "2013-11-30": "4.44%", "2013-08-31": "4.41%", "2013-05-31": "4.05%", "2013-02-28": "4.80%", "2012-11-30": "5.08%", "2012-08-31": "5.35%", "2012-05-31": "5.92%", "2012-02-29": "6.06%", "2011-11-30": "5.56%", "2011-08-31": "5.64%", "2011-05-31": "4.95%", "2011-02-28": "4.36%", "2010-11-30": "4.15%", "2010-08-31": "2.92%", "2010-05-31": "2.10%", "2010-02-28": "0.65%", "2009-11-30": "-16.09%", "2009-08-31": "-20.65%", "2009-05-31": "-18.35%", "2009-02-28": "-16.08%", "2008-11-30": "-3.02%", "2008-08-31": "1.96%", "2008-05-31": "1.33%", "2008-02-29": "0.87%", "2007-11-30": "1.47%", "2007-08-31": "1.19%", "2007-05-31": "0.25%", "2007-02-28": "1.30%", "2006-11-30": "2.47%", "2006-08-31": "3.37%", "2006-05-31": "5.58%", "2006-02-28": "5.88%", "2005-11-30": "5.66%"}, "return on investments": {"2020-11-30": "15.78%", "2020-08-31": "12.46%", "2020-05-31": "12.67%", "2020-02-29": "14.22%", "2019-11-30": "15.31%", "2019-08-31": "16.42%", "2019-05-31": "15.19%", "2019-02-28": "14.54%", "2018-11-30": "13.89%", "2018-08-31": "12.53%", "2018-05-31": "12.04%", "2018-02-28": "10.61%", "2017-11-30": "9.46%", "2017-08-31": "9.70%", "2017-05-31": "8.84%", "2017-02-28": "9.07%", "2016-11-30": "10.80%", "2016-08-31": "12.08%", "2016-05-31": "14.07%", "2016-02-29": "16.19%", "2015-11-30": "15.81%", "2015-08-31": "14.31%", "2015-05-31": "11.47%", "2015-02-28": "7.93%", "2014-11-30": "4.87%", "2014-08-31": "5.06%", "2014-05-31": "5.25%", "2014-02-28": "7.70%", "2013-11-30": "11.04%", "2013-08-31": "11.69%", "2013-05-31": "12.33%", "2013-02-28": "14.69%", "2012-11-30": "15.93%", "2012-08-31": "16.82%", "2012-05-31": "20.92%", "2012-02-29": "20.96%", "2011-11-30": "19.85%", "2011-08-31": "19.71%", "2011-05-31": "18.16%", "2011-02-28": "16.95%", "2010-11-30": "15.93%", "2010-08-31": "12.86%", "2010-05-31": "10.64%", "2010-02-28": "6.52%", "2009-11-30": "-24.35%", "2009-08-31": "-33.78%", "2009-05-31": "-28.58%", "2009-02-28": "-23.60%", "2008-11-30": "-2.38%", "2008-08-31": "6.91%", "2008-05-31": "6.16%", "2008-02-29": "5.74%", "2007-11-30": "7.28%", "2007-08-31": "6.36%", "2007-05-31": "4.54%", "2007-02-28": "6.09%", "2006-11-30": "7.80%", "2006-08-31": "8.95%", "2006-05-31": "11.30%", "2006-02-28": "11.70%", "2005-11-30": "11.19%"}, "return on tangible equity": {"2020-11-30": "24.08%", "2020-08-31": "6.36%", "2020-05-31": "4.46%", "2020-02-29": "14.18%", "2019-11-30": "20.90%", "2019-08-31": "28.95%", "2019-05-31": "17.70%", "2019-02-28": "16.51%", "2018-11-30": "12.51%", "2018-08-31": "6.82%", "2018-05-31": "13.76%", "2018-02-28": "8.56%", "2017-11-30": "7.20%", "2017-08-31": "8.69%", "2017-05-31": "8.03%", "2017-02-28": "9.73%", "2016-11-30": "13.36%", "2016-08-31": "15.90%", "2016-05-31": "18.96%", "2016-02-29": "22.94%", "2015-11-30": "21.09%", "2015-08-31": "17.37%", "2015-05-31": "10.33%", "2015-02-28": "17.01%", "2014-11-30": "11.51%", "2014-08-31": "14.18%", "2014-05-31": "22.81%", "2014-02-28": "14.44%", "2013-11-30": "20.87%", "2013-08-31": "19.66%", "2013-05-31": "17.00%", "2013-02-28": "20.15%", "2012-11-30": "21.11%", "2012-08-31": "21.68%", "2012-05-31": "23.82%", "2012-02-29": "23.98%", "2011-11-30": "21.99%", "2011-08-31": "22.35%", "2011-05-31": "20.00%", "2011-02-28": "17.99%", "2010-11-30": "17.24%", "2010-08-31": "12.29%", "2010-05-31": "8.71%", "2010-02-28": "2.69%", "2009-11-30": "-67.70%", "2009-08-31": "-90.52%", "2009-05-31": "-84.30%", "2009-02-28": "-77.74%", "2008-11-30": "-15.08%", "2008-08-31": "9.99%", "2008-05-31": "6.94%", "2008-02-29": "4.59%", "2007-11-30": "7.96%", "2007-08-31": "5.70%", "2007-05-31": "1.08%", "2007-02-28": "4.64%", "2006-11-30": "7.17%", "2006-08-31": "9.05%", "2006-05-31": "13.80%", "2006-02-28": "14.10%", "2005-11-30": "13.37%"}, "dividend yield history": {"last payout": "$0.32", "last yield": "0.72%"}}