{"ticker": "JBGS", "price": {"title": "JBG SMITH Properties Historical Annual Stock Price Data", "value": 31.21, "historical": {"2020": {"Average Stock Price": "31.3175", "Year Open": "39.4000", "Year High": "42.2400", "Year Low": "22.9900", "Year Close": "31.2700", "Annual % Change": "-21.61%"}, "2019": {"Average Stock Price": "39.7378", "Year Open": "34.3900", "Year High": "43.1700", "Year Low": "34.3900", "Year Close": "39.8900", "Annual % Change": "14.59%"}, "2018": {"Average Stock Price": "35.9614", "Year Open": "34.4900", "Year High": "40.5500", "Year Low": "31.0400", "Year Close": "34.8100", "Annual % Change": "0.23%"}, "2017": {"Average Stock Price": "33.4141", "Year Open": "37.2400", "Year High": "37.2400", "Year Low": "31.1000", "Year Close": "34.7300", "Annual % Change": "0.00%"}}}, "market cap": {"value": "$4.13B"}, "income statement": {"Revenue": {"2019-12-31": "647.77000", "2018-12-31": "644.18200", "2017-12-31": "543.01300", "2016-12-31": "478.51900", "2015-12-31": "470.60700"}, "Cost Of Goods Sold": {"2019-12-31": "208.11500", "2018-12-31": "219.13500", "2017-12-31": "185.27000", "2016-12-31": "158.08800", "2015-12-31": "160.38500"}, "Gross Profit": {"2019-12-31": "439.65500", "2018-12-31": "425.04700", "2017-12-31": "357.74300", "2016-12-31": "320.43100", "2015-12-31": "310.22200"}, "Research And Development Expenses": {"2019-12-31": "", "2018-12-31": "", "2017-12-31": "", "2016-12-31": "", "2015-12-31": ""}, "SG&A Expenses": {"2019-12-31": "225.71400", "2018-12-31": "187.29000", "2017-12-31": "248.25900", "2016-12-31": "74.29500", "2015-12-31": "62.64100"}, "Other Operating Income Or Expenses": {"2019-12-31": "", "2018-12-31": "", "2017-12-31": "", "2016-12-31": "", "2015-12-31": ""}, "Operating Expenses": {"2019-12-31": "625.40900", "2018-12-31": "617.86100", "2017-12-31": "595.18800", "2016-12-31": "365.72600", "2015-12-31": "368.01000"}, "Operating Income": {"2019-12-31": "22.36100", "2018-12-31": "26.32100", "2017-12-31": "-52.17500", "2016-12-31": "112.79300", "2015-12-31": "102.59700"}, "Total Non-Operating Income/Expense": {"2019-12-31": "50.48100", "2018-12-31": "19.55400", "2017-12-31": "-36.82100", "2016-12-31": "-49.73600", "2015-12-31": "-52.54900"}, "Pre-Tax Income": {"2019-12-31": "72.84200", "2018-12-31": "45.87500", "2017-12-31": "-88.99600", "2016-12-31": "63.05700", "2015-12-31": "50.04800"}, "Income Taxes": {"2019-12-31": "-1.30200", "2018-12-31": "-0.73800", "2017-12-31": "-9.91200", "2016-12-31": "1.08300", "2015-12-31": "0.42000"}, "Income After Taxes": {"2019-12-31": "74.14400", "2018-12-31": "46.61300", "2017-12-31": "-79.08400", "2016-12-31": "61.97400", "2015-12-31": "49.62800"}, "Other Income": {"2019-12-31": "", "2018-12-31": "", "2017-12-31": "", "2016-12-31": "", "2015-12-31": ""}, "Income From Continuous Operations": {"2019-12-31": "74.14400", "2018-12-31": "46.61300", "2017-12-31": "-79.08400", "2016-12-31": "61.97400", "2015-12-31": "49.62800"}, "Income From Discontinued Operations": {"2019-12-31": "", "2018-12-31": "", "2017-12-31": "", "2016-12-31": "", "2015-12-31": ""}, "Net Income": {"2019-12-31": "65.57100", "2018-12-31": "39.92400", "2017-12-31": "-71.75300", "2016-12-31": "61.97400", "2015-12-31": "49.62800"}, "EBITDA": {"2019-12-31": "223.70100", "2018-12-31": "245.16600", "2017-12-31": "115.56600", "2016-12-31": "250.10400", "2015-12-31": "249.35500"}, "EBIT": {"2019-12-31": "22.36100", "2018-12-31": "26.32100", "2017-12-31": "-52.17500", "2016-12-31": "112.79300", "2015-12-31": "102.59700"}, "Basic Shares Outstanding": {"2019-12-31": "130.68700", "2018-12-31": "119.17600", "2017-12-31": "105.35900", "2016-12-31": "100.57100", "2015-12-31": "100.57100"}, "Shares Outstanding": {"2019-12-31": "130.68700", "2018-12-31": "119.17600", "2017-12-31": "105.35900", "2016-12-31": "100.57100", "2015-12-31": "100.57100"}, "Basic EPS": {"2019-12-31": "0.48000", "2018-12-31": "0.31000", "2017-12-31": "-0.70000", "2016-12-31": "0.62000", "2015-12-31": "0.49000"}, "EPS - Earnings Per Share": {"2019-12-31": "0.48000", "2018-12-31": "0.31000", "2017-12-31": "-0.70000", "2016-12-31": "0.62000", "2015-12-31": "0.49000"}}, "income statement, quarterly": {"Revenue": {"2020-09-30": "151.03500", "2020-06-30": "144.95200", "2020-03-31": "158.10700", "2019-12-31": "164.87700", "2019-09-30": "167.07700", "2019-06-30": "160.61700", "2019-03-31": "155.19900", "2018-12-31": "163.25500", "2018-09-30": "158.44300", "2018-06-30": "159.44700", "2018-03-31": "163.03700", "2017-12-31": "156.37100", "2017-09-30": "152.35000", "2017-06-30": "118.02000", "2017-03-31": "116.27200", "2016-12-31": "", "2016-09-30": "123.35700", "2016-06-30": "116.33900", "2015-12-31": ""}, "Cost Of Goods Sold": {"2020-09-30": "54.92600", "2020-06-30": "51.66100", "2020-03-31": "52.70200", "2019-12-31": "55.78700", "2019-09-30": "52.54000", "2019-06-30": "50.37900", "2019-03-31": "49.40900", "2018-12-31": "57.10800", "2018-09-30": "55.28600", "2018-06-30": "51.97300", "2018-03-31": "54.76800", "2017-12-31": "59.95200", "2017-09-30": "46.82800", "2017-06-30": "39.53700", "2017-03-31": "38.95300", "2016-12-31": "", "2016-09-30": "41.74900", "2016-06-30": "41.51100", "2015-12-31": ""}, "Gross Profit": {"2020-09-30": "96.10900", "2020-06-30": "93.29100", "2020-03-31": "105.40500", "2019-12-31": "109.09000", "2019-09-30": "114.53700", "2019-06-30": "110.23800", "2019-03-31": "105.79000", "2018-12-31": "106.14700", "2018-09-30": "103.15700", "2018-06-30": "107.47400", "2018-03-31": "108.26900", "2017-12-31": "96.41900", "2017-09-30": "105.52200", "2017-06-30": "78.48300", "2017-03-31": "77.31900", "2016-12-31": "", "2016-09-30": "81.60800", "2016-06-30": "74.82800", "2015-12-31": ""}, "Research And Development Expenses": {"2020-09-30": "", "2020-06-30": "", "2020-03-31": "", "2019-12-31": "", "2019-09-30": "", "2019-06-30": "", "2019-03-31": "", "2018-12-31": "", "2018-09-30": "", "2018-06-30": "", "2018-03-31": "", "2017-12-31": "", "2017-09-30": "", "2017-06-30": "", "2017-03-31": "", "2016-12-31": "", "2016-09-30": "", "2016-06-30": "", "2015-12-31": ""}, "SG&A Expenses": {"2020-09-30": "47.27100", "2020-06-30": "52.68500", "2020-03-31": "56.74000", "2019-12-31": "64.11000", "2019-09-30": "52.43200", "2019-06-30": "52.76600", "2019-03-31": "56.40600", "2018-12-31": "58.47400", "2018-09-30": "41.46800", "2018-06-30": "42.67600", "2018-03-31": "44.67200", "2017-12-31": "52.74200", "2017-09-30": "150.31100", "2017-06-30": "21.27500", "2017-03-31": "23.93100", "2016-12-31": "", "2016-09-30": "17.22000", "2016-06-30": "11.93900", "2015-12-31": ""}, "Other Operating Income Or Expenses": {"2020-09-30": "", "2020-06-30": "", "2020-03-31": "", "2019-12-31": "", "2019-09-30": "", "2019-06-30": "", "2019-03-31": "", "2018-12-31": "", "2018-09-30": "", "2018-06-30": "", "2018-03-31": "", "2017-12-31": "", "2017-09-30": "", "2017-06-30": "", "2017-03-31": "", "2016-12-31": "", "2016-09-30": "", "2016-06-30": "", "2015-12-31": ""}, "Operating Expenses": {"2020-09-30": "158.67800", "2020-06-30": "156.96200", "2020-03-31": "157.93100", "2019-12-31": "169.90100", "2019-09-30": "151.83400", "2019-06-30": "149.14000", "2019-03-31": "154.53400", "2018-12-31": "183.13800", "2018-09-30": "143.35700", "2018-06-30": "142.76600", "2018-03-31": "148.60000", "2017-12-31": "164.62700", "2017-09-30": "241.09000", "2017-06-30": "92.80500", "2017-03-31": "96.66600", "2016-12-31": "", "2016-09-30": "90.34600", "2016-06-30": "86.07500", "2015-12-31": ""}, "Operating Income": {"2020-09-30": "-7.64300", "2020-06-30": "-12.01000", "2020-03-31": "0.17600", "2019-12-31": "-5.02400", "2019-09-30": "15.24300", "2019-06-30": "11.47700", "2019-03-31": "0.66500", "2018-12-31": "-19.88300", "2018-09-30": "15.08600", "2018-06-30": "16.68100", "2018-03-31": "14.43700", "2017-12-31": "-8.25600", "2017-09-30": "-88.74000", "2017-06-30": "25.21500", "2017-03-31": "19.60600", "2016-12-31": "", "2016-09-30": "33.01100", "2016-06-30": "30.26400", "2015-12-31": ""}, "Total Non-Operating Income/Expense": {"2020-09-30": "-17.85000", "2020-06-30": "-29.14100", "2020-03-31": "45.65400", "2019-12-31": "43.10300", "2019-09-30": "-4.27900", "2019-06-30": "-14.75400", "2019-03-31": "26.41100", "2018-12-31": "21.57500", "2018-09-30": "10.45500", "2018-06-30": "7.65500", "2018-03-31": "-20.13100", "2017-12-31": "-20.09100", "2017-09-30": "9.71500", "2017-06-30": "-13.51100", "2017-03-31": "-12.93400", "2016-12-31": "", "2016-09-30": "-11.69500", "2016-06-30": "-13.16300", "2015-12-31": ""}, "Pre-Tax Income": {"2020-09-30": "-25.49300", "2020-06-30": "-41.15100", "2020-03-31": "45.83000", "2019-12-31": "38.07900", "2019-09-30": "10.96400", "2019-06-30": "-3.27700", "2019-03-31": "27.07600", "2018-12-31": "1.69200", "2018-09-30": "25.54100", "2018-06-30": "24.33600", "2018-03-31": "-5.69400", "2017-12-31": "-28.34700", "2017-09-30": "-79.02500", "2017-06-30": "11.70400", "2017-03-31": "6.67200", "2016-12-31": "", "2016-09-30": "21.31600", "2016-06-30": "17.10100", "2015-12-31": ""}, "Income Taxes": {"2020-09-30": "-0.48800", "2020-06-30": "-0.88800", "2020-03-31": "-2.34500", "2019-12-31": "-0.61300", "2019-09-30": "0.43200", "2019-06-30": "0.05100", "2019-03-31": "-1.17200", "2018-12-31": "0.69800", "2018-09-30": "-0.84100", "2018-06-30": "0.31300", "2018-03-31": "-0.90800", "2017-12-31": "-9.59500", "2017-09-30": "-1.03400", "2017-06-30": "0.36300", "2017-03-31": "0.35400", "2016-12-31": "", "2016-09-30": "0.30200", "2016-06-30": "0.31800", "2015-12-31": ""}, "Income After Taxes": {"2020-09-30": "-25.00500", "2020-06-30": "-40.26300", "2020-03-31": "48.17500", "2019-12-31": "38.69200", "2019-09-30": "10.53200", "2019-06-30": "-3.32800", "2019-03-31": "28.24800", "2018-12-31": "0.99400", "2018-09-30": "26.38200", "2018-06-30": "24.02300", "2018-03-31": "-4.78600", "2017-12-31": "-18.75200", "2017-09-30": "-77.99100", "2017-06-30": "11.34100", "2017-03-31": "6.31800", "2016-12-31": "", "2016-09-30": "21.01400", "2016-06-30": "16.78300", "2015-12-31": ""}, "Other Income": {"2020-09-30": "", "2020-06-30": "", "2020-03-31": "", "2019-12-31": "", "2019-09-30": "", "2019-06-30": "", "2019-03-31": "", "2018-12-31": "", "2018-09-30": "", "2018-06-30": "", "2018-03-31": "", "2017-12-31": "", "2017-09-30": "", "2017-06-30": "", "2017-03-31": "", "2016-12-31": "", "2016-09-30": "", "2016-06-30": "", "2015-12-31": ""}, "Income From Continuous Operations": {"2020-09-30": "-25.00500", "2020-06-30": "-40.26300", "2020-03-31": "48.17500", "2019-12-31": "38.69200", "2019-09-30": "10.53200", "2019-06-30": "-3.32800", "2019-03-31": "28.24800", "2018-12-31": "0.99400", "2018-09-30": "26.38200", "2018-06-30": "24.02300", "2018-03-31": "-4.78600", "2017-12-31": "-18.75200", "2017-09-30": "-77.99100", "2017-06-30": "11.34100", "2017-03-31": "6.31800", "2016-12-31": "", "2016-09-30": "21.01400", "2016-06-30": "16.78300", "2015-12-31": ""}, "Income From Discontinued Operations": {"2020-09-30": "", "2020-06-30": "", "2020-03-31": "", "2019-12-31": "", "2019-09-30": "", "2019-06-30": "", "2019-03-31": "", "2018-12-31": "", "2018-09-30": "", "2018-06-30": "", "2018-03-31": "", "2017-12-31": "", "2017-09-30": "", "2017-06-30": "", "2017-03-31": "", "2016-12-31": "", "2016-09-30": "", "2016-06-30": "", "2015-12-31": ""}, "Net Income": {"2020-09-30": "-22.79300", "2020-06-30": "-36.78000", "2020-03-31": "42.92500", "2019-12-31": "34.39000", "2019-09-30": "9.36000", "2019-06-30": "-3.04000", "2019-03-31": "24.86100", "2018-12-31": "0.71000", "2018-09-30": "22.83000", "2018-06-30": "20.57400", "2018-03-31": "-4.19000", "2017-12-31": "-19.58100", "2017-09-30": "-69.83100", "2017-06-30": "11.34100", "2017-03-31": "6.31800", "2016-12-31": "", "2016-09-30": "21.01400", "2016-06-30": "16.78300", "2015-12-31": ""}, "EBITDA": {"2020-09-30": "51.37900", "2020-06-30": "43.34500", "2020-03-31": "50.98200", "2019-12-31": "47.59000", "2019-09-30": "63.39900", "2019-06-30": "60.18600", "2019-03-31": "52.52600", "2018-12-31": "48.41600", "2018-09-30": "63.02900", "2018-06-30": "66.90700", "2018-03-31": "66.81400", "2017-12-31": "46.18100", "2017-09-30": "-42.82300", "2017-06-30": "58.58500", "2017-03-31": "53.62300", "2016-12-31": "", "2016-09-30": "64.47800", "2016-06-30": "30.26400", "2015-12-31": ""}, "EBIT": {"2020-09-30": "-7.64300", "2020-06-30": "-12.01000", "2020-03-31": "0.17600", "2019-12-31": "-5.02400", "2019-09-30": "15.24300", "2019-06-30": "11.47700", "2019-03-31": "0.66500", "2018-12-31": "-19.88300", "2018-09-30": "15.08600", "2018-06-30": "16.68100", "2018-03-31": "14.43700", "2017-12-31": "-8.25600", "2017-09-30": "-88.74000", "2017-06-30": "25.21500", "2017-03-31": "19.60600", "2016-12-31": "", "2016-09-30": "33.01100", "2016-06-30": "30.26400", "2015-12-31": ""}, "Basic Shares Outstanding": {"2020-09-30": "133.62000", "2020-06-30": "133.61300", "2020-03-31": "134.54200", "2019-12-31": "130.68700", "2019-09-30": "134.12700", "2019-06-30": "131.75400", "2019-03-31": "122.57300", "2018-12-31": "119.17600", "2018-09-30": "119.83500", "2018-06-30": "117.95500", "2018-03-31": "117.95500", "2017-12-31": "105.35900", "2017-09-30": "114.74400", "2017-06-30": "100.57100", "2017-03-31": "100.57100", "2016-12-31": "", "2016-09-30": "100.57100", "2016-06-30": "", "2015-12-31": ""}, "Shares Outstanding": {"2020-09-30": "133.62000", "2020-06-30": "133.61300", "2020-03-31": "135.42900", "2019-12-31": "130.68700", "2019-09-30": "134.12700", "2019-06-30": "131.75400", "2019-03-31": "123.42300", "2018-12-31": "119.17600", "2018-09-30": "119.83500", "2018-06-30": "117.95500", "2018-03-31": "117.95500", "2017-12-31": "105.35900", "2017-09-30": "114.74400", "2017-06-30": "100.57100", "2017-03-31": "100.57100", "2016-12-31": "", "2016-09-30": "100.57100", "2016-06-30": "", "2015-12-31": ""}, "Basic EPS": {"2020-09-30": "-0.18000", "2020-06-30": "-0.28000", "2020-03-31": "0.32000", "2019-12-31": "0.25000", "2019-09-30": "0.06000", "2019-06-30": "-0.03000", "2019-03-31": "0.20000", "2018-12-31": "-0.01000", "2018-09-30": "0.19000", "2018-06-30": "0.17000", "2018-03-31": "-0.04000", "2017-12-31": "-0.26000", "2017-09-30": "-0.61000", "2017-06-30": "0.11000", "2017-03-31": "0.06000", "2016-12-31": "", "2016-09-30": "0.21000", "2016-06-30": "", "2015-12-31": ""}, "EPS - Earnings Per Share": {"2020-09-30": "-0.18000", "2020-06-30": "-0.28000", "2020-03-31": "0.32000", "2019-12-31": "0.25000", "2019-09-30": "0.06000", "2019-06-30": "-0.03000", "2019-03-31": "0.20000", "2018-12-31": "-0.01000", "2018-09-30": "0.19000", "2018-06-30": "0.17000", "2018-03-31": "-0.04000", "2017-12-31": "-0.26000", "2017-09-30": "-0.61000", "2017-06-30": "0.11000", "2017-03-31": "0.06000", "2016-12-31": "0.00000", "2016-09-30": "0.21000", "2016-06-30": "0.00000", "2015-12-31": "0.00000"}}, "balance sheet": {"Cash On Hand": {"2019-12-31": "142.51600", "2018-12-31": "399.53200", "2017-12-31": "338.55700", "2016-12-31": "32.26300", "2015-12-31": ""}, "Receivables": {"2019-12-31": "222.66200", "2018-12-31": "190.04100", "2017-12-31": "193.04900", "2016-12-31": "245.02400", "2015-12-31": ""}, "Inventory": {"2019-12-31": "", "2018-12-31": "", "2017-12-31": "", "2016-12-31": "", "2015-12-31": ""}, "Pre-Paid Expenses": {"2019-12-31": "", "2018-12-31": "", "2017-12-31": "", "2016-12-31": "", "2015-12-31": ""}, "Other Current Assets": {"2019-12-31": "", "2018-12-31": "", "2017-12-31": "", "2016-12-31": "", "2015-12-31": ""}, "Total Current Assets": {"2019-12-31": "365.17800", "2018-12-31": "589.57300", "2017-12-31": "531.60600", "2016-12-31": "277.28700", "2015-12-31": ""}, "Property, Plant, And Equipment": {"2019-12-31": "4655.94800", "2018-12-31": "4740.85900", "2017-12-31": "5006.17400", "2016-12-31": "3224.62200", "2015-12-31": ""}, "Long-Term Investments": {"2019-12-31": "", "2018-12-31": "", "2017-12-31": "", "2016-12-31": "", "2015-12-31": ""}, "Goodwill And Intangible Assets": {"2019-12-31": "", "2018-12-31": "", "2017-12-31": "", "2016-12-31": "", "2015-12-31": "0.00000"}, "Other Long-Term Assets": {"2019-12-31": "965.12500", "2018-12-31": "666.85300", "2017-12-31": "534.02700", "2016-12-31": "158.73100", "2015-12-31": ""}, "Total Long-Term Assets": {"2019-12-31": "5621.07300", "2018-12-31": "5407.71200", "2017-12-31": "5540.20100", "2016-12-31": "3383.35300", "2015-12-31": ""}, "Total Assets": {"2019-12-31": "5986.25100", "2018-12-31": "5997.28500", "2017-12-31": "6071.80700", "2016-12-31": "3660.64000", "2015-12-31": "0.00000"}, "Total Current Liabilities": {"2019-12-31": "157.70200", "2018-12-31": "130.96000", "2017-12-31": "138.60700", "2016-12-31": "40.92300", "2015-12-31": ""}, "Long Term Debt": {"2019-12-31": "1623.07200", "2018-12-31": "2135.51000", "2017-12-31": "2187.98000", "2016-12-31": "1165.01400", "2015-12-31": ""}, "Other Non-Current Liabilities": {"2019-12-31": "206.04200", "2018-12-31": "185.32300", "2017-12-31": "161.27700", "2016-12-31": "332.71900", "2015-12-31": ""}, "Total Long Term Liabilities": {"2019-12-31": "2441.87200", "2018-12-31": "2878.97300", "2017-12-31": "2958.38600", "2016-12-31": "1497.73300", "2015-12-31": ""}, "Total Liabilities": {"2019-12-31": "2599.57400", "2018-12-31": "3009.93300", "2017-12-31": "3096.99300", "2016-12-31": "1538.65600", "2015-12-31": "0.00000"}, "Common Stock Net": {"2019-12-31": "1.34200", "2018-12-31": "1.21000", "2017-12-31": "1.18000", "2016-12-31": "", "2015-12-31": "0.00000"}, "Retained Earnings (Accumulated Deficit)": {"2019-12-31": "-231.16400", "2018-12-31": "-176.01800", "2017-12-31": "-95.80900", "2016-12-31": "", "2015-12-31": ""}, "Comprehensive Income": {"2019-12-31": "-16.74400", "2018-12-31": "6.70000", "2017-12-31": "1.61200", "2016-12-31": "", "2015-12-31": ""}, "Other Share Holders Equity": {"2019-12-31": "", "2018-12-31": "", "2017-12-31": "", "2016-12-31": "", "2015-12-31": "0.00000"}, "Share Holder Equity": {"2019-12-31": "3386.67700", "2018-12-31": "2987.35200", "2017-12-31": "2974.81400", "2016-12-31": "2121.98400", "2015-12-31": "0.00000"}, "Total Liabilities And Share Holders Equity": {"2019-12-31": "5986.25100", "2018-12-31": "5997.28500", "2017-12-31": "6071.80700", "2016-12-31": "3660.64000", "2015-12-31": "0.00000"}}, "balance sheet, quarterly": {"Cash On Hand": {"2020-09-30": "492.71300", "2020-06-30": "731.03300", "2020-03-31": "314.01900", "2019-12-31": "142.51600", "2019-09-30": "243.72000", "2019-06-30": "296.77800", "2019-03-31": "413.46100", "2018-12-31": "399.53200", "2018-09-30": "380.20900", "2018-06-30": "261.68800", "2018-03-31": "248.40800", "2017-12-31": "338.55700", "2017-09-30": "385.41700", "2017-06-30": "284.34800", "2017-03-31": "", "2016-12-31": "", "2016-09-30": "", "2016-06-30": "", "2015-12-31": ""}, "Receivables": {"2020-09-30": "231.85400", "2020-06-30": "234.05300", "2020-03-31": "230.76400", "2019-12-31": "222.66200", "2019-09-30": "226.35100", "2019-06-30": "214.42800", "2019-03-31": "202.30200", "2018-12-31": "190.04100", "2018-09-30": "177.60900", "2018-06-30": "182.69700", "2018-03-31": "200.52700", "2017-12-31": "193.04900", "2017-09-30": "196.15700", "2017-06-30": "248.36500", "2017-03-31": "", "2016-12-31": "", "2016-09-30": "", "2016-06-30": "", "2015-12-31": ""}, "Inventory": {"2020-09-30": "", "2020-06-30": "", "2020-03-31": "", "2019-12-31": "", "2019-09-30": "", "2019-06-30": "", "2019-03-31": "", "2018-12-31": "", "2018-09-30": "", "2018-06-30": "", "2018-03-31": "", "2017-12-31": "", "2017-09-30": "", "2017-06-30": "", "2017-03-31": "", "2016-12-31": "", "2016-09-30": "", "2016-06-30": "", "2015-12-31": ""}, "Pre-Paid Expenses": {"2020-09-30": "", "2020-06-30": "", "2020-03-31": "", "2019-12-31": "", "2019-09-30": "", "2019-06-30": "", "2019-03-31": "", "2018-12-31": "", "2018-09-30": "", "2018-06-30": "", "2018-03-31": "", "2017-12-31": "", "2017-09-30": "", "2017-06-30": "", "2017-03-31": "", "2016-12-31": "", "2016-09-30": "", "2016-06-30": "", "2015-12-31": ""}, "Other Current Assets": {"2020-09-30": "", "2020-06-30": "", "2020-03-31": "", "2019-12-31": "", "2019-09-30": "", "2019-06-30": "", "2019-03-31": "", "2018-12-31": "", "2018-09-30": "", "2018-06-30": "", "2018-03-31": "", "2017-12-31": "", "2017-09-30": "", "2017-06-30": "", "2017-03-31": "", "2016-12-31": "", "2016-09-30": "", "2016-06-30": "", "2015-12-31": ""}, "Total Current Assets": {"2020-09-30": "724.56700", "2020-06-30": "965.08600", "2020-03-31": "544.78300", "2019-12-31": "365.17800", "2019-09-30": "470.07100", "2019-06-30": "511.20600", "2019-03-31": "615.76310", "2018-12-31": "589.57300", "2018-09-30": "557.81800", "2018-06-30": "444.38500", "2018-03-31": "448.93500", "2017-12-31": "531.60600", "2017-09-30": "581.57400", "2017-06-30": "532.71300", "2017-03-31": "", "2016-12-31": "", "2016-09-30": "", "2016-06-30": "", "2015-12-31": ""}, "Property, Plant, And Equipment": {"2020-09-30": "4713.62800", "2020-06-30": "4719.34800", "2020-03-31": "4696.41900", "2019-12-31": "4655.94800", "2019-09-30": "4760.69300", "2019-06-30": "4710.96600", "2019-03-31": "4621.58200", "2018-12-31": "4740.85900", "2018-09-30": "4672.94900", "2018-06-30": "4826.31600", "2018-03-31": "4968.75600", "2017-12-31": "5006.17400", "2017-09-30": "4860.07600", "2017-06-30": "3211.96100", "2017-03-31": "", "2016-12-31": "", "2016-09-30": "", "2016-06-30": "", "2015-12-31": ""}, "Long-Term Investments": {"2020-09-30": "", "2020-06-30": "", "2020-03-31": "", "2019-12-31": "", "2019-09-30": "", "2019-06-30": "", "2019-03-31": "", "2018-12-31": "", "2018-09-30": "", "2018-06-30": "", "2018-03-31": "", "2017-12-31": "", "2017-09-30": "", "2017-06-30": "", "2017-03-31": "", "2016-12-31": "", "2016-09-30": "", "2016-06-30": "", "2015-12-31": ""}, "Goodwill And Intangible Assets": {"2020-09-30": "", "2020-06-30": "", "2020-03-31": "", "2019-12-31": "", "2019-09-30": "", "2019-06-30": "", "2019-03-31": "", "2018-12-31": "", "2018-09-30": "", "2018-06-30": "", "2018-03-31": "", "2017-12-31": "", "2017-09-30": "", "2017-06-30": "", "2017-03-31": "0.00000", "2016-12-31": "", "2016-09-30": "0.00000", "2016-06-30": "0.00000", "2015-12-31": "0.00000"}, "Other Long-Term Assets": {"2020-09-30": "839.12900", "2020-06-30": "811.34300", "2020-03-31": "898.61100", "2019-12-31": "965.12500", "2019-09-30": "791.50000", "2019-06-30": "785.10300", "2019-03-31": "787.34900", "2018-12-31": "666.85300", "2018-09-30": "780.42700", "2018-06-30": "644.24800", "2018-03-31": "644.05500", "2017-12-31": "534.02700", "2017-09-30": "573.37700", "2017-06-30": "165.27100", "2017-03-31": "", "2016-12-31": "", "2016-09-30": "", "2016-06-30": "", "2015-12-31": ""}, "Total Long-Term Assets": {"2020-09-30": "5552.75700", "2020-06-30": "5530.69100", "2020-03-31": "5595.03000", "2019-12-31": "5621.07300", "2019-09-30": "5552.19300", "2019-06-30": "5496.06900", "2019-03-31": "5408.93100", "2018-12-31": "5407.71200", "2018-09-30": "5453.37600", "2018-06-30": "5470.56400", "2018-03-31": "5612.81100", "2017-12-31": "5540.20100", "2017-09-30": "5433.45300", "2017-06-30": "3377.23200", "2017-03-31": "", "2016-12-31": "", "2016-09-30": "", "2016-06-30": "", "2015-12-31": ""}, "Total Assets": {"2020-09-30": "6277.32400", "2020-06-30": "6495.77700", "2020-03-31": "6139.81300", "2019-12-31": "5986.25100", "2019-09-30": "6022.26400", "2019-06-30": "6007.27500", "2019-03-31": "6024.69400", "2018-12-31": "5997.28500", "2018-09-30": "6011.19400", "2018-06-30": "5914.94900", "2018-03-31": "6061.74600", "2017-12-31": "6071.80700", "2017-09-30": "6015.02700", "2017-06-30": "3909.94500", "2017-03-31": "0.00000", "2016-12-31": "0.00000", "2016-09-30": "0.00000", "2016-06-30": "0.00000", "2015-12-31": "0.00000"}, "Total Current Liabilities": {"2020-09-30": "111.44000", "2020-06-30": "125.43300", "2020-03-31": "124.81100", "2019-12-31": "157.70200", "2019-09-30": "160.03100", "2019-06-30": "140.13200", "2019-03-31": "134.77600", "2018-12-31": "130.96000", "2018-09-30": "147.21100", "2018-06-30": "130.43100", "2018-03-31": "130.18500", "2017-12-31": "138.60700", "2017-09-30": "131.62700", "2017-06-30": "31.77900", "2017-03-31": "", "2016-12-31": "", "2016-09-30": "", "2016-06-30": "", "2015-12-31": ""}, "Long Term Debt": {"2020-09-30": "2088.53100", "2020-06-30": "2210.16100", "2020-03-31": "1792.27200", "2019-12-31": "1623.07200", "2019-09-30": "1655.69500", "2019-06-30": "1657.41900", "2019-03-31": "2133.11900", "2018-12-31": "2135.51000", "2018-09-30": "2066.91900", "2018-06-30": "2038.96400", "2018-03-31": "2133.48400", "2017-12-31": "2187.98000", "2017-09-30": "2139.81400", "2017-06-30": "1376.07700", "2017-03-31": "", "2016-12-31": "", "2016-09-30": "", "2016-06-30": "", "2015-12-31": ""}, "Other Non-Current Liabilities": {"2020-09-30": "216.49400", "2020-06-30": "220.41400", "2020-03-31": "228.53600", "2019-12-31": "206.04200", "2019-09-30": "205.77100", "2019-06-30": "192.63800", "2019-03-31": "174.92000", "2018-12-31": "185.32300", "2018-09-30": "165.20900", "2018-06-30": "126.26500", "2018-03-31": "191.87700", "2017-12-31": "161.27700", "2017-09-30": "100.77400", "2017-06-30": "339.94900", "2017-03-31": "", "2016-12-31": "", "2016-09-30": "", "2016-06-30": "", "2015-12-31": ""}, "Total Long Term Liabilities": {"2020-09-30": "2795.94600", "2020-06-30": "2929.65800", "2020-03-31": "2523.84800", "2019-12-31": "2441.87200", "2019-09-30": "2447.99800", "2019-06-30": "2424.28500", "2019-03-31": "2892.80200", "2018-12-31": "2878.97300", "2018-09-30": "2794.44600", "2018-06-30": "2830.85200", "2018-03-31": "2930.86500", "2017-12-31": "2958.38600", "2017-09-30": "2807.58900", "2017-06-30": "1716.02600", "2017-03-31": "", "2016-12-31": "", "2016-09-30": "", "2016-06-30": "", "2015-12-31": ""}, "Total Liabilities": {"2020-09-30": "2907.38600", "2020-06-30": "3055.09100", "2020-03-31": "2648.65900", "2019-12-31": "2599.57400", "2019-09-30": "2608.02900", "2019-06-30": "2564.41700", "2019-03-31": "3027.57800", "2018-12-31": "3009.93300", "2018-09-30": "2941.65700", "2018-06-30": "2961.28300", "2018-03-31": "3061.05000", "2017-12-31": "3096.99300", "2017-09-30": "2939.21600", "2017-06-30": "1747.80500", "2017-03-31": "0.00000", "2016-12-31": "", "2016-09-30": "0.00000", "2016-06-30": "0.00000", "2015-12-31": "0.00000"}, "Common Stock Net": {"2020-09-30": "1.32500", "2020-06-30": "1.33800", "2020-03-31": "1.33600", "2019-12-31": "1.34200", "2019-09-30": "1.34200", "2019-06-30": "1.34200", "2019-03-31": "1.22700", "2018-12-31": "1.21000", "2018-09-30": "1.21000", "2018-06-30": "1.18000", "2018-03-31": "1.18000", "2017-12-31": "1.18000", "2017-09-30": "1.18000", "2017-06-30": "", "2017-03-31": "0.00000", "2016-12-31": "", "2016-09-30": "0.00000", "2016-06-30": "0.00000", "2015-12-31": "0.00000"}, "Retained Earnings (Accumulated Deficit)": {"2020-09-30": "-307.97500", "2020-06-30": "-255.16200", "2020-03-31": "-188.23900", "2019-12-31": "-231.16400", "2019-09-30": "-205.19200", "2019-06-30": "-184.37300", "2019-03-31": "-151.15700", "2018-12-31": "-176.01800", "2018-09-30": "-110.21900", "2018-06-30": "-105.96200", "2018-03-31": "-99.99900", "2017-12-31": "-95.80900", "2017-09-30": "-28.82700", "2017-06-30": "", "2017-03-31": "", "2016-12-31": "", "2016-09-30": "", "2016-06-30": "", "2015-12-31": ""}, "Comprehensive Income": {"2020-09-30": "-44.65000", "2020-06-30": "-47.88600", "2020-03-31": "-45.94100", "2019-12-31": "-16.74400", "2019-09-30": "-25.57800", "2019-06-30": "-19.15600", "2019-03-31": "-3.45200", "2018-12-31": "6.70000", "2018-09-30": "24.13200", "2018-06-30": "19.66200", "2018-03-31": "14.86700", "2017-12-31": "1.61200", "2017-09-30": "", "2017-06-30": "", "2017-03-31": "", "2016-12-31": "", "2016-09-30": "", "2016-06-30": "", "2015-12-31": ""}, "Other Share Holders Equity": {"2020-09-30": "", "2020-06-30": "", "2020-03-31": "", "2019-12-31": "", "2019-09-30": "", "2019-06-30": "", "2019-03-31": "", "2018-12-31": "", "2018-09-30": "", "2018-06-30": "", "2018-03-31": "", "2017-12-31": "", "2017-09-30": "", "2017-06-30": "", "2017-03-31": "0.00000", "2016-12-31": "", "2016-09-30": "0.00000", "2016-06-30": "0.00000", "2015-12-31": "0.00000"}, "Share Holder Equity": {"2020-09-30": "3369.93800", "2020-06-30": "3440.68600", "2020-03-31": "3491.15400", "2019-12-31": "3386.67700", "2019-09-30": "3414.23500", "2019-06-30": "3442.85800", "2019-03-31": "2997.11600", "2018-12-31": "2987.35200", "2018-09-30": "3069.53700", "2018-06-30": "2953.66600", "2018-03-31": "3000.69600", "2017-12-31": "2974.81400", "2017-09-30": "3075.81100", "2017-06-30": "2162.14000", "2017-03-31": "0.00000", "2016-12-31": "", "2016-09-30": "0.00000", "2016-06-30": "0.00000", "2015-12-31": "0.00000"}, "Total Liabilities And Share Holders Equity": {"2020-09-30": "6277.32400", "2020-06-30": "6495.77700", "2020-03-31": "6139.81300", "2019-12-31": "5986.25100", "2019-09-30": "6022.26400", "2019-06-30": "6007.27500", "2019-03-31": "6024.69400", "2018-12-31": "5997.28500", "2018-09-30": "6011.19400", "2018-06-30": "5914.94900", "2018-03-31": "6061.74600", "2017-12-31": "6071.80700", "2017-09-30": "6015.02700", "2017-06-30": "3909.94500", "2017-03-31": "0.00000", "2016-12-31": "", "2016-09-30": "0.00000", "2016-06-30": "0.00000", "2015-12-31": "0.00000"}}, "cash flow statement": {"Net Income/Loss": {"2019-12-31": "74.14400", "2018-12-31": "46.61300", "2017-12-31": "-79.08400", "2016-12-31": "61.97400", "2015-12-31": "49.62800"}, "Total Depreciation And Amortization - Cash Flow": {"2019-12-31": "201.34000", "2018-12-31": "218.84500", "2017-12-31": "167.74100", "2016-12-31": "137.31100", "2015-12-31": "146.75800"}, "Other Non-Cash Items": {"2019-12-31": "-58.04100", "2018-12-31": "-29.96200", "2017-12-31": "2.34200", "2016-12-31": "-1.59500", "2015-12-31": "1.24100"}, "Total Non-Cash Items": {"2019-12-31": "143.29900", "2018-12-31": "188.88300", "2017-12-31": "170.08300", "2016-12-31": "135.71600", "2015-12-31": "147.99900"}, "Change In Accounts Receivable": {"2019-12-31": "-8.38200", "2018-12-31": "-5.58200", "2017-12-31": "-2.09800", "2016-12-31": "-3.69300", "2015-12-31": "-0.42800"}, "Change In Inventories": {"2019-12-31": "", "2018-12-31": "", "2017-12-31": "", "2016-12-31": "", "2015-12-31": ""}, "Change In Accounts Payable": {"2019-12-31": "", "2018-12-31": "", "2017-12-31": "", "2016-12-31": "", "2015-12-31": ""}, "Change In Assets/Liabilities": {"2019-12-31": "-27.39700", "2018-12-31": "-35.73700", "2017-12-31": "-30.87800", "2016-12-31": "-42.12300", "2015-12-31": "-14.96500"}, "Total Change In Assets/Liabilities": {"2019-12-31": "-43.45700", "2018-12-31": "-47.30300", "2017-12-31": "-16.81600", "2016-12-31": "-38.14900", "2015-12-31": "-19.39700"}, "Cash Flow From Operating Activities": {"2019-12-31": "173.98600", "2018-12-31": "188.19300", "2017-12-31": "74.18300", "2016-12-31": "159.54100", "2015-12-31": "178.23000"}, "Net Change In Property, Plant, And Equipment": {"2019-12-31": "-441.01400", "2018-12-31": "-385.94300", "2017-12-31": "-210.59300", "2016-12-31": "-237.81400", "2015-12-31": "-234.28500"}, "Net Change In Intangible Assets": {"2019-12-31": "", "2018-12-31": "", "2017-12-31": "", "2016-12-31": "", "2015-12-31": ""}, "Net Acquisitions/Divestitures": {"2019-12-31": "211.45300", "2018-12-31": "389.83100", "2017-12-31": "", "2016-12-31": "", "2015-12-31": ""}, "Net Change In Short-term Investments": {"2019-12-31": "", "2018-12-31": "", "2017-12-31": "", "2016-12-31": "", "2015-12-31": ""}, "Net Change In Long-Term Investments": {"2019-12-31": "-11.11100", "2018-12-31": "63.10400", "2017-12-31": "-18.22600", "2016-12-31": "-23.02700", "2015-12-31": "-7.86500"}, "Net Change In Investments - Total": {"2019-12-31": "-11.11100", "2018-12-31": "63.10400", "2017-12-31": "-18.22600", "2016-12-31": "-23.02700", "2015-12-31": "-7.86500"}, "Investing Activities - Other": {"2019-12-31": "", "2018-12-31": "-0.66500", "2017-12-31": "221.14300", "2016-12-31": "2.03400", "2015-12-31": "5.53300"}, "Cash Flow From Investing Activities": {"2019-12-31": "-240.67200", "2018-12-31": "66.32700", "2017-12-31": "-7.67600", "2016-12-31": "-258.80700", "2015-12-31": "-236.61700"}, "Net Long-Term Debt": {"2019-12-31": "-516.94000", "2018-12-31": "-60.61800", "2017-12-31": "129.62800", "2016-12-31": "55.13600", "2015-12-31": "108.54800"}, "Net Current Debt": {"2019-12-31": "", "2018-12-31": "", "2017-12-31": "", "2016-12-31": "", "2015-12-31": ""}, "Debt Issuance/Retirement Net - Total": {"2019-12-31": "-516.94000", "2018-12-31": "-60.61800", "2017-12-31": "129.62800", "2016-12-31": "55.13600", "2015-12-31": "108.54800"}, "Net Common Equity Issued/Repurchased": {"2019-12-31": "474.23700", "2018-12-31": "0.59700", "2017-12-31": "160.20300", "2016-12-31": "-3.76300", "2015-12-31": "16.49500"}, "Net Total Equity Issued/Repurchased": {"2019-12-31": "474.23700", "2018-12-31": "0.59700", "2017-12-31": "160.20300", "2016-12-31": "-3.76300", "2015-12-31": "16.49500"}, "Total Common And Preferred Stock Dividends Paid": {"2019-12-31": "-147.31900", "2018-12-31": "-125.11000", "2017-12-31": "-31.11400", "2016-12-31": "-0.22000", "2015-12-31": "-0.01300"}, "Financial Activities - Other": {"2019-12-31": "-0.30800", "2018-12-31": "-8.41400", "2017-12-31": "-18.93000", "2016-12-31": "-0.07000", "2015-12-31": "-2.35900"}, "Cash Flow From Financial Activities": {"2019-12-31": "-190.33000", "2018-12-31": "-193.54500", "2017-12-31": "239.78700", "2016-12-31": "51.08300", "2015-12-31": "122.67100"}, "Net Cash Flow": {"2019-12-31": "-257.01600", "2018-12-31": "60.97500", "2017-12-31": "306.29400", "2016-12-31": "-48.18300", "2015-12-31": "64.28400"}, "Stock-Based Compensation": {"2019-12-31": "65.27300", "2018-12-31": "52.67500", "2017-12-31": "33.69300", "2016-12-31": "4.50200", "2015-12-31": "4.50600"}, "Common Stock Dividends Paid": {"2019-12-31": "-147.31900", "2018-12-31": "-125.11000", "2017-12-31": "-31.11400", "2016-12-31": "-0.22000", "2015-12-31": "-0.01300"}}, "cash flow statement, quarterly": {"Net Income/Loss": {"2020-09-30": -25.005, "2020-06-30": -40.263, "2020-03-31": "48.17500", "2019-12-31": 38.692, "2019-09-30": 10.532, "2019-06-30": -3.328, "2019-03-31": "28.24800", "2018-12-31": 0.994, "2018-09-30": 26.382, "2018-06-30": 24.023, "2018-03-31": "-4.78600", "2017-12-31": -18.752, "2017-09-30": -77.991, "2017-06-30": 11.341, "2017-03-31": "6.31800", "2016-12-31": 12.626, "2016-09-30": 21.014, "2016-06-30": -21.29, "2015-12-31": 49.62}, "Total Depreciation And Amortization - Cash Flow": {"2020-09-30": 59.022, "2020-06-30": 55.355, "2020-03-31": "50.80600", "2019-12-31": 52.614, "2019-09-30": 48.156, "2019-06-30": 48.709, "2019-03-31": "51.86100", "2018-12-31": 68.299, "2018-09-30": 47.943, "2018-06-30": 50.226, "2018-03-31": "52.37700", "2017-12-31": 54.437, "2017-09-30": 45.917, "2017-06-30": 33.37, "2017-03-31": "34.01700", "2016-12-31": 38.71, "2016-09-30": 31.467, "2016-06-30": -79.617, "2015-12-31": 146.75}, "Other Non-Cash Items": {"2020-09-30": 14.725, "2020-06-30": 38.661, "2020-03-31": "-42.91700", "2019-12-31": -33.617, "2019-09-30": -1.57, "2019-06-30": 9.999, "2019-03-31": "-32.85300", "2018-12-31": -22.353, "2018-09-30": -10.909, "2018-06-30": -11.092, "2018-03-31": "14.39200", "2017-12-31": 13.68, "2017-09-30": -7.72, "2017-06-30": -2.167, "2017-03-31": "-1.45100", "2016-12-31": 1.104, "2016-09-30": -3.355, "2016-06-30": 2.251, "2015-12-31": 0}, "Total Non-Cash Items": {"2020-09-30": 73.747, "2020-06-30": 94.016, "2020-03-31": "7.88900", "2019-12-31": 18.997, "2019-09-30": 46.586, "2019-06-30": 58.708, "2019-03-31": "19.00800", "2018-12-31": 45.946, "2018-09-30": 37.034, "2018-06-30": 39.134, "2018-03-31": "66.76900", "2017-12-31": 68.117, "2017-09-30": 38.197, "2017-06-30": 31.203, "2017-03-31": "32.56600", "2016-12-31": 39.814, "2016-09-30": 28.112, "2016-06-30": -77.366, "2015-12-31": 146.75}, "Change In Accounts Receivable": {"2020-09-30": 5.441, "2020-06-30": -5.988, "2020-03-31": "-4.21000", "2019-12-31": 0.695, "2019-09-30": -2.845, "2019-06-30": -2.047, "2019-03-31": "-4.18500", "2018-12-31": -7.749, "2018-09-30": -3.71, "2018-06-30": 11.915, "2018-03-31": "-6.03800", "2017-12-31": 1.519, "2017-09-30": -8.089, "2017-06-30": -0.36, "2017-03-31": "4.83200", "2016-12-31": 2.177, "2016-09-30": -2.311, "2016-06-30": 0.134, "2015-12-31": 0}, "Change In Inventories": {"2020-09-30": 0, "2020-06-30": 0, "2020-03-31": "", "2019-12-31": 0, "2019-09-30": 0, "2019-06-30": 0, "2019-03-31": "", "2018-12-31": 0, "2018-09-30": 0, "2018-06-30": 0, "2018-03-31": "", "2017-12-31": 0, "2017-09-30": 0, "2017-06-30": 0, "2017-03-31": "", "2016-12-31": 0, "2016-09-30": 0, "2016-06-30": 0, "2015-12-31": 0}, "Change In Accounts Payable": {"2020-09-30": 0, "2020-06-30": 0, "2020-03-31": "", "2019-12-31": 0, "2019-09-30": 0, "2019-06-30": 0, "2019-03-31": "", "2018-12-31": 0, "2018-09-30": 0, "2018-06-30": 0, "2018-03-31": "", "2017-12-31": 0, "2017-09-30": 0, "2017-06-30": 0, "2017-03-31": "", "2016-12-31": 0, "2016-09-30": 0, "2016-06-30": 0, "2015-12-31": 0}, "Change In Assets/Liabilities": {"2020-09-30": -14.83, "2020-06-30": -8.513, "2020-03-31": "-3.97000", "2019-12-31": -6.53, "2019-09-30": -5.759, "2019-06-30": -8.888, "2019-03-31": "-6.22000", "2018-12-31": -5.55, "2018-09-30": -22.928, "2018-06-30": -3.164, "2018-03-31": "-4.09500", "2017-12-31": 2.823, "2017-09-30": -20.1, "2017-06-30": -5.652, "2017-03-31": "-7.94900", "2016-12-31": 39.189, "2016-09-30": -26.139, "2016-06-30": -13.05, "2015-12-31": 0}, "Total Change In Assets/Liabilities": {"2020-09-30": -6.406, "2020-06-30": -10.15, "2020-03-31": "-14.14800", "2019-12-31": 3.658, "2019-09-30": 2.738, "2019-06-30": -20.505, "2019-03-31": "-29.34800", "2018-12-31": 4.592, "2018-09-30": -20.3, "2018-06-30": -4.273, "2018-03-31": "-27.32200", "2017-12-31": 1.425, "2017-09-30": -9.471, "2017-06-30": -9.487, "2017-03-31": "0.71700", "2016-12-31": 7.317, "2016-09-30": -38.663, "2016-06-30": 12.596, "2015-12-31": -19.39}, "Cash Flow From Operating Activities": {"2020-09-30": 42.336, "2020-06-30": 43.603, "2020-03-31": "41.91600", "2019-12-31": 61.347, "2019-09-30": 59.856, "2019-06-30": 34.875, "2019-03-31": "17.90800", "2018-12-31": 51.532, "2018-09-30": 43.116, "2018-06-30": 58.884, "2018-03-31": "34.66100", "2017-12-31": 50.79, "2017-09-30": -49.265, "2017-06-30": 33.057, "2017-03-31": "39.60100", "2016-12-31": 58.157, "2016-09-30": 10.463, "2016-06-30": -87.31, "2015-12-31": 178.23}, "Net Change In Property, Plant, And Equipment": {"2020-09-30": -64.224, "2020-06-30": -74.219, "2020-03-31": "-107.01300", "2019-12-31": -146.659, "2019-09-30": -113.348, "2019-06-30": -112.34, "2019-03-31": "-68.66700", "2018-12-31": -125.547, "2018-09-30": -94.678, "2018-06-30": -81.075, "2018-03-31": "-84.64300", "2017-12-31": -94.671, "2017-09-30": -61.175, "2017-06-30": -26.268, "2017-03-31": "-28.47900", "2016-12-31": 185.439, "2016-09-30": -61.92, "2016-06-30": -123.519, "2015-12-31": 0}, "Net Change In Intangible Assets": {"2020-09-30": 0, "2020-06-30": 0, "2020-03-31": "", "2019-12-31": 0, "2019-09-30": 0, "2019-06-30": 0, "2019-03-31": "", "2018-12-31": 0, "2018-09-30": 0, "2018-06-30": 0, "2018-03-31": "", "2017-12-31": 0, "2017-09-30": 0, "2017-06-30": 0, "2017-03-31": "", "2016-12-31": 0, "2016-09-30": 0, "2016-06-30": 0, "2015-12-31": 0}, "Net Acquisitions/Divestitures": {"2020-09-30": -25.274, "2020-06-30": 0, "2020-03-31": "154.49300", "2019-12-31": 62.768, "2019-09-30": 39.534, "2019-06-30": 0, "2019-03-31": "109.15100", "2018-12-31": 43.682, "2018-09-30": 113.267, "2018-06-30": 230.728, "2018-03-31": "2.15400", "2017-12-31": 0, "2017-09-30": 0, "2017-06-30": 0, "2017-03-31": "", "2016-12-31": 0, "2016-09-30": 0, "2016-06-30": 0, "2015-12-31": 0}, "Net Change In Short-term Investments": {"2020-09-30": 0, "2020-06-30": 0, "2020-03-31": "", "2019-12-31": 0, "2019-09-30": 0, "2019-06-30": 0, "2019-03-31": "", "2018-12-31": 0, "2018-09-30": 0, "2018-06-30": 0, "2018-03-31": "", "2017-12-31": 0, "2017-09-30": 0, "2017-06-30": 0, "2017-03-31": "", "2016-12-31": 0, "2016-09-30": 0, "2016-06-30": 0, "2015-12-31": 0}, "Net Change In Long-Term Investments": {"2020-09-30": -1.544, "2020-06-30": 63.648, "2020-03-31": "-3.56300", "2019-12-31": -11.343, "2019-09-30": -2.916, "2019-06-30": -0.556, "2019-03-31": "3.70400", "2018-12-31": 59.311, "2018-09-30": 18.996, "2018-06-30": -4.366, "2018-03-31": "-10.83700", "2017-12-31": -16.785, "2017-09-30": -1.427, "2017-06-30": 0, "2017-03-31": "-0.01400", "2016-12-31": 19.965, "2016-09-30": 0, "2016-06-30": -19.965, "2015-12-31": 0}, "Net Change In Investments - Total": {"2020-09-30": -1.544, "2020-06-30": 63.648, "2020-03-31": "-3.56300", "2019-12-31": -11.343, "2019-09-30": -2.916, "2019-06-30": -0.556, "2019-03-31": "3.70400", "2018-12-31": 59.311, "2018-09-30": 18.996, "2018-06-30": -4.366, "2018-03-31": "-10.83700", "2017-12-31": -16.785, "2017-09-30": -1.427, "2017-06-30": 0, "2017-03-31": "-0.01400", "2016-12-31": -240.875, "2016-09-30": 0, "2016-06-30": 222.185, "2015-12-31": -242.15}, "Investing Activities - Other": {"2020-09-30": 0, "2020-06-30": 0, "2020-03-31": "", "2019-12-31": 0, "2019-09-30": 0, "2019-06-30": 0, "2019-03-31": "", "2018-12-31": 0, "2018-09-30": 0, "2018-06-30": -0.646, "2018-03-31": "-0.01900", "2017-12-31": 1.338, "2017-09-30": 221.201, "2017-06-30": -1.26, "2017-03-31": "-0.13600", "2016-12-31": 0.731, "2016-09-30": 2.556, "2016-06-30": -6.787, "2015-12-31": 5.53}, "Cash Flow From Investing Activities": {"2020-09-30": -91.042, "2020-06-30": -10.571, "2020-03-31": "43.91700", "2019-12-31": -95.234, "2019-09-30": -76.73, "2019-06-30": -112.896, "2019-03-31": "44.18800", "2018-12-31": -22.554, "2018-09-30": 37.585, "2018-06-30": 144.641, "2018-03-31": "-93.34500", "2017-12-31": -110.118, "2017-09-30": 158.599, "2017-06-30": -27.528, "2017-03-31": "-28.62900", "2016-12-31": -54.695, "2016-09-30": -59.364, "2016-06-30": 91.869, "2015-12-31": -236.61}, "Net Long-Term Debt": {"2020-09-30": -117.547, "2020-06-30": 417.554, "2020-03-31": "170.13700", "2019-12-31": -34.027, "2019-09-30": -2.173, "2019-06-30": -477.642, "2019-03-31": "-3.09800", "2018-12-31": 28.677, "2018-09-30": 69.456, "2018-06-30": -159.051, "2018-03-31": "0.30000", "2017-12-31": 43.946, "2017-09-30": -131.629, "2017-06-30": 216.658, "2017-03-31": "0.65300", "2016-12-31": -30.129, "2016-09-30": 6.487, "2016-06-30": 23.642, "2015-12-31": 0}, "Net Current Debt": {"2020-09-30": 0, "2020-06-30": 0, "2020-03-31": "", "2019-12-31": 0, "2019-09-30": 0, "2019-06-30": 0, "2019-03-31": "", "2018-12-31": 0, "2018-09-30": 0, "2018-06-30": 0, "2018-03-31": "", "2017-12-31": 0, "2017-09-30": 0, "2017-06-30": 0, "2017-03-31": "", "2016-12-31": 0, "2016-09-30": 0, "2016-06-30": 0, "2015-12-31": 0}, "Debt Issuance/Retirement Net - Total": {"2020-09-30": -117.547, "2020-06-30": 417.554, "2020-03-31": "170.13700", "2019-12-31": -34.027, "2019-09-30": -2.173, "2019-06-30": -477.642, "2019-03-31": "-3.09800", "2018-12-31": 28.677, "2018-09-30": 69.456, "2018-06-30": -159.051, "2018-03-31": "0.30000", "2017-12-31": 43.946, "2017-09-30": -131.629, "2017-06-30": 216.658, "2017-03-31": "0.65300", "2016-12-31": 25.001, "2016-09-30": 6.487, "2016-06-30": -84.898, "2015-12-31": 108.54}, "Net Common Equity Issued/Repurchased": {"2020-09-30": -33.242, "2020-06-30": 0.872, "2020-03-31": "-41.17700", "2019-12-31": 0.71, "2019-09-30": 0, "2019-06-30": 473.527, "2019-03-31": "", "2018-12-31": 0.597, "2018-09-30": 0, "2018-06-30": 0, "2018-03-31": "", "2017-12-31": 0, "2017-09-30": 139, "2017-06-30": 9.609, "2017-03-31": "11.59400", "2016-12-31": -32.955, "2016-09-30": 31.468, "2016-06-30": 1.487, "2015-12-31": 0}, "Net Total Equity Issued/Repurchased": {"2020-09-30": -33.242, "2020-06-30": 0.872, "2020-03-31": "-41.17700", "2019-12-31": 0.71, "2019-09-30": 0, "2019-06-30": 473.527, "2019-03-31": "", "2018-12-31": 0.597, "2018-09-30": 0, "2018-06-30": 0, "2018-03-31": "", "2017-12-31": 0, "2017-09-30": 139, "2017-06-30": 9.609, "2017-03-31": "11.59400", "2016-12-31": -36.715, "2016-09-30": 31.468, "2016-06-30": -15.003, "2015-12-31": 16.49}, "Total Common And Preferred Stock Dividends Paid": {"2020-09-30": -33.743, "2020-06-30": -33.948, "2020-03-31": "-34.01200", "2019-12-31": -34.082, "2019-09-30": -34.011, "2019-06-30": -34.033, "2019-03-31": "-45.19300", "2018-12-31": -31.185, "2018-09-30": -31.514, "2018-06-30": -31.194, "2018-03-31": "-31.21700", "2017-12-31": -31.1, "2017-09-30": -0.014, "2017-06-30": 0, "2017-03-31": "", "2016-12-31": 0.007, "2016-09-30": 0, "2016-06-30": -0.007, "2015-12-31": 0}, "Financial Activities - Other": {"2020-09-30": -5.082, "2020-06-30": -0.496, "2020-03-31": "-9.27800", "2019-12-31": 0.082, "2019-09-30": 0, "2019-06-30": -0.514, "2019-03-31": "0.12400", "2018-12-31": -7.744, "2018-09-30": -0.122, "2018-06-30": 0, "2018-03-31": "-0.54800", "2017-12-31": -0.378, "2017-09-30": -15.622, "2017-06-30": -2.888, "2017-03-31": "-0.04200", "2016-12-31": -0.253, "2016-09-30": -0.033, "2016-06-30": 2.366, "2015-12-31": -2.37}, "Cash Flow From Financial Activities": {"2020-09-30": -189.614, "2020-06-30": 383.982, "2020-03-31": "85.67000", "2019-12-31": -67.317, "2019-09-30": -36.184, "2019-06-30": -38.662, "2019-03-31": "-48.16700", "2018-12-31": -9.655, "2018-09-30": 37.82, "2018-06-30": -190.245, "2018-03-31": "-31.46500", "2017-12-31": 12.468, "2017-09-30": -8.265, "2017-06-30": 223.379, "2017-03-31": "12.20500", "2016-12-31": -11.96, "2016-09-30": 37.922, "2016-06-30": -97.552, "2015-12-31": 122.67}, "Net Cash Flow": {"2020-09-30": -238.32, "2020-06-30": 417.014, "2020-03-31": "171.50300", "2019-12-31": -101.204, "2019-09-30": -53.058, "2019-06-30": -116.683, "2019-03-31": "13.92900", "2018-12-31": 19.323, "2018-09-30": 118.521, "2018-06-30": 13.28, "2018-03-31": "-90.14900", "2017-12-31": -46.86, "2017-09-30": 101.069, "2017-06-30": 228.908, "2017-03-31": "23.17700", "2016-12-31": -8.498, "2016-09-30": -10.979, "2016-06-30": -92.983, "2015-12-31": 64.28}, "Stock-Based Compensation": {"2020-09-30": 15.009, "2020-06-30": 20.812, "2020-03-31": "17.36200", "2019-12-31": 17.841, "2019-09-30": 15.318, "2019-06-30": 15.525, "2019-03-31": "16.58900", "2018-12-31": 12.985, "2018-09-30": 12.414, "2018-06-30": 14.177, "2018-03-31": "13.09900", "2017-12-31": 16.529, "2017-09-30": 15.87, "2017-06-30": 0.603, "2017-03-31": "0.69100", "2016-12-31": -3.486, "2016-09-30": 3.486, "2016-06-30": 0, "2015-12-31": 0}, "Common Stock Dividends Paid": {"2020-09-30": -33.743, "2020-06-30": -33.948, "2020-03-31": "-34.01200", "2019-12-31": -34.082, "2019-09-30": -34.011, "2019-06-30": -34.033, "2019-03-31": "-45.19300", "2018-12-31": -31.185, "2018-09-30": -31.514, "2018-06-30": -31.194, "2018-03-31": "-31.21700", "2017-12-31": -31.1, "2017-09-30": -0.014, "2017-06-30": 0, "2017-03-31": "0.00000", "2016-12-31": 0.007, "2016-09-30": 0, "2016-06-30": -0.007, "2015-12-31": 0}}, "financial ratios": {"Current Ratio": {"2019-12-31": "", "2018-12-31": "", "2017-12-31": "", "2016-12-31": "", "2015-12-31": ""}, "Long-term Debt / Capital": {"2019-12-31": "0.32400", "2018-12-31": "0.41690", "2017-12-31": "0.42380", "2016-12-31": "0.35440", "2015-12-31": ""}, "Debt/Equity Ratio": {"2019-12-31": "0.47930", "2018-12-31": "0.71490", "2017-12-31": "0.73550", "2016-12-31": "0.54900", "2015-12-31": ""}, "Gross Margin": {"2019-12-31": "", "2018-12-31": "", "2017-12-31": "", "2016-12-31": "", "2015-12-31": ""}, "Operating Margin": {"2019-12-31": "3.45200", "2018-12-31": "4.08600", "2017-12-31": "-9.60840", "2016-12-31": "23.57130", "2015-12-31": "21.80100"}, "EBIT Margin": {"2019-12-31": "3.45200", "2018-12-31": "4.08600", "2017-12-31": "-9.60840", "2016-12-31": "23.57130", "2015-12-31": "21.80100"}, "EBITDA Margin": {"2019-12-31": "34.53400", "2018-12-31": "38.05850", "2017-12-31": "21.28240", "2016-12-31": "52.26630", "2015-12-31": "52.98580"}, "Pre-Tax Profit Margin": {"2019-12-31": "11.24500", "2018-12-31": "7.12140", "2017-12-31": "-16.38930", "2016-12-31": "13.17750", "2015-12-31": "10.63480"}, "Net Profit Margin": {"2019-12-31": "10.12260", "2018-12-31": "6.19760", "2017-12-31": "-13.21390", "2016-12-31": "12.95120", "2015-12-31": "10.54550"}, "Asset Turnover": {"2019-12-31": "0.10820", "2018-12-31": "0.10740", "2017-12-31": "0.08940", "2016-12-31": "0.13070", "2015-12-31": ""}, "Inventory Turnover Ratio": {"2019-12-31": "", "2018-12-31": "", "2017-12-31": "", "2016-12-31": "", "2015-12-31": ""}, "Receiveable Turnover": {"2019-12-31": "", "2018-12-31": "", "2017-12-31": "", "2016-12-31": "", "2015-12-31": ""}, "Days Sales In Receivables": {"2019-12-31": "", "2018-12-31": "", "2017-12-31": "", "2016-12-31": "", "2015-12-31": ""}, "ROE - Return On Equity": {"2019-12-31": "2.18930", "2018-12-31": "1.56030", "2017-12-31": "-2.65850", "2016-12-31": "2.92060", "2015-12-31": ""}, "Return On Tangible Equity": {"2019-12-31": "2.18930", "2018-12-31": "1.56030", "2017-12-31": "-2.65850", "2016-12-31": "2.92060", "2015-12-31": ""}, "ROA - Return On Assets": {"2019-12-31": "1.23860", "2018-12-31": "0.77720", "2017-12-31": "-1.30250", "2016-12-31": "1.69300", "2015-12-31": ""}, "ROI - Return On Investment": {"2019-12-31": "1.48000", "2018-12-31": "0.90990", "2017-12-31": "-1.53180", "2016-12-31": "1.88540", "2015-12-31": ""}, "Book Value Per Share": {"2019-12-31": "25.24580", "2018-12-31": "24.70170", "2017-12-31": "25.21990", "2016-12-31": "", "2015-12-31": ""}, "Operating Cash Flow Per Share": {"2019-12-31": -0.2478, "2018-12-31": 0.875, "2017-12-31": -0.8823, "2016-12-31": -0.1858, "2015-12-31": 1.7722}, "Free Cash Flow Per Share": {"2019-12-31": -0.384, "2018-12-31": -0.3646, "2017-12-31": -0.5164, "2016-12-31": -0.2209, "2015-12-31": -0.5574}}, "financial ratios, quarterly": {"Current Ratio": {"2020-09-30": "", "2020-06-30": "", "2020-03-31": "", "2019-12-31": "", "2019-09-30": "", "2019-06-30": "", "2019-03-31": "", "2018-12-31": "", "2018-09-30": "", "2018-06-30": "", "2018-03-31": "", "2017-12-31": "", "2017-09-30": "", "2017-06-30": "", "2017-03-31": "", "2016-12-31": "", "2016-09-30": "", "2016-06-30": "", "2015-12-31": ""}, "Long-term Debt / Capital": {"2020-09-30": "0.38260", "2020-06-30": "0.39110", "2020-03-31": "0.33920", "2019-12-31": "0.32400", "2019-09-30": "0.32660", "2019-06-30": "0.32500", "2019-03-31": "0.41580", "2018-12-31": "0.41690", "2018-09-30": "0.40240", "2018-06-30": "0.40840", "2018-03-31": "0.41550", "2017-12-31": "0.42380", "2017-09-30": "0.41030", "2017-06-30": "0.38890", "2017-03-31": "", "2016-12-31": "", "2016-09-30": "", "2016-06-30": "", "2015-12-31": ""}, "Debt/Equity Ratio": {"2020-09-30": "0.61980", "2020-06-30": "0.64240", "2020-03-31": "0.51340", "2019-12-31": "0.47930", "2019-09-30": "0.48490", "2019-06-30": "0.48140", "2019-03-31": "0.71170", "2018-12-31": "0.71490", "2018-09-30": "0.67340", "2018-06-30": "0.69030", "2018-03-31": "0.71100", "2017-12-31": "0.73550", "2017-09-30": "0.69570", "2017-06-30": "0.63640", "2017-03-31": "", "2016-12-31": "", "2016-09-30": "", "2016-06-30": "", "2015-12-31": ""}, "Gross Margin": {"2020-09-30": "", "2020-06-30": "", "2020-03-31": "", "2019-12-31": "", "2019-09-30": "", "2019-06-30": "", "2019-03-31": "", "2018-12-31": "", "2018-09-30": "", "2018-06-30": "", "2018-03-31": "", "2017-12-31": "", "2017-09-30": "", "2017-06-30": "", "2017-03-31": "", "2016-12-31": "", "2016-09-30": "", "2016-06-30": "", "2015-12-31": ""}, "Operating Margin": {"2020-09-30": "-5.06040", "2020-06-30": "-8.28550", "2020-03-31": "0.11130", "2019-12-31": "-3.04710", "2019-09-30": "9.12330", "2019-06-30": "7.14560", "2019-03-31": "0.42850", "2018-12-31": "-12.17910", "2018-09-30": "9.52140", "2018-06-30": "10.46180", "2018-03-31": "8.85500", "2017-12-31": "-5.27970", "2017-09-30": "-58.24750", "2017-06-30": "21.36500", "2017-03-31": "16.86220", "2016-12-31": "", "2016-09-30": "26.76050", "2016-06-30": "26.01360", "2015-12-31": ""}, "EBIT Margin": {"2020-09-30": "-5.06040", "2020-06-30": "-8.28550", "2020-03-31": "0.11130", "2019-12-31": "-3.04710", "2019-09-30": "9.12330", "2019-06-30": "7.14560", "2019-03-31": "0.42850", "2018-12-31": "-12.17910", "2018-09-30": "9.52140", "2018-06-30": "10.46180", "2018-03-31": "8.85500", "2017-12-31": "-5.27970", "2017-09-30": "-58.24750", "2017-06-30": "21.36500", "2017-03-31": "16.86220", "2016-12-31": "", "2016-09-30": "26.76050", "2016-06-30": "26.01360", "2015-12-31": ""}, "EBITDA Margin": {"2020-09-30": "", "2020-06-30": "", "2020-03-31": "", "2019-12-31": "", "2019-09-30": "", "2019-06-30": "", "2019-03-31": "", "2018-12-31": "", "2018-09-30": "", "2018-06-30": "", "2018-03-31": "", "2017-12-31": "", "2017-09-30": "", "2017-06-30": "", "2017-03-31": "", "2016-12-31": "", "2016-09-30": "", "2016-06-30": "", "2015-12-31": ""}, "Pre-Tax Profit Margin": {"2020-09-30": "-16.87890", "2020-06-30": "-28.38940", "2020-03-31": "28.98670", "2019-12-31": "23.09540", "2019-09-30": "6.56220", "2019-06-30": "-2.04030", "2019-03-31": "17.44600", "2018-12-31": "1.03640", "2018-09-30": "16.12000", "2018-06-30": "15.26280", "2018-03-31": "-3.49250", "2017-12-31": "-18.12800", "2017-09-30": "-51.87070", "2017-06-30": "9.91700", "2017-03-31": "5.73830", "2016-12-31": "", "2016-09-30": "17.27990", "2016-06-30": "14.69930", "2015-12-31": ""}, "Net Profit Margin": {"2020-09-30": "-15.09120", "2020-06-30": "-25.37390", "2020-03-31": "27.14930", "2019-12-31": "20.85800", "2019-09-30": "5.60220", "2019-06-30": "-1.89270", "2019-03-31": "16.01880", "2018-12-31": "0.43490", "2018-09-30": "14.40900", "2018-06-30": "12.90340", "2018-03-31": "-2.57000", "2017-12-31": "-12.52210", "2017-09-30": "-45.83590", "2017-06-30": "9.60940", "2017-03-31": "5.43380", "2016-12-31": "", "2016-09-30": "17.03510", "2016-06-30": "14.42600", "2015-12-31": ""}, "Asset Turnover": {"2020-09-30": "0.02410", "2020-06-30": "0.02230", "2020-03-31": "0.02580", "2019-12-31": "0.02750", "2019-09-30": "0.02770", "2019-06-30": "0.02670", "2019-03-31": "0.02580", "2018-12-31": "0.02720", "2018-09-30": "0.02640", "2018-06-30": "0.02700", "2018-03-31": "0.02690", "2017-12-31": "0.02580", "2017-09-30": "0.02530", "2017-06-30": "0.03020", "2017-03-31": "", "2016-12-31": "", "2016-09-30": "", "2016-06-30": "", "2015-12-31": ""}, "Inventory Turnover Ratio": {"2020-09-30": "", "2020-06-30": "", "2020-03-31": "", "2019-12-31": "", "2019-09-30": "", "2019-06-30": "", "2019-03-31": "", "2018-12-31": "", "2018-09-30": "", "2018-06-30": "", "2018-03-31": "", "2017-12-31": "", "2017-09-30": "", "2017-06-30": "", "2017-03-31": "", "2016-12-31": "", "2016-09-30": "", "2016-06-30": "", "2015-12-31": ""}, "Receiveable Turnover": {"2020-09-30": "", "2020-06-30": "", "2020-03-31": "", "2019-12-31": "", "2019-09-30": "", "2019-06-30": "", "2019-03-31": "", "2018-12-31": "", "2018-09-30": "", "2018-06-30": "", "2018-03-31": "", "2017-12-31": "", "2017-09-30": "", "2017-06-30": "", "2017-03-31": "", "2016-12-31": "", "2016-09-30": "", "2016-06-30": "", "2015-12-31": ""}, "Days Sales In Receivables": {"2020-09-30": "", "2020-06-30": "", "2020-03-31": "", "2019-12-31": "", "2019-09-30": "", "2019-06-30": "", "2019-03-31": "", "2018-12-31": "", "2018-09-30": "", "2018-06-30": "", "2018-03-31": "", "2017-12-31": "", "2017-09-30": "", "2017-06-30": "", "2017-03-31": "", "2016-12-31": "", "2016-09-30": "", "2016-06-30": "", "2015-12-31": ""}, "ROE - Return On Equity": {"2020-09-30": "-0.74200", "2020-06-30": "-1.17020", "2020-03-31": "1.37990", "2019-12-31": "1.14250", "2019-09-30": "0.30850", "2019-06-30": "-0.09670", "2019-03-31": "0.94250", "2018-12-31": "0.03330", "2018-09-30": "0.85950", "2018-06-30": "0.81330", "2018-03-31": "-0.15950", "2017-12-31": "-0.63040", "2017-09-30": "-2.53560", "2017-06-30": "0.52450", "2017-03-31": "", "2016-12-31": "", "2016-09-30": "", "2016-06-30": "", "2015-12-31": ""}, "Return On Tangible Equity": {"2020-09-30": "-0.74200", "2020-06-30": "-1.17020", "2020-03-31": "1.37990", "2019-12-31": "1.14250", "2019-09-30": "0.30850", "2019-06-30": "-0.09670", "2019-03-31": "0.94250", "2018-12-31": "0.03330", "2018-09-30": "0.85950", "2018-06-30": "0.81330", "2018-03-31": "-0.15950", "2017-12-31": "-0.63040", "2017-09-30": "-2.53560", "2017-06-30": "0.52450", "2017-03-31": "", "2016-12-31": "", "2016-09-30": "", "2016-06-30": "", "2015-12-31": ""}, "ROA - Return On Assets": {"2020-09-30": "-0.39830", "2020-06-30": "-0.61980", "2020-03-31": "0.78460", "2019-12-31": "0.64630", "2019-09-30": "0.17490", "2019-06-30": "-0.05540", "2019-03-31": "0.46890", "2018-12-31": "0.01660", "2018-09-30": "0.43890", "2018-06-30": "0.40610", "2018-03-31": "-0.07900", "2017-12-31": "-0.30880", "2017-09-30": "-1.29660", "2017-06-30": "0.29010", "2017-03-31": "", "2016-12-31": "", "2016-09-30": "", "2016-06-30": "", "2015-12-31": ""}, "ROI - Return On Investment": {"2020-09-30": "-0.45810", "2020-06-30": "-0.71250", "2020-03-31": "0.91180", "2019-12-31": "0.77230", "2019-09-30": "0.20770", "2019-06-30": "-0.06530", "2019-03-31": "0.55060", "2018-12-31": "0.01940", "2018-09-30": "0.51360", "2018-06-30": "0.48120", "2018-03-31": "-0.09320", "2017-12-31": "-0.36320", "2017-09-30": "-1.49530", "2017-06-30": "0.32050", "2017-03-31": "", "2016-12-31": "", "2016-09-30": "", "2016-06-30": "", "2015-12-31": ""}, "Book Value Per Share": {"2020-09-30": "25.44540", "2020-06-30": "25.73280", "2020-03-31": "26.14760", "2019-12-31": "25.24580", "2019-09-30": "25.45520", "2019-06-30": "25.66860", "2019-03-31": "24.44750", "2018-12-31": "24.70170", "2018-09-30": "25.38550", "2018-06-30": "25.04060", "2018-03-31": "25.43930", "2017-12-31": "25.21990", "2017-09-30": "26.07570", "2017-06-30": "18.29210", "2017-03-31": "", "2016-12-31": "", "2016-09-30": "", "2016-06-30": "", "2015-12-31": ""}, "Operating Cash Flow Per Share": {"2020-09-30": 0.3169, "2020-06-30": 0.3305, "2020-03-31": "0.30950", "2019-12-31": 0.4915, "2019-09-30": 0.4392, "2019-06-30": 0.2555, "2019-03-31": "0.14510", "2018-12-31": 0.4387, "2018-09-30": 0.3473, "2018-06-30": 0.4993, "2018-03-31": "0.29380", "2017-12-31": 0.5002, "2017-09-30": -0.5186, "2017-06-30": 0.3287, "2017-03-31": "0.39380", "2016-12-31": -1.0081, "2016-09-30": 1.0081, "2016-06-30": 0, "2015-12-31": 0}, "Free Cash Flow Per Share": {"2020-09-30": -0.1638, "2020-06-30": -0.2356, "2020-03-31": "-0.48070", "2019-12-31": -0.6885, "2019-09-30": -0.3816, "2019-06-30": -0.5619, "2019-03-31": "-0.41130", "2018-12-31": -0.6268, "2018-09-30": -0.4206, "2018-06-30": -0.1882, "2018-03-31": "-0.42370", "2017-12-31": -0.4883, "2017-09-30": -0.9845, "2017-06-30": 0.0675, "2017-03-31": "0.11060", "2016-12-31": 0.8358, "2016-09-30": -0.8358, "2016-06-30": 0, "2015-12-31": 0}}, "revenue": {"JBG SMITH Properties Annual Revenue (Millions of US $)": {"2019": "$648", "2018": "$644", "2017": "$543", "2016": "$479", "2015": "$471"}, "JBG SMITH Properties Quarterly Revenue (Millions of US $)": {"2020-09-30": "$151", "2020-06-30": "$145", "2020-03-31": "$158", "2019-12-31": "$165", "2019-09-30": "$167", "2019-06-30": "$161", "2019-03-31": "$155", "2018-12-31": "$163", "2018-09-30": "$158", "2018-06-30": "$159", "2018-03-31": "$163", "2017-12-31": "$156", "2017-09-30": "$152", "2017-06-30": "$118", "2017-03-31": "$116", "2016-12-31": "", "2016-09-30": "$123", "2016-06-30": "$116", "2015-12-31": ""}}, "gross-profit": {"JBG SMITH Properties Annual Gross Profit (Millions of US $)": {"2019": "$440", "2018": "$425", "2017": "$358", "2016": "$320", "2015": "$310"}, "JBG SMITH Properties Quarterly Gross Profit (Millions of US $)": {"2020-09-30": "$96", "2020-06-30": "$93", "2020-03-31": "$105", "2019-12-31": "$109", "2019-09-30": "$115", "2019-06-30": "$110", "2019-03-31": "$106", "2018-12-31": "$106", "2018-09-30": "$103", "2018-06-30": "$107", "2018-03-31": "$108", "2017-12-31": "$96", "2017-09-30": "$106", "2017-06-30": "$78", "2017-03-31": "$77", "2016-12-31": "", "2016-09-30": "$82", "2016-06-30": "$75", "2015-12-31": ""}}, "operating-income": {"JBG SMITH Properties Annual Operating Income (Millions of US $)": {"2019": "$22", "2018": "$26", "2017": "$-52", "2016": "$113", "2015": "$103"}, "JBG SMITH Properties Quarterly Operating Income (Millions of US $)": {"2020-09-30": "$-8", "2020-06-30": "$-12", "2020-03-31": "$0", "2019-12-31": "$-5", "2019-09-30": "$15", "2019-06-30": "$11", "2019-03-31": "$1", "2018-12-31": "$-20", "2018-09-30": "$15", "2018-06-30": "$17", "2018-03-31": "$14", "2017-12-31": "$-8", "2017-09-30": "$-89", "2017-06-30": "$25", "2017-03-31": "$20", "2016-12-31": "", "2016-09-30": "$33", "2016-06-30": "$30", "2015-12-31": ""}}, "ebitda": {"JBG SMITH Properties Annual EBITDA (Millions of US $)": {"2019": "$224", "2018": "$245", "2017": "$116", "2016": "$250", "2015": "$249"}, "JBG SMITH Properties Quarterly EBITDA (Millions of US $)": {"2020-09-30": "$51", "2020-06-30": "$43", "2020-03-31": "$51", "2019-12-31": "$48", "2019-09-30": "$63", "2019-06-30": "$60", "2019-03-31": "$53", "2018-12-31": "$48", "2018-09-30": "$63", "2018-06-30": "$67", "2018-03-31": "$67", "2017-12-31": "$46", "2017-09-30": "$-43", "2017-06-30": "$59", "2017-03-31": "$54", "2016-12-31": "", "2016-09-30": "$64", "2016-06-30": "$30", "2015-12-31": ""}}, "net-income": {"JBG SMITH Properties Annual Net Income (Millions of US $)": {"2019": "$66", "2018": "$40", "2017": "$-72", "2016": "$62", "2015": "$50"}, "JBG SMITH Properties Quarterly Net Income (Millions of US $)": {"2020-09-30": "$-23", "2020-06-30": "$-37", "2020-03-31": "$43", "2019-12-31": "$34", "2019-09-30": "$9", "2019-06-30": "$-3", "2019-03-31": "$25", "2018-12-31": "$1", "2018-09-30": "$23", "2018-06-30": "$21", "2018-03-31": "$-4", "2017-12-31": "$-20", "2017-09-30": "$-70", "2017-06-30": "$11", "2017-03-31": "$6", "2016-12-31": "", "2016-09-30": "$21", "2016-06-30": "$17", "2015-12-31": ""}}, "eps-earnings-per-share-diluted": {"JBG SMITH Properties Annual EPS": {"2019": "$0.48", "2018": "$0.31", "2017": "$-0.70", "2016": "$0.62", "2015": "$0.49"}, "JBG SMITH Properties Quarterly EPS": {"2020-09-30": "$-0.18", "2020-06-30": "$-0.28", "2020-03-31": "$0.32", "2019-12-31": "$0.25", "2019-09-30": "$0.06", "2019-06-30": "$-0.03", "2019-03-31": "$0.20", "2018-12-31": "$-0.01", "2018-09-30": "$0.19", "2018-06-30": "$0.17", "2018-03-31": "$-0.04", "2017-12-31": "$-0.26", "2017-09-30": "$-0.61", "2017-06-30": "$0.11", "2017-03-31": "$0.06", "2016-12-31": "$0.00", "2016-09-30": "$0.21", "2016-06-30": "$0.00", "2015-12-31": "$0.00"}}, "shares-outstanding": {"JBG SMITH Properties Annual Shares Outstanding (Millions of Shares)": {"2019": "131", "2018": "119", "2017": "105", "2016": "101", "2015": "101"}, "JBG SMITH Properties Quarterly Shares Outstanding (Millions of Shares)": {"2020-09-30": "134", "2020-06-30": "134", "2020-03-31": "135", "2019-12-31": "131", "2019-09-30": "134", "2019-06-30": "132", "2019-03-31": "123", "2018-12-31": "119", "2018-09-30": "120", "2018-06-30": "118", "2018-03-31": "118", "2017-12-31": "105", "2017-09-30": "115", "2017-06-30": "101", "2017-03-31": "101", "2016-12-31": "", "2016-09-30": "101", "2016-06-30": "", "2015-12-31": ""}}, "total-assets": {"JBG SMITH Properties Annual Total Assets (Millions of US $)": {"2019": "$5,986", "2018": "$5,997", "2017": "$6,072", "2016": "$3,661", "2015": "$0"}, "JBG SMITH Properties Quarterly Total Assets (Millions of US $)": {"2020-09-30": "$6,277", "2020-06-30": "$6,496", "2020-03-31": "$6,140", "2019-12-31": "$5,986", "2019-09-30": "$6,022", "2019-06-30": "$6,007", "2019-03-31": "$6,025", "2018-12-31": "$5,997", "2018-09-30": "$6,011", "2018-06-30": "$5,915", "2018-03-31": "$6,062", "2017-12-31": "$6,072", "2017-09-30": "$6,015", "2017-06-30": "$3,910", "2017-03-31": "$0", "2016-12-31": "$0", "2016-09-30": "$0", "2016-06-30": "$0", "2015-12-31": "$0"}}, "cash-on-hand": {"JBG SMITH Properties Annual Cash on Hand (Millions of US $)": {"2019": "$143", "2018": "$400", "2017": "$339", "2016": "$32", "2015": "$"}, "JBG SMITH Properties Quarterly Cash on Hand (Millions of US $)": {"2020-09-30": "$493", "2020-06-30": "$731", "2020-03-31": "$314", "2019-12-31": "$143", "2019-09-30": "$244", "2019-06-30": "$297", "2019-03-31": "$413", "2018-12-31": "$400", "2018-09-30": "$380", "2018-06-30": "$262", "2018-03-31": "$248", "2017-12-31": "$339", "2017-09-30": "$385", "2017-06-30": "$284", "2017-03-31": "", "2016-12-31": "", "2016-09-30": "", "2016-06-30": "", "2015-12-31": ""}}, "long-term-debt": {"JBG SMITH Properties Annual Long Term Debt (Millions of US $)": {"2019": "$1,623", "2018": "$2,136", "2017": "$2,188", "2016": "$1,165", "2015": "$"}, "JBG SMITH Properties Quarterly Long Term Debt (Millions of US $)": {"2020-09-30": "$2,089", "2020-06-30": "$2,210", "2020-03-31": "$1,792", "2019-12-31": "$1,623", "2019-09-30": "$1,656", "2019-06-30": "$1,657", "2019-03-31": "$2,133", "2018-12-31": "$2,136", "2018-09-30": "$2,067", "2018-06-30": "$2,039", "2018-03-31": "$2,133", "2017-12-31": "$2,188", "2017-09-30": "$2,140", "2017-06-30": "$1,376", "2017-03-31": "", "2016-12-31": "", "2016-09-30": "", "2016-06-30": "", "2015-12-31": ""}}, "total-liabilities": {"JBG SMITH Properties Annual Total Liabilities (Millions of US $)": {"2019": "$2,600", "2018": "$3,010", "2017": "$3,097", "2016": "$1,539", "2015": "$0"}, "JBG SMITH Properties Quarterly Total Liabilities (Millions of US $)": {"2020-09-30": "$2,907", "2020-06-30": "$3,055", "2020-03-31": "$2,649", "2019-12-31": "$2,600", "2019-09-30": "$2,608", "2019-06-30": "$2,564", "2019-03-31": "$3,028", "2018-12-31": "$3,010", "2018-09-30": "$2,942", "2018-06-30": "$2,961", "2018-03-31": "$3,061", "2017-12-31": "$3,097", "2017-09-30": "$2,939", "2017-06-30": "$1,748", "2017-03-31": "$0", "2016-12-31": "", "2016-09-30": "$0", "2016-06-30": "$0", "2015-12-31": "$0"}}, "total-share-holder-equity": {"JBG SMITH Properties Annual Share Holder Equity (Millions of US $)": {"2019": "$3,387", "2018": "$2,987", "2017": "$2,975", "2016": "$2,122", "2015": "$0"}, "JBG SMITH Properties Quarterly Share Holder Equity (Millions of US $)": {"2020-09-30": "$3,370", "2020-06-30": "$3,441", "2020-03-31": "$3,491", "2019-12-31": "$3,387", "2019-09-30": "$3,414", "2019-06-30": "$3,443", "2019-03-31": "$2,997", "2018-12-31": "$2,987", "2018-09-30": "$3,070", "2018-06-30": "$2,954", "2018-03-31": "$3,001", "2017-12-31": "$2,975", "2017-09-30": "$3,076", "2017-06-30": "$2,162", "2017-03-31": "$0", "2016-12-31": "", "2016-09-30": "$0", "2016-06-30": "$0", "2015-12-31": "$0"}}, "profit-margins": {"current": "2.87%"}, "gross margin": {"2020-09-30": "65.11%", "2020-06-30": "66.46%", "2020-03-31": "67.43%", "2019-12-31": "67.90%", "2019-09-30": "67.65%", "2019-06-30": "66.72%", "2019-03-31": "66.46%", "2018-12-31": "65.94%", "2018-09-30": "65.09%", "2018-06-30": "66.19%", "2018-03-31": "65.87%", "2017-12-31": "65.87%", "2017-06-30": "66.39%", "2017-03-31": "65.92%"}, "operating margin": {"2020-09-30": "-4.04%", "2020-06-30": "-0.31%", "2020-03-31": "3.23%", "2019-12-31": "3.40%", "2019-09-30": "1.08%", "2019-06-30": "1.10%", "2019-03-31": "2.05%", "2018-12-31": "4.04%", "2018-09-30": "5.97%", "2018-06-30": "-10.48%", "2018-03-31": "-9.85%", "2017-12-31": "-9.59%", "2017-06-30": "21.85%", "2017-03-31": "23.38%"}, "ebitda margin": {"2020-09-30": "31.18%", "2020-06-30": "32.28%", "2020-03-31": "34.10%", "2019-12-31": "34.57%", "2019-09-30": "34.67%", "2019-06-30": "35.16%", "2019-03-31": "36.38%", "2018-12-31": "38.10%", "2018-09-30": "38.21%", "2018-06-30": "21.75%", "2018-03-31": "21.90%", "2017-12-31": "21.40%", "2017-06-30": "49.58%", "2017-03-31": "41.69%"}, "pre tax profit margin": {"2020-09-30": "2.91%", "2020-06-30": "8.50%", "2020-03-31": "14.13%", "2019-12-31": "11.27%", "2019-09-30": "5.73%", "2019-06-30": "8.16%", "2019-03-31": "12.44%", "2018-12-31": "7.15%", "2018-09-30": "2.52%", "2018-06-30": "-14.13%", "2018-03-31": "-17.15%", "2017-12-31": "-16.24%", "2017-06-30": "11.20%", "2017-03-31": "12.68%"}, "net profit margin": {"2020-09-30": "2.75%", "2020-06-30": "7.72%", "2020-03-31": "12.75%", "2019-12-31": "10.03%", "2019-09-30": "4.95%", "2019-06-30": "7.22%", "2019-03-31": "11.02%", "2018-12-31": "6.38%", "2018-09-30": "3.14%", "2018-06-30": "-11.59%", "2018-03-31": "-14.09%", "2017-12-31": "-13.47%", "2017-06-30": "10.64%", "2017-03-31": "12.39%"}, "pe ratio": {"current": "23.29", "2021-02-05": "283.73", "2020-09-30": "239.42", "2020-06-30": "82.56", "2020-03-31": "51.46", "2019-12-31": "80.61", "2019-09-30": "170.92", "2019-06-30": "107.16", "2019-03-31": "71.29", "2018-12-31": "106.47", "2018-09-30": "202.34", "2018-06-30": "0.00"}, "price sales": {"2021-02-05": "6.72", "2020-09-30": "5.67", "2020-06-30": "6.07", "2020-03-31": "6.31", "2019-12-31": "7.76", "2019-09-30": "7.38", "2019-06-30": "7.26", "2019-03-31": "7.40", "2018-12-31": "6.08", "2018-09-30": "6.21", "2018-06-30": "6.10"}, "price book": {"current": "1.23", "2021-02-05": "1.23", "2020-09-30": "1.03", "2020-06-30": "1.12", "2020-03-31": "1.18", "2019-12-31": "1.53", "2019-09-30": "1.48", "2019-06-30": "1.46", "2019-03-31": "1.60", "2018-12-31": "1.34", "2018-09-30": "1.36", "2018-06-30": "1.35", "2018-03-31": "1.22", "2017-12-31": "1.27", "2017-09-30": "1.19"}, "price fcf": {"2021-02-05": "", "2020-09-30": "$-1.57", "2020-06-30": "$-1.79", "2020-03-31": "$-2.11", "2019-12-31": "$-2.04", "2019-09-30": "$-1.98", "2019-06-30": "$-2.02", "2019-03-31": "$-1.65", "2018-12-31": "$-1.66", "2018-09-30": "$-1.52", "2018-06-30": "$-1.91"}, "net worth": {"value": "$4.13B"}, "current ratio": {"2020-09-30": "6.50", "2020-06-30": "7.69", "2020-03-31": "4.37", "2019-12-31": "2.32", "2019-09-30": "2.94", "2019-06-30": "3.65", "2019-03-31": "4.57", "2018-12-31": "4.50", "2018-09-30": "3.79", "2018-06-30": "3.41", "2018-03-31": "3.45", "2017-12-31": "3.84", "2017-09-30": "4.42", "2017-06-30": "16.76", "2017-03-31": "0.00", "2016-12-31": "0.00", "2016-09-30": "0.00", "2016-06-30": "0.00", "2015-12-31": "0.00"}, "quick ratio": {"2020-09-30": "0.00", "2020-06-30": "0.00", "2020-03-31": "0.00", "2019-12-31": "0.00", "2019-09-30": "0.00", "2019-06-30": "0.00", "2019-03-31": "0.00", "2018-12-31": "0.00", "2018-09-30": "0.00", "2018-06-30": "0.00", "2018-03-31": "0.00", "2017-12-31": "0.00", "2017-09-30": "0.00", "2017-06-30": "0.00", "2017-03-31": "0.00", "2016-12-31": "0.00", "2016-09-30": "0.00", "2016-06-30": "0.00", "2015-12-31": "0.00"}, "debt equity ratio": {"current": "0.62", "2020-09-30": "0.86", "2020-06-30": "0.89", "2020-03-31": "0.76", "2019-12-31": "0.77", "2019-09-30": "0.76", "2019-06-30": "0.75", "2019-03-31": "1.01", "2018-12-31": "1.01", "2018-09-30": "0.96", "2018-06-30": "1.00", "2018-03-31": "1.02", "2017-12-31": "1.04", "2017-09-30": "0.96", "2017-06-30": "0.81", "2017-03-31": "0.00", "2016-12-31": "0.00", "2016-09-30": "0.00", "2016-06-30": "0.00", "2015-12-31": "0.00"}, "return on equity": {"2020-09-30": "0.50%", "2020-06-30": "1.43%", "2020-03-31": "2.42%", "2019-12-31": "1.96%", "2019-09-30": "1.00%", "2019-06-30": "1.47%", "2019-03-31": "2.33%", "2018-12-31": "1.37%", "2018-09-30": "0.67%", "2018-06-30": "-2.43%", "2018-03-31": "-2.96%", "2017-12-31": "-3.56%", "2017-06-30": "7.03%", "2017-03-31": "inf%"}, "return on assets": {"2020-09-30": "0.27%", "2020-06-30": "0.80%", "2020-03-31": "1.37%", "2019-12-31": "1.08%", "2019-09-30": "0.53%", "2019-06-30": "0.77%", "2019-03-31": "1.17%", "2018-12-31": "0.68%", "2018-09-30": "0.33%", "2018-06-30": "-1.21%", "2018-03-31": "-1.51%", "2017-12-31": "-1.83%", "2017-06-30": "3.89%", "2017-03-31": "inf%"}, "return on investments": {"2020-09-30": "-0.47%", "2020-06-30": "-0.04%", "2020-03-31": "0.41%", "2019-12-31": "0.43%", "2019-09-30": "0.14%", "2019-06-30": "0.14%", "2019-03-31": "0.26%", "2018-12-31": "0.51%", "2018-09-30": "0.74%", "2018-06-30": "-1.29%", "2018-03-31": "-1.22%", "2017-12-31": "-1.49%", "2017-06-30": "8.82%", "2017-03-31": "inf%"}, "return on tangible equity": {"2020-09-30": "0.50%", "2020-06-30": "1.43%", "2020-03-31": "2.42%", "2019-12-31": "1.96%", "2019-09-30": "1.00%", "2019-06-30": "1.47%", "2019-03-31": "2.33%", "2018-12-31": "1.37%", "2018-09-30": "0.67%", "2018-06-30": "-2.43%", "2018-03-31": "-2.96%", "2017-12-31": "-3.56%", "2017-06-30": "7.03%", "2017-03-31": "inf%"}, "dividend yield history": {"last payout": "$0.90", "last yield": "2.88%"}}