{"ticker": "JEF", "price": {"title": "Jefferies Financial Group Historical Annual Stock Price Data", "value": 25.51, "historical": {"2021": {"Average Stock Price": "25.2813", "Year Open": "24.8200", "Year High": "26.7700", "Year Low": "23.1200", "Year Close": "25.5100", "Annual % Change": "3.70%"}, "2020": {"Average Stock Price": "18.2651", "Year Open": "21.7700", "Year High": "24.6000", "Year Low": "12.0900", "Year Close": "24.6000", "Annual % Change": "15.11%"}, "2019": {"Average Stock Price": "19.6310", "Year Open": "17.7000", "Year High": "21.6100", "Year Low": "16.9900", "Year Close": "21.3700", "Annual % Change": "23.10%"}, "2018": {"Average Stock Price": "23.0984", "Year Open": "26.7800", "Year High": "28.0100", "Year Low": "16.3900", "Year Close": "17.3600", "Annual % Change": "-34.47%"}, "2017": {"Average Stock Price": "25.3068", "Year Open": "23.3000", "Year High": "27.2000", "Year Low": "22.2700", "Year Close": "26.4900", "Annual % Change": "13.94%"}, "2016": {"Average Stock Price": "18.0556", "Year Open": "17.0200", "Year High": "24.0000", "Year Low": "14.4500", "Year Close": "23.2500", "Annual % Change": "33.70%"}, "2015": {"Average Stock Price": "21.9951", "Year Open": "22.6300", "Year High": "25.2000", "Year Low": "16.0800", "Year Close": "17.3900", "Annual % Change": "-22.44%"}, "2014": {"Average Stock Price": "25.4003", "Year Open": "28.5000", "Year High": "28.6500", "Year Low": "21.0400", "Year Close": "22.4200", "Annual % Change": "-20.89%"}, "2013": {"Average Stock Price": "27.5992", "Year Open": "24.2200", "Year High": "32.2000", "Year Low": "23.8100", "Year Close": "28.3400", "Annual % Change": "19.13%"}, "2012": {"Average Stock Price": "23.6562", "Year Open": "24.0200", "Year High": "29.7200", "Year Low": "19.8400", "Year Close": "23.7900", "Annual % Change": "4.62%"}, "2011": {"Average Stock Price": "30.4976", "Year Open": "30.1200", "Year High": "39.0200", "Year Low": "20.4200", "Year Close": "22.7400", "Annual % Change": "-22.07%"}, "2010": {"Average Stock Price": "23.9868", "Year Open": "24.7500", "Year High": "29.5200", "Year Low": "18.8900", "Year Close": "29.1800", "Annual % Change": "22.66%"}, "2009": {"Average Stock Price": "20.9446", "Year Open": "21.5100", "Year High": "26.3300", "Year Low": "10.8500", "Year Close": "23.7900", "Annual % Change": "20.15%"}, "2008": {"Average Stock Price": "41.0240", "Year Open": "45.6000", "Year High": "56.3300", "Year Low": "13.5100", "Year Close": "19.8000", "Annual % Change": "-57.96%"}, "2007": {"Average Stock Price": "38.0975", "Year Open": "28.6600", "Year High": "51.6200", "Year Low": "26.6100", "Year Close": "47.1000", "Annual % Change": "67.02%"}, "2006": {"Average Stock Price": "27.6898", "Year Open": "23.7750", "Year High": "32.1650", "Year Low": "23.7750", "Year Close": "28.2000", "Annual % Change": "18.84%"}, "2005": {"Average Stock Price": "19.8847", "Year Open": "22.7700", "Year High": "24.4150", "Year Low": "16.4150", "Year Close": "23.7300", "Annual % Change": "2.46%"}, "2004": {"Average Stock Price": "17.8912", "Year Open": "15.4133", "Year High": "23.4133", "Year Low": "15.2333", "Year Close": "23.1600", "Annual % Change": "50.72%"}, "2003": {"Average Stock Price": "12.6775", "Year Open": "12.6733", "Year High": "15.3667", "Year Low": "10.9667", "Year Close": "15.3667", "Annual % Change": "23.56%"}, "2002": {"Average Stock Price": "11.3997", "Year Open": "9.5800", "Year High": "13.3100", "Year Low": "9.3233", "Year Close": "12.4367", "Annual % Change": "29.24%"}, "2001": {"Average Stock Price": "10.5829", "Year Open": "11.5200", "Year High": "11.8133", "Year Low": "8.7867", "Year Close": "9.6233", "Annual % Change": "-18.54%"}, "2000": {"Average Stock Price": "8.2135", "Year Open": "7.2500", "Year High": "12.3133", "Year Low": "7.0000", "Year Close": "11.8133", "Annual % Change": "53.22%"}, "1999": {"Average Stock Price": "8.4336", "Year Open": "10.3333", "Year High": "10.9600", "Year Low": "6.8333", "Year Close": "7.7100", "Annual % Change": "-26.57%"}, "1998": {"Average Stock Price": "11.1803", "Year Open": "11.3133", "Year High": "13.5200", "Year Low": "8.9800", "Year Close": "10.5000", "Annual % Change": "-8.70%"}, "1997": {"Average Stock Price": "10.3607", "Year Open": "8.6267", "Year High": "12.1667", "Year Low": "8.5833", "Year Close": "11.5000", "Annual % Change": "28.97%"}, "1996": {"Average Stock Price": "8.3040", "Year Open": "8.3767", "Year High": "9.6250", "Year Low": "7.2917", "Year Close": "8.9167", "Annual % Change": "7.00%"}, "1995": {"Average Stock Price": "8.4600", "Year Open": "7.4383", "Year High": "9.8333", "Year Low": "7.1883", "Year Close": "8.3333", "Annual % Change": "12.36%"}, "1994": {"Average Stock Price": "6.5448", "Year Open": "6.9167", "Year High": "7.6250", "Year Low": "5.8133", "Year Close": "7.4167", "Annual % Change": "8.54%"}, "1993": {"Average Stock Price": "7.0104", "Year Open": "6.4892", "Year High": "8.4167", "Year Low": "6.0200", "Year Close": "6.8333", "Annual % Change": "3.80%"}, "1992": {"Average Stock Price": "4.6588", "Year Open": "3.0625", "Year High": "6.7500", "Year Low": "3.0625", "Year Close": "6.5833", "Annual % Change": "114.21%"}, "1991": {"Average Stock Price": "2.3147", "Year Open": "1.8642", "Year High": "3.2292", "Year Low": "1.6667", "Year Close": "3.0733", "Annual % Change": "62.11%"}, "1990": {"Average Stock Price": "1.7623", "Year Open": "1.7917", "Year High": "2.0417", "Year Low": "1.5108", "Year Close": "1.8958", "Annual % Change": "6.46%"}, "1989": {"Average Stock Price": "1.5060", "Year Open": "1.2083", "Year High": "1.8225", "Year Low": "1.2083", "Year Close": "1.7808", "Annual % Change": "48.71%"}, "1988": {"Average Stock Price": "1.0189", "Year Open": "0.8442", "Year High": "1.2083", "Year Low": "0.8025", "Year Close": "1.1975", "Annual % Change": "47.38%"}}}, "market cap": {"value": "$6.4B"}, "income statement": {"Revenue": {"2020-11-30": "6010.87400", "2019-11-30": "3892.97600", "2018-11-30": "3764.03400", "2017-12-31": "4077.44500", "2017-11-30": "4077.44500", "2016-12-31": "3035.37400", "2015-12-31": "10886.46000", "2014-12-31": "11486.49000", "2013-12-31": "10425.75000", "2012-12-31": "9404.58400", "2011-12-31": "642.63100", "2010-12-31": "1203.44400", "2009-12-31": "575.20800", "2008-12-31": "490.54000", "2007-12-31": "1154.89500", "2006-12-31": "862.67200", "2005-12-31": "689.88300"}, "Cost Of Goods Sold": {"2020-11-30": "338.58800", "2019-11-30": "319.64100", "2018-11-30": "307.07100", "2017-12-31": "280.95200", "2017-11-30": "280.95200", "2016-12-31": "337.03900", "2015-12-31": "7677.23300", "2014-12-31": "8024.28600", "2013-12-31": "7567.70700", "2012-12-31": "7479.74600", "2011-12-31": "215.96300", "2010-12-31": "307.37800", "2009-12-31": "285.24900", "2008-12-31": "389.18700", "2007-12-31": "753.51200", "2006-12-31": "386.46600", "2005-12-31": "281.45100"}, "Gross Profit": {"2020-11-30": "5672.28600", "2019-11-30": "3573.33500", "2018-11-30": "3456.96300", "2017-12-31": "3796.49300", "2017-11-30": "3796.49300", "2016-12-31": "2698.33500", "2015-12-31": "3209.22500", "2014-12-31": "3462.19900", "2013-12-31": "2858.03900", "2012-12-31": "1924.83800", "2011-12-31": "426.66800", "2010-12-31": "896.06600", "2009-12-31": "289.95900", "2008-12-31": "101.35300", "2007-12-31": "401.38310", "2006-12-31": "476.20600", "2005-12-31": "408.43200"}, "Research And Development Expenses": {"2020-11-30": "", "2019-11-30": "", "2018-11-30": "", "2017-12-31": "", "2017-11-30": "", "2016-12-31": "", "2015-12-31": "", "2014-12-31": "", "2013-12-31": "", "2012-12-31": "", "2011-12-31": "", "2010-12-31": "", "2009-12-31": "", "2008-12-31": "", "2007-12-31": "", "2006-12-31": "", "2005-12-31": ""}, "SG&A Expenses": {"2020-11-30": "4019.81900", "2019-11-30": "2834.53400", "2018-11-30": "2824.11000", "2017-12-31": "2728.98700", "2017-11-30": "2728.98700", "2016-12-31": "2485.45200", "2015-12-31": "2423.25300", "2014-12-31": "2637.55200", "2013-12-31": "2026.84200", "2012-12-31": "360.58600", "2011-12-31": "244.85200", "2010-12-31": "336.32300", "2009-12-31": "345.56400", "2008-12-31": "279.32900", "2007-12-31": "315.85100", "2006-12-31": "240.88900", "2005-12-31": "190.40400"}, "Other Operating Income Or Expenses": {"2020-11-30": "", "2019-11-30": "", "2018-11-30": "", "2017-12-31": "", "2017-11-30": "", "2016-12-31": "", "2015-12-31": "", "2014-12-31": "-59.69500", "2013-12-31": "-1.49000", "2012-12-31": "-1.90300", "2011-12-31": "", "2010-12-31": "", "2009-12-31": "", "2008-12-31": "", "2007-12-31": "", "2006-12-31": "", "2005-12-31": ""}, "Operating Expenses": {"2020-11-30": "4601.71600", "2019-11-30": "3394.22300", "2018-11-30": "3340.74700", "2017-12-31": "3221.53600", "2017-11-30": "3221.53600", "2016-12-31": "3035.35900", "2015-12-31": "10440.42000", "2014-12-31": "11028.46000", "2013-12-31": "9848.42800", "2012-12-31": "8051.20400", "2011-12-31": "609.32100", "2010-12-31": "820.50400", "2009-12-31": "816.36200", "2008-12-31": "862.04600", "2007-12-31": "1216.13800", "2006-12-31": "728.85210", "2005-12-31": "555.44800"}, "Operating Income": {"2020-11-30": "1409.15800", "2019-11-30": "498.75320", "2018-11-30": "423.28710", "2017-12-31": "855.90890", "2017-11-30": "855.90890", "2016-12-31": "0.01510", "2015-12-31": "446.03520", "2014-12-31": "458.02440", "2013-12-31": "577.31840", "2012-12-31": "1353.38000", "2011-12-31": "33.31000", "2010-12-31": "382.94000", "2009-12-31": "-241.15400", "2008-12-31": "-371.50600", "2007-12-31": "-61.24290", "2006-12-31": "133.81990", "2005-12-31": "134.43500"}, "Total Non-Operating Income/Expense": {"2020-11-30": "-342.07500", "2019-11-30": "-20.14500", "2018-11-30": "-127.18700", "2017-12-31": "-249.40700", "2017-11-30": "-249.40700", "2016-12-31": "-12.60700", "2015-12-31": "-89.49900", "2014-12-31": "-76.80200", "2013-12-31": "-31.73300", "2012-12-31": "88.64900", "2011-12-31": "62.01300", "2010-12-31": "", "2009-12-31": "", "2008-12-31": "", "2007-12-31": "", "2006-12-31": "", "2005-12-31": ""}, "Pre-Tax Income": {"2020-11-30": "1067.08300", "2019-11-30": "478.60800", "2018-11-30": "296.10000", "2017-12-31": "606.50200", "2017-11-30": "606.50200", "2016-12-31": "-12.59200", "2015-12-31": "356.53600", "2014-12-31": "381.22200", "2013-12-31": "545.58500", "2012-12-31": "1442.02900", "2011-12-31": "95.32300", "2010-12-31": "382.94000", "2009-12-31": "-241.15400", "2008-12-31": "-371.50600", "2007-12-31": "-61.24300", "2006-12-31": "133.82000", "2005-12-31": "134.43500"}, "Income Taxes": {"2020-11-30": "298.67300", "2019-11-30": "-483.95500", "2018-11-30": "19.00800", "2017-12-31": "642.28600", "2017-11-30": "642.28600", "2016-12-31": "25.77300", "2015-12-31": "109.94700", "2014-12-31": "165.97100", "2013-12-31": "136.48100", "2012-12-31": "539.46400", "2011-12-31": "62.39800", "2010-12-31": "-1136.96800", "2009-12-31": "7.10800", "2008-12-31": "1672.31300", "2007-12-31": "-559.77100", "2006-12-31": "41.77100", "2005-12-31": "-1131.03800"}, "Income After Taxes": {"2020-11-30": "768.41000", "2019-11-30": "962.56300", "2018-11-30": "277.09200", "2017-12-31": "-35.78400", "2017-11-30": "-35.78400", "2016-12-31": "-38.36500", "2015-12-31": "246.58900", "2014-12-31": "215.25100", "2013-12-31": "409.10400", "2012-12-31": "902.56510", "2011-12-31": "32.92500", "2010-12-31": "1519.90800", "2009-12-31": "-248.26200", "2008-12-31": "-2043.81900", "2007-12-31": "498.52800", "2006-12-31": "92.04900", "2005-12-31": "1265.47300"}, "Other Income": {"2020-11-30": "", "2019-11-30": "", "2018-11-30": "", "2017-12-31": "", "2017-11-30": "", "2016-12-31": "", "2015-12-31": "", "2014-12-31": "", "2013-12-31": "", "2012-12-31": "", "2011-12-31": "", "2010-12-31": "", "2009-12-31": "", "2008-12-31": "", "2007-12-31": "", "2006-12-31": "", "2005-12-31": ""}, "Income From Continuous Operations": {"2020-11-30": "768.41000", "2019-11-30": "962.56300", "2018-11-30": "277.09200", "2017-12-31": "-35.78400", "2017-11-30": "-35.78400", "2016-12-31": "-38.36500", "2015-12-31": "246.58900", "2014-12-31": "215.25100", "2013-12-31": "409.10400", "2012-12-31": "902.56500", "2011-12-31": "32.92500", "2010-12-31": "1900.67400", "2009-12-31": "531.97400", "2008-12-31": "-2582.88700", "2007-12-31": "476.65300", "2006-12-31": "129.76900", "2005-12-31": "1220.34000"}, "Income From Discontinued Operations": {"2020-11-30": "", "2019-11-30": "", "2018-11-30": "773.98400", "2017-12-31": "288.63100", "2017-11-30": "288.63100", "2016-12-31": "232.68600", "2015-12-31": "5.52200", "2014-12-31": "-16.22600", "2013-12-31": "-46.91100", "2012-12-31": "-37.92400", "2011-12-31": "-7.96900", "2010-12-31": "39.56200", "2009-12-31": "16.62100", "2008-12-31": "46.07500", "2007-12-31": "3.61900", "2006-12-31": "59.63000", "2005-12-31": "415.70100"}, "Net Income": {"2020-11-30": "769.60500", "2019-11-30": "959.59300", "2018-11-30": "1022.31800", "2017-12-31": "167.35100", "2017-11-30": "167.35100", "2016-12-31": "125.93800", "2015-12-31": "279.58700", "2014-12-31": "204.30600", "2013-12-31": "369.24000", "2012-12-31": "854.46600", "2011-12-31": "25.23100", "2010-12-31": "1939.31200", "2009-12-31": "550.28000", "2008-12-31": "-2535.42500", "2007-12-31": "484.29400", "2006-12-31": "189.39900", "2005-12-31": "1636.04100"}, "EBITDA": {"2020-11-30": "1636.42200", "2019-11-30": "715.69620", "2018-11-30": "579.94310", "2017-12-31": "1021.87000", "2017-11-30": "1021.87000", "2016-12-31": "167.38510", "2015-12-31": "733.91220", "2014-12-31": "718.70340", "2013-12-31": "801.24630", "2012-12-31": "1616.07400", "2011-12-31": "241.64000", "2010-12-31": "612.36900", "2009-12-31": "-26.02300", "2008-12-31": "-153.87500", "2007-12-31": "92.73710", "2006-12-31": "237.21190", "2005-12-31": "389.45400"}, "EBIT": {"2020-11-30": "1494.02800", "2019-11-30": "585.93020", "2018-11-30": "512.53610", "2017-12-31": "957.11100", "2017-11-30": "957.11100", "2016-12-31": "95.77210", "2015-12-31": "561.83920", "2014-12-31": "578.95940", "2013-12-31": "662.28230", "2012-12-31": "1445.96100", "2011-12-31": "145.01700", "2010-12-31": "506.51500", "2009-12-31": "-112.40000", "2008-12-31": "-226.15800", "2007-12-31": "50.29410", "2006-12-31": "213.21190", "2005-12-31": "199.95800"}, "Basic Shares Outstanding": {"2020-11-30": "285.69300", "2019-11-30": "310.69400", "2018-11-30": "347.26100", "2017-12-31": "358.48200", "2017-11-30": "368.19700", "2016-12-31": "371.21100", "2015-12-31": "372.43000", "2014-12-31": "371.88900", "2013-12-31": "339.67300", "2012-12-31": "244.58300", "2011-12-31": "244.42500", "2010-12-31": "243.37900", "2009-12-31": "241.43700", "2008-12-31": "230.49400", "2007-12-31": "218.36100", "2006-12-31": "216.23300", "2005-12-31": "215.53100"}, "Shares Outstanding": {"2020-11-30": "290.49000", "2019-11-30": "317.03200", "2018-11-30": "351.27500", "2017-12-31": "370.71000", "2017-11-30": "370.70100", "2016-12-31": "371.51800", "2015-12-31": "372.43100", "2014-12-31": "373.33300", "2013-12-31": "347.73400", "2012-12-31": "248.91400", "2011-12-31": "244.57300", "2010-12-31": "247.67200", "2009-12-31": "247.84900", "2008-12-31": "230.49400", "2007-12-31": "234.65300", "2006-12-31": "218.77300", "2005-12-31": "216.03500"}, "Basic EPS": {"2020-11-30": "2.68000", "2019-11-30": "3.07000", "2018-11-30": "2.93000", "2017-12-31": "0.45000", "2017-11-30": "0.45000", "2016-12-31": "0.34000", "2015-12-31": "0.74000", "2014-12-31": "0.54000", "2013-12-31": "1.07000", "2012-12-31": "3.49000", "2011-12-31": "0.10000", "2010-12-31": "7.97000", "2009-12-31": "2.28000", "2008-12-31": "-11.00000", "2007-12-31": "2.22000", "2006-12-31": "0.88000", "2005-12-31": "7.59000"}, "EPS - Earnings Per Share": {"2020-11-30": "2.65000", "2019-11-30": "3.03000", "2018-11-30": "2.90000", "2017-12-31": "0.45000", "2017-11-30": "0.45000", "2016-12-31": "0.34000", "2015-12-31": "0.74000", "2014-12-31": "0.54000", "2013-12-31": "1.06000", "2012-12-31": "3.44000", "2011-12-31": "0.10000", "2010-12-31": "7.85000", "2009-12-31": "2.25000", "2008-12-31": "-11.00000", "2007-12-31": "2.10000", "2006-12-31": "0.85000", "2005-12-31": "7.14000"}}, "income statement, quarterly": {"Revenue": {"2020-11-30": "1860.78700", "2020-08-31": "1616.17000", "2020-05-31": "1147.58900", "2020-02-29": "1386.32800", "2019-11-30": "1106.09800", "2019-08-31": "856.77800", "2019-05-31": "1101.65700", "2019-02-28": "828.44300", "2018-11-30": "-978.76390", "2018-09-30": "1150.84600", "2018-06-30": "911.15900", "2018-05-31": "911.15900", "2018-03-31": "2680.79300", "2018-02-28": "895.43500", "2017-12-31": "-504.62100", "2017-11-30": "-504.62100", "2017-09-30": "857.22300", "2017-06-30": "856.86100", "2017-03-31": "2867.98200", "2016-12-31": "-4281.46500", "2016-09-30": "2676.37500", "2016-06-30": "2625.35800", "2016-03-31": "2015.10600", "2015-12-31": "2496.21600", "2015-09-30": "2366.09600", "2015-06-30": "2839.46300", "2015-03-31": "3184.68300", "2014-12-31": "2688.35500", "2014-09-30": "3003.64300", "2014-06-30": "2851.96300", "2014-03-31": "2942.52400", "2013-12-31": "2920.35600", "2013-09-30": "2532.05200", "2013-06-30": "2675.72500", "2013-03-31": "2297.61300", "2012-12-31": "3056.36200", "2012-09-30": "2216.92000", "2012-06-30": "1746.04100", "2012-03-31": "2385.26100", "2011-12-31": "-594.59500", "2011-09-30": "199.75100", "2011-06-30": "753.44100", "2011-03-31": "284.03400", "2010-12-31": "469.08400", "2010-09-30": "185.86500", "2010-06-30": "289.20000", "2010-03-31": "259.29500", "2009-12-31": "-102.88900", "2009-09-30": "143.43100", "2009-06-30": "284.32300", "2009-03-31": "250.34300", "2008-12-31": "-423.47900", "2008-09-30": "251.61600", "2008-06-30": "337.55400", "2008-03-31": "324.84900", "2007-12-31": "282.55700", "2007-09-30": "331.14900", "2007-06-30": "344.00400", "2007-03-31": "197.18500", "2006-12-31": "176.39500", "2006-09-30": "170.24300", "2006-06-30": "224.42600", "2006-03-31": "291.60800", "2005-12-31": "207.28500", "2005-09-30": "248.27500", "2005-06-30": "197.58500", "2005-03-31": "121.29500"}, "Cost Of Goods Sold": {"2020-11-30": "102.71700", "2020-08-31": "82.65700", "2020-05-31": "80.77100", "2020-02-29": "72.44300", "2019-11-30": "86.53200", "2019-08-31": "85.77300", "2019-05-31": "80.41500", "2019-02-28": "66.92100", "2018-11-30": "-1621.20600", "2018-09-30": "84.87600", "2018-06-30": "90.69000", "2018-05-31": "90.69000", "2018-03-31": "1752.71100", "2018-02-28": "81.93500", "2017-12-31": "-1393.72000", "2017-11-30": "-1393.72000", "2017-09-30": "71.59600", "2017-06-30": "69.98200", "2017-03-31": "1533.09400", "2016-12-31": "-4776.47600", "2016-09-30": "1689.09300", "2016-06-30": "1776.37000", "2016-03-31": "1648.05200", "2015-12-31": "1767.35500", "2015-09-30": "1937.28800", "2015-06-30": "2050.36700", "2015-03-31": "1922.22300", "2014-12-31": "2035.50100", "2014-09-30": "2001.77900", "2014-06-30": "2041.33100", "2014-03-31": "1945.67500", "2013-12-31": "1913.43000", "2013-09-30": "1902.16300", "2013-06-30": "1921.65100", "2013-03-31": "1830.46300", "2012-12-31": "1891.16900", "2012-09-30": "1884.83300", "2012-06-30": "1880.58200", "2012-03-31": "1823.16200", "2011-12-31": "-61.78200", "2011-09-30": "77.08300", "2011-06-30": "103.66900", "2011-03-31": "96.99300", "2010-12-31": "0.93800", "2010-09-30": "102.57600", "2010-06-30": "106.36000", "2010-03-31": "97.50400", "2009-12-31": "-172.02900", "2009-09-30": "74.99500", "2009-06-30": "189.26700", "2009-03-31": "193.01600", "2008-12-31": "-301.60300", "2008-09-30": "227.78200", "2008-06-30": "230.63400", "2008-03-31": "232.37400", "2007-12-31": "217.46800", "2007-09-30": "228.79100", "2007-06-30": "198.89900", "2007-03-31": "108.35400", "2006-12-31": "95.76800", "2006-09-30": "91.90900", "2006-06-30": "100.27600", "2006-03-31": "98.51300", "2005-12-31": "16.99600", "2005-09-30": "98.01900", "2005-06-30": "95.26300", "2005-03-31": "71.17300"}, "Gross Profit": {"2020-11-30": "1758.07000", "2020-08-31": "1533.51300", "2020-05-31": "1066.81800", "2020-02-29": "1313.88500", "2019-11-30": "1019.56600", "2019-08-31": "771.00500", "2019-05-31": "1021.24200", "2019-02-28": "761.52200", "2018-11-30": "642.44210", "2018-09-30": "1065.97000", "2018-06-30": "820.46900", "2018-05-31": "820.46900", "2018-03-31": "928.08190", "2018-02-28": "813.50000", "2017-12-31": "889.09900", "2017-11-30": "889.09900", "2017-09-30": "785.62700", "2017-06-30": "786.87900", "2017-03-31": "1334.88800", "2016-12-31": "495.01120", "2016-09-30": "987.28200", "2016-06-30": "848.98790", "2016-03-31": "367.05400", "2015-12-31": "728.86100", "2015-09-30": "428.80800", "2015-06-30": "789.09590", "2015-03-31": "1262.46000", "2014-12-31": "652.85450", "2014-09-30": "1001.86400", "2014-06-30": "810.63180", "2014-03-31": "996.84890", "2013-12-31": "1006.92600", "2013-09-30": "629.88900", "2013-06-30": "754.07410", "2013-03-31": "467.15000", "2012-12-31": "1165.19300", "2012-09-30": "332.08690", "2012-06-30": "-134.54100", "2012-03-31": "562.09900", "2011-12-31": "-532.81300", "2011-09-30": "122.66800", "2011-06-30": "649.77200", "2011-03-31": "187.04100", "2010-12-31": "468.14600", "2010-09-30": "83.28900", "2010-06-30": "182.84000", "2010-03-31": "161.79100", "2009-12-31": "69.14000", "2009-09-30": "68.43600", "2009-06-30": "95.05600", "2009-03-31": "57.32700", "2008-12-31": "-121.87600", "2008-09-30": "23.83400", "2008-06-30": "106.92000", "2008-03-31": "92.47500", "2007-12-31": "65.08910", "2007-09-30": "102.35800", "2007-06-30": "145.10500", "2007-03-31": "88.83100", "2006-12-31": "80.62700", "2006-09-30": "78.33400", "2006-06-30": "124.15000", "2006-03-31": "193.09500", "2005-12-31": "190.28900", "2005-09-30": "150.25600", "2005-06-30": "102.32200", "2005-03-31": "50.12200"}, "Research And Development Expenses": {"2020-11-30": "", "2020-08-31": "", "2020-05-31": "", "2020-02-29": "", "2019-11-30": "", "2019-08-31": "", "2019-05-31": "", "2019-02-28": "", "2018-11-30": "", "2018-09-30": "", "2018-06-30": "", "2018-05-31": "", "2018-03-31": "", "2018-02-28": "", "2017-12-31": "", "2017-11-30": "", "2017-09-30": "", "2017-06-30": "", "2017-03-31": "", "2016-12-31": "", "2016-09-30": "", "2016-06-30": "", "2016-03-31": "", "2015-12-31": "", "2015-09-30": "", "2015-06-30": "", "2015-03-31": "", "2014-12-31": "", "2014-09-30": "", "2014-06-30": "", "2014-03-31": "", "2013-12-31": "", "2013-09-30": "", "2013-06-30": "", "2013-03-31": "", "2012-12-31": "", "2012-09-30": "", "2012-06-30": "", "2012-03-31": "", "2011-12-31": "", "2011-09-30": "", "2011-06-30": "", "2011-03-31": "", "2010-12-31": "", "2010-09-30": "", "2010-06-30": "", "2010-03-31": "", "2009-12-31": "", "2009-09-30": "", "2009-06-30": "", "2009-03-31": "", "2008-12-31": "", "2008-09-30": "", "2008-06-30": "", "2008-03-31": "", "2007-12-31": "", "2007-09-30": "", "2007-06-30": "", "2007-03-31": "", "2006-12-31": "", "2006-09-30": "", "2006-06-30": "", "2006-03-31": "", "2005-12-31": "", "2005-09-30": "", "2005-06-30": "", "2005-03-31": ""}, "SG&A Expenses": {"2020-11-30": "1205.65400", "2020-08-31": "998.54900", "2020-05-31": "847.58500", "2020-02-29": "968.03100", "2019-11-30": "748.58980", "2019-08-31": "715.62400", "2019-05-31": "739.62200", "2019-02-28": "630.69800", "2018-11-30": "658.96380", "2018-09-30": "706.44300", "2018-06-30": "715.07700", "2018-05-31": "715.07700", "2018-03-31": "734.06600", "2018-02-28": "716.00300", "2017-12-31": "692.15720", "2017-11-30": "692.15720", "2017-09-30": "692.91200", "2017-06-30": "658.45300", "2017-03-31": "685.46500", "2016-12-31": "606.56490", "2016-09-30": "657.87500", "2016-06-30": "644.35000", "2016-03-31": "576.66200", "2015-12-31": "582.84000", "2015-09-30": "590.79700", "2015-06-30": "672.75400", "2015-03-31": "576.86200", "2014-12-31": "516.56900", "2014-09-30": "780.62900", "2014-06-30": "600.19800", "2014-03-31": "740.15600", "2013-12-31": "828.40900", "2013-09-30": "498.26300", "2013-06-30": "604.95200", "2013-03-31": "95.21800", "2012-12-31": "13.07000", "2012-09-30": "109.04800", "2012-06-30": "95.89900", "2012-03-31": "142.56900", "2011-12-31": "34.93000", "2011-09-30": "64.98600", "2011-06-30": "84.16400", "2011-03-31": "60.77200", "2010-12-31": "131.33200", "2010-09-30": "90.80700", "2010-06-30": "51.21300", "2010-03-31": "62.97100", "2009-12-31": "17.88700", "2009-09-30": "59.78700", "2009-06-30": "177.74400", "2009-03-31": "90.14600", "2008-12-31": "27.46200", "2008-09-30": "81.12600", "2008-06-30": "92.53600", "2008-03-31": "78.20500", "2007-12-31": "94.40900", "2007-09-30": "75.11200", "2007-06-30": "74.95900", "2007-03-31": "71.37100", "2006-12-31": "70.27700", "2006-09-30": "55.67800", "2006-06-30": "55.44200", "2006-03-31": "59.49200", "2005-12-31": "52.69700", "2005-09-30": "42.89700", "2005-06-30": "49.12200", "2005-03-31": "45.68800"}, "Other Operating Income Or Expenses": {"2020-11-30": "", "2020-08-31": "", "2020-05-31": "", "2020-02-29": "", "2019-11-30": "", "2019-08-31": "", "2019-05-31": "", "2019-02-28": "", "2018-11-30": "", "2018-09-30": "", "2018-06-30": "", "2018-05-31": "", "2018-03-31": "", "2018-02-28": "", "2017-12-31": "", "2017-11-30": "", "2017-09-30": "", "2017-06-30": "", "2017-03-31": "", "2016-12-31": "", "2016-09-30": "", "2016-06-30": "", "2016-03-31": "", "2015-12-31": "", "2015-09-30": "", "2015-06-30": "", "2015-03-31": "", "2014-12-31": "", "2014-09-30": "", "2014-06-30": "", "2014-03-31": "", "2013-12-31": "", "2013-09-30": "", "2013-06-30": "", "2013-03-31": "", "2012-12-31": "", "2012-09-30": "", "2012-06-30": "", "2012-03-31": "", "2011-12-31": "", "2011-09-30": "", "2011-06-30": "", "2011-03-31": "", "2010-12-31": "", "2010-09-30": "", "2010-06-30": "", "2010-03-31": "", "2009-12-31": "", "2009-09-30": "", "2009-06-30": "", "2009-03-31": "", "2008-12-31": "", "2008-09-30": "", "2008-06-30": "", "2008-03-31": "", "2007-12-31": "", "2007-09-30": "", "2007-06-30": "", "2007-03-31": "", "2006-12-31": "", "2006-09-30": "", "2006-06-30": "", "2006-03-31": "", "2005-12-31": "", "2005-09-30": "", "2005-06-30": "", "2005-03-31": ""}, "Operating Expenses": {"2020-11-30": "1368.09900", "2020-08-31": "1142.23800", "2020-05-31": "989.88200", "2020-02-29": "1101.49800", "2019-11-30": "894.75100", "2019-08-31": "864.94000", "2019-05-31": "879.96100", "2019-02-28": "754.57100", "2018-11-30": "764.39390", "2018-09-30": "852.45100", "2018-06-30": "861.95100", "2018-05-31": "861.95100", "2018-03-31": "2564.06300", "2018-02-28": "847.59600", "2017-12-31": "-673.06990", "2017-11-30": "-673.06990", "2017-09-30": "818.88000", "2017-06-30": "780.27300", "2017-03-31": "2295.45300", "2016-12-31": "-4178.25800", "2016-09-30": "2422.78000", "2016-06-30": "2494.19500", "2016-03-31": "2296.64200", "2015-12-31": "2430.16500", "2015-09-30": "2617.21700", "2015-06-30": "2810.09400", "2015-03-31": "2582.94700", "2014-12-31": "2698.87900", "2014-09-30": "2858.37100", "2014-06-30": "2715.31600", "2014-03-31": "2755.89400", "2013-12-31": "2815.43300", "2013-09-30": "2464.70900", "2013-06-30": "2593.78800", "2013-03-31": "1974.49800", "2012-12-31": "1943.23500", "2012-09-30": "2045.35900", "2012-06-30": "2033.74100", "2012-03-31": "2028.86900", "2011-12-31": "-12.46310", "2011-09-30": "183.03100", "2011-06-30": "234.24900", "2011-03-31": "204.50400", "2010-12-31": "155.59400", "2010-09-30": "244.55000", "2010-06-30": "208.90500", "2010-03-31": "211.45500", "2009-12-31": "-110.74900", "2009-09-30": "180.43300", "2009-06-30": "414.85200", "2009-03-31": "331.82600", "2008-12-31": "-229.65200", "2008-09-30": "360.68700", "2008-06-30": "373.20400", "2008-03-31": "357.80700", "2007-12-31": "360.74690", "2007-09-30": "342.01700", "2007-06-30": "307.39300", "2007-03-31": "205.98100", "2006-12-31": "189.81400", "2006-09-30": "176.28500", "2006-06-30": "182.68400", "2006-03-31": "180.06900", "2005-12-31": "87.54600", "2005-09-30": "161.41500", "2005-06-30": "167.97300", "2005-03-31": "138.51400"}, "Operating Income": {"2020-11-30": "492.68860", "2020-08-31": "473.93210", "2020-05-31": "157.70700", "2020-02-29": "284.83000", "2019-11-30": "211.34700", "2019-08-31": "-8.16200", "2019-05-31": "221.69600", "2019-02-28": "73.87200", "2018-11-30": "-1743.15800", "2018-09-30": "298.39500", "2018-06-30": "49.20800", "2018-05-31": "49.20800", "2018-03-31": "116.73000", "2018-02-28": "47.83900", "2017-12-31": "168.44900", "2017-11-30": "168.44900", "2017-09-30": "38.34300", "2017-06-30": "76.58800", "2017-03-31": "572.52880", "2016-12-31": "-103.20650", "2016-09-30": "253.59500", "2016-06-30": "131.16280", "2016-03-31": "-281.53610", "2015-12-31": "66.05100", "2015-09-30": "-251.12080", "2015-06-30": "29.36910", "2015-03-31": "601.73610", "2014-12-31": "-10.52390", "2014-09-30": "145.27200", "2014-06-30": "136.64670", "2014-03-31": "186.62990", "2013-12-31": "104.92360", "2013-09-30": "67.34300", "2013-06-30": "81.93700", "2013-03-31": "323.11500", "2012-12-31": "1113.12700", "2012-09-30": "171.56100", "2012-06-30": "-287.70010", "2012-03-31": "356.39210", "2011-12-31": "-582.13190", "2011-09-30": "16.72000", "2011-06-30": "519.19200", "2011-03-31": "79.53000", "2010-12-31": "313.49000", "2010-09-30": "-58.68500", "2010-06-30": "80.29500", "2010-03-31": "47.84000", "2009-12-31": "7.86000", "2009-09-30": "-37.00200", "2009-06-30": "-130.52900", "2009-03-31": "-81.48300", "2008-12-31": "-193.82700", "2008-09-30": "-109.07100", "2008-06-30": "-35.65000", "2008-03-31": "-32.95800", "2007-12-31": "-78.18990", "2007-09-30": "-10.86800", "2007-06-30": "36.61100", "2007-03-31": "-8.79600", "2006-12-31": "-13.41910", "2006-09-30": "-6.04200", "2006-06-30": "41.74200", "2006-03-31": "111.53900", "2005-12-31": "119.73900", "2005-09-30": "86.86000", "2005-06-30": "29.61200", "2005-03-31": "-17.21900"}, "Total Non-Operating Income/Expense": {"2020-11-30": "-71.14900", "2020-08-31": "-61.69000", "2020-05-31": "-82.20000", "2020-02-29": "-127.03600", "2019-11-30": "21.20200", "2019-08-31": "21.42500", "2019-05-31": "-38.21700", "2019-02-28": "-24.55500", "2018-11-30": "-79.71500", "2018-09-30": "-25.70300", "2018-06-30": "-11.69300", "2018-05-31": "-11.69300", "2018-03-31": "-10.07600", "2018-02-28": "-10.07600", "2017-12-31": "-31.84900", "2017-11-30": "-31.84900", "2017-09-30": "-12.79500", "2017-06-30": "-30.33100", "2017-03-31": "-174.43200", "2016-12-31": "3.20700", "2016-09-30": "-3.68600", "2016-06-30": "8.29900", "2016-03-31": "-20.42700", "2015-12-31": "-24.90000", "2015-09-30": "-21.06400", "2015-06-30": "-28.90600", "2015-03-31": "-14.62900", "2014-12-31": "-1.42700", "2014-09-30": "-27.11300", "2014-06-30": "-18.72800", "2014-03-31": "-29.53400", "2013-12-31": "-53.80200", "2013-09-30": "-10.61100", "2013-06-30": "1.87200", "2013-03-31": "30.80800", "2012-12-31": "50.83900", "2012-09-30": "24.27400", "2012-06-30": "13.53600", "2012-03-31": "", "2011-12-31": "52.93500", "2011-09-30": "", "2011-06-30": "", "2011-03-31": "", "2010-12-31": "", "2010-09-30": "", "2010-06-30": "", "2010-03-31": "", "2009-12-31": "", "2009-09-30": "", "2009-06-30": "", "2009-03-31": "", "2008-12-31": "", "2008-09-30": "", "2008-06-30": "", "2008-03-31": "", "2007-12-31": "", "2007-09-30": "", "2007-06-30": "", "2007-03-31": "", "2006-12-31": "", "2006-09-30": "", "2006-06-30": "", "2006-03-31": "", "2005-12-31": "", "2005-09-30": "", "2005-06-30": "", "2005-03-31": ""}, "Pre-Tax Income": {"2020-11-30": "421.54000", "2020-08-31": "412.24200", "2020-05-31": "75.50700", "2020-02-29": "157.79400", "2019-11-30": "232.54900", "2019-08-31": "13.26300", "2019-05-31": "183.47900", "2019-02-28": "49.31700", "2018-11-30": "-120.76100", "2018-09-30": "272.69200", "2018-06-30": "37.51500", "2018-05-31": "37.51500", "2018-03-31": "106.65400", "2018-02-28": "37.76300", "2017-12-31": "136.60000", "2017-11-30": "136.60000", "2017-09-30": "25.54800", "2017-06-30": "46.25700", "2017-03-31": "398.09700", "2016-12-31": "-100.00000", "2016-09-30": "249.90900", "2016-06-30": "139.46200", "2016-03-31": "-301.96300", "2015-12-31": "41.15100", "2015-09-30": "-272.18500", "2015-06-30": "0.46300", "2015-03-31": "587.10700", "2014-12-31": "-11.95200", "2014-09-30": "118.15900", "2014-06-30": "117.91900", "2014-03-31": "157.09600", "2013-12-31": "51.12100", "2013-09-30": "56.73200", "2013-06-30": "83.80900", "2013-03-31": "353.92300", "2012-12-31": "1163.96600", "2012-09-30": "195.83500", "2012-06-30": "-274.16400", "2012-03-31": "356.39200", "2011-12-31": "-520.11900", "2011-09-30": "16.72000", "2011-06-30": "519.19200", "2011-03-31": "79.53000", "2010-12-31": "251.42000", "2010-09-30": "-58.68500", "2010-06-30": "80.29500", "2010-03-31": "47.84000", "2009-12-31": "7.86000", "2009-09-30": "-37.00200", "2009-06-30": "-130.52900", "2009-03-31": "-81.48300", "2008-12-31": "-193.82700", "2008-09-30": "-109.07100", "2008-06-30": "-35.65000", "2008-03-31": "-32.95800", "2007-12-31": "-78.19000", "2007-09-30": "-10.86800", "2007-06-30": "36.61100", "2007-03-31": "-8.79600", "2006-12-31": "-13.41900", "2006-09-30": "-6.04200", "2006-06-30": "41.74200", "2006-03-31": "111.53900", "2005-12-31": "131.97000", "2005-09-30": "86.86000", "2005-06-30": "29.61200", "2005-03-31": "-17.21900"}, "Income Taxes": {"2020-11-30": "113.53500", "2020-08-31": "107.40300", "2020-05-31": "31.96200", "2020-02-29": "45.77300", "2019-11-30": "38.67100", "2019-08-31": "-36.13100", "2019-05-31": "-488.79700", "2019-02-28": "2.30200", "2018-11-30": "-48.48600", "2018-09-30": "90.39100", "2018-06-30": "9.59800", "2018-05-31": "9.59800", "2018-03-31": "-32.49500", "2018-02-28": "-48.42900", "2017-12-31": "502.15700", "2017-11-30": "502.15700", "2017-09-30": "9.77000", "2017-06-30": "26.18500", "2017-03-31": "104.17400", "2016-12-31": "-33.41900", "2016-09-30": "73.70300", "2016-06-30": "68.85000", "2016-03-31": "-83.36100", "2015-12-31": "2.11300", "2015-09-30": "-90.27300", "2015-06-30": "-14.57100", "2015-03-31": "212.67800", "2014-12-31": "2.08600", "2014-09-30": "59.90600", "2014-06-30": "47.72900", "2014-03-31": "56.25000", "2013-12-31": "36.72100", "2013-09-30": "26.75800", "2013-06-30": "23.23500", "2013-03-31": "49.76700", "2012-12-31": "414.65700", "2012-09-30": "78.89000", "2012-06-30": "-87.50800", "2012-03-31": "133.42500", "2011-12-31": "-180.48600", "2011-09-30": "13.72300", "2011-06-30": "190.10800", "2011-03-31": "39.05300", "2010-12-31": "-1145.06200", "2010-09-30": "3.54000", "2010-06-30": "4.66500", "2010-03-31": "2.70200", "2009-12-31": "0.94400", "2009-09-30": "1.34100", "2009-06-30": "29.12700", "2009-03-31": "-24.30400", "2008-12-31": "1970.12700", "2008-09-30": "-38.75300", "2008-06-30": "-247.71100", "2008-03-31": "-11.35000", "2007-12-31": "-566.71200", "2007-09-30": "-4.17700", "2007-06-30": "14.85000", "2007-03-31": "-3.73200", "2006-12-31": "-7.10000", "2006-09-30": "-8.70900", "2006-06-30": "14.90100", "2006-03-31": "42.67900", "2005-12-31": "-20.93290", "2005-09-30": "-24.88500", "2005-06-30": "-1107.45200", "2005-03-31": "0.62400"}, "Income After Taxes": {"2020-11-30": "308.00500", "2020-08-31": "304.83900", "2020-05-31": "43.54500", "2020-02-29": "112.02100", "2019-11-30": "193.87800", "2019-08-31": "49.39400", "2019-05-31": "672.27600", "2019-02-28": "47.01500", "2018-11-30": "23.83400", "2018-09-30": "182.30100", "2018-06-30": "27.91700", "2018-05-31": "27.91700", "2018-03-31": "139.14900", "2018-02-28": "86.19200", "2017-12-31": "-365.55690", "2017-11-30": "-365.55690", "2017-09-30": "15.77800", "2017-06-30": "20.07200", "2017-03-31": "293.92300", "2016-12-31": "-66.58100", "2016-09-30": "176.20600", "2016-06-30": "70.61200", "2016-03-31": "-218.60200", "2015-12-31": "39.03800", "2015-09-30": "-181.91200", "2015-06-30": "15.03400", "2015-03-31": "374.42900", "2014-12-31": "-14.03800", "2014-09-30": "58.25300", "2014-06-30": "70.19000", "2014-03-31": "100.84600", "2013-12-31": "14.40000", "2013-09-30": "29.97400", "2013-06-30": "60.57400", "2013-03-31": "304.15600", "2012-12-31": "749.30910", "2012-09-30": "116.94500", "2012-06-30": "-186.65600", "2012-03-31": "222.96700", "2011-12-31": "-1786.44300", "2011-09-30": "2.99700", "2011-06-30": "329.08400", "2011-03-31": "40.47700", "2010-12-31": "", "2010-09-30": "-62.22500", "2010-06-30": "75.63000", "2010-03-31": "45.13800", "2009-12-31": "", "2009-09-30": "-38.34300", "2009-06-30": "-159.65600", "2009-03-31": "-57.17900", "2008-12-31": "", "2008-09-30": "-70.31800", "2008-06-30": "212.06100", "2008-03-31": "-21.60800", "2007-12-31": "488.52200", "2007-09-30": "-6.69100", "2007-06-30": "21.76100", "2007-03-31": "-5.06400", "2006-12-31": "-6.31900", "2006-09-30": "2.66700", "2006-06-30": "26.84100", "2006-03-31": "68.86000", "2005-12-31": "152.90290", "2005-09-30": "111.74500", "2005-06-30": "1137.06400", "2005-03-31": "-17.84300"}, "Other Income": {"2020-11-30": "", "2020-08-31": "", "2020-05-31": "", "2020-02-29": "", "2019-11-30": "", "2019-08-31": "", "2019-05-31": "", "2019-02-28": "", "2018-11-30": "", "2018-09-30": "", "2018-06-30": "", "2018-05-31": "", "2018-03-31": "", "2018-02-28": "", "2017-12-31": "", "2017-11-30": "", "2017-09-30": "", "2017-06-30": "", "2017-03-31": "", "2016-12-31": "", "2016-09-30": "", "2016-06-30": "", "2016-03-31": "", "2015-12-31": "", "2015-09-30": "", "2015-06-30": "", "2015-03-31": "", "2014-12-31": "", "2014-09-30": "", "2014-06-30": "", "2014-03-31": "", "2013-12-31": "", "2013-09-30": "", "2013-06-30": "", "2013-03-31": "", "2012-12-31": "", "2012-09-30": "", "2012-06-30": "", "2012-03-31": "", "2011-12-31": "", "2011-09-30": "", "2011-06-30": "", "2011-03-31": "", "2010-12-31": "", "2010-09-30": "", "2010-06-30": "", "2010-03-31": "", "2009-12-31": "", "2009-09-30": "", "2009-06-30": "", "2009-03-31": "", "2008-12-31": "", "2008-09-30": "", "2008-06-30": "", "2008-03-31": "", "2007-12-31": "", "2007-09-30": "", "2007-06-30": "", "2007-03-31": "", "2006-12-31": "", "2006-09-30": "", "2006-06-30": "", "2006-03-31": "", "2005-12-31": "", "2005-09-30": "", "2005-06-30": "", "2005-03-31": ""}, "Income From Continuous Operations": {"2020-11-30": "308.00490", "2020-08-31": "304.83900", "2020-05-31": "43.54500", "2020-02-29": "112.02100", "2019-11-30": "193.87800", "2019-08-31": "49.39400", "2019-05-31": "672.27600", "2019-02-28": "47.01500", "2018-11-30": "-72.27500", "2018-09-30": "182.30100", "2018-06-30": "27.91700", "2018-05-31": "27.91700", "2018-03-31": "139.14900", "2018-02-28": "86.19200", "2017-12-31": "-365.55700", "2017-11-30": "-365.55700", "2017-09-30": "15.77800", "2017-06-30": "20.07200", "2017-03-31": "293.92300", "2016-12-31": "-66.58100", "2016-09-30": "176.20600", "2016-06-30": "70.61200", "2016-03-31": "-218.60200", "2015-12-31": "39.03800", "2015-09-30": "-181.91200", "2015-06-30": "15.03400", "2015-03-31": "374.42900", "2014-12-31": "-14.03800", "2014-09-30": "58.25300", "2014-06-30": "70.19000", "2014-03-31": "100.84600", "2013-12-31": "14.40000", "2013-09-30": "29.97400", "2013-06-30": "60.57400", "2013-03-31": "304.15600", "2012-12-31": "486.77000", "2012-09-30": "116.94500", "2012-06-30": "-186.65600", "2012-03-31": "485.50600", "2011-12-31": "131.02300", "2011-09-30": "-293.81500", "2011-06-30": "183.28800", "2011-03-31": "12.42900", "2010-12-31": "1688.14700", "2010-09-30": "262.48700", "2010-06-30": "-246.29200", "2010-03-31": "196.33200", "2009-12-31": "3022.00600", "2009-09-30": "341.17400", "2009-06-30": "410.98400", "2009-03-31": "-140.13300", "2008-12-31": "-2763.07200", "2008-09-30": "89.34800", "2008-06-30": "186.82600", "2008-03-31": "-95.98900", "2007-12-31": "440.39000", "2007-09-30": "2.08700", "2007-06-30": "26.31500", "2007-03-31": "7.86100", "2006-12-31": "7.06500", "2006-09-30": "3.74000", "2006-06-30": "36.37500", "2006-03-31": "82.58900", "2005-12-31": "-22.98910", "2005-09-30": "45.21400", "2005-06-30": "1204.40900", "2005-03-31": "-6.69500"}, "Income From Discontinued Operations": {"2020-11-30": "", "2020-08-31": "", "2020-05-31": "", "2020-02-29": "", "2019-11-30": "", "2019-08-31": "", "2019-05-31": "", "2019-02-28": "", "2018-11-30": "-721.02700", "2018-09-30": "", "2018-06-30": "721.02700", "2018-05-31": "721.02700", "2018-03-31": "", "2018-02-28": "52.95700", "2017-12-31": "113.65200", "2017-11-30": "113.65200", "2017-09-30": "120.98900", "2017-06-30": "53.99000", "2017-03-31": "", "2016-12-31": "", "2016-09-30": "", "2016-06-30": "", "2016-03-31": "", "2015-12-31": "3.79300", "2015-09-30": "1.72900", "2015-06-30": "", "2015-03-31": "", "2014-12-31": "-5.58600", "2014-09-30": "2.00900", "2014-06-30": "-3.74000", "2014-03-31": "-8.90900", "2013-12-31": "-25.41500", "2013-09-30": "-15.59100", "2013-06-30": "-2.03800", "2013-03-31": "-3.86700", "2012-12-31": "-35.93000", "2012-09-30": "-2.61100", "2012-06-30": "-1.11200", "2012-03-31": "1.72900", "2011-12-31": "-11.95900", "2011-09-30": "2.46300", "2011-06-30": "3.17000", "2011-03-31": "-1.64300", "2010-12-31": "41.90200", "2010-09-30": "27.48300", "2010-06-30": "10.01400", "2010-03-31": "-4.82700", "2009-12-31": "-11.78500", "2009-09-30": "28.40600", "2009-06-30": "", "2009-03-31": "", "2008-12-31": "", "2008-09-30": "", "2008-06-30": "", "2008-03-31": "", "2007-12-31": "1.32100", "2007-09-30": "1.80100", "2007-06-30": "-0.01600", "2007-03-31": "0.51300", "2006-12-31": "4.14400", "2006-09-30": "56.73700", "2006-06-30": "0.64500", "2006-03-31": "-1.89600", "2005-12-31": "336.39300", "2005-09-30": "58.90000", "2005-06-30": "66.70200", "2005-03-31": "9.30800"}, "Net Income": {"2020-11-30": "307.26700", "2020-08-31": "304.40900", "2020-05-31": "44.91900", "2020-02-29": "113.01000", "2019-11-30": "195.54100", "2019-08-31": "48.47700", "2019-05-31": "670.76400", "2019-02-28": "44.81100", "2018-11-30": "-621.37500", "2018-09-30": "192.63500", "2018-06-30": "725.52900", "2018-05-31": "725.52900", "2018-03-31": "124.52500", "2018-02-28": "124.52500", "2017-12-31": "-271.60100", "2017-11-30": "-271.60100", "2017-09-30": "99.35100", "2017-06-30": "58.19300", "2017-03-31": "281.40800", "2016-12-31": "137.17100", "2016-09-30": "154.35800", "2016-06-30": "57.28900", "2016-03-31": "-222.88000", "2015-12-31": "55.59500", "2015-09-30": "-173.17300", "2015-06-30": "16.40600", "2015-03-31": "380.75900", "2014-12-31": "-9.76300", "2014-09-30": "54.67900", "2014-06-30": "65.07400", "2014-03-31": "94.31600", "2013-12-31": "8.55400", "2013-09-30": "2.97100", "2013-06-30": "52.61200", "2013-03-31": "305.10300", "2012-12-31": "454.16600", "2012-09-30": "106.67400", "2012-06-30": "-197.25100", "2012-03-31": "490.87700", "2011-12-31": "119.43700", "2011-09-30": "-291.02200", "2011-06-30": "186.30900", "2011-03-31": "10.50700", "2010-12-31": "2073.91200", "2010-09-30": "287.75500", "2010-06-30": "-235.14400", "2010-03-31": "191.47900", "2009-12-31": "-90.93500", "2009-09-30": "370.19900", "2009-06-30": "411.02300", "2009-03-31": "-140.00700", "2008-12-31": "-2715.84100", "2008-09-30": "89.46200", "2008-06-30": "186.77800", "2008-03-31": "-95.82400", "2007-12-31": "445.73300", "2007-09-30": "3.88800", "2007-06-30": "26.29900", "2007-03-31": "8.37400", "2006-12-31": "11.20900", "2006-09-30": "60.47700", "2006-06-30": "37.02000", "2006-03-31": "80.69300", "2005-12-31": "313.40410", "2005-09-30": "104.11400", "2005-06-30": "1271.11100", "2005-03-31": "2.61300"}, "EBITDA": {"2020-11-30": "537.90760", "2020-08-31": "534.09410", "2020-05-31": "218.65000", "2020-02-29": "345.77000", "2019-11-30": "271.04400", "2019-08-31": "52.16900", "2019-05-31": "274.14700", "2019-02-28": "118.33600", "2018-11-30": "-1700.66500", "2018-09-30": "343.62700", "2018-06-30": "68.16100", "2018-05-31": "99.18590", "2018-03-31": "166.03600", "2018-02-28": "85.73200", "2017-12-31": "225.27200", "2017-11-30": "225.27200", "2017-09-30": "112.32800", "2017-06-30": "94.70700", "2017-03-31": "589.56280", "2016-12-31": "-82.31350", "2016-09-30": "397.17400", "2016-06-30": "197.03380", "2016-03-31": "-344.50920", "2015-12-31": "177.20600", "2015-09-30": "-91.44080", "2015-06-30": "103.67510", "2015-03-31": "544.47200", "2014-12-31": "104.08510", "2014-09-30": "270.91600", "2014-06-30": "195.57070", "2014-03-31": "148.13190", "2013-12-31": "198.87960", "2013-09-30": "189.53500", "2013-06-30": "137.10400", "2013-03-31": "275.72800", "2012-12-31": "1210.03300", "2012-09-30": "327.37300", "2012-06-30": "-222.00410", "2012-03-31": "300.67210", "2011-12-31": "-506.62590", "2011-09-30": "116.40900", "2011-06-30": "571.73990", "2011-03-31": "60.11700", "2010-12-31": "", "2010-09-30": "52.85400", "2010-06-30": "137.84200", "2010-03-31": "25.60000", "2009-12-31": "", "2009-09-30": "58.01900", "2009-06-30": "-75.93500", "2009-03-31": "-91.43600", "2008-12-31": "-118.91600", "2008-09-30": "-19.67400", "2008-06-30": "18.76600", "2008-03-31": "-34.05100", "2007-12-31": "-14.71490", "2007-09-30": "45.25400", "2007-06-30": "72.69800", "2007-03-31": "-10.50000", "2006-12-31": "17.16500", "2006-09-30": "35.03600", "2006-06-30": "69.88500", "2006-03-31": "115.12600", "2005-12-31": "225.95300", "2005-09-30": "247.56900", "2005-06-30": "96.62600", "2005-03-31": "-96.13700"}, "EBIT": {"2020-11-30": "513.33260", "2020-08-31": "495.44410", "2020-05-31": "178.86700", "2020-02-29": "306.38400", "2019-11-30": "228.70510", "2019-08-31": "15.50100", "2019-05-31": "244.83400", "2019-02-28": "96.89000", "2018-11-30": "-28.51970", "2018-09-30": "327.23200", "2018-06-30": "73.48700", "2018-05-31": "73.48700", "2018-03-31": "140.33700", "2018-02-28": "69.33700", "2017-12-31": "191.07510", "2017-11-30": "191.07510", "2017-09-30": "63.95500", "2017-06-30": "102.16800", "2017-03-31": "599.91280", "2016-12-31": "-75.59450", "2016-09-30": "276.71600", "2016-06-30": "153.86880", "2016-03-31": "-259.21810", "2015-12-31": "88.03380", "2015-09-30": "-220.45480", "2015-06-30": "61.10210", "2015-03-31": "633.15810", "2014-12-31": "23.19190", "2014-09-30": "174.77100", "2014-06-30": "165.79070", "2014-03-31": "215.20590", "2013-12-31": "130.12630", "2013-09-30": "84.57700", "2013-06-30": "103.14500", "2013-03-31": "344.43400", "2012-12-31": "1134.41400", "2012-09-30": "192.66700", "2012-06-30": "-266.35710", "2012-03-31": "385.23710", "2011-12-31": "-1096.16300", "2011-09-30": "44.23200", "2011-06-30": "547.02890", "2011-03-31": "108.50700", "2010-12-31": "", "2010-09-30": "-27.33200", "2010-06-30": "111.78500", "2010-03-31": "79.33100", "2009-12-31": "", "2009-09-30": "-5.56300", "2009-06-30": "-98.14500", "2009-03-31": "-48.09600", "2008-12-31": "", "2008-09-30": "-72.05500", "2008-06-30": "0.89300", "2008-03-31": "2.82400", "2007-12-31": "-41.50790", "2007-09-30": "17.07500", "2007-06-30": "63.44700", "2007-03-31": "11.28000", "2006-12-31": "4.43200", "2006-09-30": "16.80100", "2006-06-30": "63.29000", "2006-03-31": "128.68900", "2005-12-31": "50.70800", "2005-09-30": "103.06300", "2005-06-30": "46.04100", "2005-03-31": "0.14600"}, "Basic Shares Outstanding": {"2020-11-30": "285.69300", "2020-08-31": "280.69500", "2020-05-31": "286.76400", "2020-02-29": "302.40600", "2019-11-30": "310.69400", "2019-08-31": "310.28800", "2019-05-31": "307.01000", "2019-02-28": "315.17500", "2018-11-30": "347.26100", "2018-09-30": "341.43400", "2018-06-30": "352.04900", "2018-05-31": "352.04900", "2018-03-31": "366.42700", "2018-02-28": "366.42700", "2017-12-31": "358.48200", "2017-11-30": "368.19700", "2017-09-30": "367.82800", "2017-06-30": "369.21200", "2017-03-31": "369.26700", "2016-12-31": "371.21100", "2016-09-30": "370.40400", "2016-06-30": "372.55600", "2016-03-31": "372.36700", "2015-12-31": "372.43000", "2015-09-30": "372.54700", "2015-06-30": "373.65400", "2015-03-31": "373.54100", "2014-12-31": "371.88900", "2014-09-30": "373.34700", "2014-06-30": "371.97900", "2014-03-31": "368.48700", "2013-12-31": "339.67300", "2013-09-30": "367.64100", "2013-06-30": "367.75200", "2013-03-31": "275.73500", "2012-12-31": "244.58300", "2012-09-30": "244.58300", "2012-06-30": "244.58300", "2012-03-31": "244.58300", "2011-12-31": "244.42500", "2011-09-30": "244.58000", "2011-06-30": "244.52100", "2011-03-31": "244.08200", "2010-12-31": "243.37900", "2010-09-30": "243.31700", "2010-06-30": "243.31200", "2010-03-31": "243.29100", "2009-12-31": "241.43700", "2009-09-30": "243.23800", "2009-06-30": "241.09500", "2009-03-31": "238.49900", "2008-12-31": "230.49400", "2008-09-30": "232.84900", "2008-06-30": "230.23500", "2008-03-31": "222.58400", "2007-12-31": "218.36100", "2007-09-30": "218.07100", "2007-06-30": "216.59600", "2007-03-31": "216.40900", "2006-12-31": "216.23300", "2006-09-30": "216.29100", "2006-06-30": "216.20100", "2006-03-31": "216.11200", "2005-12-31": "215.53100", "2005-09-30": "215.59500", "2005-06-30": "215.30300", "2005-03-31": "215.21800"}, "Shares Outstanding": {"2020-11-30": "290.49000", "2020-08-31": "285.13600", "2020-05-31": "286.76400", "2020-02-29": "308.28000", "2019-11-30": "317.03200", "2019-08-31": "311.89700", "2019-05-31": "312.52700", "2019-02-28": "318.75200", "2018-11-30": "351.27500", "2018-09-30": "350.30700", "2018-06-30": "356.07500", "2018-05-31": "356.07500", "2018-03-31": "373.46100", "2018-02-28": "373.46100", "2017-12-31": "370.71000", "2017-11-30": "370.70100", "2017-09-30": "370.19800", "2017-06-30": "371.55200", "2017-03-31": "375.72100", "2016-12-31": "371.51800", "2016-09-30": "374.56700", "2016-06-30": "372.55600", "2016-03-31": "372.36700", "2015-12-31": "372.43100", "2015-09-30": "372.54700", "2015-06-30": "373.66200", "2015-03-31": "377.71300", "2014-12-31": "373.33300", "2014-09-30": "373.37500", "2014-06-30": "373.17900", "2014-03-31": "377.34800", "2013-12-31": "347.73400", "2013-09-30": "367.68700", "2013-06-30": "367.83700", "2013-03-31": "281.58700", "2012-12-31": "248.91400", "2012-09-30": "248.91000", "2012-06-30": "244.58300", "2012-03-31": "248.94500", "2011-12-31": "244.57300", "2011-09-30": "244.58000", "2011-06-30": "249.02600", "2011-03-31": "244.62000", "2010-12-31": "247.67200", "2010-09-30": "247.57200", "2010-06-30": "243.31200", "2010-03-31": "247.59400", "2009-12-31": "247.84900", "2009-09-30": "247.71100", "2009-06-30": "248.13500", "2009-03-31": "238.49900", "2008-12-31": "230.49400", "2008-09-30": "249.45200", "2008-06-30": "247.23400", "2008-03-31": "222.58400", "2007-12-31": "234.65300", "2007-09-30": "219.41100", "2007-06-30": "217.22900", "2007-03-31": "216.77900", "2006-12-31": "218.77300", "2006-09-30": "231.90600", "2006-06-30": "231.77700", "2006-03-31": "231.76500", "2005-12-31": "216.03500", "2005-09-30": "231.32800", "2005-06-30": "231.02600", "2005-03-31": "215.21800"}, "Basic EPS": {"2020-11-30": "1.07000", "2020-08-31": "1.08000", "2020-05-31": "0.16000", "2020-02-29": "0.37000", "2019-11-30": "0.60000", "2019-08-31": "0.16000", "2019-05-31": "2.17000", "2019-02-28": "0.14000", "2018-11-30": "-1.73000", "2018-09-30": "0.56000", "2018-06-30": "2.05000", "2018-05-31": "2.05000", "2018-03-31": "0.34000", "2018-02-28": "0.34000", "2017-12-31": "-0.74000", "2017-11-30": "-0.74000", "2017-09-30": "0.27000", "2017-06-30": "0.16000", "2017-03-31": "0.76000", "2016-12-31": "0.38000", "2016-09-30": "0.41000", "2016-06-30": "0.15000", "2016-03-31": "-0.60000", "2015-12-31": "0.17000", "2015-09-30": "-0.47000", "2015-06-30": "0.04000", "2015-03-31": "1.00000", "2014-12-31": "-0.02000", "2014-09-30": "0.14000", "2014-06-30": "0.17000", "2014-03-31": "0.25000", "2013-12-31": "-0.18000", "2013-09-30": "0.01000", "2013-06-30": "0.14000", "2013-03-31": "1.10000", "2012-12-31": "1.85000", "2012-09-30": "0.44000", "2012-06-30": "-0.81000", "2012-03-31": "2.01000", "2011-12-31": "0.49000", "2011-09-30": "-1.19000", "2011-06-30": "0.76000", "2011-03-31": "0.04000", "2010-12-31": "8.52400", "2010-09-30": "1.18000", "2010-06-30": "-0.97000", "2010-03-31": "0.79000", "2009-12-31": "", "2009-09-30": "1.52000", "2009-06-30": "1.70000", "2009-03-31": "-0.59000", "2008-12-31": "-11.76000", "2008-09-30": "0.38000", "2008-06-30": "0.81000", "2008-03-31": "-0.43000", "2007-12-31": "2.04000", "2007-09-30": "0.02000", "2007-06-30": "0.12000", "2007-03-31": "0.04000", "2006-12-31": "0.06000", "2006-09-30": "0.28000", "2006-06-30": "0.17000", "2006-03-31": "0.37000", "2005-12-31": "1.45000", "2005-09-30": "0.48000", "2005-06-30": "5.90000", "2005-03-31": "0.01000"}, "EPS - Earnings Per Share": {"2020-11-30": "1.05000", "2020-08-31": "1.07000", "2020-05-31": "0.16000", "2020-02-29": "0.37000", "2019-11-30": "0.60000", "2019-08-31": "0.15000", "2019-05-31": "2.14000", "2019-02-28": "0.14000", "2018-11-30": "-0.02000", "2018-09-30": "0.55000", "2018-06-30": "2.03000", "2018-05-31": "2.03000", "2018-03-31": "0.34000", "2018-02-28": "0.34000", "2017-12-31": "-0.73000", "2017-11-30": "-0.73000", "2017-09-30": "0.27000", "2017-06-30": "0.16000", "2017-03-31": "0.75000", "2016-12-31": "0.38000", "2016-09-30": "0.41000", "2016-06-30": "0.15000", "2016-03-31": "-0.60000", "2015-12-31": "0.18000", "2015-09-30": "-0.47000", "2015-06-30": "0.04000", "2015-03-31": "0.99000", "2014-12-31": "-0.02000", "2014-09-30": "0.14000", "2014-06-30": "0.17000", "2014-03-31": "0.25000", "2013-12-31": "-0.17000", "2013-09-30": "0.01000", "2013-06-30": "0.14000", "2013-03-31": "1.08000", "2012-12-31": "1.85000", "2012-09-30": "0.43000", "2012-06-30": "-0.81000", "2012-03-31": "1.97000", "2011-12-31": "-7.53000", "2011-09-30": "-1.19000", "2011-06-30": "0.75000", "2011-03-31": "0.04000", "2010-12-31": "6.87000", "2010-09-30": "1.17000", "2010-06-30": "-0.97000", "2010-03-31": "0.78000", "2009-12-31": "0.00000", "2009-09-30": "1.50000", "2009-06-30": "1.67000", "2009-03-31": "-0.59000", "2008-12-31": "-11.70000", "2008-09-30": "0.37000", "2008-06-30": "0.76000", "2008-03-31": "-0.43000", "2007-12-31": "1.92000", "2007-09-30": "0.02000", "2007-06-30": "0.12000", "2007-03-31": "0.04000", "2006-12-31": "0.05000", "2006-09-30": "0.27000", "2006-06-30": "0.17000", "2006-03-31": "0.36000", "2005-12-31": "1.39000", "2005-09-30": "0.47000", "2005-06-30": "5.52000", "2005-03-31": "0.01000"}}, "balance sheet": {"Cash On Hand": {"2020-11-30": "9659.47000", "2019-11-30": "8475.61800", "2018-11-30": "5966.76900", "2017-12-31": "5853.49400", "2017-11-30": "", "2016-12-31": "4664.89500", "2015-12-31": "4389.73200", "2014-12-31": "7721.44900", "2013-12-31": "7524.19700", "2012-12-31": "145.96000", "2011-12-31": "318.62500", "2010-12-31": "705.91200", "2009-12-31": "215.18200", "2008-12-31": "603.96700", "2007-12-31": "1440.16900", "2006-12-31": "1191.17200", "2005-12-31": "1710.51900"}, "Receivables": {"2020-11-30": "6608.76700", "2019-11-30": "5744.10600", "2018-11-30": "6287.40100", "2017-12-31": "5419.01500", "2017-11-30": "", "2016-12-31": "", "2015-12-31": "", "2014-12-31": "", "2013-12-31": "16699.54000", "2012-12-31": "1077.17200", "2011-12-31": "339.01000", "2010-12-31": "150.32800", "2009-12-31": "163.86300", "2008-12-31": "138.36300", "2007-12-31": "133.76500", "2006-12-31": "69.82200", "2005-12-31": "377.21600"}, "Inventory": {"2020-11-30": "", "2019-11-30": "", "2018-11-30": "", "2017-12-31": "", "2017-11-30": "", "2016-12-31": "", "2015-12-31": "", "2014-12-31": "", "2013-12-31": "", "2012-12-31": "", "2011-12-31": "354.57800", "2010-12-31": "58.28000", "2009-12-31": "", "2008-12-31": "", "2007-12-31": "", "2006-12-31": "", "2005-12-31": ""}, "Pre-Paid Expenses": {"2020-11-30": "", "2019-11-30": "", "2018-11-30": "", "2017-12-31": "", "2017-11-30": "", "2016-12-31": "", "2015-12-31": "", "2014-12-31": "", "2013-12-31": "", "2012-12-31": "", "2011-12-31": "64.88900", "2010-12-31": "71.07000", "2009-12-31": "92.74700", "2008-12-31": "124.30800", "2007-12-31": "146.19900", "2006-12-31": "105.21500", "2005-12-31": "140.88000"}, "Other Current Assets": {"2020-11-30": "", "2019-11-30": "", "2018-11-30": "", "2017-12-31": "", "2017-11-30": "", "2016-12-31": "", "2015-12-31": "", "2014-12-31": "", "2013-12-31": "", "2012-12-31": "", "2011-12-31": "", "2010-12-31": "", "2009-12-31": "", "2008-12-31": "", "2007-12-31": "", "2006-12-31": "", "2005-12-31": ""}, "Total Current Assets": {"2020-11-30": "16268.24000", "2019-11-30": "14219.72000", "2018-11-30": "12254.17000", "2017-12-31": "11272.51000", "2017-11-30": "", "2016-12-31": "4664.89500", "2015-12-31": "4389.73200", "2014-12-31": "7721.44900", "2013-12-31": "24223.74000", "2012-12-31": "1223.13200", "2011-12-31": "1253.47900", "2010-12-31": "985.59000", "2009-12-31": "551.47400", "2008-12-31": "866.63800", "2007-12-31": "1720.13300", "2006-12-31": "1366.20900", "2005-12-31": "2228.61500"}, "Property, Plant, And Equipment": {"2020-11-30": "897.20400", "2019-11-30": "385.02900", "2018-11-30": "", "2017-12-31": "", "2017-11-30": "", "2016-12-31": "709.24200", "2015-12-31": "721.87500", "2014-12-31": "726.37600", "2013-12-31": "885.85900", "2012-12-31": "857.36000", "2011-12-31": "884.10900", "2010-12-31": "587.37100", "2009-12-31": "657.89800", "2008-12-31": "534.64000", "2007-12-31": "512.80400", "2006-12-31": "234.21600", "2005-12-31": "237.02100"}, "Long-Term Investments": {"2020-11-30": "1686.56300", "2019-11-30": "1652.95700", "2018-11-30": "3827.21800", "2017-12-31": "2783.39000", "2017-11-30": "", "2016-12-31": "2941.46500", "2015-12-31": "20861.54000", "2014-12-31": "23215.30000", "2013-12-31": "4181.76900", "2012-12-31": "4164.46600", "2011-12-31": "4218.67000", "2010-12-31": "6106.82200", "2009-12-31": "4893.12300", "2008-12-31": "3034.58600", "2007-12-31": "4139.43400", "2006-12-31": "2238.85900", "2005-12-31": "1352.80000"}, "Goodwill And Intangible Assets": {"2020-11-30": "1913.46700", "2019-11-30": "1922.93400", "2018-11-30": "1890.13100", "2017-12-31": "2463.18000", "2017-11-30": "", "2016-12-31": "2513.67800", "2015-12-31": "2648.36200", "2014-12-31": "2720.76300", "2013-12-31": "2768.62800", "2012-12-31": "854.02600", "2011-12-31": "876.58900", "2010-12-31": "42.63600", "2009-12-31": "51.22400", "2008-12-31": "84.84800", "2007-12-31": "79.50600", "2006-12-31": "59.43700", "2005-12-31": "85.08300"}, "Other Long-Term Assets": {"2020-11-30": "32352.88000", "2019-11-30": "31279.59000", "2018-11-30": "28646.79000", "2017-12-31": "29906.22000", "2017-11-30": "", "2016-12-31": "28355.03000", "2015-12-31": "12303.35000", "2014-12-31": "12592.66000", "2013-12-31": "10180.16000", "2012-12-31": "1028.69500", "2011-12-31": "407.37000", "2010-12-31": "452.32100", "2009-12-31": "526.05700", "2008-12-31": "619.79000", "2007-12-31": "544.43200", "2006-12-31": "401.68900", "2005-12-31": "240.60100"}, "Total Long-Term Assets": {"2020-11-30": "36850.12000", "2019-11-30": "35240.51000", "2018-11-30": "34876.93000", "2017-12-31": "35896.60000", "2017-11-30": "", "2016-12-31": "40406.41000", "2015-12-31": "41941.45000", "2014-12-31": "44902.46000", "2013-12-31": "23643.04000", "2012-12-31": "8125.98600", "2011-12-31": "8009.71000", "2010-12-31": "8364.70900", "2009-12-31": "6210.89000", "2008-12-31": "4331.85500", "2007-12-31": "6406.49000", "2006-12-31": "3937.61500", "2005-12-31": "3032.26900"}, "Total Assets": {"2020-11-30": "53118.35000", "2019-11-30": "49460.23000", "2018-11-30": "47131.09000", "2017-12-31": "47169.11000", "2017-11-30": "0.00000", "2016-12-31": "45071.31000", "2015-12-31": "46331.18000", "2014-12-31": "52623.91000", "2013-12-31": "47866.78000", "2012-12-31": "9349.11800", "2011-12-31": "9263.18900", "2010-12-31": "9350.29800", "2009-12-31": "6762.36400", "2008-12-31": "5198.49300", "2007-12-31": "8126.62200", "2006-12-31": "5303.82400", "2005-12-31": "5260.88400"}, "Total Current Liabilities": {"2020-11-30": "9080.98400", "2019-11-30": "8053.16000", "2018-11-30": "9030.56100", "2017-12-31": "9096.72600", "2017-11-30": "", "2016-12-31": "7317.51800", "2015-12-31": "10277.53000", "2014-12-31": "10684.16000", "2013-12-31": "10791.84000", "2012-12-31": "981.13900", "2011-12-31": "877.13200", "2010-12-31": "747.84000", "2009-12-31": "624.98100", "2008-12-31": "562.91600", "2007-12-31": "459.95000", "2006-12-31": "326.65300", "2005-12-31": "474.39600"}, "Long Term Debt": {"2020-11-30": "10162.79000", "2019-11-30": "9862.20000", "2018-11-30": "9456.25100", "2017-12-31": "10729.69000", "2017-11-30": "", "2016-12-31": "10199.58000", "2015-12-31": "10414.88000", "2014-12-31": "11126.42000", "2013-12-31": "10686.99000", "2012-12-31": "1358.69500", "2011-12-31": "1874.38900", "2010-12-31": "1548.46900", "2009-12-31": "1657.77900", "2008-12-31": "1832.74300", "2007-12-31": "2004.14500", "2006-12-31": "974.64600", "2005-12-31": "986.71800"}, "Other Non-Current Liabilities": {"2020-11-30": "23701.57000", "2019-11-30": "21791.58000", "2018-11-30": "18420.25000", "2017-12-31": "16652.12000", "2017-11-30": "", "2016-12-31": "16788.76000", "2015-12-31": "14856.25000", "2014-12-31": "20131.63000", "2013-12-31": "15848.82000", "2012-12-31": "", "2011-12-31": "96.31600", "2010-12-31": "90.60800", "2009-12-31": "102.29800", "2008-12-31": "107.44300", "2007-12-31": "71.06100", "2006-12-31": "90.26800", "2005-12-31": "121.89300"}, "Total Long Term Liabilities": {"2020-11-30": "34598.84000", "2019-11-30": "31805.39000", "2018-11-30": "28021.28000", "2017-12-31": "27933.40000", "2017-11-30": "", "2016-12-31": "27450.14000", "2015-12-31": "25587.77000", "2014-12-31": "31569.73000", "2013-12-31": "26901.88000", "2012-12-31": "1600.34400", "2011-12-31": "2207.79600", "2010-12-31": "1639.07700", "2009-12-31": "1762.88600", "2008-12-31": "1940.18600", "2007-12-31": "2096.18000", "2006-12-31": "1083.89600", "2005-12-31": "1124.57400"}, "Total Liabilities": {"2020-11-30": "43679.83000", "2019-11-30": "39858.55000", "2018-11-30": "37051.84000", "2017-12-31": "37030.13000", "2017-11-30": "", "2016-12-31": "34767.66000", "2015-12-31": "35865.29000", "2014-12-31": "42253.89000", "2013-12-31": "37693.73000", "2012-12-31": "2581.48300", "2011-12-31": "3084.92800", "2010-12-31": "2386.91700", "2009-12-31": "2387.86700", "2008-12-31": "2503.10200", "2007-12-31": "2556.13000", "2006-12-31": "1410.54900", "2005-12-31": "1598.97000"}, "Common Stock Net": {"2020-11-30": "249.75100", "2019-11-30": "291.64400", "2018-11-30": "307.51500", "2017-12-31": "356.22700", "2017-11-30": "", "2016-12-31": "359.42500", "2015-12-31": "362.61700", "2014-12-31": "367.49900", "2013-12-31": "364.54100", "2012-12-31": "244.58300", "2011-12-31": "244.58300", "2010-12-31": "243.80800", "2009-12-31": "243.28800", "2008-12-31": "238.49900", "2007-12-31": "222.57400", "2006-12-31": "216.35100", "2005-12-31": "216.05800"}, "Retained Earnings (Accumulated Deficit)": {"2020-11-30": "6531.83600", "2019-11-30": "5933.38900", "2018-11-30": "5610.21800", "2017-12-31": "4700.96800", "2017-11-30": "", "2016-12-31": "4645.39100", "2015-12-31": "4612.98200", "2014-12-31": "4428.06900", "2013-12-31": "4318.84000", "2012-12-31": "4240.02800", "2011-12-31": "3446.70800", "2010-12-31": "3482.62300", "2009-12-31": "1604.26300", "2008-12-31": "1053.98300", "2007-12-31": "3589.40800", "2006-12-31": "3160.75800", "2005-12-31": "3025.44400"}, "Comprehensive Income": {"2020-11-30": "-288.91700", "2019-11-30": "-273.03900", "2018-11-30": "288.28600", "2017-12-31": "372.72400", "2017-11-30": "", "2016-12-31": "310.69700", "2015-12-31": "438.79300", "2014-12-31": "447.08200", "2013-12-31": "538.05000", "2012-12-31": "705.12900", "2011-12-31": "912.42100", "2010-12-31": "1687.36300", "2009-12-31": "985.03200", "2008-12-31": "-29.28000", "2007-12-31": "975.36500", "2006-12-31": "-4.72600", "2005-12-31": "-81.50200"}, "Other Share Holders Equity": {"2020-11-30": "", "2019-11-30": "", "2018-11-30": "", "2017-12-31": "", "2017-11-30": "", "2016-12-31": "", "2015-12-31": "", "2014-12-31": "", "2013-12-31": "", "2012-12-31": "", "2011-12-31": "", "2010-12-31": "", "2009-12-31": "", "2008-12-31": "", "2007-12-31": "", "2006-12-31": "", "2005-12-31": ""}, "Share Holder Equity": {"2020-11-30": "9438.52500", "2019-11-30": "9601.68400", "2018-11-30": "10079.26000", "2017-12-31": "10138.98000", "2017-11-30": "", "2016-12-31": "10303.65000", "2015-12-31": "10465.89000", "2014-12-31": "10370.02000", "2013-12-31": "10173.05000", "2012-12-31": "6767.63500", "2011-12-31": "6178.26100", "2010-12-31": "6963.38100", "2009-12-31": "4374.49700", "2008-12-31": "2695.39100", "2007-12-31": "5570.49200", "2006-12-31": "3893.27500", "2005-12-31": "3661.91400"}, "Total Liabilities And Share Holders Equity": {"2020-11-30": "53118.35000", "2019-11-30": "49460.23000", "2018-11-30": "47131.09000", "2017-12-31": "47169.11000", "2017-11-30": "", "2016-12-31": "45071.31000", "2015-12-31": "46331.18000", "2014-12-31": "52623.91000", "2013-12-31": "47866.78000", "2012-12-31": "9349.11800", "2011-12-31": "9263.18900", "2010-12-31": "9350.29800", "2009-12-31": "6762.36400", "2008-12-31": "5198.49300", "2007-12-31": "8126.62200", "2006-12-31": "5303.82400", "2005-12-31": "5260.88400"}}, "balance sheet, quarterly": {"Cash On Hand": {"2020-11-30": "9659.47000", "2020-08-31": "9412.94900", "2020-05-31": "7552.80600", "2020-02-29": "7452.79300", "2019-11-30": "8475.61800", "2019-08-31": "6669.68500", "2019-05-31": "5937.16600", "2019-02-28": "6280.33400", "2018-11-30": "5966.76900", "2018-09-30": "5809.24400", "2018-06-30": "5450.70300", "2018-05-31": "", "2018-03-31": "5947.31800", "2018-02-28": "", "2017-12-31": "5853.49400", "2017-11-30": "", "2017-09-30": "5920.67600", "2017-06-30": "5580.94800", "2017-03-31": "4966.74000", "2016-12-31": "4664.89500", "2016-09-30": "4305.84000", "2016-06-30": "3867.80700", "2016-03-31": "3283.87800", "2015-12-31": "4389.73200", "2015-09-30": "4463.31000", "2015-06-30": "5887.14600", "2015-03-31": "6710.84300", "2014-12-31": "7721.44900", "2014-09-30": "7549.06300", "2014-06-30": "7475.24200", "2014-03-31": "7392.04400", "2013-12-31": "7524.19700", "2013-09-30": "7868.01900", "2013-06-30": "6664.92700", "2013-03-31": "6869.16300", "2012-12-31": "145.96000", "2012-09-30": "1162.52200", "2012-06-30": "380.40700", "2012-03-31": "330.77100", "2011-12-31": "318.62500", "2011-09-30": "1117.24200", "2011-06-30": "1159.96000", "2011-03-31": "545.77400", "2010-12-31": "705.91200", "2010-09-30": "433.45000", "2010-06-30": "359.31200", "2010-03-31": "318.15700", "2009-12-31": "215.18200", "2009-09-30": "510.03200", "2009-06-30": "536.01500", "2009-03-31": "499.01500", "2008-12-31": "603.96700", "2008-09-30": "496.80800", "2008-06-30": "492.08300", "2008-03-31": "625.91100", "2007-12-31": "1440.16900", "2007-09-30": "1572.44900", "2007-06-30": "1183.86500", "2007-03-31": "1301.42800", "2006-12-31": "1191.17200", "2006-09-30": "1281.16300", "2006-06-30": "1663.61400", "2006-03-31": "2103.43400", "2005-12-31": "1710.51900", "2005-09-30": "1559.90300", "2005-06-30": "1479.38400", "2005-03-31": "1647.07800"}, "Receivables": {"2020-11-30": "6608.76700", "2020-08-31": "5029.13600", "2020-05-31": "6539.49500", "2020-02-29": "7234.02900", "2019-11-30": "5744.10600", "2019-08-31": "5826.35000", "2019-05-31": "6911.31400", "2019-02-28": "7228.76600", "2018-11-30": "6287.40100", "2018-09-30": "", "2018-06-30": "", "2018-05-31": "", "2018-03-31": "", "2018-02-28": "", "2017-12-31": "5419.01500", "2017-11-30": "", "2017-09-30": "", "2017-06-30": "", "2017-03-31": "", "2016-12-31": "", "2016-09-30": "", "2016-06-30": "", "2016-03-31": "", "2015-12-31": "", "2015-09-30": "20494.45000", "2015-06-30": "20545.45000", "2015-03-31": "4354.70700", "2014-12-31": "", "2014-09-30": "19241.66000", "2014-06-30": "17942.87000", "2014-03-31": "18443.85000", "2013-12-31": "16699.54000", "2013-09-30": "", "2013-06-30": "", "2013-03-31": "", "2012-12-31": "1077.17200", "2012-09-30": "315.03000", "2012-06-30": "407.28500", "2012-03-31": "332.17000", "2011-12-31": "339.01000", "2011-09-30": "171.45100", "2011-06-30": "193.42900", "2011-03-31": "116.13800", "2010-12-31": "150.32800", "2010-09-30": "101.72500", "2010-06-30": "276.84000", "2010-03-31": "227.02200", "2009-12-31": "163.86300", "2009-09-30": "201.45500", "2009-06-30": "85.03400", "2009-03-31": "157.95700", "2008-12-31": "138.36300", "2008-09-30": "182.23900", "2008-06-30": "112.34500", "2008-03-31": "125.29400", "2007-12-31": "133.76500", "2007-09-30": "109.82700", "2007-06-30": "122.55500", "2007-03-31": "114.72500", "2006-12-31": "69.82200", "2006-09-30": "100.00500", "2006-06-30": "272.33400", "2006-03-31": "287.06600", "2005-12-31": "377.21600", "2005-09-30": "472.17300", "2005-06-30": "386.16500", "2005-03-31": "346.09000"}, "Inventory": {"2020-11-30": "", "2020-08-31": "", "2020-05-31": "", "2020-02-29": "", "2019-11-30": "", "2019-08-31": "", "2019-05-31": "", "2019-02-28": "", "2018-11-30": "", "2018-09-30": "", "2018-06-30": "", "2018-05-31": "", "2018-03-31": "", "2018-02-28": "", "2017-12-31": "", "2017-11-30": "", "2017-09-30": "", "2017-06-30": "", "2017-03-31": "", "2016-12-31": "", "2016-09-30": "", "2016-06-30": "", "2016-03-31": "", "2015-12-31": "", "2015-09-30": "", "2015-06-30": "", "2015-03-31": "", "2014-12-31": "", "2014-09-30": "", "2014-06-30": "", "2014-03-31": "", "2013-12-31": "", "2013-09-30": "", "2013-06-30": "", "2013-03-31": "", "2012-12-31": "", "2012-09-30": "354.48700", "2012-06-30": "340.43700", "2012-03-31": "355.73600", "2011-12-31": "354.57800", "2011-09-30": "", "2011-06-30": "", "2011-03-31": "", "2010-12-31": "58.28000", "2010-09-30": "", "2010-06-30": "", "2010-03-31": "", "2009-12-31": "", "2009-09-30": "", "2009-06-30": "", "2009-03-31": "", "2008-12-31": "", "2008-09-30": "", "2008-06-30": "", "2008-03-31": "", "2007-12-31": "", "2007-09-30": "", "2007-06-30": "", "2007-03-31": "", "2006-12-31": "", "2006-09-30": "", "2006-06-30": "", "2006-03-31": "", "2005-12-31": "", "2005-09-30": "", "2005-06-30": "", "2005-03-31": ""}, "Pre-Paid Expenses": {"2020-11-30": "", "2020-08-31": "", "2020-05-31": "", "2020-02-29": "", "2019-11-30": "", "2019-08-31": "", "2019-05-31": "", "2019-02-28": "", "2018-11-30": "", "2018-09-30": "", "2018-06-30": "", "2018-05-31": "", "2018-03-31": "", "2018-02-28": "", "2017-12-31": "", "2017-11-30": "", "2017-09-30": "", "2017-06-30": "", "2017-03-31": "", "2016-12-31": "", "2016-09-30": "", "2016-06-30": "", "2016-03-31": "", "2015-12-31": "", "2015-09-30": "", "2015-06-30": "", "2015-03-31": "", "2014-12-31": "", "2014-09-30": "", "2014-06-30": "", "2014-03-31": "", "2013-12-31": "", "2013-09-30": "", "2013-06-30": "", "2013-03-31": "", "2012-12-31": "", "2012-09-30": "191.50700", "2012-06-30": "79.23600", "2012-03-31": "62.70700", "2011-12-31": "64.88900", "2011-09-30": "130.72000", "2011-06-30": "134.46300", "2011-03-31": "105.76000", "2010-12-31": "71.07000", "2010-09-30": "93.29200", "2010-06-30": "128.36400", "2010-03-31": "116.84500", "2009-12-31": "92.74700", "2009-09-30": "105.75900", "2009-06-30": "124.33700", "2009-03-31": "120.91300", "2008-12-31": "124.30800", "2008-09-30": "222.23800", "2008-06-30": "191.87700", "2008-03-31": "183.86000", "2007-12-31": "146.19900", "2007-09-30": "192.37500", "2007-06-30": "187.01500", "2007-03-31": "140.84400", "2006-12-31": "105.21500", "2006-09-30": "173.16500", "2006-06-30": "154.42000", "2006-03-31": "148.42700", "2005-12-31": "140.88000", "2005-09-30": "165.28800", "2005-06-30": "172.89100", "2005-03-31": "53.77700"}, "Other Current Assets": {"2020-11-30": "", "2020-08-31": "", "2020-05-31": "", "2020-02-29": "", "2019-11-30": "", "2019-08-31": "", "2019-05-31": "", "2019-02-28": "", "2018-11-30": "", "2018-09-30": "", "2018-06-30": "", "2018-05-31": "", "2018-03-31": "", "2018-02-28": "", "2017-12-31": "", "2017-11-30": "", "2017-09-30": "", "2017-06-30": "", "2017-03-31": "", "2016-12-31": "", "2016-09-30": "", "2016-06-30": "", "2016-03-31": "", "2015-12-31": "", "2015-09-30": "", "2015-06-30": "", "2015-03-31": "", "2014-12-31": "", "2014-09-30": "", "2014-06-30": "", "2014-03-31": "", "2013-12-31": "", "2013-09-30": "", "2013-06-30": "", "2013-03-31": "", "2012-12-31": "", "2012-09-30": "", "2012-06-30": "", "2012-03-31": "", "2011-12-31": "", "2011-09-30": "", "2011-06-30": "", "2011-03-31": "", "2010-12-31": "", "2010-09-30": "", "2010-06-30": "", "2010-03-31": "", "2009-12-31": "", "2009-09-30": "", "2009-06-30": "", "2009-03-31": "", "2008-12-31": "", "2008-09-30": "", "2008-06-30": "", "2008-03-31": "", "2007-12-31": "", "2007-09-30": "", "2007-06-30": "", "2007-03-31": "", "2006-12-31": "", "2006-09-30": "", "2006-06-30": "", "2006-03-31": "", "2005-12-31": "", "2005-09-30": "", "2005-06-30": "", "2005-03-31": ""}, "Total Current Assets": {"2020-11-30": "16268.24000", "2020-08-31": "14442.08000", "2020-05-31": "14092.30000", "2020-02-29": "14686.82000", "2019-11-30": "14219.72000", "2019-08-31": "12496.04000", "2019-05-31": "12848.48000", "2019-02-28": "13509.10000", "2018-11-30": "12254.17000", "2018-09-30": "5809.24400", "2018-06-30": "5450.70300", "2018-05-31": "", "2018-03-31": "5947.31800", "2018-02-28": "", "2017-12-31": "11272.51000", "2017-11-30": "", "2017-09-30": "5920.67600", "2017-06-30": "5580.94800", "2017-03-31": "4966.74000", "2016-12-31": "4664.89500", "2016-09-30": "4305.84000", "2016-06-30": "3867.80700", "2016-03-31": "3283.87800", "2015-12-31": "4389.73200", "2015-09-30": "24957.76000", "2015-06-30": "26432.60000", "2015-03-31": "11065.55000", "2014-12-31": "7721.44900", "2014-09-30": "26790.72000", "2014-06-30": "25418.11000", "2014-03-31": "25835.89000", "2013-12-31": "24223.74000", "2013-09-30": "7868.01900", "2013-06-30": "6664.92700", "2013-03-31": "6869.16300", "2012-12-31": "1223.13200", "2012-09-30": "2139.48100", "2012-06-30": "1285.64100", "2012-03-31": "1125.43000", "2011-12-31": "1253.47900", "2011-09-30": "1419.41300", "2011-06-30": "1487.85200", "2011-03-31": "767.67200", "2010-12-31": "985.59000", "2010-09-30": "683.77700", "2010-06-30": "764.51600", "2010-03-31": "662.02400", "2009-12-31": "551.47400", "2009-09-30": "817.24600", "2009-06-30": "745.38600", "2009-03-31": "777.88500", "2008-12-31": "866.63800", "2008-09-30": "901.28500", "2008-06-30": "796.30500", "2008-03-31": "935.06500", "2007-12-31": "1720.13300", "2007-09-30": "1874.65100", "2007-06-30": "1493.43500", "2007-03-31": "1556.99700", "2006-12-31": "1366.20900", "2006-09-30": "1554.33300", "2006-06-30": "2090.36800", "2006-03-31": "2538.92700", "2005-12-31": "2228.61500", "2005-09-30": "2197.36400", "2005-06-30": "2038.44000", "2005-03-31": "2046.94500"}, "Property, Plant, And Equipment": {"2020-11-30": "897.20400", "2020-08-31": "915.89600", "2020-05-31": "917.68600", "2020-02-29": "928.64300", "2019-11-30": "385.02900", "2019-08-31": "", "2019-05-31": "", "2019-02-28": "", "2018-11-30": "", "2018-09-30": "346.89600", "2018-06-30": "353.55300", "2018-05-31": "", "2018-03-31": "754.66800", "2018-02-28": "", "2017-12-31": "", "2017-11-30": "", "2017-09-30": "727.68500", "2017-06-30": "728.40900", "2017-03-31": "718.43900", "2016-12-31": "709.24200", "2016-09-30": "715.19800", "2016-06-30": "702.72700", "2016-03-31": "721.06000", "2015-12-31": "721.87500", "2015-09-30": "716.90600", "2015-06-30": "723.31000", "2015-03-31": "722.14900", "2014-12-31": "726.37600", "2014-09-30": "709.32600", "2014-06-30": "936.92300", "2014-03-31": "922.63700", "2013-12-31": "885.85900", "2013-09-30": "936.17400", "2013-06-30": "930.48600", "2013-03-31": "933.07300", "2012-12-31": "857.36000", "2012-09-30": "856.21300", "2012-06-30": "1013.28300", "2012-03-31": "1043.31300", "2011-12-31": "884.10900", "2011-09-30": "595.11200", "2011-06-30": "604.26100", "2011-03-31": "570.62300", "2010-12-31": "587.37100", "2010-09-30": "601.51800", "2010-06-30": "687.21600", "2010-03-31": "701.10400", "2009-12-31": "657.89800", "2009-09-30": "512.55700", "2009-06-30": "518.84700", "2009-03-31": "524.87000", "2008-12-31": "534.64000", "2008-09-30": "527.23300", "2008-06-30": "514.03700", "2008-03-31": "502.66800", "2007-12-31": "512.80400", "2007-09-30": "514.51200", "2007-06-30": "263.19100", "2007-03-31": "234.52300", "2006-12-31": "234.21600", "2006-09-30": "236.09500", "2006-06-30": "405.92800", "2006-03-31": "254.52000", "2005-12-31": "237.02100", "2005-09-30": "1238.67400", "2005-06-30": "1363.58700", "2005-03-31": "1321.64500"}, "Long-Term Investments": {"2020-11-30": "1686.56300", "2020-08-31": "1539.35600", "2020-05-31": "1559.79300", "2020-02-29": "1562.62800", "2019-11-30": "1652.95700", "2019-08-31": "2346.29700", "2019-05-31": "2415.89400", "2019-02-28": "2405.07500", "2018-11-30": "3827.21800", "2018-09-30": "4319.32100", "2018-06-30": "3765.41900", "2018-05-31": "", "2018-03-31": "2923.81500", "2018-02-28": "", "2017-12-31": "2783.39000", "2017-11-30": "", "2017-09-30": "18917.82000", "2017-06-30": "18327.83000", "2017-03-31": "17689.95000", "2016-12-31": "2941.46500", "2016-09-30": "3012.72500", "2016-06-30": "2625.35300", "2016-03-31": "2789.13100", "2015-12-31": "20861.54000", "2015-09-30": "2601.02700", "2015-06-30": "3165.67700", "2015-03-31": "3330.72200", "2014-12-31": "23215.30000", "2014-09-30": "3659.41100", "2014-06-30": "3491.53400", "2014-03-31": "3666.43200", "2013-12-31": "4181.76900", "2013-09-30": "3141.39800", "2013-06-30": "3656.08000", "2013-03-31": "20508.65000", "2012-12-31": "4164.46600", "2012-09-30": "3006.63200", "2012-06-30": "3506.36600", "2012-03-31": "4136.12800", "2011-12-31": "4218.67000", "2011-09-30": "4026.18000", "2011-06-30": "5342.22400", "2011-03-31": "6188.35700", "2010-12-31": "6106.82200", "2010-09-30": "5403.38400", "2010-06-30": "4385.54400", "2010-03-31": "5028.41100", "2009-12-31": "4893.12300", "2009-09-30": "4677.44900", "2009-06-30": "4087.59900", "2009-03-31": "3062.35600", "2008-12-31": "3034.58600", "2008-09-30": "4698.63100", "2008-06-30": "6707.13600", "2008-03-31": "4607.22200", "2007-12-31": "4139.43400", "2007-09-30": "3597.47800", "2007-06-30": "3203.11200", "2007-03-31": "2694.32100", "2006-12-31": "2238.85900", "2006-09-30": "1982.19700", "2006-06-30": "1618.33300", "2006-03-31": "1257.13100", "2005-12-31": "1352.80000", "2005-09-30": "1226.08900", "2005-06-30": "1239.41400", "2005-03-31": "1153.43700"}, "Goodwill And Intangible Assets": {"2020-11-30": "1913.46700", "2020-08-31": "1914.54200", "2020-05-31": "1910.20400", "2020-02-29": "1918.06800", "2019-11-30": "1922.93400", "2019-08-31": "1921.79300", "2019-05-31": "1882.93000", "2019-02-28": "1890.94800", "2018-11-30": "1890.13100", "2018-09-30": "1894.89800", "2018-06-30": "1901.35200", "2018-05-31": "", "2018-03-31": "2450.95700", "2018-02-28": "", "2017-12-31": "2463.18000", "2017-11-30": "", "2017-09-30": "2473.29200", "2017-06-30": "2488.54300", "2017-03-31": "2499.10300", "2016-12-31": "2513.67800", "2016-09-30": "2594.32900", "2016-06-30": "2621.63300", "2016-03-31": "2622.35100", "2015-12-31": "2648.36200", "2015-09-30": "2667.87000", "2015-06-30": "2684.57100", "2015-03-31": "2702.29800", "2014-12-31": "2720.76300", "2014-09-30": "2754.30500", "2014-06-30": "2750.11000", "2014-03-31": "2766.54700", "2013-12-31": "2768.62800", "2013-09-30": "2787.07800", "2013-06-30": "2782.40800", "2013-03-31": "2826.44400", "2012-12-31": "854.02600", "2012-09-30": "862.37600", "2012-06-30": "852.43500", "2012-03-31": "865.86400", "2011-12-31": "876.58900", "2011-09-30": "60.03700", "2011-06-30": "62.66500", "2011-03-31": "41.09800", "2010-12-31": "42.63600", "2010-09-30": "44.27200", "2010-06-30": "69.63200", "2010-03-31": "72.37900", "2009-12-31": "51.22400", "2009-09-30": "78.56100", "2009-06-30": "81.04200", "2009-03-31": "83.34500", "2008-12-31": "84.84800", "2008-09-30": "74.37000", "2008-06-30": "76.25100", "2008-03-31": "77.55700", "2007-12-31": "79.50600", "2007-09-30": "78.43400", "2007-06-30": "66.58400", "2007-03-31": "63.45300", "2006-12-31": "59.43700", "2006-09-30": "61.29300", "2006-06-30": "94.64900", "2006-03-31": "82.50800", "2005-12-31": "85.08300", "2005-09-30": "83.69800", "2005-06-30": "92.02500", "2005-03-31": ""}, "Other Long-Term Assets": {"2020-11-30": "32352.88000", "2020-08-31": "32962.11000", "2020-05-31": "31803.23000", "2020-02-29": "32681.96000", "2019-11-30": "31279.59000", "2019-08-31": "31989.31000", "2019-05-31": "30905.13000", "2019-02-28": "30654.40000", "2018-11-30": "28646.79000", "2018-09-30": "30245.20000", "2018-06-30": "31517.32000", "2018-05-31": "", "2018-03-31": "29436.97000", "2018-02-28": "", "2017-12-31": "29906.22000", "2017-11-30": "", "2017-09-30": "12856.98000", "2017-06-30": "14053.35000", "2017-03-31": "13191.32000", "2016-12-31": "28355.03000", "2016-09-30": "29795.62000", "2016-06-30": "29242.33000", "2016-03-31": "27893.23000", "2015-12-31": "12303.35000", "2015-09-30": "13660.87000", "2015-06-30": "13330.00000", "2015-03-31": "32995.01000", "2014-12-31": "12592.66000", "2014-09-30": "13027.06000", "2014-06-30": "12661.62000", "2014-03-31": "12286.55000", "2013-12-31": "10180.16000", "2013-09-30": "25176.17000", "2013-06-30": "25802.90000", "2013-03-31": "10503.38000", "2012-12-31": "1028.69500", "2012-09-30": "248.08300", "2012-06-30": "395.34100", "2012-03-31": "404.14400", "2011-12-31": "407.37000", "2011-09-30": "428.25400", "2011-06-30": "434.11000", "2011-03-31": "463.01200", "2010-12-31": "452.32100", "2010-09-30": "534.56000", "2010-06-30": "515.79700", "2010-03-31": "516.82200", "2009-12-31": "526.05700", "2009-09-30": "528.70400", "2009-06-30": "534.37300", "2009-03-31": "610.89700", "2008-12-31": "619.79000", "2008-09-30": "616.09400", "2008-06-30": "607.76800", "2008-03-31": "570.73800", "2007-12-31": "544.43200", "2007-09-30": "497.88600", "2007-06-30": "441.99200", "2007-03-31": "431.79800", "2006-12-31": "401.68900", "2006-09-30": "387.83800", "2006-06-30": "291.04400", "2006-03-31": "186.94300", "2005-12-31": "240.60100", "2005-09-30": "207.75900", "2005-06-30": "192.60100", "2005-03-31": "221.34800"}, "Total Long-Term Assets": {"2020-11-30": "36850.12000", "2020-08-31": "37331.90000", "2020-05-31": "36190.91000", "2020-02-29": "37091.30000", "2019-11-30": "35240.51000", "2019-08-31": "36767.18000", "2019-05-31": "35675.46000", "2019-02-28": "35450.25000", "2018-11-30": "34876.93000", "2018-09-30": "43139.42000", "2018-06-30": "43951.09000", "2018-05-31": "", "2018-03-31": "43054.18000", "2018-02-28": "", "2017-12-31": "35896.60000", "2017-11-30": "", "2017-09-30": "41746.27000", "2017-06-30": "42795.15000", "2017-03-31": "41013.26000", "2016-12-31": "40406.41000", "2016-09-30": "41800.18000", "2016-06-30": "41174.12000", "2016-03-31": "39850.49000", "2015-12-31": "41941.45000", "2015-09-30": "25555.98000", "2015-06-30": "26123.36000", "2015-03-31": "41257.14000", "2014-12-31": "44902.46000", "2014-09-30": "25937.08000", "2014-06-30": "25989.63000", "2014-03-31": "25294.12000", "2013-12-31": "23643.04000", "2013-09-30": "37673.05000", "2013-06-30": "39514.35000", "2013-03-31": "40480.13000", "2012-12-31": "8125.98600", "2012-09-30": "6600.70300", "2012-06-30": "7317.63700", "2012-03-31": "7861.20700", "2011-12-31": "8009.71000", "2011-09-30": "6795.64100", "2011-06-30": "7704.32900", "2011-03-31": "8456.71300", "2010-12-31": "8364.70900", "2010-09-30": "6623.55900", "2010-06-30": "5666.18500", "2010-03-31": "6326.03800", "2009-12-31": "6210.89000", "2009-09-30": "5804.18000", "2009-06-30": "5308.22300", "2009-03-31": "4334.91700", "2008-12-31": "4331.85500", "2008-09-30": "7507.88400", "2008-06-30": "8872.31000", "2008-03-31": "6994.88100", "2007-12-31": "6406.49000", "2007-09-30": "5442.90800", "2007-06-30": "4881.91800", "2007-03-31": "4467.37100", "2006-12-31": "3937.61500", "2006-09-30": "3670.10000", "2006-06-30": "3453.45300", "2006-03-31": "2839.91400", "2005-12-31": "3032.26900", "2005-09-30": "3864.45400", "2005-06-30": "3980.04400", "2005-03-31": "2710.31600"}, "Total Assets": {"2020-11-30": "53118.35000", "2020-08-31": "51773.99000", "2020-05-31": "50283.21000", "2020-02-29": "51778.12000", "2019-11-30": "49460.23000", "2019-08-31": "49263.21000", "2019-05-31": "48523.94000", "2019-02-28": "48959.34000", "2018-11-30": "47131.09000", "2018-09-30": "48948.67000", "2018-06-30": "49401.80000", "2018-05-31": "0.00000", "2018-03-31": "49001.49000", "2018-02-28": "0.00000", "2017-12-31": "47169.11000", "2017-11-30": "0.00000", "2017-09-30": "47666.95000", "2017-06-30": "48376.10000", "2017-03-31": "45980.00000", "2016-12-31": "45071.31000", "2016-09-30": "46106.02000", "2016-06-30": "45041.93000", "2016-03-31": "43134.36000", "2015-12-31": "46331.18000", "2015-09-30": "50513.74000", "2015-06-30": "52555.96000", "2015-03-31": "52322.69000", "2014-12-31": "52623.91000", "2014-09-30": "52727.80000", "2014-06-30": "51407.73000", "2014-03-31": "51130.02000", "2013-12-31": "47866.78000", "2013-09-30": "45541.07000", "2013-06-30": "46179.28000", "2013-03-31": "47349.29000", "2012-12-31": "9349.11800", "2012-09-30": "8740.18400", "2012-06-30": "8603.27800", "2012-03-31": "8986.63700", "2011-12-31": "9263.18900", "2011-09-30": "8215.05400", "2011-06-30": "9192.18100", "2011-03-31": "9224.38500", "2010-12-31": "9350.29800", "2010-09-30": "7307.33500", "2010-06-30": "6430.70100", "2010-03-31": "6988.06200", "2009-12-31": "6762.36400", "2009-09-30": "6621.42500", "2009-06-30": "6053.60900", "2009-03-31": "5112.80200", "2008-12-31": "5198.49300", "2008-09-30": "8409.16900", "2008-06-30": "9668.61500", "2008-03-31": "7929.94600", "2007-12-31": "8126.62200", "2007-09-30": "7317.55900", "2007-06-30": "6375.35300", "2007-03-31": "6024.36800", "2006-12-31": "5303.82400", "2006-09-30": "5224.43300", "2006-06-30": "5543.82100", "2006-03-31": "5378.84100", "2005-12-31": "5260.88400", "2005-09-30": "6061.81800", "2005-06-30": "6018.48400", "2005-03-31": "4757.26100"}, "Total Current Liabilities": {"2020-11-30": "9080.98400", "2020-08-31": "8064.35300", "2020-05-31": "9287.99800", "2020-02-29": "9029.17800", "2019-11-30": "8053.16000", "2019-08-31": "8755.89500", "2019-05-31": "9371.89200", "2019-02-28": "9837.76700", "2018-11-30": "9030.56100", "2018-09-30": "10246.49000", "2018-06-30": "9279.72400", "2018-05-31": "", "2018-03-31": "8718.38500", "2018-02-28": "", "2017-12-31": "9096.72600", "2017-11-30": "", "2017-09-30": "8890.54100", "2017-06-30": "9060.56700", "2017-03-31": "7738.38300", "2016-12-31": "7317.51800", "2016-09-30": "8562.66900", "2016-06-30": "8839.72700", "2016-03-31": "8564.24100", "2015-12-31": "10277.53000", "2015-09-30": "10852.88000", "2015-06-30": "11490.44000", "2015-03-31": "11735.37000", "2014-12-31": "10684.16000", "2014-09-30": "20374.08000", "2014-06-30": "20441.31000", "2014-03-31": "19513.65000", "2013-12-31": "10791.84000", "2013-09-30": "18256.06000", "2013-06-30": "18533.61000", "2013-03-31": "17157.73000", "2012-12-31": "981.13900", "2012-09-30": "1302.72300", "2012-06-30": "794.38100", "2012-03-31": "802.16700", "2011-12-31": "877.13200", "2011-09-30": "659.29900", "2011-06-30": "826.37200", "2011-03-31": "720.35000", "2010-12-31": "747.84000", "2010-09-30": "820.49800", "2010-06-30": "729.73200", "2010-03-31": "638.67100", "2009-12-31": "624.98100", "2009-09-30": "572.60700", "2009-06-30": "567.76000", "2009-03-31": "541.40300", "2008-12-31": "562.91600", "2008-09-30": "449.44300", "2008-06-30": "531.38100", "2008-03-31": "459.16000", "2007-12-31": "459.95000", "2007-09-30": "479.41500", "2007-06-30": "545.40400", "2007-03-31": "411.44900", "2006-12-31": "326.65300", "2006-09-30": "304.01700", "2006-06-30": "598.40200", "2006-03-31": "500.15300", "2005-12-31": "474.39600", "2005-09-30": "749.11900", "2005-06-30": "671.37800", "2005-03-31": "644.42900"}, "Long Term Debt": {"2020-11-30": "10162.79000", "2020-08-31": "10349.57000", "2020-05-31": "9961.90400", "2020-02-29": "10343.42000", "2019-11-30": "9862.20000", "2019-08-31": "10151.65000", "2019-05-31": "10188.79000", "2019-02-28": "9920.60800", "2018-11-30": "9456.25100", "2018-09-30": "10308.93000", "2018-06-30": "10270.67000", "2018-05-31": "", "2018-03-31": "10872.20000", "2018-02-28": "", "2017-12-31": "10729.69000", "2017-11-30": "", "2017-09-30": "10855.90000", "2017-06-30": "11531.74000", "2017-03-31": "10721.26000", "2016-12-31": "10199.58000", "2016-09-30": "10162.64000", "2016-06-30": "10119.08000", "2016-03-31": "10291.07000", "2015-12-31": "10414.88000", "2015-09-30": "11501.94000", "2015-06-30": "12149.10000", "2015-03-31": "11732.29000", "2014-12-31": "11126.42000", "2014-09-30": "11087.71000", "2014-06-30": "11699.21000", "2014-03-31": "11413.30000", "2013-12-31": "10686.99000", "2013-09-30": "9928.96000", "2013-06-30": "10238.67000", "2013-03-31": "9656.63500", "2012-12-31": "1358.69500", "2012-09-30": "911.83200", "2012-06-30": "1370.84500", "2012-03-31": "1425.18700", "2011-12-31": "1874.38900", "2011-09-30": "1471.29400", "2011-06-30": "1471.23900", "2011-03-31": "1506.23700", "2010-12-31": "1548.46900", "2010-09-30": "1608.37600", "2010-06-30": "1625.08600", "2010-03-31": "1657.42800", "2009-12-31": "1657.77900", "2009-09-30": "1665.42900", "2009-06-30": "1674.94500", "2009-03-31": "1800.22000", "2008-12-31": "1832.74300", "2008-09-30": "2045.37900", "2008-06-30": "2047.35900", "2008-03-31": "2029.12800", "2007-12-31": "2004.14500", "2007-09-30": "1988.72700", "2007-06-30": "1479.53700", "2007-03-31": "1475.84300", "2006-12-31": "974.64600", "2006-09-30": "972.63700", "2006-06-30": "1026.57900", "2006-03-31": "986.00400", "2005-12-31": "986.71800", "2005-09-30": "1380.21900", "2005-06-30": "1465.53400", "2005-03-31": "1485.98000"}, "Other Non-Current Liabilities": {"2020-11-30": "23701.57000", "2020-08-31": "23167.97000", "2020-05-31": "20927.38000", "2020-02-29": "22262.33000", "2019-11-30": "21791.58000", "2019-08-31": "20155.82000", "2019-05-31": "18941.96000", "2019-02-28": "19099.65000", "2018-11-30": "18420.25000", "2018-09-30": "17600.12000", "2018-06-30": "19144.71000", "2018-05-31": "", "2018-03-31": "18582.97000", "2018-02-28": "", "2017-12-31": "16652.12000", "2017-11-30": "", "2017-09-30": "16765.36000", "2017-06-30": "16670.69000", "2017-03-31": "16461.03000", "2016-12-31": "16788.76000", "2016-09-30": "16672.15000", "2016-06-30": "15459.78000", "2016-03-31": "13696.10000", "2015-12-31": "14856.25000", "2015-09-30": "17428.80000", "2015-06-30": "17893.27000", "2015-03-31": "17841.12000", "2014-12-31": "20131.63000", "2014-09-30": "10460.91000", "2014-06-30": "8538.69400", "2014-03-31": "9650.04800", "2013-12-31": "15848.82000", "2013-09-30": "6899.82100", "2013-06-30": "7035.28900", "2013-03-31": "9792.21400", "2012-12-31": "", "2012-09-30": "95.67600", "2012-06-30": "96.36700", "2012-03-31": "96.37800", "2011-12-31": "96.31600", "2011-09-30": "56.05800", "2011-06-30": "89.09100", "2011-03-31": "89.68700", "2010-12-31": "90.60800", "2010-09-30": "85.61200", "2010-06-30": "91.00900", "2010-03-31": "112.43900", "2009-12-31": "102.29800", "2009-09-30": "116.57600", "2009-06-30": "106.77200", "2009-03-31": "106.53400", "2008-12-31": "107.44300", "2008-09-30": "64.87900", "2008-06-30": "64.74100", "2008-03-31": "72.79400", "2007-12-31": "71.06100", "2007-09-30": "89.17700", "2007-06-30": "92.84100", "2007-03-31": "93.78000", "2006-12-31": "90.26800", "2006-09-30": "109.65500", "2006-06-30": "110.42400", "2006-03-31": "116.58800", "2005-12-31": "121.89300", "2005-09-30": "187.27200", "2005-06-30": "206.18500", "2005-03-31": "205.60300"}, "Total Long Term Liabilities": {"2020-11-30": "34598.84000", "2020-08-31": "34265.18000", "2020-05-31": "31634.10000", "2020-02-29": "33363.04000", "2019-11-30": "31805.39000", "2019-08-31": "30459.53000", "2019-05-31": "29274.69000", "2019-02-28": "29165.45000", "2018-11-30": "28021.28000", "2018-09-30": "28055.43000", "2018-06-30": "29554.63000", "2018-05-31": "", "2018-03-31": "29994.98000", "2018-02-28": "", "2017-12-31": "27933.40000", "2017-11-30": "", "2017-09-30": "28134.83000", "2017-06-30": "28635.37000", "2017-03-31": "27649.87000", "2016-12-31": "27450.14000", "2016-09-30": "27305.87000", "2016-06-30": "25937.64000", "2016-03-31": "24320.95000", "2015-12-31": "25587.77000", "2015-09-30": "29234.81000", "2015-06-30": "30341.03000", "2015-03-31": "29866.96000", "2014-12-31": "31569.73000", "2014-09-30": "21904.70000", "2014-06-30": "20602.70000", "2014-03-31": "21425.10000", "2013-12-31": "26901.88000", "2013-09-30": "17157.40000", "2013-06-30": "17612.60000", "2013-03-31": "19793.61000", "2012-12-31": "1600.34400", "2012-09-30": "1244.35300", "2012-06-30": "1713.75800", "2012-03-31": "1754.27400", "2011-12-31": "2207.79600", "2011-09-30": "1527.35200", "2011-06-30": "1560.33000", "2011-03-31": "1595.92400", "2010-12-31": "1639.07700", "2010-09-30": "1697.33800", "2010-06-30": "1716.09500", "2010-03-31": "1769.86700", "2009-12-31": "1762.88600", "2009-09-30": "1782.00500", "2009-06-30": "1781.71700", "2009-03-31": "1906.75400", "2008-12-31": "1940.18600", "2008-09-30": "2131.67400", "2008-06-30": "2132.01900", "2008-03-31": "2123.28600", "2007-12-31": "2096.18000", "2007-09-30": "2098.74100", "2007-06-30": "1594.21500", "2007-03-31": "1593.48800", "2006-12-31": "1083.89600", "2006-09-30": "1095.80500", "2006-06-30": "1153.65600", "2006-03-31": "1117.76300", "2005-12-31": "1124.57400", "2005-09-30": "1769.99000", "2005-06-30": "1853.99000", "2005-03-31": "1872.01700"}, "Total Liabilities": {"2020-11-30": "43679.83000", "2020-08-31": "42329.54000", "2020-05-31": "40922.10000", "2020-02-29": "42392.22000", "2019-11-30": "39858.55000", "2019-08-31": "39215.43000", "2019-05-31": "38646.58000", "2019-02-28": "39003.21000", "2018-11-30": "37051.84000", "2018-09-30": "38301.92000", "2018-06-30": "38834.36000", "2018-05-31": "", "2018-03-31": "38713.36000", "2018-02-28": "", "2017-12-31": "37030.13000", "2017-11-30": "", "2017-09-30": "37025.37000", "2017-06-30": "37695.93000", "2017-03-31": "35388.25000", "2016-12-31": "34767.66000", "2016-09-30": "35868.54000", "2016-06-30": "34777.37000", "2016-03-31": "32885.18000", "2015-12-31": "35865.29000", "2015-09-30": "40087.69000", "2015-06-30": "41831.47000", "2015-03-31": "41602.32000", "2014-12-31": "42253.89000", "2014-09-30": "42278.78000", "2014-06-30": "41044.01000", "2014-03-31": "40938.76000", "2013-12-31": "37693.73000", "2013-09-30": "35413.46000", "2013-06-30": "36146.21000", "2013-03-31": "36951.34000", "2012-12-31": "2581.48300", "2012-09-30": "2547.07600", "2012-06-30": "2508.13900", "2012-03-31": "2556.44100", "2011-12-31": "3084.92800", "2011-09-30": "2186.65100", "2011-06-30": "2386.70200", "2011-03-31": "2316.27400", "2010-12-31": "2386.91700", "2010-09-30": "2517.83600", "2010-06-30": "2445.82700", "2010-03-31": "2408.53800", "2009-12-31": "2387.86700", "2009-09-30": "2354.61200", "2009-06-30": "2349.47700", "2009-03-31": "2448.15700", "2008-12-31": "2503.10200", "2008-09-30": "2581.11700", "2008-06-30": "2663.40000", "2008-03-31": "2582.44600", "2007-12-31": "2556.13000", "2007-09-30": "2578.15600", "2007-06-30": "2139.61900", "2007-03-31": "2004.93700", "2006-12-31": "1410.54900", "2006-09-30": "1399.82200", "2006-06-30": "1752.05800", "2006-03-31": "1617.91600", "2005-12-31": "1598.97000", "2005-09-30": "2519.10900", "2005-06-30": "2525.36800", "2005-03-31": "2516.44600"}, "Common Stock Net": {"2020-11-30": "249.75100", "2020-08-31": "259.24600", "2020-05-31": "267.11100", "2020-02-29": "277.10900", "2019-11-30": "291.64400", "2019-08-31": "299.86800", "2019-05-31": "290.68700", "2019-02-28": "298.31300", "2018-11-30": "307.51500", "2018-09-30": "331.41600", "2018-06-30": "333.31100", "2018-05-31": "", "2018-03-31": "357.21600", "2018-02-28": "", "2017-12-31": "356.22700", "2017-11-30": "", "2017-09-30": "356.19000", "2017-06-30": "358.64500", "2017-03-31": "359.81600", "2016-12-31": "359.42500", "2016-09-30": "359.67100", "2016-06-30": "360.40500", "2016-03-31": "362.32900", "2015-12-31": "362.61700", "2015-09-30": "362.28600", "2015-06-30": "366.61600", "2015-03-31": "366.72100", "2014-12-31": "367.49900", "2014-09-30": "368.46400", "2014-06-30": "368.53600", "2014-03-31": "363.96500", "2013-12-31": "364.54100", "2013-09-30": "364.56700", "2013-06-30": "364.37800", "2013-03-31": "363.94100", "2012-12-31": "244.58300", "2012-09-30": "244.58300", "2012-06-30": "244.58300", "2012-03-31": "244.58300", "2011-12-31": "244.58300", "2011-09-30": "244.58300", "2011-06-30": "244.57300", "2011-03-31": "244.37900", "2010-12-31": "243.80800", "2010-09-30": "243.31700", "2010-06-30": "243.31700", "2010-03-31": "243.30000", "2009-12-31": "243.28800", "2009-09-30": "243.13000", "2009-06-30": "243.69600", "2009-03-31": "238.49900", "2008-12-31": "238.49900", "2008-09-30": "232.88700", "2008-06-30": "232.83000", "2008-03-31": "222.61100", "2007-12-31": "222.57400", "2007-09-30": "222.38700", "2007-06-30": "216.62000", "2007-03-31": "216.58000", "2006-12-31": "216.35100", "2006-09-30": "216.32600", "2006-06-30": "216.22500", "2006-03-31": "108.09000", "2005-12-31": "216.05800", "2005-09-30": "108.03000", "2005-06-30": "107.68600", "2005-03-31": "107.61400"}, "Retained Earnings (Accumulated Deficit)": {"2020-11-30": "6531.83600", "2020-08-31": "6264.68900", "2020-05-31": "6002.07800", "2020-02-29": "6000.61300", "2019-11-30": "5933.38900", "2019-08-31": "6255.31400", "2019-05-31": "6246.85200", "2019-02-28": "5614.93500", "2018-11-30": "5610.21800", "2018-09-30": "5672.36300", "2018-06-30": "5523.27700", "2018-05-31": "", "2018-03-31": "4833.32900", "2018-02-28": "", "2017-12-31": "4700.96800", "2017-11-30": "", "2017-09-30": "5000.42300", "2017-06-30": "4938.25400", "2017-03-31": "4903.42400", "2016-12-31": "4645.39100", "2016-09-30": "4531.32900", "2016-06-30": "4400.26100", "2016-03-31": "4366.52500", "2015-12-31": "4612.98200", "2015-09-30": "4580.83100", "2015-06-30": "4777.69700", "2015-03-31": "4784.96600", "2014-12-31": "4428.06900", "2014-09-30": "4461.63400", "2014-06-30": "4430.73800", "2014-03-31": "4389.45300", "2013-12-31": "4318.84000", "2013-09-30": "4333.88700", "2013-06-30": "4354.24400", "2013-03-31": "4324.47100", "2012-12-31": "4240.02800", "2012-09-30": "3847.00800", "2012-06-30": "3740.33400", "2012-03-31": "3937.58500", "2011-12-31": "3446.70800", "2011-09-30": "3388.41700", "2011-06-30": "3679.43900", "2011-03-31": "3493.13000", "2010-12-31": "3482.62300", "2010-09-30": "1848.35300", "2010-06-30": "1560.59800", "2010-03-31": "1795.74200", "2009-12-31": "1604.26300", "2009-09-30": "1695.19800", "2009-06-30": "1324.99900", "2009-03-31": "913.97600", "2008-12-31": "1053.98300", "2008-09-30": "3769.82400", "2008-06-30": "3680.36200", "2008-03-31": "3493.58400", "2007-12-31": "3589.40800", "2007-09-30": "3199.31900", "2007-06-30": "3195.43100", "2007-03-31": "3169.13200", "2006-12-31": "3160.75800", "2006-09-30": "3203.63400", "2006-06-30": "3143.15700", "2006-03-31": "3106.13700", "2005-12-31": "3025.44400", "2005-09-30": "2794.24900", "2005-06-30": "2690.13500", "2005-03-31": "1419.02400"}, "Comprehensive Income": {"2020-11-30": "-288.91700", "2020-08-31": "-196.40700", "2020-05-31": "-134.52800", "2020-02-29": "-258.40000", "2019-11-30": "-273.03900", "2019-08-31": "-266.45200", "2019-05-31": "-242.82400", "2019-02-28": "338.61900", "2018-11-30": "288.28600", "2018-09-30": "287.74500", "2018-06-30": "314.97300", "2018-05-31": "", "2018-03-31": "357.31700", "2018-02-28": "", "2017-12-31": "372.72400", "2017-11-30": "", "2017-09-30": "363.48600", "2017-06-30": "350.44200", "2017-03-31": "315.63700", "2016-12-31": "310.69700", "2016-09-30": "360.68100", "2016-06-30": "413.27200", "2016-03-31": "394.00400", "2015-12-31": "438.79300", "2015-09-30": "415.85500", "2015-06-30": "425.06400", "2015-03-31": "427.11800", "2014-12-31": "447.08200", "2014-09-30": "533.26300", "2014-06-30": "561.30500", "2014-03-31": "558.06000", "2013-12-31": "538.05000", "2013-09-30": "487.15200", "2013-06-30": "440.95000", "2013-03-31": "506.87000", "2012-12-31": "705.12900", "2012-09-30": "518.70500", "2012-06-30": "541.72100", "2012-03-31": "671.57900", "2011-12-31": "912.42100", "2011-09-30": "824.17900", "2011-06-30": "1314.74300", "2011-03-31": "1622.30500", "2010-12-31": "1687.36300", "2010-09-30": "1158.67400", "2010-06-30": "638.48100", "2010-03-31": "997.54300", "2009-12-31": "985.03200", "2009-09-30": "791.35400", "2009-06-30": "586.31900", "2009-03-31": "78.39800", "2008-12-31": "-29.28000", "2008-09-30": "538.74100", "2008-06-30": "1809.29200", "2008-03-31": "844.91800", "2007-12-31": "975.36500", "2007-09-30": "541.31200", "2007-06-30": "291.98000", "2007-03-31": "105.38000", "2006-12-31": "-4.72600", "2006-09-30": "-113.13200", "2006-06-30": "-80.41600", "2006-03-31": "-64.80800", "2005-12-31": "-81.50200", "2005-09-30": "27.91300", "2005-06-30": "95.49000", "2005-03-31": "115.46500"}, "Other Share Holders Equity": {"2020-11-30": "", "2020-08-31": "", "2020-05-31": "", "2020-02-29": "", "2019-11-30": "", "2019-08-31": "", "2019-05-31": "", "2019-02-28": "", "2018-11-30": "", "2018-09-30": "", "2018-06-30": "", "2018-05-31": "", "2018-03-31": "", "2018-02-28": "", "2017-12-31": "", "2017-11-30": "", "2017-09-30": "", "2017-06-30": "", "2017-03-31": "", "2016-12-31": "", "2016-09-30": "", "2016-06-30": "", "2016-03-31": "", "2015-12-31": "", "2015-09-30": "", "2015-06-30": "", "2015-03-31": "", "2014-12-31": "", "2014-09-30": "", "2014-06-30": "", "2014-03-31": "", "2013-12-31": "", "2013-09-30": "", "2013-06-30": "", "2013-03-31": "", "2012-12-31": "", "2012-09-30": "", "2012-06-30": "", "2012-03-31": "", "2011-12-31": "", "2011-09-30": "", "2011-06-30": "", "2011-03-31": "", "2010-12-31": "", "2010-09-30": "", "2010-06-30": "", "2010-03-31": "", "2009-12-31": "", "2009-09-30": "", "2009-06-30": "", "2009-03-31": "", "2008-12-31": "", "2008-09-30": "", "2008-06-30": "", "2008-03-31": "", "2007-12-31": "", "2007-09-30": "", "2007-06-30": "", "2007-03-31": "", "2006-12-31": "", "2006-09-30": "", "2006-06-30": "", "2006-03-31": "", "2005-12-31": "", "2005-09-30": "", "2005-06-30": "", "2005-03-31": ""}, "Share Holder Equity": {"2020-11-30": "9438.52500", "2020-08-31": "9444.45100", "2020-05-31": "9361.11300", "2020-02-29": "9385.90500", "2019-11-30": "9601.68400", "2019-08-31": "10047.78000", "2019-05-31": "9877.36100", "2019-02-28": "9956.13300", "2018-11-30": "10079.26000", "2018-09-30": "10646.75000", "2018-06-30": "10567.44000", "2018-05-31": "", "2018-03-31": "10288.13000", "2018-02-28": "", "2017-12-31": "10138.98000", "2017-11-30": "", "2017-09-30": "10641.58000", "2017-06-30": "10680.17000", "2017-03-31": "10591.75000", "2016-12-31": "10303.65000", "2016-09-30": "10237.48000", "2016-06-30": "10264.56000", "2016-03-31": "10249.18000", "2015-12-31": "10465.89000", "2015-09-30": "10426.05000", "2015-06-30": "10724.48000", "2015-03-31": "10720.37000", "2014-12-31": "10370.02000", "2014-09-30": "10449.02000", "2014-06-30": "10363.72000", "2014-03-31": "10191.26000", "2013-12-31": "10173.05000", "2013-09-30": "10127.62000", "2013-06-30": "10033.07000", "2013-03-31": "10397.96000", "2012-12-31": "6767.63500", "2012-09-30": "6193.10800", "2012-06-30": "6095.13900", "2012-03-31": "6430.19600", "2011-12-31": "6178.26100", "2011-09-30": "6028.40300", "2011-06-30": "6805.47900", "2011-03-31": "6908.11100", "2010-12-31": "6963.38100", "2010-09-30": "4789.49900", "2010-06-30": "3984.87400", "2010-03-31": "4579.52400", "2009-12-31": "4374.49700", "2009-09-30": "4266.81300", "2009-06-30": "3704.13200", "2009-03-31": "2664.64500", "2008-12-31": "2695.39100", "2008-09-30": "5828.05200", "2008-06-30": "7005.21500", "2008-03-31": "5347.50000", "2007-12-31": "5570.49200", "2007-09-30": "4739.40300", "2007-06-30": "4235.73400", "2007-03-31": "4019.43100", "2006-12-31": "3893.27500", "2006-09-30": "3824.61100", "2006-06-30": "3791.76300", "2006-03-31": "3760.92500", "2005-12-31": "3661.91400", "2005-09-30": "3542.70900", "2005-06-30": "3493.11600", "2005-03-31": "2240.81500"}, "Total Liabilities And Share Holders Equity": {"2020-11-30": "53118.35000", "2020-08-31": "51773.99000", "2020-05-31": "50283.21000", "2020-02-29": "51778.12000", "2019-11-30": "49460.23000", "2019-08-31": "49263.21000", "2019-05-31": "48523.94000", "2019-02-28": "48959.34000", "2018-11-30": "47131.09000", "2018-09-30": "48948.67000", "2018-06-30": "49401.80000", "2018-05-31": "", "2018-03-31": "49001.49000", "2018-02-28": "", "2017-12-31": "47169.11000", "2017-11-30": "", "2017-09-30": "47666.95000", "2017-06-30": "48376.10000", "2017-03-31": "45980.00000", "2016-12-31": "45071.31000", "2016-09-30": "46106.02000", "2016-06-30": "45041.93000", "2016-03-31": "43134.36000", "2015-12-31": "46331.18000", "2015-09-30": "50513.74000", "2015-06-30": "52555.96000", "2015-03-31": "52322.69000", "2014-12-31": "52623.91000", "2014-09-30": "52727.80000", "2014-06-30": "51407.73000", "2014-03-31": "51130.02000", "2013-12-31": "47866.78000", "2013-09-30": "45541.07000", "2013-06-30": "46179.28000", "2013-03-31": "47349.29000", "2012-12-31": "9349.11800", "2012-09-30": "8740.18400", "2012-06-30": "8603.27800", "2012-03-31": "8986.63700", "2011-12-31": "9263.18900", "2011-09-30": "8215.05400", "2011-06-30": "9192.18100", "2011-03-31": "9224.38500", "2010-12-31": "9350.29800", "2010-09-30": "7307.33500", "2010-06-30": "6430.70100", "2010-03-31": "6988.06200", "2009-12-31": "6762.36400", "2009-09-30": "6621.42500", "2009-06-30": "6053.60900", "2009-03-31": "5112.80200", "2008-12-31": "5198.49300", "2008-09-30": "8409.16900", "2008-06-30": "9668.61500", "2008-03-31": "7929.94600", "2007-12-31": "8126.62200", "2007-09-30": "7317.55900", "2007-06-30": "6375.35300", "2007-03-31": "6024.36800", "2006-12-31": "5303.82400", "2006-09-30": "5224.43300", "2006-06-30": "5543.82100", "2006-03-31": "5378.84100", "2005-12-31": "5260.88400", "2005-09-30": "6061.81800", "2005-06-30": "6018.48400", "2005-03-31": "4757.26100"}}, "cash flow statement": {"Net Income/Loss": {"2020-11-30": "768.41000", "2019-11-30": "962.56300", "2018-11-30": "1051.07600", "2017-12-31": "252.84700", "2017-11-30": "252.84700", "2016-12-31": "194.32100", "2015-12-31": "252.11100", "2014-12-31": "199.02500", "2013-12-31": "362.19300", "2012-12-31": "864.64100", "2011-12-31": "24.95600", "2010-12-31": "1940.23600", "2009-12-31": "548.59500", "2008-12-31": "-2536.81200", "2007-12-31": "480.27200", "2006-12-31": "189.39900", "2005-12-31": "1636.04100"}, "Total Depreciation And Amortization - Cash Flow": {"2020-11-30": "142.39400", "2019-11-30": "129.76600", "2018-11-30": "67.40700", "2017-12-31": "64.75900", "2017-11-30": "64.75900", "2016-12-31": "71.61300", "2015-12-31": "172.07300", "2014-12-31": "139.74400", "2013-12-31": "138.96400", "2012-12-31": "170.11300", "2011-12-31": "96.62300", "2010-12-31": "105.85400", "2009-12-31": "86.37700", "2008-12-31": "72.28300", "2007-12-31": "42.44300", "2006-12-31": "24.00000", "2005-12-31": "189.49600"}, "Other Non-Cash Items": {"2020-11-30": "337.85000", "2019-11-30": "-532.04300", "2018-11-30": "-723.00200", "2017-12-31": "882.38290", "2017-11-30": "905.41090", "2016-12-31": "405.47400", "2015-12-31": "128.41400", "2014-12-31": "285.31800", "2013-12-31": "-62.81100", "2012-12-31": "-497.58700", "2011-12-31": "-756.94300", "2010-12-31": "-1591.32100", "2009-12-31": "-781.09400", "2008-12-31": "2491.84800", "2007-12-31": "-558.45790", "2006-12-31": "-189.79700", "2005-12-31": "-1518.27100"}, "Total Non-Cash Items": {"2020-11-30": "480.24400", "2019-11-30": "-402.27700", "2018-11-30": "-655.59500", "2017-12-31": "947.14200", "2017-11-30": "970.17000", "2016-12-31": "477.08700", "2015-12-31": "300.48700", "2014-12-31": "425.06200", "2013-12-31": "76.15300", "2012-12-31": "-327.47400", "2011-12-31": "-660.32000", "2010-12-31": "-1485.46700", "2009-12-31": "-694.71700", "2008-12-31": "2564.13100", "2007-12-31": "-516.01500", "2006-12-31": "-165.79700", "2005-12-31": "-1328.77500"}, "Change In Accounts Receivable": {"2020-11-30": "-79.25300", "2019-11-30": "-2.28300", "2018-11-30": "30.86400", "2017-12-31": "", "2017-11-30": "", "2016-12-31": "", "2015-12-31": "-145.63400", "2014-12-31": "-161.41500", "2013-12-31": "-93.69000", "2012-12-31": "-23.35800", "2011-12-31": "", "2010-12-31": "-11.49600", "2009-12-31": "14.22200", "2008-12-31": "6.44500", "2007-12-31": "11.98900", "2006-12-31": "183.26300", "2005-12-31": "20.85000"}, "Change In Inventories": {"2020-11-30": "", "2019-11-30": "", "2018-11-30": "", "2017-12-31": "", "2017-11-30": "", "2016-12-31": "", "2015-12-31": "", "2014-12-31": "", "2013-12-31": "", "2012-12-31": "", "2011-12-31": "", "2010-12-31": "-2.15900", "2009-12-31": "", "2008-12-31": "", "2007-12-31": "", "2006-12-31": "", "2005-12-31": ""}, "Change In Accounts Payable": {"2020-11-30": "", "2019-11-30": "", "2018-11-30": "", "2017-12-31": "", "2017-11-30": "", "2016-12-31": "", "2015-12-31": "", "2014-12-31": "", "2013-12-31": "", "2012-12-31": "", "2011-12-31": "", "2010-12-31": "", "2009-12-31": "", "2008-12-31": "", "2007-12-31": "", "2006-12-31": "", "2005-12-31": ""}, "Change In Assets/Liabilities": {"2020-11-30": "-272.63500", "2019-11-30": "-1225.05600", "2018-11-30": "377.24600", "2017-12-31": "-777.08000", "2017-11-30": "-800.10800", "2016-12-31": "-339.01900", "2015-12-31": "-943.00790", "2014-12-31": "-1446.28600", "2013-12-31": "12.33920", "2012-12-31": "101.28200", "2011-12-31": "114.85500", "2010-12-31": "-45.99000", "2009-12-31": "-5.18200", "2008-12-31": "-6.50300", "2007-12-31": "15.38400", "2006-12-31": "-35.37300", "2005-12-31": "-58.81300"}, "Total Change In Assets/Liabilities": {"2020-11-30": "827.29390", "2019-11-30": "-1388.12300", "2018-11-30": "295.62200", "2017-12-31": "-411.69500", "2017-11-30": "-434.72300", "2016-12-31": "-98.99400", "2015-12-31": "-1314.35300", "2014-12-31": "-1611.24700", "2013-12-31": "263.99420", "2012-12-31": "108.27200", "2011-12-31": "78.59300", "2010-12-31": "-23.50300", "2009-12-31": "12.72400", "2008-12-31": "-18.57300", "2007-12-31": "17.37400", "2006-12-31": "67.92000", "2005-12-31": "13.84400"}, "Cash Flow From Operating Activities": {"2020-11-30": "2075.94800", "2019-11-30": "-827.83700", "2018-11-30": "691.10300", "2017-12-31": "788.29400", "2017-11-30": "788.29400", "2016-12-31": "572.41400", "2015-12-31": "-761.75500", "2014-12-31": "-987.16000", "2013-12-31": "702.34000", "2012-12-31": "645.43900", "2011-12-31": "-556.77100", "2010-12-31": "431.26600", "2009-12-31": "-133.39800", "2008-12-31": "8.74600", "2007-12-31": "-18.36900", "2006-12-31": "91.52200", "2005-12-31": "321.11000"}, "Net Change In Property, Plant, And Equipment": {"2020-11-30": "-171.83700", "2019-11-30": "-220.92700", "2018-11-30": "-311.61400", "2017-12-31": "-94.98500", "2017-11-30": "-94.98500", "2016-12-31": "-209.99300", "2015-12-31": "-273.07400", "2014-12-31": "-548.82600", "2013-12-31": "-141.72900", "2012-12-31": "-68.28600", "2011-12-31": "-20.18400", "2010-12-31": "103.44400", "2009-12-31": "-7.50300", "2008-12-31": "-171.04200", "2007-12-31": "-53.84600", "2006-12-31": "78.31000", "2005-12-31": "-128.59100"}, "Net Change In Intangible Assets": {"2020-11-30": "", "2019-11-30": "", "2018-11-30": "", "2017-12-31": "", "2017-11-30": "", "2016-12-31": "", "2015-12-31": "", "2014-12-31": "", "2013-12-31": "", "2012-12-31": "", "2011-12-31": "", "2010-12-31": "", "2009-12-31": "", "2008-12-31": "", "2007-12-31": "", "2006-12-31": "", "2005-12-31": ""}, "Net Acquisitions/Divestitures": {"2020-11-30": "179.65400", "2019-11-30": "100.17700", "2018-11-30": "100.00000", "2017-12-31": "289.76700", "2017-11-30": "289.76700", "2016-12-31": "-9.67300", "2015-12-31": "5.84200", "2014-12-31": "141.99400", "2013-12-31": "3038.95500", "2012-12-31": "105.52100", "2011-12-31": "-1008.11900", "2010-12-31": "48.11900", "2009-12-31": "-3.13400", "2008-12-31": "-21.67700", "2007-12-31": "-86.02400", "2006-12-31": "14.94600", "2005-12-31": "288.57800"}, "Net Change In Short-term Investments": {"2020-11-30": "", "2019-11-30": "", "2018-11-30": "", "2017-12-31": "", "2017-11-30": "", "2016-12-31": "", "2015-12-31": "", "2014-12-31": "", "2013-12-31": "", "2012-12-31": "", "2011-12-31": "", "2010-12-31": "", "2009-12-31": "", "2008-12-31": "", "2007-12-31": "", "2006-12-31": "", "2005-12-31": ""}, "Net Change In Long-Term Investments": {"2020-11-30": "-1668.56400", "2019-11-30": "1964.63300", "2018-11-30": "-2345.31600", "2017-12-31": "-3491.75800", "2017-11-30": "-3491.75800", "2016-12-31": "-857.07310", "2015-12-31": "-54.60620", "2014-12-31": "-1711.54800", "2013-12-31": "-1970.94300", "2012-12-31": "-852.46590", "2011-12-31": "1076.48300", "2010-12-31": "-877.85710", "2009-12-31": "-58.50980", "2008-12-31": "-427.04250", "2007-12-31": "-839.25630", "2006-12-31": "-299.87890", "2005-12-31": "-143.25200"}, "Net Change In Investments - Total": {"2020-11-30": "-1668.56400", "2019-11-30": "1964.63300", "2018-11-30": "-2345.31600", "2017-12-31": "-3491.75800", "2017-11-30": "-3491.75800", "2016-12-31": "-857.07310", "2015-12-31": "-54.60620", "2014-12-31": "-1711.54800", "2013-12-31": "-1970.94300", "2012-12-31": "-852.46590", "2011-12-31": "1076.48300", "2010-12-31": "-877.85710", "2009-12-31": "-58.50980", "2008-12-31": "-427.04250", "2007-12-31": "-839.25630", "2006-12-31": "-299.87890", "2005-12-31": "-143.25200"}, "Investing Activities - Other": {"2020-11-30": "1474.55500", "2019-11-30": "-136.78800", "2018-11-30": "2699.37300", "2017-12-31": "3242.34200", "2017-11-30": "3242.34200", "2016-12-31": "440.52400", "2015-12-31": "1103.00300", "2014-12-31": "2567.46300", "2013-12-31": "2397.33900", "2012-12-31": "798.61200", "2011-12-31": "342.48900", "2010-12-31": "517.57600", "2009-12-31": "141.11800", "2008-12-31": "216.73100", "2007-12-31": "21.76700", "2006-12-31": "20.44700", "2005-12-31": "5.85600"}, "Cash Flow From Investing Activities": {"2020-11-30": "-186.19200", "2019-11-30": "1707.09500", "2018-11-30": "142.44300", "2017-12-31": "-54.63400", "2017-11-30": "-54.63400", "2016-12-31": "-636.21500", "2015-12-31": "781.16500", "2014-12-31": "449.08300", "2013-12-31": "3323.62200", "2012-12-31": "-16.61900", "2011-12-31": "390.66900", "2010-12-31": "-208.71800", "2009-12-31": "71.97100", "2008-12-31": "-403.03100", "2007-12-31": "-957.35900", "2006-12-31": "-186.17600", "2005-12-31": "22.59100"}, "Net Long-Term Debt": {"2020-11-30": "269.99190", "2019-11-30": "2220.70500", "2018-11-30": "579.38500", "2017-12-31": "773.58910", "2017-11-30": "773.58910", "2016-12-31": "337.88700", "2015-12-31": "-747.66800", "2014-12-31": "1038.77300", "2013-12-31": "258.63600", "2012-12-31": "-571.90200", "2011-12-31": "-51.44200", "2010-12-31": "116.69600", "2009-12-31": "7.15600", "2008-12-31": "72.79500", "2007-12-31": "942.34300", "2006-12-31": "30.45300", "2005-12-31": "-394.60700"}, "Net Current Debt": {"2020-11-30": "-34.66300", "2019-11-30": "26.56800", "2018-11-30": "10.29000", "2017-12-31": "17.67400", "2017-11-30": "17.67400", "2016-12-31": "158.34600", "2015-12-31": "298.65900", "2014-12-31": "", "2013-12-31": "-88.00000", "2012-12-31": "", "2011-12-31": "", "2010-12-31": "", "2009-12-31": "", "2008-12-31": "", "2007-12-31": "", "2006-12-31": "", "2005-12-31": ""}, "Debt Issuance/Retirement Net - Total": {"2020-11-30": "235.32890", "2019-11-30": "2247.27300", "2018-11-30": "589.67500", "2017-12-31": "791.26310", "2017-11-30": "791.26310", "2016-12-31": "496.23300", "2015-12-31": "-449.00900", "2014-12-31": "1038.77300", "2013-12-31": "170.63600", "2012-12-31": "-571.90200", "2011-12-31": "-51.44200", "2010-12-31": "116.69600", "2009-12-31": "7.15600", "2008-12-31": "72.79500", "2007-12-31": "942.34300", "2006-12-31": "30.45300", "2005-12-31": "-394.60700"}, "Net Common Equity Issued/Repurchased": {"2020-11-30": "-816.87100", "2019-11-30": "-509.91400", "2018-11-30": "-1130.85400", "2017-12-31": "-98.97600", "2017-11-30": "-98.97600", "2016-12-31": "-93.95800", "2015-12-31": "-124.53100", "2014-12-31": "-73.53800", "2013-12-31": "-34.46700", "2012-12-31": "", "2011-12-31": "6.97100", "2010-12-31": "11.27700", "2009-12-31": "0.95800", "2008-12-31": "106.20200", "2007-12-31": "253.27800", "2006-12-31": "3.65100", "2005-12-31": "3.52200"}, "Net Total Equity Issued/Repurchased": {"2020-11-30": "-816.87100", "2019-11-30": "-509.91400", "2018-11-30": "-1130.85400", "2017-12-31": "-98.97600", "2017-11-30": "-98.97600", "2016-12-31": "-93.95800", "2015-12-31": "-124.53100", "2014-12-31": "-73.53800", "2013-12-31": "-34.46700", "2012-12-31": "", "2011-12-31": "6.97100", "2010-12-31": "11.27700", "2009-12-31": "0.95800", "2008-12-31": "106.20200", "2007-12-31": "253.27800", "2006-12-31": "3.65100", "2005-12-31": "3.52200"}, "Total Common And Preferred Stock Dividends Paid": {"2020-11-30": "-160.94000", "2019-11-30": "-149.64700", "2018-11-30": "-151.75800", "2017-12-31": "-129.43800", "2017-11-30": "-129.43800", "2016-12-31": "-109.84000", "2015-12-31": "-99.82700", "2014-12-31": "-100.86800", "2013-12-31": "-446.42100", "2012-12-31": "-65.05500", "2011-12-31": "-66.98900", "2010-12-31": "-60.95200", "2009-12-31": "", "2008-12-31": "", "2007-12-31": "-55.64400", "2006-12-31": "-54.08500", "2005-12-31": "-27.00800"}, "Financial Activities - Other": {"2020-11-30": "18.95700", "2019-11-30": "1.86600", "2018-11-30": "117.09400", "2017-12-31": "-128.04800", "2017-11-30": "-128.04800", "2016-12-31": "-61.52900", "2015-12-31": "21.38400", "2014-12-31": "53.41500", "2013-12-31": "39.74500", "2012-12-31": "-14.75100", "2011-12-31": "4.82300", "2010-12-31": "-2.35700", "2009-12-31": "-30.06200", "2008-12-31": "-4.17900", "2007-12-31": "5.48300", "2006-12-31": "14.76900", "2005-12-31": "-24.56500"}, "Cash Flow From Financial Activities": {"2020-11-30": "-723.52500", "2019-11-30": "1589.57800", "2018-11-30": "-575.84300", "2017-12-31": "434.80100", "2017-11-30": "434.80100", "2016-12-31": "230.90600", "2015-12-31": "-651.98300", "2014-12-31": "917.78200", "2013-12-31": "-270.50700", "2012-12-31": "-651.70800", "2011-12-31": "-106.63700", "2010-12-31": "64.66400", "2009-12-31": "-21.94800", "2008-12-31": "174.81800", "2007-12-31": "1145.46000", "2006-12-31": "-5.21200", "2005-12-31": "-442.65800"}, "Net Cash Flow": {"2020-11-30": "1184.53700", "2019-11-30": "2467.77300", "2018-11-30": "238.15700", "2017-12-31": "1177.39200", "2017-11-30": "1177.39200", "2016-12-31": "134.40100", "2015-12-31": "-638.12700", "2014-12-31": "369.18000", "2013-12-31": "3761.63500", "2012-12-31": "-22.53000", "2011-12-31": "-272.85000", "2010-12-31": "287.21200", "2009-12-31": "-83.37500", "2008-12-31": "-219.46700", "2007-12-31": "169.77100", "2006-12-31": "-99.75800", "2005-12-31": "-99.99100"}, "Stock-Based Compensation": {"2020-11-30": "40.03800", "2019-11-30": "49.84800", "2018-11-30": "48.24900", "2017-12-31": "48.38400", "2017-11-30": "48.38400", "2016-12-31": "33.59700", "2015-12-31": "74.08700", "2014-12-31": "109.83800", "2013-12-31": "87.30900", "2012-12-31": "14.45900", "2011-12-31": "23.26400", "2010-12-31": "4.26000", "2009-12-31": "11.10600", "2008-12-31": "12.18300", "2007-12-31": "11.17600", "2006-12-31": "15.16400", "2005-12-31": ""}, "Common Stock Dividends Paid": {"2020-11-30": "-160.94000", "2019-11-30": "-149.64700", "2018-11-30": "-151.75800", "2017-12-31": "-129.43800", "2017-11-30": "-129.43800", "2016-12-31": "-109.84000", "2015-12-31": "-99.82700", "2014-12-31": "-100.86800", "2013-12-31": "-446.42100", "2012-12-31": "-65.05500", "2011-12-31": "-66.98900", "2010-12-31": "-60.95200", "2009-12-31": "", "2008-12-31": "", "2007-12-31": "-55.64400", "2006-12-31": "-54.08500", "2005-12-31": "-27.00800"}}, "cash flow statement, quarterly": {"Net Income/Loss": {"2020-11-30": 308.005, "2020-08-31": 304.839, "2020-05-31": 43.545, "2020-02-29": "112.02100", "2019-11-30": 193.878, "2019-08-31": 49.394, "2019-05-31": 672.276, "2019-02-28": "47.01500", "2018-11-30": -19.318, "2018-09-30": 182.301, "2018-06-30": 0, "2018-05-31": 748.944, "2018-03-31": 0, "2018-02-28": "139.14900", "2017-12-31": "252.84700", "2017-11-30": -251.905, "2017-09-30": 136.767, "2017-06-30": 74.062, "2017-03-31": 99.602, "2016-12-31": "194.32100", "2016-09-30": 176.206, "2016-06-30": 70.612, "2016-03-31": -470.713, "2015-12-31": "252.11100", "2015-09-30": -180.183, "2015-06-30": 15.034, "2015-03-31": 175.404, "2014-12-31": "199.02500", "2014-09-30": 60.262, "2014-06-30": 66.45, "2014-03-31": -270.256, "2013-12-31": "362.19300", "2013-09-30": 14.383, "2013-06-30": 58.536, "2013-03-31": -564.352, "2012-12-31": "864.64100", "2012-09-30": 114.334, "2012-06-30": -187.768, "2012-03-31": 462.279, "2011-12-31": "24.95600", "2011-09-30": -291.352, "2011-06-30": 186.458, "2011-03-31": -1929.45, "2010-12-31": "1940.23600", "2010-09-30": 289.97, "2010-06-30": -236.278, "2010-03-31": -357.09, "2009-12-31": "548.59500", "2009-09-30": 369.58, "2009-06-30": 410.984, "2009-03-31": 2396.679, "2008-12-31": "-2536.81200", "2008-09-30": 89.348, "2008-06-30": 186.826, "2008-03-31": -576.261, "2007-12-31": "480.27200", "2007-09-30": 3.888, "2007-06-30": 26.299, "2007-03-31": -181.025, "2006-12-31": "189.39900", "2006-09-30": 60.477, "2006-06-30": 37.02, "2006-03-31": -1555.348, "2005-12-31": "1636.04100", "2005-09-30": 104.114, "2005-06-30": 1271.111, "2005-03-31": 2.613}, "Total Depreciation And Amortization - Cash Flow": {"2020-11-30": 24.575, "2020-08-31": 38.65, "2020-05-31": 39.783, "2020-02-29": "39.38600", "2019-11-30": 42.339, "2019-08-31": 36.668, "2019-05-31": 29.313, "2019-02-28": "21.44600", "2018-11-30": 13.556, "2018-09-30": 17.083, "2018-06-30": 0, "2018-05-31": -5.326, "2018-03-31": 25.699, "2018-02-28": "16.39500", "2017-12-31": "64.75900", "2017-11-30": 16.386, "2017-09-30": 17.811, "2017-06-30": -7.461, "2017-03-31": -33.59, "2016-12-31": "71.61300", "2016-09-30": 42.126, "2016-06-30": 43.165, "2016-03-31": -136.906, "2015-12-31": "172.07300", "2015-09-30": 46.113, "2015-06-30": 42.573, "2015-03-31": -99.416, "2014-12-31": "139.74400", "2014-09-30": 37.294, "2014-06-30": 29.78, "2014-03-31": -109.893, "2013-12-31": "138.96400", "2013-09-30": 34.747, "2013-06-30": 33.959, "2013-03-31": -133.861, "2012-12-31": "170.11300", "2012-09-30": 40.212, "2012-06-30": 44.353, "2012-03-31": -46.482, "2011-12-31": "96.62300", "2011-09-30": 23.679, "2011-06-30": 24.711, "2011-03-31": -82.067, "2010-12-31": "105.85400", "2010-09-30": 27.674, "2010-06-30": 26.057, "2010-03-31": -59.922, "2009-12-31": "86.37700", "2009-09-30": 21.13, "2009-06-30": 22.21, "2009-03-31": -52.041, "2008-12-31": "72.28300", "2008-09-30": 19.002, "2008-06-30": 17.873, "2008-03-31": -26.937, "2007-12-31": "42.44300", "2007-09-30": 12.529, "2007-06-30": 9.251, "2007-03-31": -17.601, "2006-12-31": "24.00000", "2006-09-30": 6.968, "2006-06-30": 6.595, "2006-03-31": -184.824, "2005-12-31": "189.49600", "2005-09-30": 45.698, "2005-06-30": 50.585, "2005-03-31": 48.223}, "Other Non-Cash Items": {"2020-11-30": -44.795, "2020-08-31": 101.671, "2020-05-31": 120.609, "2020-02-29": "160.36500", "2019-11-30": -53.828, "2019-08-31": -61.234, "2019-05-31": -524.121, "2019-02-28": "107.14000", "2018-11-30": 50.579, "2018-09-30": -94.658, "2018-06-30": 0, "2018-05-31": -671.549, "2018-03-31": 82.054, "2018-02-28": "-89.42800", "2017-12-31": "882.38290", "2017-11-30": 685.8539, "2017-09-30": 191.167, "2017-06-30": -26.895, "2017-03-31": -350.189, "2016-12-31": "405.47400", "2016-09-30": 144.95, "2016-06-30": 91.22, "2016-03-31": -169.581, "2015-12-31": "128.41400", "2015-09-30": -79.316, "2015-06-30": -55.661, "2015-03-31": -71.461, "2014-12-31": "285.31800", "2014-09-30": 27.389, "2014-06-30": 49.857, "2014-03-31": 117.202, "2013-12-31": "-62.81100", "2013-09-30": 18.926, "2013-06-30": 34.699, "2013-03-31": 290.6, "2012-12-31": "-497.58700", "2012-09-30": 56.812, "2012-06-30": 224.51, "2012-03-31": 268.728, "2011-12-31": "-756.94300", "2011-09-30": 354.4899, "2011-06-30": -245.016, "2011-03-31": 1621.222, "2010-12-31": "-1591.32100", "2010-09-30": -160.765, "2010-06-30": 203.279, "2010-03-31": 520.245, "2009-12-31": "-781.09400", "2009-09-30": -416.544, "2009-06-30": -473.229, "2009-03-31": -2402.767, "2008-12-31": "2491.84800", "2008-09-30": -120.299, "2008-06-30": -182.414, "2008-03-31": 639.8409, "2007-12-31": "-558.45790", "2007-09-30": -33.646, "2007-06-30": -39.97, "2007-03-31": 222.475, "2006-12-31": "-189.79700", "2006-09-30": -47.259, "2006-06-30": -43.22, "2006-03-31": 1456.294, "2005-12-31": "-1518.27100", "2005-09-30": -60.729, "2005-06-30": -1175.633, "2005-03-31": -27.399}, "Total Non-Cash Items": {"2020-11-30": -20.22, "2020-08-31": 140.321, "2020-05-31": 160.392, "2020-02-29": "199.75100", "2019-11-30": -11.489, "2019-08-31": -24.566, "2019-05-31": -494.808, "2019-02-28": "128.58600", "2018-11-30": 64.135, "2018-09-30": -77.575, "2018-06-30": 0, "2018-05-31": -676.875, "2018-03-31": 107.753, "2018-02-28": "-73.03300", "2017-12-31": "947.14200", "2017-11-30": 702.24, "2017-09-30": 208.978, "2017-06-30": -34.356, "2017-03-31": -383.779, "2016-12-31": "477.08700", "2016-09-30": 187.076, "2016-06-30": 134.385, "2016-03-31": -306.487, "2015-12-31": "300.48700", "2015-09-30": -33.203, "2015-06-30": -13.088, "2015-03-31": -170.877, "2014-12-31": "425.06200", "2014-09-30": 64.683, "2014-06-30": 79.637, "2014-03-31": 7.309, "2013-12-31": "76.15300", "2013-09-30": 53.673, "2013-06-30": 68.658, "2013-03-31": 156.739, "2012-12-31": "-327.47400", "2012-09-30": 97.024, "2012-06-30": 268.863, "2012-03-31": 222.246, "2011-12-31": "-660.32000", "2011-09-30": 378.1689, "2011-06-30": -220.305, "2011-03-31": 1539.155, "2010-12-31": "-1485.46700", "2010-09-30": -133.091, "2010-06-30": 229.336, "2010-03-31": 460.323, "2009-12-31": "-694.71700", "2009-09-30": -395.414, "2009-06-30": -451.019, "2009-03-31": -2454.808, "2008-12-31": "2564.13100", "2008-09-30": -101.297, "2008-06-30": -164.541, "2008-03-31": 612.904, "2007-12-31": "-516.01500", "2007-09-30": -21.117, "2007-06-30": -30.719, "2007-03-31": 204.874, "2006-12-31": "-165.79700", "2006-09-30": -40.291, "2006-06-30": -36.625, "2006-03-31": 1271.47, "2005-12-31": "-1328.77500", "2005-09-30": -15.031, "2005-06-30": -1125.048, "2005-03-31": 20.824}, "Change In Accounts Receivable": {"2020-11-30": -79.253, "2020-08-31": 0, "2020-05-31": 28.454, "2020-02-29": "-28.45400", "2019-11-30": -2.283, "2019-08-31": 0, "2019-05-31": 27.067, "2019-02-28": "-27.06700", "2018-11-30": 30.864, "2018-09-30": 86.984, "2018-06-30": 0, "2018-05-31": -120.032, "2018-03-31": 4.122, "2018-02-28": "28.92600", "2017-12-31": "", "2017-11-30": 137.408, "2017-09-30": 9.285, "2017-06-30": -111.533, "2017-03-31": -35.16, "2016-12-31": "", "2016-09-30": 32.807, "2016-06-30": -134.109, "2016-03-31": 122.745, "2015-12-31": "-145.63400", "2015-09-30": 53.709, "2015-06-30": -182.63, "2015-03-31": 132.858, "2014-12-31": "-161.41500", "2014-09-30": 12.118, "2014-06-30": -42.33, "2014-03-31": 21.449, "2013-12-31": "-93.69000", "2013-09-30": 0, "2013-06-30": 0, "2013-03-31": 23.358, "2012-12-31": "-23.35800", "2012-09-30": 0, "2012-06-30": 28.591, "2012-03-31": -28.591, "2011-12-31": "", "2011-09-30": 0.82, "2011-06-30": 5.553, "2011-03-31": -1.867, "2010-12-31": "-11.49600", "2010-09-30": 1.827, "2010-06-30": -11.776, "2010-03-31": -13.381, "2009-12-31": "14.22200", "2009-09-30": 4.424, "2009-06-30": 1.186, "2009-03-31": 2.801, "2008-12-31": "6.44500", "2008-09-30": 3.691, "2008-06-30": -3.861, "2008-03-31": -11.816, "2007-12-31": "11.98900", "2007-09-30": 18.764, "2007-06-30": -8.267, "2007-03-31": -186.23, "2006-12-31": "183.26300", "2006-09-30": -26.594, "2006-06-30": 85.503, "2006-03-31": 76.625, "2005-12-31": "20.85000", "2005-09-30": -45.603, "2005-06-30": 7.289, "2005-03-31": 70.174}, "Change In Inventories": {"2020-11-30": 0, "2020-08-31": 0, "2020-05-31": 0, "2020-02-29": "", "2019-11-30": 0, "2019-08-31": 0, "2019-05-31": 0, "2019-02-28": "", "2018-11-30": 0, "2018-09-30": 0, "2018-06-30": 0, "2018-05-31": 0, "2018-03-31": 0, "2018-02-28": "", "2017-12-31": "", "2017-11-30": 0, "2017-09-30": 0, "2017-06-30": 0, "2017-03-31": 0, "2016-12-31": "", "2016-09-30": 0, "2016-06-30": 0, "2016-03-31": 0, "2015-12-31": "", "2015-09-30": 0, "2015-06-30": 0, "2015-03-31": 0, "2014-12-31": "", "2014-09-30": 0, "2014-06-30": 0, "2014-03-31": 0, "2013-12-31": "", "2013-09-30": 0, "2013-06-30": 0, "2013-03-31": 0, "2012-12-31": "", "2012-09-30": 0, "2012-06-30": 0, "2012-03-31": 0, "2011-12-31": "", "2011-09-30": 0.84, "2011-06-30": 4.732, "2011-03-31": -0.355, "2010-12-31": "-2.15900", "2010-09-30": 0, "2010-06-30": 0, "2010-03-31": 0, "2009-12-31": "", "2009-09-30": 0, "2009-06-30": 0, "2009-03-31": 0, "2008-12-31": "", "2008-09-30": 0, "2008-06-30": 0, "2008-03-31": 0, "2007-12-31": "", "2007-09-30": 0, "2007-06-30": 0, "2007-03-31": 0, "2006-12-31": "", "2006-09-30": 0, "2006-06-30": 0, "2006-03-31": 0, "2005-12-31": "", "2005-09-30": 0, "2005-06-30": 0, "2005-03-31": 0}, "Change In Accounts Payable": {"2020-11-30": 0, "2020-08-31": 0, "2020-05-31": 0, "2020-02-29": "", "2019-11-30": 0, "2019-08-31": 0, "2019-05-31": 0, "2019-02-28": "", "2018-11-30": 0, "2018-09-30": 0, "2018-06-30": 0, "2018-05-31": 0, "2018-03-31": 0, "2018-02-28": "", "2017-12-31": "", "2017-11-30": 0, "2017-09-30": 0, "2017-06-30": 0, "2017-03-31": 0, "2016-12-31": "", "2016-09-30": 0, "2016-06-30": 0, "2016-03-31": 0, "2015-12-31": "", "2015-09-30": 0, "2015-06-30": 0, "2015-03-31": 0, "2014-12-31": "", "2014-09-30": 0, "2014-06-30": 0, "2014-03-31": 0, "2013-12-31": "", "2013-09-30": 0, "2013-06-30": 0, "2013-03-31": 0, "2012-12-31": "", "2012-09-30": 0, "2012-06-30": 0, "2012-03-31": 0, "2011-12-31": "", "2011-09-30": 0, "2011-06-30": 0, "2011-03-31": 0, "2010-12-31": "", "2010-09-30": 0, "2010-06-30": 0, "2010-03-31": 0, "2009-12-31": "", "2009-09-30": 0, "2009-06-30": 0, "2009-03-31": 0, "2008-12-31": "", "2008-09-30": 0, "2008-06-30": 0, "2008-03-31": 0, "2007-12-31": "", "2007-09-30": 0, "2007-06-30": 0, "2007-03-31": 0, "2006-12-31": "", "2006-09-30": 0, "2006-06-30": 0, "2006-03-31": 0, "2005-12-31": "", "2005-09-30": 0, "2005-06-30": 0, "2005-03-31": 0}, "Change In Assets/Liabilities": {"2020-11-30": 32.294, "2020-08-31": 249.117, "2020-05-31": 447.389, "2020-02-29": "-1001.43500", "2019-11-30": 75.261, "2019-08-31": 145.842, "2019-05-31": -1166.1598, "2019-02-28": "-279.99920", "2018-11-30": 236.0292, "2018-09-30": 472.335, "2018-06-30": 0, "2018-05-31": -513.0132, "2018-03-31": -0.174, "2018-02-28": "182.06900", "2017-12-31": "-777.08000", "2017-11-30": -1091.6249, "2017-09-30": 205.8308, "2017-06-30": 462.2701, "2017-03-31": -37.565, "2016-12-31": "-339.01900", "2016-09-30": -41.974, "2016-06-30": 486.679, "2016-03-31": 530.0979, "2015-12-31": "-943.00790", "2015-09-30": 729.829, "2015-06-30": -129.741, "2015-03-31": -393.376, "2014-12-31": "-1446.28600", "2014-09-30": -488.121, "2014-06-30": -317.4531, "2014-03-31": -855.9291, "2013-12-31": "12.33920", "2013-09-30": 505.9932, "2013-06-30": 282.356, "2013-03-31": -288.513, "2012-12-31": "101.28200", "2012-09-30": -42.867, "2012-06-30": -25.277, "2012-03-31": -112.129, "2011-12-31": "114.85500", "2011-09-30": -32.443, "2011-06-30": 3.323, "2011-03-31": 43.755, "2010-12-31": "-45.99000", "2010-09-30": -12.72, "2010-06-30": -0.491, "2010-03-31": -6.406, "2009-12-31": "-5.18200", "2009-09-30": -7.03, "2009-06-30": -11.072, "2009-03-31": 7.08, "2008-12-31": "-6.50300", "2008-09-30": 2.43, "2008-06-30": -6.737, "2008-03-31": -28.441, "2007-12-31": "15.38400", "2007-09-30": -23.918, "2007-06-30": 11.941, "2007-03-31": 27.707, "2006-12-31": "-35.37300", "2006-09-30": -17.774, "2006-06-30": 15.905, "2006-03-31": 60.301, "2005-12-31": "-58.81300", "2005-09-30": 0.331, "2005-06-30": -43.31, "2005-03-31": -10.412}, "Total Change In Assets/Liabilities": {"2020-11-30": 480.3049, "2020-08-31": 701.738, "2020-05-31": 875.106, "2020-02-29": "-1229.85500", "2019-11-30": 241.096, "2019-08-31": 164.211, "2019-05-31": -833.8738, "2019-02-28": "-959.55620", "2018-11-30": 446.3782, "2018-09-30": 619.296, "2018-06-30": 0, "2018-05-31": -190.9302, "2018-03-31": -107.753, "2018-02-28": "-471.36900", "2017-12-31": "-411.69500", "2017-11-30": -722.9569, "2017-09-30": 241.6788, "2017-06-30": 776.1051, "2017-03-31": -630.556, "2016-12-31": "-98.99400", "2016-09-30": -6.214, "2016-06-30": 691.659, "2016-03-31": 616.162, "2015-12-31": "-1314.35300", "2015-09-30": 727.035, "2015-06-30": 31.524, "2015-03-31": -744.754, "2014-12-31": "-1611.24700", "2014-09-30": -277.033, "2014-06-30": -223.794, "2014-03-31": -1473.8722, "2013-12-31": "263.99420", "2013-09-30": 423.1611, "2013-06-30": 483.319, "2013-03-31": -400.823, "2012-12-31": "108.27200", "2012-09-30": -11.414, "2012-06-30": 24.761, "2012-03-31": -170.441, "2011-12-31": "78.59300", "2011-09-30": -65.787, "2011-06-30": 53.546, "2011-03-31": -58.746, "2010-12-31": "-23.50300", "2010-09-30": -53.337, "2010-06-30": 21.347, "2010-03-31": -41.882, "2009-12-31": "12.72400", "2009-09-30": -33.426, "2009-06-30": 43.626, "2009-03-31": -16.462, "2008-12-31": "-18.57300", "2008-09-30": -38.293, "2008-06-30": 34.258, "2008-03-31": -64.337, "2007-12-31": "17.37400", "2007-09-30": -46.902, "2007-06-30": 37.125, "2007-03-31": -89.045, "2006-12-31": "67.92000", "2006-09-30": -37.724, "2006-06-30": -2.94, "2006-03-31": 51.492, "2005-12-31": "13.84400", "2005-09-30": -52.831, "2005-06-30": -25.582, "2005-03-31": 38.115}, "Cash Flow From Operating Activities": {"2020-11-30": 768.09, "2020-08-31": 1146.898, "2020-05-31": 1079.043, "2020-02-29": "-918.08300", "2019-11-30": 423.485, "2019-08-31": 189.039, "2019-05-31": -656.406, "2019-02-28": "-783.95500", "2018-11-30": 491.195, "2018-09-30": 724.022, "2018-06-30": 0, "2018-05-31": -118.861, "2018-03-31": 0, "2018-02-28": "-405.25300", "2017-12-31": "788.29400", "2017-11-30": -272.622, "2017-09-30": 587.424, "2017-06-30": 815.811, "2017-03-31": -914.733, "2016-12-31": "572.41400", "2016-09-30": 357.068, "2016-06-30": 896.656, "2016-03-31": -161.038, "2015-12-31": "-761.75500", "2015-09-30": 513.649, "2015-06-30": 33.47, "2015-03-31": -740.227, "2014-12-31": "-987.16000", "2014-09-30": -152.088, "2014-06-30": -77.707, "2014-03-31": -1736.819, "2013-12-31": "702.34000", "2013-09-30": 491.217, "2013-06-30": 610.513, "2013-03-31": -808.436, "2012-12-31": "645.43900", "2012-09-30": 199.944, "2012-06-30": 105.856, "2012-03-31": 514.084, "2011-12-31": "-556.77100", "2011-09-30": 21.03, "2011-06-30": 19.699, "2011-03-31": -449.041, "2010-12-31": "431.26600", "2010-09-30": 103.542, "2010-06-30": 14.405, "2010-03-31": 61.351, "2009-12-31": "-133.39800", "2009-09-30": -59.26, "2009-06-30": 3.591, "2009-03-31": -74.591, "2008-12-31": "8.74600", "2008-09-30": -50.242, "2008-06-30": 56.543, "2008-03-31": -27.694, "2007-12-31": "-18.36900", "2007-09-30": -64.131, "2007-06-30": 32.705, "2007-03-31": -65.196, "2006-12-31": "91.52200", "2006-09-30": -17.538, "2006-06-30": -2.545, "2006-03-31": -232.386, "2005-12-31": "321.11000", "2005-09-30": 36.252, "2005-06-30": 120.481, "2005-03-31": 61.552}, "Net Change In Property, Plant, And Equipment": {"2020-11-30": -30.268, "2020-08-31": -24.212, "2020-05-31": -57.605, "2020-02-29": "-59.75200", "2019-11-30": -76.896, "2019-08-31": -47.376, "2019-05-31": -52.909, "2019-02-28": "-43.74600", "2018-11-30": -41.211, "2018-09-30": -37.677, "2018-06-30": 0, "2018-05-31": -177.445, "2018-03-31": -16.542, "2018-02-28": "-38.73900", "2017-12-31": "-94.98500", "2017-11-30": -30.03, "2017-09-30": -22.61, "2017-06-30": -12.648, "2017-03-31": 180.296, "2016-12-31": "-209.99300", "2016-09-30": -61.495, "2016-06-30": -49.798, "2016-03-31": 187.65, "2015-12-31": "-273.07400", "2015-09-30": -69.309, "2015-06-30": -72.756, "2015-03-31": 489.108, "2014-12-31": "-548.82600", "2014-09-30": -261.427, "2014-06-30": -87.35, "2014-03-31": 69.353, "2013-12-31": "-141.72900", "2013-09-30": -33.79, "2013-06-30": -44.876, "2013-03-31": 61.483, "2012-12-31": "-68.28600", "2012-09-30": -15.293, "2012-06-30": -14.13, "2012-03-31": 2.34, "2011-12-31": "-20.18400", "2011-09-30": -10.434, "2011-06-30": -11.435, "2011-03-31": -96.137, "2010-12-31": "103.44400", "2010-09-30": -8.796, "2010-06-30": -10.957, "2010-03-31": 4.027, "2009-12-31": "-7.50300", "2009-09-30": -8.008, "2009-06-30": -7.959, "2009-03-31": 161.772, "2008-12-31": "-171.04200", "2008-09-30": -48.971, "2008-06-30": -65.878, "2008-03-31": 10.307, "2007-12-31": "-53.84600", "2007-09-30": -41.838, "2007-06-30": -16.55, "2007-03-31": -84.221, "2006-12-31": "78.31000", "2006-09-30": -20.287, "2006-06-30": -29.27, "2006-03-31": 267.076, "2005-12-31": "-128.59100", "2005-09-30": -58.961, "2005-06-30": -26.608, "2005-03-31": -16.764}, "Net Change In Intangible Assets": {"2020-11-30": 0, "2020-08-31": 0, "2020-05-31": 0, "2020-02-29": "", "2019-11-30": 0, "2019-08-31": 0, "2019-05-31": 0, "2019-02-28": "", "2018-11-30": 0, "2018-09-30": 0, "2018-06-30": 0, "2018-05-31": 0, "2018-03-31": 0, "2018-02-28": "", "2017-12-31": "", "2017-11-30": 0, "2017-09-30": 0, "2017-06-30": 0, "2017-03-31": 0, "2016-12-31": "", "2016-09-30": 0, "2016-06-30": 0, "2016-03-31": 0, "2015-12-31": "", "2015-09-30": 0, "2015-06-30": 0, "2015-03-31": 0, "2014-12-31": "", "2014-09-30": 0, "2014-06-30": 0, "2014-03-31": 0, "2013-12-31": "", "2013-09-30": 0, "2013-06-30": 0, "2013-03-31": 0, "2012-12-31": "", "2012-09-30": 0, "2012-06-30": 0, "2012-03-31": 0, "2011-12-31": "", "2011-09-30": 0, "2011-06-30": 0, "2011-03-31": 0, "2010-12-31": "", "2010-09-30": 0, "2010-06-30": 0, "2010-03-31": 0, "2009-12-31": "", "2009-09-30": 0, "2009-06-30": 0, "2009-03-31": 0, "2008-12-31": "", "2008-09-30": 0, "2008-06-30": 0, "2008-03-31": 0, "2007-12-31": "", "2007-09-30": 0, "2007-06-30": 0, "2007-03-31": 0, "2006-12-31": "", "2006-09-30": 0, "2006-06-30": 0, "2006-03-31": 0, "2005-12-31": "", "2005-09-30": 0, "2005-06-30": 0, "2005-03-31": 0}, "Net Acquisitions/Divestitures": {"2020-11-30": 179.654, "2020-08-31": 0, "2020-05-31": 0, "2020-02-29": "", "2019-11-30": -0.566, "2019-08-31": 100.743, "2019-05-31": 0, "2019-02-28": "", "2018-11-30": 0, "2018-09-30": 100, "2018-06-30": 0, "2018-05-31": 0, "2018-03-31": 0, "2018-02-28": "", "2017-12-31": "289.76700", "2017-11-30": 0, "2017-09-30": 0, "2017-06-30": -1.658, "2017-03-31": 301.098, "2016-12-31": "-9.67300", "2016-09-30": 0, "2016-06-30": -9.673, "2016-03-31": -5.842, "2015-12-31": "5.84200", "2015-09-30": 0, "2015-06-30": 0, "2015-03-31": -141.994, "2014-12-31": "141.99400", "2014-09-30": 184.795, "2014-06-30": -12.252, "2014-03-31": -3067.233, "2013-12-31": "3038.95500", "2013-09-30": 0.911, "2013-06-30": 1.632, "2013-03-31": 2913.859, "2012-12-31": "105.52100", "2012-09-30": 1.763, "2012-06-30": 0, "2012-03-31": 1007.735, "2011-12-31": "-1008.11900", "2011-09-30": 1.59, "2011-06-30": -85.555, "2011-03-31": -47.168, "2010-12-31": "48.11900", "2010-09-30": 59.983, "2010-06-30": 1.914, "2010-03-31": 1.029, "2009-12-31": "-3.13400", "2009-09-30": 0, "2009-06-30": 0, "2009-03-31": 21.677, "2008-12-31": "-21.67700", "2008-09-30": 0, "2008-06-30": 0, "2008-03-31": 86.024, "2007-12-31": "-86.02400", "2007-09-30": 17.944, "2007-06-30": -14.101, "2007-03-31": -102.76, "2006-12-31": "14.94600", "2006-09-30": 114.523, "2006-06-30": -104.501, "2006-03-31": -288.578, "2005-12-31": "288.57800", "2005-09-30": 11.525, "2005-06-30": -55.996, "2005-03-31": -26.791}, "Net Change In Short-term Investments": {"2020-11-30": 0, "2020-08-31": 0, "2020-05-31": 0, "2020-02-29": "", "2019-11-30": 0, "2019-08-31": 0, "2019-05-31": 0, "2019-02-28": "", "2018-11-30": 0, "2018-09-30": 0, "2018-06-30": 0, "2018-05-31": 0, "2018-03-31": 0, "2018-02-28": "", "2017-12-31": "", "2017-11-30": 0, "2017-09-30": 0, "2017-06-30": 0, "2017-03-31": 0, "2016-12-31": "", "2016-09-30": 0, "2016-06-30": 0, "2016-03-31": 0, "2015-12-31": "", "2015-09-30": 0, "2015-06-30": 0, "2015-03-31": 0, "2014-12-31": "", "2014-09-30": 0, "2014-06-30": 0, "2014-03-31": 0, "2013-12-31": "", "2013-09-30": 0, "2013-06-30": 0, "2013-03-31": 0, "2012-12-31": "", "2012-09-30": 0, "2012-06-30": 0, "2012-03-31": 0, "2011-12-31": "", "2011-09-30": 0, "2011-06-30": 0, "2011-03-31": 0, "2010-12-31": "", "2010-09-30": 0, "2010-06-30": 0, "2010-03-31": 0, "2009-12-31": "", "2009-09-30": 0, "2009-06-30": 0, "2009-03-31": 0, "2008-12-31": "", "2008-09-30": 0, "2008-06-30": 0, "2008-03-31": 0, "2007-12-31": "", "2007-09-30": 0, "2007-06-30": 0, "2007-03-31": 0, "2006-12-31": "", "2006-09-30": 0, "2006-06-30": 0, "2006-03-31": 0, "2005-12-31": "", "2005-09-30": 0, "2005-06-30": 0, "2005-03-31": 0}, "Net Change In Long-Term Investments": {"2020-11-30": -298.843, "2020-08-31": -8.593, "2020-05-31": -498.036, "2020-02-29": "-863.09200", "2019-11-30": 718.758, "2019-08-31": -95.977, "2019-05-31": 194.05, "2019-02-28": "1147.80200", "2018-11-30": 442.213, "2018-09-30": -230.659, "2018-06-30": 0, "2018-05-31": -703.524, "2018-03-31": 0, "2018-02-28": "-1853.34600", "2017-12-31": "-3491.75800", "2017-11-30": -285.922, "2017-09-30": -449.588, "2017-06-30": -1411.565, "2017-03-31": -487.6099, "2016-12-31": "-857.07310", "2016-09-30": -180.379, "2016-06-30": -5.503, "2016-03-31": -423.4838, "2015-12-31": "-54.60620", "2015-09-30": 397.9331, "2015-06-30": -243.106, "2015-03-31": 1741.273, "2014-12-31": "-1711.54800", "2014-09-30": -315.7278, "2014-06-30": -108.1011, "2014-03-31": 2063.997, "2013-12-31": "-1970.94300", "2013-09-30": -44.3798, "2013-06-30": 22.2318, "2013-03-31": 938.6989, "2012-12-31": "-852.46590", "2012-09-30": -1.0512, "2012-06-30": -46.067, "2012-03-31": -537.7759, "2011-12-31": "1076.48300", "2011-09-30": -111.693, "2011-06-30": -23.586, "2011-03-31": 680.7501, "2010-12-31": "-877.85710", "2010-09-30": -219.477, "2010-06-30": -33.361, "2010-03-31": 186.1908, "2009-12-31": "-58.50980", "2009-09-30": 74.988, "2009-06-30": -66.474, "2009-03-31": 442.3095, "2008-12-31": "-427.04250", "2008-09-30": -61.9182, "2008-06-30": -204.7352, "2008-03-31": 630.0684, "2007-12-31": "-839.25630", "2007-09-30": -407.8052, "2007-06-30": -300.273, "2007-03-31": 283.9219, "2006-12-31": "-299.87890", "2006-09-30": -117.3521, "2006-06-30": 37.5722, "2006-03-31": -86.3341, "2005-12-31": "-143.25200", "2005-09-30": 35.0972, "2005-06-30": -179.506, "2005-03-31": 190.266}, "Net Change In Investments - Total": {"2020-11-30": -298.843, "2020-08-31": -8.593, "2020-05-31": -498.036, "2020-02-29": "-863.09200", "2019-11-30": 718.758, "2019-08-31": -95.977, "2019-05-31": 194.05, "2019-02-28": "1147.80200", "2018-11-30": 442.213, "2018-09-30": -230.659, "2018-06-30": 0, "2018-05-31": -703.524, "2018-03-31": 0, "2018-02-28": "-1853.34600", "2017-12-31": "-3491.75800", "2017-11-30": -285.922, "2017-09-30": -449.588, "2017-06-30": -1411.565, "2017-03-31": -487.6099, "2016-12-31": "-857.07310", "2016-09-30": -180.379, "2016-06-30": -5.503, "2016-03-31": -423.4838, "2015-12-31": "-54.60620", "2015-09-30": 397.9331, "2015-06-30": -243.106, "2015-03-31": 1741.273, "2014-12-31": "-1711.54800", "2014-09-30": -315.7278, "2014-06-30": -108.1011, "2014-03-31": 2063.997, "2013-12-31": "-1970.94300", "2013-09-30": -44.3798, "2013-06-30": 22.2318, "2013-03-31": 938.6989, "2012-12-31": "-852.46590", "2012-09-30": -1.0512, "2012-06-30": -46.067, "2012-03-31": -537.7759, "2011-12-31": "1076.48300", "2011-09-30": -111.693, "2011-06-30": -23.586, "2011-03-31": 680.7501, "2010-12-31": "-877.85710", "2010-09-30": -219.477, "2010-06-30": -33.361, "2010-03-31": 186.1908, "2009-12-31": "-58.50980", "2009-09-30": 74.988, "2009-06-30": -66.474, "2009-03-31": 442.3095, "2008-12-31": "-427.04250", "2008-09-30": -61.9182, "2008-06-30": -204.7352, "2008-03-31": 630.0684, "2007-12-31": "-839.25630", "2007-09-30": -407.8052, "2007-06-30": -300.273, "2007-03-31": 283.9219, "2006-12-31": "-299.87890", "2006-09-30": -117.3521, "2006-06-30": 37.5722, "2006-03-31": -86.3341, "2005-12-31": "-143.25200", "2005-09-30": 35.0972, "2005-06-30": -179.506, "2005-03-31": 190.266}, "Investing Activities - Other": {"2020-11-30": 151.669, "2020-08-31": 7.819, "2020-05-31": 441.533, "2020-02-29": "873.53400", "2019-11-30": -37.375, "2019-08-31": -56.998, "2019-05-31": -13.211, "2019-02-28": "-29.20400", "2018-11-30": -140.018, "2018-09-30": 41.674, "2018-06-30": 0, "2018-05-31": 1145.851, "2018-03-31": 16.542, "2018-02-28": "1635.32400", "2017-12-31": "3242.34200", "2017-11-30": 290.072, "2017-09-30": 247.645, "2017-06-30": 1496.289, "2017-03-31": 767.812, "2016-12-31": "440.52400", "2016-09-30": 162.855, "2016-06-30": 97.904, "2016-03-31": -1051.946, "2015-12-31": "1103.00300", "2015-09-30": 204.817, "2015-06-30": 458.335, "2015-03-31": -2269.55, "2014-12-31": "2567.46300", "2014-09-30": 168.291, "2014-06-30": 366.727, "2014-03-31": -1822.252, "2013-12-31": "2397.33900", "2013-09-30": 715.502, "2013-06-30": 667.686, "2013-03-31": -786.742, "2012-12-31": "798.61200", "2012-09-30": 436.09, "2012-06-30": 28.954, "2012-03-31": -323.31, "2011-12-31": "342.48900", "2011-09-30": 30.27, "2011-06-30": 277.613, "2011-03-31": -508.248, "2010-12-31": "517.57600", "2010-09-30": 5.313, "2010-06-30": 33.387, "2010-03-31": -136.127, "2009-12-31": "141.11800", "2009-09-30": 44.033, "2009-06-30": 58.917, "2009-03-31": -185.721, "2008-12-31": "216.73100", "2008-09-30": 76.251, "2008-06-30": 56.324, "2008-03-31": 25.988, "2007-12-31": "21.76700", "2007-09-30": 24.691, "2007-06-30": 35.036, "2007-03-31": -24.497, "2006-12-31": "20.44700", "2006-09-30": 50.06, "2006-06-30": -23.327, "2006-03-31": -14.604, "2005-12-31": "5.85600", "2005-09-30": 0.606, "2005-06-30": 1.764, "2005-03-31": 0.749}, "Cash Flow From Investing Activities": {"2020-11-30": 2.212, "2020-08-31": -24.986, "2020-05-31": -114.108, "2020-02-29": "-49.31000", "2019-11-30": 603.921, "2019-08-31": -99.608, "2019-05-31": 127.93, "2019-02-28": "1074.85200", "2018-11-30": 260.984, "2018-09-30": -126.662, "2018-06-30": 0, "2018-05-31": 264.882, "2018-03-31": 0, "2018-02-28": "-256.76100", "2017-12-31": "-54.63400", "2017-11-30": -25.88, "2017-09-30": -224.553, "2017-06-30": 70.418, "2017-03-31": 761.596, "2016-12-31": "-636.21500", "2016-09-30": -79.019, "2016-06-30": 32.93, "2016-03-31": -1293.622, "2015-12-31": "781.16500", "2015-09-30": 533.441, "2015-06-30": 142.473, "2015-03-31": -181.163, "2014-12-31": "449.08300", "2014-09-30": -224.069, "2014-06-30": 159.024, "2014-03-31": -2756.135, "2013-12-31": "3323.62200", "2013-09-30": 638.243, "2013-06-30": 646.674, "2013-03-31": 3127.299, "2012-12-31": "-16.61900", "2012-09-30": 421.509, "2012-06-30": -31.243, "2012-03-31": 148.989, "2011-12-31": "390.66900", "2011-09-30": -90.267, "2011-06-30": 157.037, "2011-03-31": 29.197, "2010-12-31": "-208.71800", "2010-09-30": -162.977, "2010-06-30": -9.017, "2010-03-31": 55.12, "2009-12-31": "71.97100", "2009-09-30": 111.013, "2009-06-30": -15.516, "2009-03-31": 440.038, "2008-12-31": "-403.03100", "2008-09-30": -34.638, "2008-06-30": -214.289, "2008-03-31": 752.387, "2007-12-31": "-957.35900", "2007-09-30": -407.008, "2007-06-30": -295.888, "2007-03-31": 72.444, "2006-12-31": "-186.17600", "2006-09-30": 26.944, "2006-06-30": -119.526, "2006-03-31": -122.44, "2005-12-31": "22.59100", "2005-09-30": -11.733, "2005-06-30": -260.346, "2005-03-31": 147.46}, "Net Long-Term Debt": {"2020-11-30": -274.7271, "2020-08-31": 950.187, "2020-05-31": -459.3851, "2020-02-29": "53.91710", "2019-11-30": 895.945, "2019-08-31": 708.1211, "2019-05-31": 398.3489, "2019-02-28": "218.29000", "2018-11-30": -4.0409, "2018-09-30": -128.9121, "2018-06-30": 0, "2018-05-31": -197.487, "2018-03-31": 23.313, "2018-02-28": "886.51200", "2017-12-31": "773.58910", "2017-11-30": 211.8221, "2017-09-30": 158.735, "2017-06-30": -232.5379, "2017-03-31": 297.6829, "2016-12-31": "337.88700", "2016-09-30": 8.6321, "2016-06-30": -504.144, "2016-03-31": 1094.774, "2015-12-31": "-747.66800", "2015-09-30": -514.868, "2015-06-30": -132.631, "2015-03-31": -681.484, "2014-12-31": "1038.77300", "2014-09-30": 353.723, "2014-06-30": 540.986, "2014-03-31": -52.193, "2013-12-31": "258.63600", "2013-09-30": -310.312, "2013-06-30": -384.559, "2013-03-31": 667.051, "2012-12-31": "-571.90200", "2012-09-30": -28.8241, "2012-06-30": -86.198, "2012-03-31": -404.065, "2011-12-31": "-51.44200", "2011-09-30": -159.594, "2011-06-30": 43.238, "2011-03-31": -44.786, "2010-12-31": "116.69600", "2010-09-30": 146.99, "2010-06-30": 23.873, "2010-03-31": 3.658, "2009-12-31": "7.15600", "2009-09-30": 25.552, "2009-06-30": -10.268, "2009-03-31": -75.745, "2008-12-31": "72.79500", "2008-09-30": 8.756, "2008-06-30": 28.744, "2008-03-31": -896.264, "2007-12-31": "942.34300", "2007-09-30": 451.385, "2007-06-30": 29.984, "2007-03-31": 463.471, "2006-12-31": "30.45300", "2006-09-30": -72.467, "2006-06-30": 58.288, "2006-03-31": 436.483, "2005-12-31": "-394.60700", "2005-09-30": 41.989, "2005-06-30": -30.351, "2005-03-31": 0.149}, "Net Current Debt": {"2020-11-30": 3.095, "2020-08-31": -34.632, "2020-05-31": 31.392, "2020-02-29": "-34.51800", "2019-11-30": 35.596, "2019-08-31": 5.324, "2019-05-31": -5.992, "2019-02-28": "-8.36000", "2018-11-30": 7.921, "2018-09-30": 5.091, "2018-06-30": 0, "2018-05-31": -5.082, "2018-03-31": 0, "2018-02-28": "2.36000", "2017-12-31": "17.67400", "2017-11-30": 19.156, "2017-09-30": 85.22, "2017-06-30": 16.216, "2017-03-31": -261.264, "2016-12-31": "158.34600", "2016-09-30": 32.7, "2016-06-30": 30.813, "2016-03-31": -297.433, "2015-12-31": "298.65900", "2015-09-30": -350, "2015-06-30": -49.998, "2015-03-31": 399.998, "2014-12-31": "", "2014-09-30": 80, "2014-06-30": 0, "2014-03-31": 88, "2013-12-31": "-88.00000", "2013-09-30": 50, "2013-06-30": -100, "2013-03-31": 0, "2012-12-31": "", "2012-09-30": 0, "2012-06-30": 0, "2012-03-31": 0, "2011-12-31": "", "2011-09-30": 0, "2011-06-30": 0, "2011-03-31": 0, "2010-12-31": "", "2010-09-30": 0, "2010-06-30": 0, "2010-03-31": 0, "2009-12-31": "", "2009-09-30": 0, "2009-06-30": 0, "2009-03-31": 0, "2008-12-31": "", "2008-09-30": 0, "2008-06-30": 0, "2008-03-31": 0, "2007-12-31": "", "2007-09-30": 0, "2007-06-30": 0, "2007-03-31": 0, "2006-12-31": "", "2006-09-30": 0, "2006-06-30": 0, "2006-03-31": 0, "2005-12-31": "", "2005-09-30": 0, "2005-06-30": 0, "2005-03-31": 0}, "Debt Issuance/Retirement Net - Total": {"2020-11-30": -271.6321, "2020-08-31": 915.555, "2020-05-31": -427.9931, "2020-02-29": "19.39910", "2019-11-30": 931.541, "2019-08-31": 713.4451, "2019-05-31": 392.3569, "2019-02-28": "209.93000", "2018-11-30": 3.8801, "2018-09-30": -123.8211, "2018-06-30": 0, "2018-05-31": -202.569, "2018-03-31": 23.3131, "2018-02-28": "888.87190", "2017-12-31": "791.26310", "2017-11-30": 230.9781, "2017-09-30": 243.955, "2017-06-30": -216.322, "2017-03-31": 36.419, "2016-12-31": "496.23300", "2016-09-30": 41.332, "2016-06-30": -473.331, "2016-03-31": 797.341, "2015-12-31": "-449.00900", "2015-09-30": -864.868, "2015-06-30": -182.629, "2015-03-31": -281.486, "2014-12-31": "1038.77300", "2014-09-30": 433.723, "2014-06-30": 540.986, "2014-03-31": 35.807, "2013-12-31": "170.63600", "2013-09-30": -260.312, "2013-06-30": -484.559, "2013-03-31": 667.051, "2012-12-31": "-571.90200", "2012-09-30": -28.8241, "2012-06-30": -86.198, "2012-03-31": -404.065, "2011-12-31": "-51.44200", "2011-09-30": -159.594, "2011-06-30": 43.238, "2011-03-31": -44.786, "2010-12-31": "116.69600", "2010-09-30": 146.99, "2010-06-30": 23.873, "2010-03-31": 3.658, "2009-12-31": "7.15600", "2009-09-30": 25.552, "2009-06-30": -10.268, "2009-03-31": -75.745, "2008-12-31": "72.79500", "2008-09-30": 8.756, "2008-06-30": 28.744, "2008-03-31": -896.264, "2007-12-31": "942.34300", "2007-09-30": 451.385, "2007-06-30": 29.984, "2007-03-31": 463.471, "2006-12-31": "30.45300", "2006-09-30": -72.467, "2006-06-30": 58.288, "2006-03-31": 436.483, "2005-12-31": "-394.60700", "2005-09-30": 41.989, "2005-06-30": -30.351, "2005-03-31": 0.149}, "Net Common Equity Issued/Repurchased": {"2020-11-30": -193.402, "2020-08-31": -128.216, "2020-05-31": -185.066, "2020-02-29": "-310.18700", "2019-11-30": -137.065, "2019-08-31": -8.141, "2019-05-31": -150.047, "2019-02-28": "-214.66100", "2018-11-30": -495.019, "2018-09-30": -73.406, "2018-06-30": 0, "2018-05-31": -559.729, "2018-03-31": 0, "2018-02-28": "-2.70000", "2017-12-31": "-98.97600", "2017-11-30": -24.334, "2017-09-30": -42.516, "2017-06-30": -28.671, "2017-03-31": 90.503, "2016-12-31": "-93.95800", "2016-09-30": -25.267, "2016-06-30": -24.53, "2016-03-31": 115.438, "2015-12-31": "-124.53100", "2015-09-30": -91.186, "2015-06-30": -3.008, "2015-03-31": 47.144, "2014-12-31": "-73.53800", "2014-09-30": -2.901, "2014-06-30": -3.876, "2014-03-31": -11.651, "2013-12-31": "-34.46700", "2013-09-30": -6.181, "2013-06-30": -22.939, "2013-03-31": 0, "2012-12-31": "", "2012-09-30": 0, "2012-06-30": 0, "2012-03-31": -6.971, "2011-12-31": "6.97100", "2011-09-30": 0.273, "2011-06-30": 5.513, "2011-03-31": -9.937, "2010-12-31": "11.27700", "2010-09-30": 0, "2010-06-30": 0.358, "2010-03-31": -0.697, "2009-12-31": "0.95800", "2009-09-30": 0.391, "2009-06-30": 0.175, "2009-03-31": -106.202, "2008-12-31": "106.20200", "2008-09-30": 1.294, "2008-06-30": 104.292, "2008-03-31": -252.662, "2007-12-31": "253.27800", "2007-09-30": 245.694, "2007-06-30": 0.581, "2007-03-31": 0.189, "2006-12-31": "3.65100", "2006-09-30": 1.881, "2006-06-30": 0.41, "2006-03-31": -2.442, "2005-12-31": "3.52200", "2005-09-30": 0.197, "2005-06-30": 1.165, "2005-03-31": 0.222}, "Net Total Equity Issued/Repurchased": {"2020-11-30": -193.402, "2020-08-31": -128.216, "2020-05-31": -185.066, "2020-02-29": "-310.18700", "2019-11-30": -137.065, "2019-08-31": -8.141, "2019-05-31": -150.047, "2019-02-28": "-214.66100", "2018-11-30": -495.019, "2018-09-30": -73.406, "2018-06-30": 0, "2018-05-31": -559.729, "2018-03-31": 0, "2018-02-28": "-2.70000", "2017-12-31": "-98.97600", "2017-11-30": -24.334, "2017-09-30": -42.516, "2017-06-30": -28.671, "2017-03-31": 90.503, "2016-12-31": "-93.95800", "2016-09-30": -25.267, "2016-06-30": -24.53, "2016-03-31": 115.438, "2015-12-31": "-124.53100", "2015-09-30": -91.186, "2015-06-30": -3.008, "2015-03-31": 47.144, "2014-12-31": "-73.53800", "2014-09-30": -2.901, "2014-06-30": -3.876, "2014-03-31": -11.651, "2013-12-31": "-34.46700", "2013-09-30": -6.181, "2013-06-30": -22.939, "2013-03-31": 0, "2012-12-31": "", "2012-09-30": 0, "2012-06-30": 0, "2012-03-31": -6.971, "2011-12-31": "6.97100", "2011-09-30": 0.273, "2011-06-30": 5.513, "2011-03-31": -9.937, "2010-12-31": "11.27700", "2010-09-30": 0, "2010-06-30": 0.358, "2010-03-31": -0.697, "2009-12-31": "0.95800", "2009-09-30": 0.391, "2009-06-30": 0.175, "2009-03-31": -106.202, "2008-12-31": "106.20200", "2008-09-30": 1.294, "2008-06-30": 104.292, "2008-03-31": -252.662, "2007-12-31": "253.27800", "2007-09-30": 245.694, "2007-06-30": 0.581, "2007-03-31": 0.189, "2006-12-31": "3.65100", "2006-09-30": 1.881, "2006-06-30": 0.41, "2006-03-31": -2.442, "2005-12-31": "3.52200", "2005-09-30": 0.197, "2005-06-30": 1.165, "2005-03-31": 0.222}, "Total Common And Preferred Stock Dividends Paid": {"2020-11-30": -36.35, "2020-08-31": -40.938, "2020-05-31": -40.859, "2020-02-29": "-42.79300", "2019-11-30": -34.711, "2019-08-31": -37.892, "2019-05-31": -39.227, "2019-02-28": "-37.81700", "2018-11-30": -39.982, "2018-09-30": -41.726, "2018-06-30": 0, "2018-05-31": -34.06, "2018-03-31": 0, "2018-02-28": "-35.99000", "2017-12-31": "-129.43800", "2017-11-30": -38.376, "2017-09-30": -36.306, "2017-06-30": -32.046, "2017-03-31": 87.13, "2016-12-31": "-109.84000", "2016-09-30": -23.944, "2016-06-30": -23.461, "2016-03-31": 76.555, "2015-12-31": "-99.82700", "2015-09-30": -23.126, "2015-06-30": -23.17, "2015-03-31": 77.509, "2014-12-31": "-100.86800", "2014-09-30": -23.985, "2014-06-30": -23.988, "2014-03-31": 422.457, "2013-12-31": "-446.42100", "2013-09-30": -24.216, "2013-06-30": -329.801, "2013-03-31": 37.215, "2012-12-31": "-65.05500", "2012-09-30": -0.728, "2012-06-30": -2.431, "2012-03-31": 66.989, "2011-12-31": "-66.98900", "2011-09-30": 0, "2011-06-30": 0, "2011-03-31": 60.952, "2010-12-31": "-60.95200", "2010-09-30": 0, "2010-06-30": 0, "2010-03-31": 0, "2009-12-31": "", "2009-09-30": 0, "2009-06-30": 0, "2009-03-31": 0, "2008-12-31": "", "2008-09-30": 0, "2008-06-30": 0, "2008-03-31": 55.644, "2007-12-31": "-55.64400", "2007-09-30": 0, "2007-06-30": 0, "2007-03-31": 54.085, "2006-12-31": "-54.08500", "2006-09-30": 0, "2006-06-30": 0, "2006-03-31": 27.008, "2005-12-31": "-27.00800", "2005-09-30": 0, "2005-06-30": 0, "2005-03-31": 0}, "Financial Activities - Other": {"2020-11-30": -0.422, "2020-08-31": 1.3, "2020-05-31": 0.663, "2020-02-29": "17.41600", "2019-11-30": -5.697, "2019-08-31": 0.277, "2019-05-31": 3.075, "2019-02-28": "4.21100", "2018-11-30": -7.283, "2018-09-30": 2.661, "2018-06-30": 0, "2018-05-31": 120.703, "2018-03-31": -23.313, "2018-02-28": "24.32600", "2017-12-31": "-128.04800", "2017-11-30": 48.55, "2017-09-30": -190.418, "2017-06-30": -5.398, "2017-03-31": 80.747, "2016-12-31": "-61.52900", "2016-09-30": -10.454, "2016-06-30": 14.163, "2016-03-31": 73.673, "2015-12-31": "21.38400", "2015-09-30": 0.499, "2015-06-30": 0.637, "2015-03-31": -52.636, "2014-12-31": "53.41500", "2014-09-30": 32.984, "2014-06-30": 0.891, "2014-03-31": -30.188, "2013-12-31": "39.74500", "2013-09-30": 16.845, "2013-06-30": -2.567, "2013-03-31": -5.519, "2012-12-31": "-14.75100", "2012-09-30": -6.422, "2012-06-30": -4.61, "2012-03-31": -9.486, "2011-12-31": "4.82300", "2011-09-30": -4.264, "2011-06-30": -0.327, "2011-03-31": -1.005, "2010-12-31": "-2.35700", "2010-09-30": -0.617, "2010-06-30": -0.365, "2010-03-31": 28.798, "2009-12-31": "-30.06200", "2009-09-30": -1.208, "2009-06-30": -26.503, "2009-03-31": 3.149, "2008-12-31": "-4.17900", "2008-09-30": 0.422, "2008-06-30": 3.315, "2008-03-31": -0.084, "2007-12-31": "5.48300", "2007-09-30": 1.853, "2007-06-30": -0.491, "2007-03-31": -11.898, "2006-12-31": "14.76900", "2006-09-30": 5.266, "2006-06-30": 0.532, "2006-03-31": 25.507, "2005-12-31": "-24.56500", "2005-09-30": -18.485, "2005-06-30": -5.095, "2005-03-31": -1.649}, "Cash Flow From Financial Activities": {"2020-11-30": -501.806, "2020-08-31": 747.701, "2020-05-31": -653.255, "2020-02-29": "-316.16500", "2019-11-30": 754.068, "2019-08-31": 667.689, "2019-05-31": 206.158, "2019-02-28": "-38.33700", "2018-11-30": -538.404, "2018-09-30": -236.292, "2018-06-30": 0, "2018-05-31": -675.655, "2018-03-31": 0, "2018-02-28": "874.50800", "2017-12-31": "434.80100", "2017-11-30": 216.818, "2017-09-30": -25.285, "2017-06-30": -282.437, "2017-03-31": 294.799, "2016-12-31": "230.90600", "2016-09-30": -18.333, "2016-06-30": -507.159, "2016-03-31": 1063.007, "2015-12-31": "-651.98300", "2015-09-30": -978.681, "2015-06-30": -208.17, "2015-03-31": -209.469, "2014-12-31": "917.78200", "2014-09-30": 439.821, "2014-06-30": 514.013, "2014-03-31": 416.425, "2013-12-31": "-270.50700", "2013-09-30": -273.864, "2013-06-30": -839.866, "2013-03-31": 698.747, "2012-12-31": "-651.70800", "2012-09-30": -35.974, "2012-06-30": -93.239, "2012-03-31": -353.533, "2011-12-31": "-106.63700", "2011-09-30": -163.585, "2011-06-30": 48.424, "2011-03-31": 5.224, "2010-12-31": "64.66400", "2010-09-30": 146.373, "2010-06-30": 23.866, "2010-03-31": 31.759, "2009-12-31": "-21.94800", "2009-09-30": 24.735, "2009-06-30": -36.596, "2009-03-31": -178.798, "2008-12-31": "174.81800", "2008-09-30": 10.472, "2008-06-30": 136.351, "2008-03-31": -1093.366, "2007-12-31": "1145.46000", "2007-09-30": 698.932, "2007-06-30": 30.074, "2007-03-31": 505.847, "2006-12-31": "-5.21200", "2006-09-30": -65.32, "2006-06-30": 59.23, "2006-03-31": 486.556, "2005-12-31": "-442.65800", "2005-09-30": 23.701, "2005-06-30": -34.281, "2005-03-31": -1.278}, "Net Cash Flow": {"2020-11-30": 267.079, "2020-08-31": 1902.883, "2020-05-31": 301.06, "2020-02-29": "-1286.48500", "2019-11-30": 1798.654, "2019-08-31": 742.769, "2019-05-31": -339.404, "2019-02-28": "265.75400", "2018-11-30": 210.698, "2018-09-30": 354.181, "2018-06-30": 0, "2018-05-31": -541.799, "2018-03-31": 0, "2018-02-28": "215.07700", "2017-12-31": "1177.39200", "2017-11-30": -75.167, "2017-09-30": 338.241, "2017-06-30": 609.237, "2017-03-31": 170.68, "2016-12-31": "134.40100", "2016-09-30": 248.039, "2016-06-30": 426.87, "2016-03-31": -396.455, "2015-12-31": "-638.12700", "2015-09-30": 68.269, "2015-06-30": -33.492, "2015-03-31": -1121.431, "2014-12-31": "369.18000", "2014-09-30": 61.153, "2014-06-30": 596.198, "2014-03-31": -4078.703, "2013-12-31": "3761.63500", "2013-09-30": 856.448, "2013-06-30": 413.224, "2013-03-31": 3016.991, "2012-12-31": "-22.53000", "2012-09-30": 585.479, "2012-06-30": -18.626, "2012-03-31": 309.651, "2011-12-31": "-272.85000", "2011-09-30": -232.822, "2011-06-30": 225.16, "2011-03-31": -414.62, "2010-12-31": "287.21200", "2010-09-30": 86.938, "2010-06-30": 29.254, "2010-03-31": 148.23, "2009-12-31": "-83.37500", "2009-09-30": 76.488, "2009-06-30": -48.521, "2009-03-31": 186.649, "2008-12-31": "-219.46700", "2008-09-30": -74.577, "2008-06-30": -21.442, "2008-03-31": -368.649, "2007-12-31": "169.77100", "2007-09-30": 227.797, "2007-06-30": -233.103, "2007-03-31": 512.997, "2006-12-31": "-99.75800", "2006-09-30": -55.923, "2006-06-30": -62.804, "2006-03-31": 132.78, "2005-12-31": "-99.99100", "2005-09-30": 50.347, "2005-06-30": -176.074, "2005-03-31": 206.655}, "Stock-Based Compensation": {"2020-11-30": 10.484, "2020-08-31": 8.87, "2020-05-31": 10.737, "2020-02-29": "9.94700", "2019-11-30": 12.812, "2019-08-31": 12.15, "2019-05-31": 13.073, "2019-02-28": "11.81300", "2018-11-30": 10.274, "2018-09-30": 12.777, "2018-06-30": 0, "2018-05-31": 12.767, "2018-03-31": 0, "2018-02-28": "12.43100", "2017-12-31": "48.38400", "2017-11-30": 16.89, "2017-09-30": 11.119, "2017-06-30": 10.392, "2017-03-31": -23.614, "2016-12-31": "33.59700", "2016-09-30": 8.881, "2016-06-30": 9.122, "2016-03-31": -67.154, "2015-12-31": "74.08700", "2015-09-30": 18.983, "2015-06-30": 20.075, "2015-03-31": -77.044, "2014-12-31": "109.83800", "2014-09-30": 24.715, "2014-06-30": 24.571, "2014-03-31": -49.102, "2013-12-31": "87.30900", "2013-09-30": 27.775, "2013-06-30": 30.614, "2013-03-31": -12.63, "2012-12-31": "14.45900", "2012-09-30": 3.393, "2012-06-30": 3.447, "2012-03-31": -19.372, "2011-12-31": "23.26400", "2011-09-30": 4.383, "2011-06-30": 13.436, "2011-03-31": -3.236, "2010-12-31": "4.26000", "2010-09-30": 0.691, "2010-06-30": 0.697, "2010-03-31": -9.092, "2009-12-31": "11.10600", "2009-09-30": 2.75, "2009-06-30": 2.801, "2009-03-31": -9.444, "2008-12-31": "12.18300", "2008-09-30": 3.646, "2008-06-30": 2.494, "2008-03-31": -8.695, "2007-12-31": "11.17600", "2007-09-30": 2.528, "2007-06-30": 2.591, "2007-03-31": -11.78, "2006-12-31": "15.16400", "2006-09-30": 3.027, "2006-06-30": 9.016, "2006-03-31": 0.347, "2005-12-31": "", "2005-09-30": 0, "2005-06-30": 0, "2005-03-31": 0}, "Common Stock Dividends Paid": {"2020-11-30": -36.35, "2020-08-31": -40.938, "2020-05-31": -40.859, "2020-02-29": "-42.79300", "2019-11-30": -34.711, "2019-08-31": -37.892, "2019-05-31": -39.227, "2019-02-28": "-37.81700", "2018-11-30": -39.982, "2018-09-30": -41.726, "2018-06-30": 0, "2018-05-31": -34.06, "2018-03-31": 0, "2018-02-28": "-35.99000", "2017-12-31": "-129.43800", "2017-11-30": -38.376, "2017-09-30": -36.306, "2017-06-30": -32.046, "2017-03-31": 87.13, "2016-12-31": "-109.84000", "2016-09-30": -23.944, "2016-06-30": -23.461, "2016-03-31": 76.555, "2015-12-31": "-99.82700", "2015-09-30": -23.126, "2015-06-30": -23.17, "2015-03-31": 77.509, "2014-12-31": "-100.86800", "2014-09-30": -23.985, "2014-06-30": -23.988, "2014-03-31": 422.457, "2013-12-31": "-446.42100", "2013-09-30": -24.216, "2013-06-30": -329.801, "2013-03-31": 37.215, "2012-12-31": "-65.05500", "2012-09-30": -0.728, "2012-06-30": -2.431, "2012-03-31": 66.989, "2011-12-31": "-66.98900", "2011-09-30": 0, "2011-06-30": 0, "2011-03-31": 60.952, "2010-12-31": "-60.95200", "2010-09-30": 0, "2010-06-30": 0, "2010-03-31": 0, "2009-12-31": "", "2009-09-30": 0, "2009-06-30": 0, "2009-03-31": 0, "2008-12-31": "", "2008-09-30": 0, "2008-06-30": 0, "2008-03-31": 55.644, "2007-12-31": "-55.64400", "2007-09-30": 0, "2007-06-30": 0, "2007-03-31": 54.085, "2006-12-31": "-54.08500", "2006-09-30": 0, "2006-06-30": 0, "2006-03-31": 27.008, "2005-12-31": "-27.00800", "2005-09-30": 0, "2005-06-30": 0, "2005-03-31": 0}}, "financial ratios": {"Current Ratio": {"2020-11-30": "1.79150", "2019-11-30": "1.76570", "2018-11-30": "1.35700", "2017-12-31": "1.23920", "2017-11-30": "", "2016-12-31": "0.63750", "2015-12-31": "0.42710", "2014-12-31": "0.72270", "2013-12-31": "2.24460", "2012-12-31": "1.24660", "2011-12-31": "1.42910", "2010-12-31": "1.31790", "2009-12-31": "0.88240", "2008-12-31": "1.53960", "2007-12-31": "3.73980", "2006-12-31": "4.18240", "2005-12-31": "4.69780"}, "Long-term Debt / Capital": {"2020-11-30": "0.51850", "2019-11-30": "0.50670", "2018-11-30": "0.48410", "2017-12-31": "0.51420", "2017-11-30": "", "2016-12-31": "0.49750", "2015-12-31": "0.49880", "2014-12-31": "0.51760", "2013-12-31": "0.51230", "2012-12-31": "0.16720", "2011-12-31": "0.23280", "2010-12-31": "0.18190", "2009-12-31": "0.27480", "2008-12-31": "0.40470", "2007-12-31": "0.26460", "2006-12-31": "0.20020", "2005-12-31": "0.21230"}, "Debt/Equity Ratio": {"2020-11-30": "2.03890", "2019-11-30": "1.86590", "2018-11-30": "1.83410", "2017-12-31": "1.95550", "2017-11-30": "", "2016-12-31": "1.70010", "2015-12-31": "1.97710", "2014-12-31": "2.10320", "2013-12-31": "2.11130", "2012-12-31": "0.25860", "2011-12-31": "0.37570", "2010-12-31": "0.30050", "2009-12-31": "0.45040", "2008-12-31": "0.77220", "2007-12-31": "0.38350", "2006-12-31": "0.29780", "2005-12-31": "0.31740"}, "Gross Margin": {"2020-11-30": "94.36710", "2019-11-30": "91.78930", "2018-11-30": "91.84200", "2017-12-31": "93.10960", "2017-11-30": "93.10960", "2016-12-31": "88.89630", "2015-12-31": "29.47910", "2014-12-31": "30.14150", "2013-12-31": "27.41330", "2012-12-31": "20.46700", "2011-12-31": "66.39390", "2010-12-31": "74.45850", "2009-12-31": "50.40940", "2008-12-31": "20.66150", "2007-12-31": "34.75490", "2006-12-31": "55.20130", "2005-12-31": "59.20310"}, "Operating Margin": {"2020-11-30": "23.44350", "2019-11-30": "12.81160", "2018-11-30": "11.24560", "2017-12-31": "20.99130", "2017-11-30": "20.99130", "2016-12-31": "0.00050", "2015-12-31": "4.09720", "2014-12-31": "3.98750", "2013-12-31": "5.53740", "2012-12-31": "14.39060", "2011-12-31": "5.18340", "2010-12-31": "31.82030", "2009-12-31": "-41.92470", "2008-12-31": "-75.73410", "2007-12-31": "-5.30290", "2006-12-31": "15.51230", "2005-12-31": "19.48660"}, "EBIT Margin": {"2020-11-30": "24.85540", "2019-11-30": "15.05100", "2018-11-30": "13.61670", "2017-12-31": "23.47330", "2017-11-30": "23.47330", "2016-12-31": "3.15520", "2015-12-31": "5.16090", "2014-12-31": "5.04040", "2013-12-31": "6.35240", "2012-12-31": "15.37510", "2011-12-31": "22.56610", "2010-12-31": "42.08880", "2009-12-31": "-19.54080", "2008-12-31": "-46.10390", "2007-12-31": "4.35490", "2006-12-31": "24.71530", "2005-12-31": "28.98430"}, "EBITDA Margin": {"2020-11-30": "27.22440", "2019-11-30": "18.38430", "2018-11-30": "15.40750", "2017-12-31": "25.06150", "2017-11-30": "25.06150", "2016-12-31": "5.51450", "2015-12-31": "6.74150", "2014-12-31": "6.25690", "2013-12-31": "7.68530", "2012-12-31": "17.18390", "2011-12-31": "37.60170", "2010-12-31": "50.88470", "2009-12-31": "-4.52410", "2008-12-31": "-31.36850", "2007-12-31": "8.02990", "2006-12-31": "27.49740", "2005-12-31": "56.45220"}, "Pre-Tax Profit Margin": {"2020-11-30": "17.75250", "2019-11-30": "12.29410", "2018-11-30": "7.86660", "2017-12-31": "14.87460", "2017-11-30": "14.87460", "2016-12-31": "-0.41480", "2015-12-31": "3.27500", "2014-12-31": "3.31890", "2013-12-31": "5.23310", "2012-12-31": "15.33330", "2011-12-31": "14.83320", "2010-12-31": "31.82030", "2009-12-31": "-41.92470", "2008-12-31": "-75.73410", "2007-12-31": "-5.30290", "2006-12-31": "15.51230", "2005-12-31": "19.48660"}, "Net Profit Margin": {"2020-11-30": "12.80360", "2019-11-30": "24.64930", "2018-11-30": "27.16020", "2017-12-31": "4.10430", "2017-11-30": "4.10430", "2016-12-31": "4.14900", "2015-12-31": "2.56820", "2014-12-31": "1.77870", "2013-12-31": "3.54160", "2012-12-31": "9.08560", "2011-12-31": "3.92620", "2010-12-31": "161.14690", "2009-12-31": "95.66630", "2008-12-31": "-516.86410", "2007-12-31": "41.93400", "2006-12-31": "21.95490", "2005-12-31": "237.14760"}, "Asset Turnover": {"2020-11-30": "0.11320", "2019-11-30": "0.07870", "2018-11-30": "0.07990", "2017-12-31": "0.08640", "2017-11-30": "", "2016-12-31": "0.06730", "2015-12-31": "0.23500", "2014-12-31": "0.21830", "2013-12-31": "0.21780", "2012-12-31": "1.00590", "2011-12-31": "0.06940", "2010-12-31": "0.12870", "2009-12-31": "0.08510", "2008-12-31": "0.09440", "2007-12-31": "0.14210", "2006-12-31": "0.16270", "2005-12-31": "0.13110"}, "Inventory Turnover Ratio": {"2020-11-30": "", "2019-11-30": "", "2018-11-30": "", "2017-12-31": "", "2017-11-30": "", "2016-12-31": "", "2015-12-31": "", "2014-12-31": "", "2013-12-31": "", "2012-12-31": "", "2011-12-31": "0.60910", "2010-12-31": "5.27420", "2009-12-31": "", "2008-12-31": "", "2007-12-31": "", "2006-12-31": "", "2005-12-31": ""}, "Receiveable Turnover": {"2020-11-30": "0.90950", "2019-11-30": "0.67770", "2018-11-30": "0.59870", "2017-12-31": "0.75240", "2017-11-30": "", "2016-12-31": "", "2015-12-31": "", "2014-12-31": "", "2013-12-31": "0.62430", "2012-12-31": "8.73080", "2011-12-31": "1.89560", "2010-12-31": "8.00550", "2009-12-31": "3.51030", "2008-12-31": "3.54530", "2007-12-31": "8.63380", "2006-12-31": "12.35530", "2005-12-31": "1.82890"}, "Days Sales In Receivables": {"2020-11-30": "401.30600", "2019-11-30": "538.55940", "2018-11-30": "609.69200", "2017-12-31": "485.09310", "2017-11-30": "", "2016-12-31": "", "2015-12-31": "", "2014-12-31": "", "2013-12-31": "584.64240", "2012-12-31": "41.80600", "2011-12-31": "192.55010", "2010-12-31": "45.59390", "2009-12-31": "103.97980", "2008-12-31": "102.95290", "2007-12-31": "42.27590", "2006-12-31": "29.54200", "2005-12-31": "199.57560"}, "ROE - Return On Equity": {"2020-11-30": "8.14120", "2019-11-30": "10.02490", "2018-11-30": "2.74910", "2017-12-31": "-0.35290", "2017-11-30": "", "2016-12-31": "-0.37230", "2015-12-31": "2.35610", "2014-12-31": "2.07570", "2013-12-31": "4.02140", "2012-12-31": "13.33650", "2011-12-31": "0.53290", "2010-12-31": "27.29530", "2009-12-31": "12.16080", "2008-12-31": "-95.82610", "2007-12-31": "8.55670", "2006-12-31": "3.33320", "2005-12-31": "33.32520"}, "Return On Tangible Equity": {"2020-11-30": "10.21140", "2019-11-30": "12.53540", "2018-11-30": "3.38370", "2017-12-31": "-0.46620", "2017-11-30": "", "2016-12-31": "-0.49250", "2015-12-31": "3.15430", "2014-12-31": "2.81400", "2013-12-31": "5.52510", "2012-12-31": "15.26250", "2011-12-31": "0.62100", "2010-12-31": "27.46340", "2009-12-31": "12.30490", "2008-12-31": "-98.94060", "2007-12-31": "8.68060", "2006-12-31": "3.38480", "2005-12-31": "34.11790"}, "ROA - Return On Assets": {"2020-11-30": "1.44660", "2019-11-30": "1.94610", "2018-11-30": "0.58790", "2017-12-31": "-0.07590", "2017-11-30": "", "2016-12-31": "-0.08510", "2015-12-31": "0.53220", "2014-12-31": "0.40900", "2013-12-31": "0.85470", "2012-12-31": "9.65400", "2011-12-31": "0.35540", "2010-12-31": "20.32740", "2009-12-31": "7.86670", "2008-12-31": "-49.68530", "2007-12-31": "5.86530", "2006-12-31": "2.44670", "2005-12-31": "23.19650"}, "ROI - Return On Investment": {"2020-11-30": "3.92020", "2019-11-30": "4.94540", "2018-11-30": "1.41840", "2017-12-31": "-0.17150", "2017-11-30": "", "2016-12-31": "-0.18710", "2015-12-31": "1.18090", "2014-12-31": "1.00130", "2013-12-31": "1.96120", "2012-12-31": "11.10670", "2011-12-31": "0.40890", "2010-12-31": "22.32970", "2009-12-31": "8.81880", "2008-12-31": "-57.04090", "2007-12-31": "6.29280", "2006-12-31": "2.66580", "2005-12-31": "26.25160"}, "Book Value Per Share": {"2020-11-30": "37.79170", "2019-11-30": "32.92260", "2018-11-30": "32.77650", "2017-12-31": "28.46210", "2017-11-30": "", "2016-12-31": "28.66700", "2015-12-31": "28.86210", "2014-12-31": "28.21780", "2013-12-31": "27.90650", "2012-12-31": "27.67010", "2011-12-31": "25.26040", "2010-12-31": "28.56090", "2009-12-31": "17.98070", "2008-12-31": "11.30150", "2007-12-31": "25.02760", "2006-12-31": "17.99520", "2005-12-31": "16.94880"}, "Operating Cash Flow Per Share": {"2020-11-30": 9.7576, "2019-11-30": -4.5786, "2018-11-30": -0.159, "2017-12-31": "2.12640", "2017-11-30": 0.5858, "2016-12-31": "1.54070", "2015-12-31": "-2.04540", "2014-12-31": "-2.64420", "2013-12-31": "2.01980", "2012-12-31": "2.59300", "2011-12-31": "-2.27650", "2010-12-31": "1.74130", "2009-12-31": "-0.53820", "2008-12-31": "0.03790", "2007-12-31": "-0.07830", "2006-12-31": "0.41830", "2005-12-31": "1.48640"}, "Free Cash Flow Per Share": {"2020-11-30": 9.8629, "2019-11-30": -4.3884, "2018-11-30": -0.7899, "2017-12-31": "1.87020", "2017-11-30": 0.8948, "2016-12-31": "0.97550", "2015-12-31": "-2.77860", "2014-12-31": "-4.11430", "2013-12-31": "1.61220", "2012-12-31": "2.31870", "2011-12-31": "-2.35900", "2010-12-31": "2.15890", "2009-12-31": "-0.56850", "2008-12-31": "-0.70410", "2007-12-31": "-0.30780", "2006-12-31": "0.77630", "2005-12-31": "0.89110"}}, "financial ratios, quarterly": {"Current Ratio": {"2020-11-30": "1.79150", "2020-08-31": "1.79090", "2020-05-31": "1.51730", "2020-02-29": "1.62660", "2019-11-30": "1.76570", "2019-08-31": "1.42720", "2019-05-31": "1.37100", "2019-02-28": "1.37320", "2018-11-30": "1.35700", "2018-09-30": "0.56690", "2018-06-30": "0.58740", "2018-05-31": "", "2018-03-31": "0.68220", "2018-02-28": "", "2017-12-31": "1.23920", "2017-11-30": "", "2017-09-30": "0.66600", "2017-06-30": "0.61600", "2017-03-31": "0.64180", "2016-12-31": "0.63750", "2016-09-30": "0.50290", "2016-06-30": "0.43750", "2016-03-31": "0.38340", "2015-12-31": "0.42710", "2015-09-30": "2.29960", "2015-06-30": "2.30040", "2015-03-31": "0.94290", "2014-12-31": "0.72270", "2014-09-30": "1.31490", "2014-06-30": "1.24350", "2014-03-31": "1.32400", "2013-12-31": "2.24460", "2013-09-30": "0.43100", "2013-06-30": "0.35960", "2013-03-31": "0.40040", "2012-12-31": "0.14880", "2012-09-30": "1.64230", "2012-06-30": "1.61840", "2012-03-31": "1.40300", "2011-12-31": "1.42910", "2011-09-30": "2.15290", "2011-06-30": "1.80050", "2011-03-31": "1.06570", "2010-12-31": "", "2010-09-30": "0.83340", "2010-06-30": "1.04770", "2010-03-31": "1.03660", "2009-12-31": "", "2009-09-30": "1.42720", "2009-06-30": "1.31290", "2009-03-31": "1.43680", "2008-12-31": "1.53960", "2008-09-30": "2.00530", "2008-06-30": "1.49860", "2008-03-31": "2.03650", "2007-12-31": "3.73980", "2007-09-30": "3.91030", "2007-06-30": "2.73820", "2007-03-31": "3.78420", "2006-12-31": "4.18240", "2006-09-30": "5.11270", "2006-06-30": "3.49330", "2006-03-31": "5.07630", "2005-12-31": "4.69780", "2005-09-30": "2.93330", "2005-06-30": "3.03620", "2005-03-31": "3.17640"}, "Long-term Debt / Capital": {"2020-11-30": "0.51850", "2020-08-31": "0.52290", "2020-05-31": "0.51550", "2020-02-29": "0.52430", "2019-11-30": "0.50670", "2019-08-31": "0.50260", "2019-05-31": "0.50780", "2019-02-28": "0.49910", "2018-11-30": "0.48410", "2018-09-30": "0.49190", "2018-06-30": "0.49290", "2018-05-31": "", "2018-03-31": "0.51380", "2018-02-28": "", "2017-12-31": "0.51420", "2017-11-30": "", "2017-09-30": "0.50500", "2017-06-30": "0.51920", "2017-03-31": "0.50300", "2016-12-31": "0.49750", "2016-09-30": "0.49820", "2016-06-30": "0.49640", "2016-03-31": "0.50100", "2015-12-31": "0.49880", "2015-09-30": "0.52450", "2015-06-30": "0.53110", "2015-03-31": "0.52250", "2014-12-31": "0.51760", "2014-09-30": "0.51480", "2014-06-30": "0.53030", "2014-03-31": "0.52830", "2013-12-31": "0.51230", "2013-09-30": "0.49500", "2013-06-30": "0.50510", "2013-03-31": "0.48150", "2012-12-31": "0.16720", "2012-09-30": "0.12830", "2012-06-30": "0.18360", "2012-03-31": "0.18140", "2011-12-31": "0.23280", "2011-09-30": "0.19620", "2011-06-30": "0.17780", "2011-03-31": "0.17900", "2010-12-31": "", "2010-09-30": "0.25140", "2010-06-30": "0.28970", "2010-03-31": "0.26570", "2009-12-31": "", "2009-09-30": "0.28070", "2009-06-30": "0.31140", "2009-03-31": "0.40320", "2008-12-31": "0.40470", "2008-09-30": "0.25980", "2008-06-30": "0.22620", "2008-03-31": "0.27510", "2007-12-31": "0.26460", "2007-09-30": "0.29560", "2007-06-30": "0.25890", "2007-03-31": "0.26860", "2006-12-31": "0.20020", "2006-09-30": "0.20270", "2006-06-30": "0.21310", "2006-03-31": "0.20770", "2005-12-31": "0.21230", "2005-09-30": "0.28040", "2005-06-30": "0.29560", "2005-03-31": "0.39870"}, "Debt/Equity Ratio": {"2020-11-30": "2.03890", "2020-08-31": "1.94970", "2020-05-31": "2.05640", "2020-02-29": "2.06400", "2019-11-30": "1.86590", "2019-08-31": "1.88180", "2019-05-31": "1.98040", "2019-02-28": "1.98450", "2018-11-30": "1.83410", "2018-09-30": "1.93070", "2018-06-30": "1.85010", "2018-05-31": "", "2018-03-31": "1.90420", "2018-02-28": "", "2017-12-31": "1.95550", "2017-11-30": "", "2017-09-30": "1.85560", "2017-06-30": "1.92810", "2017-03-31": "1.74280", "2016-12-31": "1.70010", "2016-09-30": "1.82910", "2016-06-30": "1.84700", "2016-03-31": "1.83970", "2015-12-31": "1.97710", "2015-09-30": "2.14410", "2015-06-30": "2.20430", "2015-03-31": "2.18910", "2014-12-31": "2.10320", "2014-09-30": "2.07790", "2014-06-30": "2.25590", "2014-03-31": "2.17860", "2013-12-31": "2.11130", "2013-09-30": "2.05800", "2013-06-30": "1.97850", "2013-03-31": "1.74750", "2012-12-31": "0.25860", "2012-09-30": "0.28280", "2012-06-30": "0.29240", "2012-03-31": "0.29050", "2011-12-31": "0.37570", "2011-09-30": "0.32720", "2011-06-30": "0.31330", "2011-03-31": "0.30190", "2010-12-31": "", "2010-09-30": "0.44970", "2010-06-30": "0.50340", "2010-03-31": "0.43270", "2009-12-31": "", "2009-09-30": "0.46300", "2009-06-30": "0.52670", "2009-03-31": "0.77810", "2008-12-31": "0.77220", "2008-09-30": "0.38110", "2008-06-30": "0.31570", "2008-03-31": "0.40820", "2007-12-31": "0.38350", "2007-09-30": "0.46020", "2007-06-30": "0.40150", "2007-03-31": "0.41450", "2006-12-31": "0.29780", "2006-09-30": "0.30240", "2006-06-30": "0.37900", "2006-03-31": "0.32020", "2005-12-31": "0.31740", "2005-09-30": "0.44190", "2005-06-30": "0.44080", "2005-03-31": "0.70230"}, "Gross Margin": {"2020-11-30": "94.47990", "2020-08-31": "94.88560", "2020-05-31": "92.96170", "2020-02-29": "94.77450", "2019-11-30": "92.17680", "2019-08-31": "89.98890", "2019-05-31": "92.70050", "2019-02-28": "91.92210", "2018-11-30": "-65.63810", "2018-09-30": "92.62490", "2018-06-30": "90.04670", "2018-05-31": "90.04670", "2018-03-31": "34.61970", "2018-02-28": "90.84970", "2017-12-31": "-176.19150", "2017-11-30": "-176.19150", "2017-09-30": "91.64790", "2017-06-30": "91.83280", "2017-03-31": "46.54450", "2016-12-31": "-11.56170", "2016-09-30": "36.88880", "2016-06-30": "32.33800", "2016-03-31": "18.21510", "2015-12-31": "29.19860", "2015-09-30": "18.12300", "2015-06-30": "27.79030", "2015-03-31": "39.64160", "2014-12-31": "24.28450", "2014-09-30": "33.35500", "2014-06-30": "28.42370", "2014-03-31": "33.87730", "2013-12-31": "34.47960", "2013-09-30": "24.87660", "2013-06-30": "28.18210", "2013-03-31": "20.33200", "2012-12-31": "38.12350", "2012-09-30": "14.97970", "2012-06-30": "-7.70550", "2012-03-31": "23.56550", "2011-12-31": "167.47350", "2011-09-30": "61.41050", "2011-06-30": "86.24060", "2011-03-31": "65.85160", "2010-12-31": "", "2010-09-30": "44.81160", "2010-06-30": "63.22270", "2010-03-31": "62.39650", "2009-12-31": "", "2009-09-30": "47.71350", "2009-06-30": "33.43240", "2009-03-31": "22.89940", "2008-12-31": "-73.13990", "2008-09-30": "9.47240", "2008-06-30": "31.67490", "2008-03-31": "28.46710", "2007-12-31": "23.03580", "2007-09-30": "30.91000", "2007-06-30": "42.18120", "2007-03-31": "45.04960", "2006-12-31": "45.70820", "2006-09-30": "46.01310", "2006-06-30": "55.31890", "2006-03-31": "66.21730", "2005-12-31": "51.00800", "2005-09-30": "60.52000", "2005-06-30": "51.78630", "2005-03-31": "41.32240"}, "Operating Margin": {"2020-11-30": "26.47740", "2020-08-31": "29.32440", "2020-05-31": "13.74250", "2020-02-29": "20.54560", "2019-11-30": "19.10740", "2019-08-31": "-0.95260", "2019-05-31": "20.12390", "2019-02-28": "8.91700", "2018-11-30": "178.09790", "2018-09-30": "25.92830", "2018-06-30": "5.40060", "2018-05-31": "5.40060", "2018-03-31": "4.35430", "2018-02-28": "5.34250", "2017-12-31": "-33.38130", "2017-11-30": "-33.38130", "2017-09-30": "4.47290", "2017-06-30": "8.93820", "2017-03-31": "19.96280", "2016-12-31": "2.41050", "2016-09-30": "9.47530", "2016-06-30": "4.99600", "2016-03-31": "-13.97130", "2015-12-31": "2.64600", "2015-09-30": "-10.61330", "2015-06-30": "1.03430", "2015-03-31": "18.89470", "2014-12-31": "-0.39150", "2014-09-30": "4.83650", "2014-06-30": "4.79130", "2014-03-31": "6.34250", "2013-12-31": "3.59280", "2013-09-30": "2.65960", "2013-06-30": "3.06220", "2013-03-31": "14.06310", "2012-12-31": "36.42000", "2012-09-30": "7.73870", "2012-06-30": "-16.47730", "2012-03-31": "14.94140", "2011-12-31": "97.90390", "2011-09-30": "8.37040", "2011-06-30": "68.90940", "2011-03-31": "28.00020", "2010-12-31": "", "2010-09-30": "-31.57400", "2010-06-30": "27.76450", "2010-03-31": "18.45000", "2009-12-31": "", "2009-09-30": "-25.79780", "2009-06-30": "-45.90870", "2009-03-31": "-32.54850", "2008-12-31": "237.81820", "2008-09-30": "-43.34820", "2008-06-30": "-10.56130", "2008-03-31": "-10.14560", "2007-12-31": "-27.67230", "2007-09-30": "-3.28190", "2007-06-30": "10.64260", "2007-03-31": "-4.46080", "2006-12-31": "-7.60740", "2006-09-30": "-3.54900", "2006-06-30": "18.59950", "2006-03-31": "38.24960", "2005-12-31": "57.76540", "2005-09-30": "34.98540", "2005-06-30": "14.98700", "2005-03-31": "-14.19600"}, "EBIT Margin": {"2020-11-30": "27.58690", "2020-08-31": "30.65550", "2020-05-31": "15.58630", "2020-02-29": "22.10040", "2019-11-30": "20.67680", "2019-08-31": "1.80920", "2019-05-31": "22.22420", "2019-02-28": "11.69540", "2018-11-30": "2.91390", "2018-09-30": "28.43400", "2018-06-30": "8.06520", "2018-05-31": "8.06520", "2018-03-31": "5.23490", "2018-02-28": "7.74340", "2017-12-31": "-37.86510", "2017-11-30": "-37.86510", "2017-09-30": "7.46070", "2017-06-30": "11.92350", "2017-03-31": "20.91760", "2016-12-31": "1.76560", "2016-09-30": "10.33920", "2016-06-30": "5.86090", "2016-03-31": "-12.86380", "2015-12-31": "3.52670", "2015-09-30": "-9.31720", "2015-06-30": "2.15190", "2015-03-31": "19.88140", "2014-12-31": "0.86270", "2014-09-30": "5.81860", "2014-06-30": "5.81320", "2014-03-31": "7.31360", "2013-12-31": "4.45580", "2013-09-30": "3.34030", "2013-06-30": "3.85480", "2013-03-31": "14.99100", "2012-12-31": "37.11650", "2012-09-30": "8.69080", "2012-06-30": "-15.25490", "2012-03-31": "16.15070", "2011-12-31": "184.35450", "2011-09-30": "22.14360", "2011-06-30": "72.60410", "2011-03-31": "38.20210", "2010-12-31": "", "2010-09-30": "-14.70530", "2010-06-30": "38.65320", "2010-03-31": "30.59490", "2009-12-31": "", "2009-09-30": "-3.87850", "2009-06-30": "-34.51880", "2009-03-31": "-19.21200", "2008-12-31": "100.00000", "2008-09-30": "-28.63690", "2008-06-30": "0.26460", "2008-03-31": "0.86930", "2007-12-31": "-14.69010", "2007-09-30": "5.15630", "2007-06-30": "18.44370", "2007-03-31": "5.72050", "2006-12-31": "2.51250", "2006-09-30": "9.86880", "2006-06-30": "28.20080", "2006-03-31": "44.13080", "2005-12-31": "24.46290", "2005-09-30": "41.51160", "2005-06-30": "23.30190", "2005-03-31": "0.12040"}, "EBITDA Margin": {"2020-11-30": "", "2020-08-31": "", "2020-05-31": "", "2020-02-29": "", "2019-11-30": "", "2019-08-31": "", "2019-05-31": "", "2019-02-28": "", "2018-11-30": "", "2018-09-30": "", "2018-06-30": "", "2018-05-31": "", "2018-03-31": "", "2018-02-28": "", "2017-12-31": "", "2017-11-30": "", "2017-09-30": "", "2017-06-30": "", "2017-03-31": "", "2016-12-31": "", "2016-09-30": "", "2016-06-30": "", "2016-03-31": "", "2015-12-31": "", "2015-09-30": "", "2015-06-30": "", "2015-03-31": "", "2014-12-31": "", "2014-09-30": "", "2014-06-30": "", "2014-03-31": "", "2013-12-31": "", "2013-09-30": "", "2013-06-30": "", "2013-03-31": "", "2012-12-31": "", "2012-09-30": "", "2012-06-30": "", "2012-03-31": "", "2011-12-31": "", "2011-09-30": "", "2011-06-30": "", "2011-03-31": "", "2010-12-31": "", "2010-09-30": "", "2010-06-30": "", "2010-03-31": "", "2009-12-31": "", "2009-09-30": "", "2009-06-30": "", "2009-03-31": "", "2008-12-31": "", "2008-09-30": "", "2008-06-30": "", "2008-03-31": "", "2007-12-31": "", "2007-09-30": "", "2007-06-30": "", "2007-03-31": "", "2006-12-31": "", "2006-09-30": "", "2006-06-30": "", "2006-03-31": "", "2005-12-31": "", "2005-09-30": "", "2005-06-30": "", "2005-03-31": ""}, "Pre-Tax Profit Margin": {"2020-11-30": "22.65390", "2020-08-31": "25.50730", "2020-05-31": "6.57960", "2020-02-29": "11.38220", "2019-11-30": "21.02430", "2019-08-31": "1.54800", "2019-05-31": "16.65480", "2019-02-28": "5.95300", "2018-11-30": "12.33810", "2018-09-30": "23.69490", "2018-06-30": "4.11730", "2018-05-31": "4.11730", "2018-03-31": "3.97850", "2018-02-28": "4.21730", "2017-12-31": "-27.06980", "2017-11-30": "-27.06980", "2017-09-30": "2.98030", "2017-06-30": "5.39840", "2017-03-31": "13.88070", "2016-12-31": "2.33560", "2016-09-30": "9.33760", "2016-06-30": "5.31210", "2016-03-31": "-14.98500", "2015-12-31": "1.64850", "2015-09-30": "-11.50360", "2015-06-30": "0.01630", "2015-03-31": "18.43530", "2014-12-31": "-0.44460", "2014-09-30": "3.93390", "2014-06-30": "4.13470", "2014-03-31": "5.33880", "2013-12-31": "1.75050", "2013-09-30": "2.24060", "2013-06-30": "3.13220", "2013-03-31": "15.40390", "2012-12-31": "38.08340", "2012-09-30": "8.83370", "2012-06-30": "-15.70200", "2012-03-31": "14.94140", "2011-12-31": "87.47450", "2011-09-30": "8.37040", "2011-06-30": "68.90950", "2011-03-31": "28.00020", "2010-12-31": "", "2010-09-30": "-31.57400", "2010-06-30": "27.76450", "2010-03-31": "18.45000", "2009-12-31": "", "2009-09-30": "-25.79780", "2009-06-30": "-45.90870", "2009-03-31": "-32.54850", "2008-12-31": "-114.18800", "2008-09-30": "-43.34820", "2008-06-30": "-10.56130", "2008-03-31": "-10.14560", "2007-12-31": "-27.67230", "2007-09-30": "-3.28190", "2007-06-30": "10.64260", "2007-03-31": "-4.46080", "2006-12-31": "-7.60740", "2006-09-30": "-3.54900", "2006-06-30": "18.59950", "2006-03-31": "38.24960", "2005-12-31": "63.66600", "2005-09-30": "34.98540", "2005-06-30": "14.98700", "2005-03-31": "-14.19600"}, "Net Profit Margin": {"2020-11-30": "16.51270", "2020-08-31": "18.83520", "2020-05-31": "3.91420", "2020-02-29": "8.15180", "2019-11-30": "17.67850", "2019-08-31": "5.65810", "2019-05-31": "60.88680", "2019-02-28": "5.40910", "2018-11-30": "63.48570", "2018-09-30": "16.73860", "2018-06-30": "79.62700", "2018-05-31": "79.62700", "2018-03-31": "4.64510", "2018-02-28": "13.90670", "2017-12-31": "53.82280", "2017-11-30": "53.82280", "2017-09-30": "11.58990", "2017-06-30": "6.79140", "2017-03-31": "9.81210", "2016-12-31": "-3.20380", "2016-09-30": "5.76740", "2016-06-30": "2.18210", "2016-03-31": "-11.06050", "2015-12-31": "2.22720", "2015-09-30": "-7.31890", "2015-06-30": "0.57780", "2015-03-31": "11.95600", "2014-12-31": "-0.36320", "2014-09-30": "1.82040", "2014-06-30": "2.28170", "2014-03-31": "3.20530", "2013-12-31": "0.29290", "2013-09-30": "0.11730", "2013-06-30": "1.96630", "2013-03-31": "13.27910", "2012-12-31": "14.85970", "2012-09-30": "4.81180", "2012-06-30": "-11.29700", "2012-03-31": "20.57960", "2011-12-31": "-20.08710", "2011-09-30": "-145.69240", "2011-06-30": "24.72780", "2011-03-31": "3.69920", "2010-12-31": "", "2010-09-30": "154.81940", "2010-06-30": "-81.30840", "2010-03-31": "73.84600", "2009-12-31": "", "2009-09-30": "258.10250", "2009-06-30": "144.56200", "2009-03-31": "-55.92610", "2008-12-31": "-1629.82400", "2008-09-30": "35.55500", "2008-06-30": "55.33280", "2008-03-31": "-29.49800", "2007-12-31": "157.74980", "2007-09-30": "1.17410", "2007-06-30": "7.64500", "2007-03-31": "4.24680", "2006-12-31": "6.35450", "2006-09-30": "35.52390", "2006-06-30": "16.49540", "2006-03-31": "27.67170", "2005-12-31": "151.19480", "2005-09-30": "41.93500", "2005-06-30": "643.32360", "2005-03-31": "2.15430"}, "Asset Turnover": {"2020-11-30": "0.03500", "2020-08-31": "0.03120", "2020-05-31": "0.02280", "2020-02-29": "0.02680", "2019-11-30": "0.02240", "2019-08-31": "0.01740", "2019-05-31": "0.02270", "2019-02-28": "0.01690", "2018-11-30": "-0.02080", "2018-09-30": "0.02350", "2018-06-30": "0.01840", "2018-05-31": "", "2018-03-31": "0.05470", "2018-02-28": "", "2017-12-31": "-0.01070", "2017-11-30": "", "2017-09-30": "0.01800", "2017-06-30": "0.01770", "2017-03-31": "0.06240", "2016-12-31": "-0.09500", "2016-09-30": "0.05800", "2016-06-30": "0.05830", "2016-03-31": "0.04670", "2015-12-31": "0.05390", "2015-09-30": "0.04680", "2015-06-30": "0.05400", "2015-03-31": "0.06090", "2014-12-31": "0.05110", "2014-09-30": "0.05700", "2014-06-30": "0.05550", "2014-03-31": "0.05750", "2013-12-31": "0.06100", "2013-09-30": "0.05560", "2013-06-30": "0.05790", "2013-03-31": "0.04850", "2012-12-31": "0.32690", "2012-09-30": "0.25360", "2012-06-30": "0.20300", "2012-03-31": "0.26540", "2011-12-31": "-0.06420", "2011-09-30": "0.02430", "2011-06-30": "0.08200", "2011-03-31": "0.03080", "2010-12-31": "", "2010-09-30": "0.02540", "2010-06-30": "0.04500", "2010-03-31": "0.03710", "2009-12-31": "", "2009-09-30": "0.02170", "2009-06-30": "0.04700", "2009-03-31": "0.04900", "2008-12-31": "0.03210", "2008-09-30": "0.02990", "2008-06-30": "0.03490", "2008-03-31": "0.04100", "2007-12-31": "0.03480", "2007-09-30": "0.04530", "2007-06-30": "0.05400", "2007-03-31": "0.03270", "2006-12-31": "0.03330", "2006-09-30": "0.03260", "2006-06-30": "0.04050", "2006-03-31": "0.05420", "2005-12-31": "0.03940", "2005-09-30": "0.04100", "2005-06-30": "0.03280", "2005-03-31": "0.02550"}, "Inventory Turnover Ratio": {"2020-11-30": "", "2020-08-31": "", "2020-05-31": "", "2020-02-29": "", "2019-11-30": "", "2019-08-31": "", "2019-05-31": "", "2019-02-28": "", "2018-11-30": "", "2018-09-30": "", "2018-06-30": "", "2018-05-31": "", "2018-03-31": "", "2018-02-28": "", "2017-12-31": "", "2017-11-30": "", "2017-09-30": "", "2017-06-30": "", "2017-03-31": "", "2016-12-31": "", "2016-09-30": "", "2016-06-30": "", "2016-03-31": "", "2015-12-31": "", "2015-09-30": "", "2015-06-30": "", "2015-03-31": "", "2014-12-31": "", "2014-09-30": "", "2014-06-30": "", "2014-03-31": "", "2013-12-31": "", "2013-09-30": "", "2013-06-30": "", "2013-03-31": "", "2012-12-31": "", "2012-09-30": "5.31710", "2012-06-30": "5.52400", "2012-03-31": "5.12500", "2011-12-31": "-0.17420", "2011-09-30": "", "2011-06-30": "", "2011-03-31": "", "2010-12-31": "", "2010-09-30": "", "2010-06-30": "", "2010-03-31": "", "2009-12-31": "", "2009-09-30": "", "2009-06-30": "", "2009-03-31": "", "2008-12-31": "", "2008-09-30": "", "2008-06-30": "", "2008-03-31": "", "2007-12-31": "", "2007-09-30": "", "2007-06-30": "", "2007-03-31": "", "2006-12-31": "", "2006-09-30": "", "2006-06-30": "", "2006-03-31": "", "2005-12-31": "", "2005-09-30": "", "2005-06-30": "", "2005-03-31": ""}, "Receiveable Turnover": {"2020-11-30": "0.28160", "2020-08-31": "0.32140", "2020-05-31": "0.17550", "2020-02-29": "0.19160", "2019-11-30": "0.19260", "2019-08-31": "0.14710", "2019-05-31": "0.15940", "2019-02-28": "0.11460", "2018-11-30": "-0.15570", "2018-09-30": "", "2018-06-30": "", "2018-05-31": "", "2018-03-31": "", "2018-02-28": "", "2017-12-31": "-0.09310", "2017-11-30": "", "2017-09-30": "", "2017-06-30": "", "2017-03-31": "", "2016-12-31": "", "2016-09-30": "", "2016-06-30": "", "2016-03-31": "", "2015-12-31": "", "2015-09-30": "0.11550", "2015-06-30": "0.13820", "2015-03-31": "0.73130", "2014-12-31": "0.13710", "2014-09-30": "0.15610", "2014-06-30": "0.15890", "2014-03-31": "0.15950", "2013-12-31": "0.17490", "2013-09-30": "", "2013-06-30": "", "2013-03-31": "", "2012-12-31": "2.83740", "2012-09-30": "7.03720", "2012-06-30": "4.28700", "2012-03-31": "7.18080", "2011-12-31": "-1.75390", "2011-09-30": "1.16510", "2011-06-30": "3.89520", "2011-03-31": "2.44570", "2010-12-31": "", "2010-09-30": "1.82710", "2010-06-30": "1.04460", "2010-03-31": "1.14220", "2009-12-31": "", "2009-09-30": "0.71200", "2009-06-30": "3.34360", "2009-03-31": "1.58490", "2008-12-31": "1.20430", "2008-09-30": "1.38070", "2008-06-30": "3.00460", "2008-03-31": "2.59270", "2007-12-31": "2.11230", "2007-09-30": "3.01520", "2007-06-30": "2.80690", "2007-03-31": "1.71880", "2006-12-31": "2.52640", "2006-09-30": "1.70230", "2006-06-30": "0.82410", "2006-03-31": "1.01580", "2005-12-31": "0.54950", "2005-09-30": "0.52580", "2005-06-30": "0.51170", "2005-03-31": "0.35050"}, "Days Sales In Receivables": {"2020-11-30": "319.64380", "2020-08-31": "280.05860", "2020-05-31": "512.86180", "2020-02-29": "469.63100", "2019-11-30": "467.38130", "2019-08-31": "612.02730", "2019-05-31": "564.62070", "2019-02-28": "785.31530", "2018-11-30": "-578.14360", "2018-09-30": "", "2018-06-30": "", "2018-05-31": "", "2018-03-31": "", "2018-02-28": "", "2017-12-31": "-966.49050", "2017-11-30": "", "2017-09-30": "", "2017-06-30": "", "2017-03-31": "", "2016-12-31": "", "2016-09-30": "", "2016-06-30": "", "2016-03-31": "", "2015-12-31": "", "2015-09-30": "779.55430", "2015-06-30": "651.21150", "2015-03-31": "123.06520", "2014-12-31": "656.58140", "2014-09-30": "576.54960", "2014-06-30": "566.22680", "2014-03-31": "564.12340", "2013-12-31": "514.64920", "2013-09-30": "", "2013-06-30": "", "2013-03-31": "", "2012-12-31": "31.71920", "2012-09-30": "12.78920", "2012-06-30": "20.99360", "2012-03-31": "12.53340", "2011-12-31": "-51.31380", "2011-09-30": "77.24910", "2011-06-30": "23.10550", "2011-03-31": "36.79990", "2010-12-31": "", "2010-09-30": "49.25750", "2010-06-30": "86.15350", "2010-03-31": "78.79820", "2009-12-31": "", "2009-09-30": "126.40890", "2009-06-30": "26.91680", "2009-03-31": "56.78660", "2008-12-31": "74.73070", "2008-09-30": "65.18470", "2008-06-30": "29.95390", "2008-03-31": "34.71290", "2007-12-31": "42.60680", "2007-09-30": "29.84890", "2007-06-30": "32.06340", "2007-03-31": "52.36330", "2006-12-31": "35.62450", "2006-09-30": "52.86830", "2006-06-30": "109.21220", "2006-03-31": "88.59820", "2005-12-31": "163.78150", "2005-09-30": "171.16330", "2005-06-30": "175.89820", "2005-03-31": "256.79620"}, "ROE - Return On Equity": {"2020-11-30": "3.26330", "2020-08-31": "3.22770", "2020-05-31": "0.46520", "2020-02-29": "1.19350", "2019-11-30": "2.01920", "2019-08-31": "0.49160", "2019-05-31": "6.80620", "2019-02-28": "0.47220", "2018-11-30": "-0.71710", "2018-09-30": "1.71230", "2018-06-30": "0.26420", "2018-05-31": "", "2018-03-31": "1.35250", "2018-02-28": "", "2017-12-31": "-3.60550", "2017-11-30": "", "2017-09-30": "0.14830", "2017-06-30": "0.18790", "2017-03-31": "2.77500", "2016-12-31": "-0.64620", "2016-09-30": "1.72120", "2016-06-30": "0.68790", "2016-03-31": "-2.13290", "2015-12-31": "0.37300", "2015-09-30": "-1.74480", "2015-06-30": "0.14020", "2015-03-31": "3.49270", "2014-12-31": "-0.13540", "2014-09-30": "0.55750", "2014-06-30": "0.67730", "2014-03-31": "0.98950", "2013-12-31": "0.14160", "2013-09-30": "0.29600", "2013-06-30": "0.60370", "2013-03-31": "2.92520", "2012-12-31": "7.19260", "2012-09-30": "1.88830", "2012-06-30": "-3.06240", "2012-03-31": "7.55040", "2011-12-31": "2.12070", "2011-09-30": "-4.87380", "2011-06-30": "2.69320", "2011-03-31": "0.17990", "2010-12-31": "", "2010-09-30": "5.48050", "2010-06-30": "-6.18070", "2010-03-31": "4.28720", "2009-12-31": "", "2009-09-30": "7.99600", "2009-06-30": "11.09530", "2009-03-31": "-5.25900", "2008-12-31": "-102.42980", "2008-09-30": "1.53310", "2008-06-30": "2.66700", "2008-03-31": "-1.79500", "2007-12-31": "7.90580", "2007-09-30": "0.04400", "2007-06-30": "0.62130", "2007-03-31": "0.19560", "2006-12-31": "0.18150", "2006-09-30": "0.09780", "2006-06-30": "0.95930", "2006-03-31": "2.19600", "2005-12-31": "-0.62780", "2005-09-30": "1.27630", "2005-06-30": "34.47950", "2005-03-31": "-0.29880"}, "Return On Tangible Equity": {"2020-11-30": "4.09310", "2020-08-31": "4.04840", "2020-05-31": "0.58440", "2020-02-29": "1.50000", "2019-11-30": "2.52490", "2019-08-31": "0.60790", "2019-05-31": "8.40930", "2019-02-28": "0.58290", "2018-11-30": "-0.88260", "2018-09-30": "2.08300", "2018-06-30": "0.32210", "2018-05-31": "", "2018-03-31": "1.77550", "2018-02-28": "", "2017-12-31": "-4.76250", "2017-11-30": "", "2017-09-30": "0.19320", "2017-06-30": "0.24500", "2017-03-31": "3.63200", "2016-12-31": "-0.85470", "2016-09-30": "2.30540", "2016-06-30": "0.92390", "2016-03-31": "-2.86620", "2015-12-31": "0.49940", "2015-09-30": "-2.34480", "2015-06-30": "0.18700", "2015-03-31": "4.66980", "2014-12-31": "-0.18350", "2014-09-30": "0.75710", "2014-06-30": "0.92190", "2014-03-31": "1.35820", "2013-12-31": "0.19450", "2013-09-30": "0.40830", "2013-06-30": "0.83540", "2013-03-31": "4.01710", "2012-12-31": "8.23140", "2012-09-30": "2.19380", "2012-06-30": "-3.56030", "2012-03-31": "8.72530", "2011-12-31": "2.47140", "2011-09-30": "-4.92290", "2011-06-30": "2.71830", "2011-03-31": "0.18100", "2010-12-31": "", "2010-09-30": "5.53160", "2010-06-30": "-6.29060", "2010-03-31": "4.35600", "2009-12-31": "", "2009-09-30": "8.14600", "2009-06-30": "11.34350", "2009-03-31": "-5.42880", "2008-12-31": "-105.75900", "2008-09-30": "1.55290", "2008-06-30": "2.69630", "2008-03-31": "-1.82140", "2007-12-31": "8.02020", "2007-09-30": "0.04480", "2007-06-30": "0.63120", "2007-03-31": "0.19870", "2006-12-31": "0.18430", "2006-09-30": "0.09940", "2006-06-30": "0.98390", "2006-03-31": "2.24520", "2005-12-31": "-0.64270", "2005-09-30": "1.30710", "2005-06-30": "35.41240", "2005-03-31": "-0.29880"}, "ROA - Return On Assets": {"2020-11-30": "0.57980", "2020-08-31": "0.58880", "2020-05-31": "0.08660", "2020-02-29": "0.21630", "2019-11-30": "0.39200", "2019-08-31": "0.10030", "2019-05-31": "1.38550", "2019-02-28": "0.09600", "2018-11-30": "-0.15330", "2018-09-30": "0.37240", "2018-06-30": "0.05650", "2018-05-31": "", "2018-03-31": "0.28400", "2018-02-28": "", "2017-12-31": "-0.77500", "2017-11-30": "", "2017-09-30": "0.03310", "2017-06-30": "0.04150", "2017-03-31": "0.63920", "2016-12-31": "-0.14770", "2016-09-30": "0.38220", "2016-06-30": "0.15680", "2016-03-31": "-0.50680", "2015-12-31": "0.08430", "2015-09-30": "-0.36010", "2015-06-30": "0.02860", "2015-03-31": "0.71560", "2014-12-31": "-0.02670", "2014-09-30": "0.11050", "2014-06-30": "0.13650", "2014-03-31": "0.19720", "2013-12-31": "0.03010", "2013-09-30": "0.06580", "2013-06-30": "0.13120", "2013-03-31": "0.64240", "2012-12-31": "5.20660", "2012-09-30": "1.33800", "2012-06-30": "-2.16960", "2012-03-31": "5.40250", "2011-12-31": "1.41440", "2011-09-30": "-3.57650", "2011-06-30": "1.99400", "2011-03-31": "0.13470", "2010-12-31": "", "2010-09-30": "3.59210", "2010-06-30": "-3.82990", "2010-03-31": "2.80950", "2009-12-31": "", "2009-09-30": "5.15260", "2009-06-30": "6.78910", "2009-03-31": "-2.74080", "2008-12-31": "-53.10930", "2008-09-30": "1.06250", "2008-06-30": "1.93230", "2008-03-31": "-1.21050", "2007-12-31": "5.41910", "2007-09-30": "0.02850", "2007-06-30": "0.41280", "2007-03-31": "0.13050", "2006-12-31": "0.13320", "2006-09-30": "0.07160", "2006-06-30": "0.65610", "2006-03-31": "1.53540", "2005-12-31": "-0.43700", "2005-09-30": "0.74590", "2005-06-30": "20.01180", "2005-03-31": "-0.14070"}, "ROI - Return On Investment": {"2020-11-30": "1.57130", "2020-08-31": "1.54010", "2020-05-31": "0.22540", "2020-02-29": "0.56780", "2019-11-30": "0.99610", "2019-08-31": "0.24450", "2019-05-31": "3.35030", "2019-02-28": "0.23650", "2018-11-30": "-0.37000", "2018-09-30": "0.86990", "2018-06-30": "0.13400", "2018-05-31": "", "2018-03-31": "0.65760", "2018-02-28": "", "2017-12-31": "-1.75170", "2017-11-30": "", "2017-09-30": "0.07340", "2017-06-30": "0.09040", "2017-03-31": "1.37910", "2016-12-31": "-0.32470", "2016-09-30": "0.86380", "2016-06-30": "0.34640", "2016-03-31": "-1.06430", "2015-12-31": "0.18700", "2015-09-30": "-0.82960", "2015-06-30": "0.06570", "2015-03-31": "1.66760", "2014-12-31": "-0.06530", "2014-09-30": "0.27050", "2014-06-30": "0.31810", "2014-03-31": "0.46680", "2013-12-31": "0.06900", "2013-09-30": "0.14940", "2013-06-30": "0.29880", "2013-03-31": "1.51660", "2012-12-31": "5.99000", "2012-09-30": "1.64600", "2012-06-30": "-2.50010", "2012-03-31": "6.18060", "2011-12-31": "1.62710", "2011-09-30": "-3.91770", "2011-06-30": "2.21450", "2011-03-31": "0.14770", "2010-12-31": "", "2010-09-30": "4.10270", "2010-06-30": "-4.39030", "2010-03-31": "3.14790", "2009-12-31": "", "2009-09-30": "5.75120", "2009-06-30": "7.64040", "2009-03-31": "-3.13860", "2008-12-31": "-60.97180", "2008-09-30": "1.13480", "2008-06-30": "2.06380", "2008-03-31": "-1.30130", "2007-12-31": "5.81400", "2007-09-30": "0.03100", "2007-06-30": "0.46040", "2007-03-31": "0.14310", "2006-12-31": "0.14510", "2006-09-30": "0.07800", "2006-06-30": "0.75490", "2006-03-31": "1.73980", "2005-12-31": "-0.49450", "2005-09-30": "0.91840", "2005-06-30": "24.28910", "2005-03-31": "-0.17960"}, "Book Value Per Share": {"2020-11-30": "37.79170", "2020-08-31": "36.43050", "2020-05-31": "35.04580", "2020-02-29": "33.87080", "2019-11-30": "32.92260", "2019-08-31": "33.50740", "2019-05-31": "33.97940", "2019-02-28": "33.37490", "2018-11-30": "32.77650", "2018-09-30": "32.12500", "2018-06-30": "31.70450", "2018-05-31": "", "2018-03-31": "28.80090", "2018-02-28": "", "2017-12-31": "28.46210", "2017-11-30": "", "2017-09-30": "29.87610", "2017-06-30": "29.77920", "2017-03-31": "29.43660", "2016-12-31": "28.66700", "2016-09-30": "28.46350", "2016-06-30": "28.48060", "2016-03-31": "28.28690", "2015-12-31": "28.86210", "2015-09-30": "28.77850", "2015-06-30": "29.25260", "2015-03-31": "29.23300", "2014-12-31": "28.21780", "2014-09-30": "28.35830", "2014-06-30": "28.12130", "2014-03-31": "28.00070", "2013-12-31": "27.90650", "2013-09-30": "27.77990", "2013-06-30": "27.53480", "2013-03-31": "28.57040", "2012-12-31": "27.67010", "2012-09-30": "25.32110", "2012-06-30": "24.92050", "2012-03-31": "26.29050", "2011-12-31": "25.26040", "2011-09-30": "24.64770", "2011-06-30": "27.82600", "2011-03-31": "28.26790", "2010-12-31": "", "2010-09-30": "19.68420", "2010-06-30": "16.37730", "2010-03-31": "18.82250", "2009-12-31": "", "2009-09-30": "17.54950", "2009-06-30": "15.19980", "2009-03-31": "11.17260", "2008-12-31": "11.30150", "2008-09-30": "25.02500", "2008-06-30": "30.08730", "2008-03-31": "24.02170", "2007-12-31": "25.02760", "2007-09-30": "21.31150", "2007-06-30": "19.55380", "2007-03-31": "18.55860", "2006-12-31": "17.99520", "2006-09-30": "17.67990", "2006-06-30": "17.53620", "2006-03-31": "17.39720", "2005-12-31": "16.94880", "2005-09-30": "16.39690", "2005-06-30": "16.21900", "2005-03-31": "10.41140"}, "Operating Cash Flow Per Share": {"2020-11-30": 2.5596, "2020-08-31": 4.0255, "2020-05-31": 3.5394, "2020-02-29": "-2.97810", "2019-11-30": 1.4008, "2019-08-31": 0.5968, "2019-05-31": -2.1493, "2019-02-28": "-2.45950", "2018-11-30": 1.3967, "2018-09-30": 2.0426, "2018-06-30": 0, "2018-05-31": -0.3868, "2018-03-31": 0, "2018-02-28": "-1.08510", "2017-12-31": "2.12640", "2017-11-30": -0.7393, "2017-09-30": 1.5914, "2017-06-30": 2.1855, "2017-03-31": -2.4518, "2016-12-31": "1.54070", "2016-09-30": 0.9537, "2016-06-30": 2.408, "2016-03-31": -0.4328, "2015-12-31": "-2.04540", "2015-09-30": 1.3652, "2015-06-30": 0.04, "2015-03-31": -1.9291, "2014-12-31": "-2.64420", "2014-09-30": -0.4058, "2014-06-30": -0.2389, "2014-03-31": -4.7612, "2013-12-31": "2.01980", "2013-09-30": 1.3365, "2013-06-30": 1.7955, "2013-03-31": -3.1719, "2012-12-31": "2.59300", "2012-09-30": 0.7988, "2012-06-30": 0.4298, "2012-03-31": 2.105, "2011-12-31": "-2.27650", "2011-09-30": 0.0862, "2011-06-30": 0.0804, "2011-03-31": -0.0727, "2010-12-31": "", "2010-09-30": 0.4223, "2010-06-30": 0.0541, "2010-03-31": -0.291, "2009-12-31": "", "2009-09-30": -0.2396, "2009-06-30": 0.0252, "2009-03-31": -0.3132, "2008-12-31": "0.03710", "2008-09-30": -0.2018, "2008-06-30": 0.2493, "2008-03-31": -0.1286, "2007-12-31": "-0.07830", "2007-09-30": -0.2949, "2007-06-30": 0.1503, "2007-03-31": -0.2969, "2006-12-31": "0.41830", "2006-09-30": -0.0758, "2006-06-30": -0.011, "2006-03-31": -1.1036, "2005-12-31": "1.48640", "2005-09-30": 0.1557, "2005-06-30": 0.5019, "2005-03-31": 0.286}, "Free Cash Flow Per Share": {"2020-11-30": 2.4645, "2020-08-31": 3.9382, "2020-05-31": 3.324, "2020-02-29": "-3.17190", "2019-11-30": 1.1657, "2019-08-31": 0.4442, "2019-05-31": -2.3213, "2019-02-28": "-2.59670", "2018-11-30": 1.2815, "2018-09-30": 1.9243, "2018-06-30": 0, "2018-05-31": -0.8923, "2018-03-31": -0.0443, "2018-02-28": "-1.18890", "2017-12-31": "1.87020", "2017-11-30": -0.82, "2017-09-30": 1.5299, "2017-06-30": 2.1505, "2017-03-31": -1.9656, "2016-12-31": "0.97550", "2016-09-30": 0.7914, "2016-06-30": 2.2745, "2016-03-31": 0.071, "2015-12-31": "-2.77860", "2015-09-30": 1.1781, "2015-06-30": -0.1564, "2015-03-31": -0.6171, "2014-12-31": "-4.11430", "2014-09-30": -1.1057, "2014-06-30": -0.4751, "2014-03-31": -4.5454, "2013-12-31": "1.61220", "2013-09-30": 1.2445, "2013-06-30": 1.6791, "2013-03-31": -2.9217, "2012-12-31": "2.31870", "2012-09-30": 0.7397, "2012-06-30": 0.3707, "2012-03-31": 2.1158, "2011-12-31": "-2.35900", "2011-09-30": 0.0432, "2011-06-30": 0.0339, "2011-03-31": -0.0428, "2010-12-31": "", "2010-09-30": 0.3878, "2010-06-30": 0.0088, "2010-03-31": -0.305, "2009-12-31": "", "2009-09-30": -0.2721, "2009-06-30": -0.0054, "2009-03-31": 0.3742, "2008-12-31": "-0.68910", "2008-09-30": -0.3941, "2008-06-30": 0.0024, "2008-03-31": -0.0948, "2007-12-31": "-0.30780", "2007-09-30": -0.4846, "2007-06-30": 0.0741, "2007-03-31": -0.6821, "2006-12-31": "0.77630", "2006-09-30": -0.1635, "2006-06-30": -0.1373, "2006-03-31": 0.0892, "2005-12-31": "0.89110", "2005-09-30": -0.099, "2005-06-30": 0.3921, "2005-03-31": 0.2081}}, "revenue": {"Jefferies Financial Group Annual Revenue (Millions of US $)": {"2020": "$6,011", "2019": "$3,893", "2018": "$3,764", "2017": "$4,077", "2016": "$3,035", "2015": "$10,886", "2014": "$11,486", "2013": "$10,426", "2012": "$9,405", "2011": "$643", "2010": "$1,203", "2009": "$575", "2008": "$491", "2007": "$1,155", "2006": "$863", "2005": "$690"}, "Jefferies Financial Group Quarterly Revenue (Millions of US $)": {"2020-11-30": "$1,861", "2020-08-31": "$1,616", "2020-05-31": "$1,148", "2020-02-29": "$1,386", "2019-11-30": "$1,106", "2019-08-31": "$857", "2019-05-31": "$1,102", "2019-02-28": "$828", "2018-11-30": "$-979", "2018-09-30": "$1,151", "2018-06-30": "$911", "2018-05-31": "$911", "2018-03-31": "$2,681", "2018-02-28": "$895", "2017-12-31": "$-505", "2017-11-30": "$-505", "2017-09-30": "$857", "2017-06-30": "$857", "2017-03-31": "$2,868", "2016-12-31": "$-4,281", "2016-09-30": "$2,676", "2016-06-30": "$2,625", "2016-03-31": "$2,015", "2015-12-31": "$2,496", "2015-09-30": "$2,366", "2015-06-30": "$2,839", "2015-03-31": "$3,185", "2014-12-31": "$2,688", "2014-09-30": "$3,004", "2014-06-30": "$2,852", "2014-03-31": "$2,943", "2013-12-31": "$2,920", "2013-09-30": "$2,532", "2013-06-30": "$2,676", "2013-03-31": "$2,298", "2012-12-31": "$3,056", "2012-09-30": "$2,217", "2012-06-30": "$1,746", "2012-03-31": "$2,385", "2011-12-31": "$-595", "2011-09-30": "$200", "2011-06-30": "$753", "2011-03-31": "$284", "2010-12-31": "$469", "2010-09-30": "$186", "2010-06-30": "$289", "2010-03-31": "$259", "2009-12-31": "$-103", "2009-09-30": "$143", "2009-06-30": "$284", "2009-03-31": "$250", "2008-12-31": "$-423", "2008-09-30": "$252", "2008-06-30": "$338", "2008-03-31": "$325", "2007-12-31": "$283", "2007-09-30": "$331", "2007-06-30": "$344", "2007-03-31": "$197", "2006-12-31": "$176", "2006-09-30": "$170", "2006-06-30": "$224", "2006-03-31": "$292", "2005-12-31": "$207", "2005-09-30": "$248", "2005-06-30": "$198", "2005-03-31": "$121"}}, "gross-profit": {"Jefferies Financial Group Annual Gross Profit (Millions of US $)": {"2020": "$5,672", "2019": "$3,573", "2018": "$3,457", "2017": "$3,796", "2016": "$2,698", "2015": "$3,209", "2014": "$3,462", "2013": "$2,858", "2012": "$1,925", "2011": "$427", "2010": "$896", "2009": "$290", "2008": "$101", "2007": "$401", "2006": "$476", "2005": "$408"}, "Jefferies Financial Group Quarterly Gross Profit (Millions of US $)": {"2020-11-30": "$1,758", "2020-08-31": "$1,534", "2020-05-31": "$1,067", "2020-02-29": "$1,314", "2019-11-30": "$1,020", "2019-08-31": "$771", "2019-05-31": "$1,021", "2019-02-28": "$762", "2018-11-30": "$642", "2018-09-30": "$1,066", "2018-06-30": "$820", "2018-05-31": "$820", "2018-03-31": "$928", "2018-02-28": "$814", "2017-12-31": "$889", "2017-11-30": "$889", "2017-09-30": "$786", "2017-06-30": "$787", "2017-03-31": "$1,335", "2016-12-31": "$495", "2016-09-30": "$987", "2016-06-30": "$849", "2016-03-31": "$367", "2015-12-31": "$729", "2015-09-30": "$429", "2015-06-30": "$789", "2015-03-31": "$1,262", "2014-12-31": "$653", "2014-09-30": "$1,002", "2014-06-30": "$811", "2014-03-31": "$997", "2013-12-31": "$1,007", "2013-09-30": "$630", "2013-06-30": "$754", "2013-03-31": "$467", "2012-12-31": "$1,165", "2012-09-30": "$332", "2012-06-30": "$-135", "2012-03-31": "$562", "2011-12-31": "$-533", "2011-09-30": "$123", "2011-06-30": "$650", "2011-03-31": "$187", "2010-12-31": "$468", "2010-09-30": "$83", "2010-06-30": "$183", "2010-03-31": "$162", "2009-12-31": "$69", "2009-09-30": "$68", "2009-06-30": "$95", "2009-03-31": "$57", "2008-12-31": "$-122", "2008-09-30": "$24", "2008-06-30": "$107", "2008-03-31": "$92", "2007-12-31": "$65", "2007-09-30": "$102", "2007-06-30": "$145", "2007-03-31": "$89", "2006-12-31": "$81", "2006-09-30": "$78", "2006-06-30": "$124", "2006-03-31": "$193", "2005-12-31": "$190", "2005-09-30": "$150", "2005-06-30": "$102", "2005-03-31": "$50"}}, "operating-income": {"Jefferies Financial Group Annual Operating Income (Millions of US $)": {"2020": "$1,409", "2019": "$499", "2018": "$423", "2017": "$856", "2016": "$0", "2015": "$446", "2014": "$458", "2013": "$577", "2012": "$1,353", "2011": "$33", "2010": "$383", "2009": "$-241", "2008": "$-372", "2007": "$-61", "2006": "$134", "2005": "$134"}, "Jefferies Financial Group Quarterly Operating Income (Millions of US $)": {"2020-11-30": "$493", "2020-08-31": "$474", "2020-05-31": "$158", "2020-02-29": "$285", "2019-11-30": "$211", "2019-08-31": "$-8", "2019-05-31": "$222", "2019-02-28": "$74", "2018-11-30": "$-1,743", "2018-09-30": "$298", "2018-06-30": "$49", "2018-05-31": "$49", "2018-03-31": "$117", "2018-02-28": "$48", "2017-12-31": "$168", "2017-11-30": "$168", "2017-09-30": "$38", "2017-06-30": "$77", "2017-03-31": "$573", "2016-12-31": "$-103", "2016-09-30": "$254", "2016-06-30": "$131", "2016-03-31": "$-282", "2015-12-31": "$66", "2015-09-30": "$-251", "2015-06-30": "$29", "2015-03-31": "$602", "2014-12-31": "$-11", "2014-09-30": "$145", "2014-06-30": "$137", "2014-03-31": "$187", "2013-12-31": "$105", "2013-09-30": "$67", "2013-06-30": "$82", "2013-03-31": "$323", "2012-12-31": "$1,113", "2012-09-30": "$172", "2012-06-30": "$-288", "2012-03-31": "$356", "2011-12-31": "$-582", "2011-09-30": "$17", "2011-06-30": "$519", "2011-03-31": "$80", "2010-12-31": "$313", "2010-09-30": "$-59", "2010-06-30": "$80", "2010-03-31": "$48", "2009-12-31": "$8", "2009-09-30": "$-37", "2009-06-30": "$-131", "2009-03-31": "$-81", "2008-12-31": "$-194", "2008-09-30": "$-109", "2008-06-30": "$-36", "2008-03-31": "$-33", "2007-12-31": "$-78", "2007-09-30": "$-11", "2007-06-30": "$37", "2007-03-31": "$-9", "2006-12-31": "$-13", "2006-09-30": "$-6", "2006-06-30": "$42", "2006-03-31": "$112", "2005-12-31": "$120", "2005-09-30": "$87", "2005-06-30": "$30", "2005-03-31": "$-17"}}, "ebitda": {"Jefferies Financial Group Annual EBITDA (Millions of US $)": {"2020": "$1,636", "2019": "$716", "2018": "$580", "2017": "$1,022", "2016": "$167", "2015": "$734", "2014": "$719", "2013": "$801", "2012": "$1,616", "2011": "$242", "2010": "$612", "2009": "$-26", "2008": "$-154", "2007": "$93", "2006": "$237", "2005": "$389"}, "Jefferies Financial Group Quarterly EBITDA (Millions of US $)": {"2020-11-30": "$538", "2020-08-31": "$534", "2020-05-31": "$219", "2020-02-29": "$346", "2019-11-30": "$271", "2019-08-31": "$52", "2019-05-31": "$274", "2019-02-28": "$118", "2018-11-30": "$-1,701", "2018-09-30": "$344", "2018-06-30": "$68", "2018-05-31": "$99", "2018-03-31": "$166", "2018-02-28": "$86", "2017-12-31": "$225", "2017-11-30": "$225", "2017-09-30": "$112", "2017-06-30": "$95", "2017-03-31": "$590", "2016-12-31": "$-82", "2016-09-30": "$397", "2016-06-30": "$197", "2016-03-31": "$-345", "2015-12-31": "$177", "2015-09-30": "$-91", "2015-06-30": "$104", "2015-03-31": "$544", "2014-12-31": "$104", "2014-09-30": "$271", "2014-06-30": "$196", "2014-03-31": "$148", "2013-12-31": "$199", "2013-09-30": "$190", "2013-06-30": "$137", "2013-03-31": "$276", "2012-12-31": "$1,210", "2012-09-30": "$327", "2012-06-30": "$-222", "2012-03-31": "$301", "2011-12-31": "$-507", "2011-09-30": "$116", "2011-06-30": "$572", "2011-03-31": "$60", "2010-12-31": "", "2010-09-30": "$53", "2010-06-30": "$138", "2010-03-31": "$26", "2009-12-31": "", "2009-09-30": "$58", "2009-06-30": "$-76", "2009-03-31": "$-91", "2008-12-31": "$-119", "2008-09-30": "$-20", "2008-06-30": "$19", "2008-03-31": "$-34", "2007-12-31": "$-15", "2007-09-30": "$45", "2007-06-30": "$73", "2007-03-31": "$-11", "2006-12-31": "$17", "2006-09-30": "$35", "2006-06-30": "$70", "2006-03-31": "$115", "2005-12-31": "$226", "2005-09-30": "$248", "2005-06-30": "$97", "2005-03-31": "$-96"}}, "net-income": {"Jefferies Financial Group Annual Net Income (Millions of US $)": {"2020": "$770", "2019": "$960", "2018": "$1,022", "2017": "$167", "2016": "$126", "2015": "$280", "2014": "$204", "2013": "$369", "2012": "$854", "2011": "$25", "2010": "$1,939", "2009": "$550", "2008": "$-2,535", "2007": "$484", "2006": "$189", "2005": "$1,636"}, "Jefferies Financial Group Quarterly Net Income (Millions of US $)": {"2020-11-30": "$307", "2020-08-31": "$304", "2020-05-31": "$45", "2020-02-29": "$113", "2019-11-30": "$196", "2019-08-31": "$48", "2019-05-31": "$671", "2019-02-28": "$45", "2018-11-30": "$-621", "2018-09-30": "$193", "2018-06-30": "$726", "2018-05-31": "$726", "2018-03-31": "$125", "2018-02-28": "$125", "2017-12-31": "$-272", "2017-11-30": "$-272", "2017-09-30": "$99", "2017-06-30": "$58", "2017-03-31": "$281", "2016-12-31": "$137", "2016-09-30": "$154", "2016-06-30": "$57", "2016-03-31": "$-223", "2015-12-31": "$56", "2015-09-30": "$-173", "2015-06-30": "$16", "2015-03-31": "$381", "2014-12-31": "$-10", "2014-09-30": "$55", "2014-06-30": "$65", "2014-03-31": "$94", "2013-12-31": "$9", "2013-09-30": "$3", "2013-06-30": "$53", "2013-03-31": "$305", "2012-12-31": "$454", "2012-09-30": "$107", "2012-06-30": "$-197", "2012-03-31": "$491", "2011-12-31": "$119", "2011-09-30": "$-291", "2011-06-30": "$186", "2011-03-31": "$11", "2010-12-31": "$2,074", "2010-09-30": "$288", "2010-06-30": "$-235", "2010-03-31": "$191", "2009-12-31": "$-91", "2009-09-30": "$370", "2009-06-30": "$411", "2009-03-31": "$-140", "2008-12-31": "$-2,716", "2008-09-30": "$89", "2008-06-30": "$187", "2008-03-31": "$-96", "2007-12-31": "$446", "2007-09-30": "$4", "2007-06-30": "$26", "2007-03-31": "$8", "2006-12-31": "$11", "2006-09-30": "$60", "2006-06-30": "$37", "2006-03-31": "$81", "2005-12-31": "$313", "2005-09-30": "$104", "2005-06-30": "$1,271", "2005-03-31": "$3"}}, "eps-earnings-per-share-diluted": {"Jefferies Financial Group Annual EPS": {"2020": "$2.65", "2019": "$3.03", "2018": "$2.90", "2017": "$0.45", "2016": "$0.34", "2015": "$0.74", "2014": "$0.54", "2013": "$1.06", "2012": "$3.44", "2011": "$0.10", "2010": "$7.85", "2009": "$2.25", "2008": "$-11.00", "2007": "$2.10", "2006": "$0.85", "2005": "$7.14"}, "Jefferies Financial Group Quarterly EPS": {"2020-11-30": "$1.05", "2020-08-31": "$1.07", "2020-05-31": "$0.16", "2020-02-29": "$0.37", "2019-11-30": "$0.60", "2019-08-31": "$0.15", "2019-05-31": "$2.14", "2019-02-28": "$0.14", "2018-11-30": "$-0.02", "2018-09-30": "$0.55", "2018-06-30": "$2.03", "2018-05-31": "$2.03", "2018-03-31": "$0.34", "2018-02-28": "$0.34", "2017-12-31": "$-0.73", "2017-11-30": "$-0.73", "2017-09-30": "$0.27", "2017-06-30": "$0.16", "2017-03-31": "$0.75", "2016-12-31": "$0.38", "2016-09-30": "$0.41", "2016-06-30": "$0.15", "2016-03-31": "$-0.60", "2015-12-31": "$0.18", "2015-09-30": "$-0.47", "2015-06-30": "$0.04", "2015-03-31": "$0.99", "2014-12-31": "$-0.02", "2014-09-30": "$0.14", "2014-06-30": "$0.17", "2014-03-31": "$0.25", "2013-12-31": "$-0.17", "2013-09-30": "$0.01", "2013-06-30": "$0.14", "2013-03-31": "$1.08", "2012-12-31": "$1.85", "2012-09-30": "$0.43", "2012-06-30": "$-0.81", "2012-03-31": "$1.97", "2011-12-31": "$-7.53", "2011-09-30": "$-1.19", "2011-06-30": "$0.75", "2011-03-31": "$0.04", "2010-12-31": "$6.87", "2010-09-30": "$1.17", "2010-06-30": "$-0.97", "2010-03-31": "$0.78", "2009-12-31": "$0.00", "2009-09-30": "$1.50", "2009-06-30": "$1.67", "2009-03-31": "$-0.59", "2008-12-31": "$-11.70", "2008-09-30": "$0.37", "2008-06-30": "$0.76", "2008-03-31": "$-0.43", "2007-12-31": "$1.92", "2007-09-30": "$0.02", "2007-06-30": "$0.12", "2007-03-31": "$0.04", "2006-12-31": "$0.05", "2006-09-30": "$0.27", "2006-06-30": "$0.17", "2006-03-31": "$0.36", "2005-12-31": "$1.39", "2005-09-30": "$0.47", "2005-06-30": "$5.52", "2005-03-31": "$0.01"}}, "shares-outstanding": {"Jefferies Financial Group Annual Shares Outstanding (Millions of Shares)": {"2020": "290", "2019": "317", "2018": "351", "2017": "371", "2016": "372", "2015": "372", "2014": "373", "2013": "348", "2012": "249", "2011": "245", "2010": "248", "2009": "248", "2008": "230", "2007": "235", "2006": "219", "2005": "216"}, "Jefferies Financial Group Quarterly Shares Outstanding (Millions of Shares)": {"2020-11-30": "290", "2020-08-31": "285", "2020-05-31": "287", "2020-02-29": "308", "2019-11-30": "317", "2019-08-31": "312", "2019-05-31": "313", "2019-02-28": "319", "2018-11-30": "351", "2018-09-30": "350", "2018-06-30": "356", "2018-05-31": "356", "2018-03-31": "373", "2018-02-28": "373", "2017-12-31": "371", "2017-11-30": "371", "2017-09-30": "370", "2017-06-30": "372", "2017-03-31": "376", "2016-12-31": "372", "2016-09-30": "375", "2016-06-30": "373", "2016-03-31": "372", "2015-12-31": "372", "2015-09-30": "373", "2015-06-30": "374", "2015-03-31": "378", "2014-12-31": "373", "2014-09-30": "373", "2014-06-30": "373", "2014-03-31": "377", "2013-12-31": "348", "2013-09-30": "368", "2013-06-30": "368", "2013-03-31": "282", "2012-12-31": "249", "2012-09-30": "249", "2012-06-30": "245", "2012-03-31": "249", "2011-12-31": "245", "2011-09-30": "245", "2011-06-30": "249", "2011-03-31": "245", "2010-12-31": "248", "2010-09-30": "248", "2010-06-30": "243", "2010-03-31": "248", "2009-12-31": "248", "2009-09-30": "248", "2009-06-30": "248", "2009-03-31": "238", "2008-12-31": "230", "2008-09-30": "249", "2008-06-30": "247", "2008-03-31": "223", "2007-12-31": "235", "2007-09-30": "219", "2007-06-30": "217", "2007-03-31": "217", "2006-12-31": "219", "2006-09-30": "232", "2006-06-30": "232", "2006-03-31": "232", "2005-12-31": "216", "2005-09-30": "231", "2005-06-30": "231", "2005-03-31": "215"}}, "total-assets": {"Jefferies Financial Group Annual Total Assets (Millions of US $)": {"2020": "$53,118", "2019": "$49,460", "2018": "$47,131", "2017": "$0", "2016": "$45,071", "2015": "$46,331", "2014": "$52,624", "2013": "$47,867", "2012": "$9,349", "2011": "$9,263", "2010": "$9,350", "2009": "$6,762", "2008": "$5,198", "2007": "$8,127", "2006": "$5,304", "2005": "$5,261"}, "Jefferies Financial Group Quarterly Total Assets (Millions of US $)": {"2020-11-30": "$53,118", "2020-08-31": "$51,774", "2020-05-31": "$50,283", "2020-02-29": "$51,778", "2019-11-30": "$49,460", "2019-08-31": "$49,263", "2019-05-31": "$48,524", "2019-02-28": "$48,959", "2018-11-30": "$47,131", "2018-09-30": "$48,949", "2018-06-30": "$49,402", "2018-05-31": "$0", "2018-03-31": "$49,001", "2018-02-28": "$0", "2017-12-31": "$47,169", "2017-11-30": "$0", "2017-09-30": "$47,667", "2017-06-30": "$48,376", "2017-03-31": "$45,980", "2016-12-31": "$45,071", "2016-09-30": "$46,106", "2016-06-30": "$45,042", "2016-03-31": "$43,134", "2015-12-31": "$46,331", "2015-09-30": "$50,514", "2015-06-30": "$52,556", "2015-03-31": "$52,323", "2014-12-31": "$52,624", "2014-09-30": "$52,728", "2014-06-30": "$51,408", "2014-03-31": "$51,130", "2013-12-31": "$47,867", "2013-09-30": "$45,541", "2013-06-30": "$46,179", "2013-03-31": "$47,349", "2012-12-31": "$9,349", "2012-09-30": "$8,740", "2012-06-30": "$8,603", "2012-03-31": "$8,987", "2011-12-31": "$9,263", "2011-09-30": "$8,215", "2011-06-30": "$9,192", "2011-03-31": "$9,224", "2010-12-31": "$9,350", "2010-09-30": "$7,307", "2010-06-30": "$6,431", "2010-03-31": "$6,988", "2009-12-31": "$6,762", "2009-09-30": "$6,621", "2009-06-30": "$6,054", "2009-03-31": "$5,113", "2008-12-31": "$5,198", "2008-09-30": "$8,409", "2008-06-30": "$9,669", "2008-03-31": "$7,930", "2007-12-31": "$8,127", "2007-09-30": "$7,318", "2007-06-30": "$6,375", "2007-03-31": "$6,024", "2006-12-31": "$5,304", "2006-09-30": "$5,224", "2006-06-30": "$5,544", "2006-03-31": "$5,379", "2005-12-31": "$5,261", "2005-09-30": "$6,062", "2005-06-30": "$6,018", "2005-03-31": "$4,757"}}, "cash-on-hand": {"Jefferies Financial Group Annual Cash on Hand (Millions of US $)": {"2020": "$9,659", "2019": "$8,476", "2018": "$5,967", "2017": "$", "2016": "$4,665", "2015": "$4,390", "2014": "$7,721", "2013": "$7,524", "2012": "$146", "2011": "$319", "2010": "$706", "2009": "$215", "2008": "$604", "2007": "$1,440", "2006": "$1,191", "2005": "$1,711"}, "Jefferies Financial Group Quarterly Cash on Hand (Millions of US $)": {"2020-11-30": "$9,659", "2020-08-31": "$9,413", "2020-05-31": "$7,553", "2020-02-29": "$7,453", "2019-11-30": "$8,476", "2019-08-31": "$6,670", "2019-05-31": "$5,937", "2019-02-28": "$6,280", "2018-11-30": "$5,967", "2018-09-30": "$5,809", "2018-06-30": "$5,451", "2018-05-31": "", "2018-03-31": "$5,947", "2018-02-28": "", "2017-12-31": "$5,853", "2017-11-30": "", "2017-09-30": "$5,921", "2017-06-30": "$5,581", "2017-03-31": "$4,967", "2016-12-31": "$4,665", "2016-09-30": "$4,306", "2016-06-30": "$3,868", "2016-03-31": "$3,284", "2015-12-31": "$4,390", "2015-09-30": "$4,463", "2015-06-30": "$5,887", "2015-03-31": "$6,711", "2014-12-31": "$7,721", "2014-09-30": "$7,549", "2014-06-30": "$7,475", "2014-03-31": "$7,392", "2013-12-31": "$7,524", "2013-09-30": "$7,868", "2013-06-30": "$6,665", "2013-03-31": "$6,869", "2012-12-31": "$146", "2012-09-30": "$1,163", "2012-06-30": "$380", "2012-03-31": "$331", "2011-12-31": "$319", "2011-09-30": "$1,117", "2011-06-30": "$1,160", "2011-03-31": "$546", "2010-12-31": "$706", "2010-09-30": "$433", "2010-06-30": "$359", "2010-03-31": "$318", "2009-12-31": "$215", "2009-09-30": "$510", "2009-06-30": "$536", "2009-03-31": "$499", "2008-12-31": "$604", "2008-09-30": "$497", "2008-06-30": "$492", "2008-03-31": "$626", "2007-12-31": "$1,440", "2007-09-30": "$1,572", "2007-06-30": "$1,184", "2007-03-31": "$1,301", "2006-12-31": "$1,191", "2006-09-30": "$1,281", "2006-06-30": "$1,664", "2006-03-31": "$2,103", "2005-12-31": "$1,711", "2005-09-30": "$1,560", "2005-06-30": "$1,479", "2005-03-31": "$1,647"}}, "long-term-debt": {"Jefferies Financial Group Annual Long Term Debt (Millions of US $)": {"2020": "$10,163", "2019": "$9,862", "2018": "$9,456", "2017": "$", "2016": "$10,200", "2015": "$10,415", "2014": "$11,126", "2013": "$10,687", "2012": "$1,359", "2011": "$1,874", "2010": "$1,548", "2009": "$1,658", "2008": "$1,833", "2007": "$2,004", "2006": "$975", "2005": "$987"}, "Jefferies Financial Group Quarterly Long Term Debt (Millions of US $)": {"2020-11-30": "$10,163", "2020-08-31": "$10,350", "2020-05-31": "$9,962", "2020-02-29": "$10,343", "2019-11-30": "$9,862", "2019-08-31": "$10,152", "2019-05-31": "$10,189", "2019-02-28": "$9,921", "2018-11-30": "$9,456", "2018-09-30": "$10,309", "2018-06-30": "$10,271", "2018-05-31": "", "2018-03-31": "$10,872", "2018-02-28": "", "2017-12-31": "$10,730", "2017-11-30": "", "2017-09-30": "$10,856", "2017-06-30": "$11,532", "2017-03-31": "$10,721", "2016-12-31": "$10,200", "2016-09-30": "$10,163", "2016-06-30": "$10,119", "2016-03-31": "$10,291", "2015-12-31": "$10,415", "2015-09-30": "$11,502", "2015-06-30": "$12,149", "2015-03-31": "$11,732", "2014-12-31": "$11,126", "2014-09-30": "$11,088", "2014-06-30": "$11,699", "2014-03-31": "$11,413", "2013-12-31": "$10,687", "2013-09-30": "$9,929", "2013-06-30": "$10,239", "2013-03-31": "$9,657", "2012-12-31": "$1,359", "2012-09-30": "$912", "2012-06-30": "$1,371", "2012-03-31": "$1,425", "2011-12-31": "$1,874", "2011-09-30": "$1,471", "2011-06-30": "$1,471", "2011-03-31": "$1,506", "2010-12-31": "$1,548", "2010-09-30": "$1,608", "2010-06-30": "$1,625", "2010-03-31": "$1,657", "2009-12-31": "$1,658", "2009-09-30": "$1,665", "2009-06-30": "$1,675", "2009-03-31": "$1,800", "2008-12-31": "$1,833", "2008-09-30": "$2,045", "2008-06-30": "$2,047", "2008-03-31": "$2,029", "2007-12-31": "$2,004", "2007-09-30": "$1,989", "2007-06-30": "$1,480", "2007-03-31": "$1,476", "2006-12-31": "$975", "2006-09-30": "$973", "2006-06-30": "$1,027", "2006-03-31": "$986", "2005-12-31": "$987", "2005-09-30": "$1,380", "2005-06-30": "$1,466", "2005-03-31": "$1,486"}}, "total-liabilities": {"Jefferies Financial Group Annual Total Liabilities (Millions of US $)": {"2020": "$43,680", "2019": "$39,859", "2018": "$37,052", "2017": "$", "2016": "$34,768", "2015": "$35,865", "2014": "$42,254", "2013": "$37,694", "2012": "$2,581", "2011": "$3,085", "2010": "$2,387", "2009": "$2,388", "2008": "$2,503", "2007": "$2,556", "2006": "$1,411", "2005": "$1,599"}, "Jefferies Financial Group Quarterly Total Liabilities (Millions of US $)": {"2020-11-30": "$43,680", "2020-08-31": "$42,330", "2020-05-31": "$40,922", "2020-02-29": "$42,392", "2019-11-30": "$39,859", "2019-08-31": "$39,215", "2019-05-31": "$38,647", "2019-02-28": "$39,003", "2018-11-30": "$37,052", "2018-09-30": "$38,302", "2018-06-30": "$38,834", "2018-05-31": "", "2018-03-31": "$38,713", "2018-02-28": "", "2017-12-31": "$37,030", "2017-11-30": "", "2017-09-30": "$37,025", "2017-06-30": "$37,696", "2017-03-31": "$35,388", "2016-12-31": "$34,768", "2016-09-30": "$35,869", "2016-06-30": "$34,777", "2016-03-31": "$32,885", "2015-12-31": "$35,865", "2015-09-30": "$40,088", "2015-06-30": "$41,831", "2015-03-31": "$41,602", "2014-12-31": "$42,254", "2014-09-30": "$42,279", "2014-06-30": "$41,044", "2014-03-31": "$40,939", "2013-12-31": "$37,694", "2013-09-30": "$35,413", "2013-06-30": "$36,146", "2013-03-31": "$36,951", "2012-12-31": "$2,581", "2012-09-30": "$2,547", "2012-06-30": "$2,508", "2012-03-31": "$2,556", "2011-12-31": "$3,085", "2011-09-30": "$2,187", "2011-06-30": "$2,387", "2011-03-31": "$2,316", "2010-12-31": "$2,387", "2010-09-30": "$2,518", "2010-06-30": "$2,446", "2010-03-31": "$2,409", "2009-12-31": "$2,388", "2009-09-30": "$2,355", "2009-06-30": "$2,349", "2009-03-31": "$2,448", "2008-12-31": "$2,503", "2008-09-30": "$2,581", "2008-06-30": "$2,663", "2008-03-31": "$2,582", "2007-12-31": "$2,556", "2007-09-30": "$2,578", "2007-06-30": "$2,140", "2007-03-31": "$2,005", "2006-12-31": "$1,411", "2006-09-30": "$1,400", "2006-06-30": "$1,752", "2006-03-31": "$1,618", "2005-12-31": "$1,599", "2005-09-30": "$2,519", "2005-06-30": "$2,525", "2005-03-31": "$2,516"}}, "total-share-holder-equity": {"Jefferies Financial Group Annual Share Holder Equity (Millions of US $)": {"2020": "$9,439", "2019": "$9,602", "2018": "$10,079", "2017": "$", "2016": "$10,304", "2015": "$10,466", "2014": "$10,370", "2013": "$10,173", "2012": "$6,768", "2011": "$6,178", "2010": "$6,963", "2009": "$4,374", "2008": "$2,695", "2007": "$5,570", "2006": "$3,893", "2005": "$3,662"}, "Jefferies Financial Group Quarterly Share Holder Equity (Millions of US $)": {"2020-11-30": "$9,439", "2020-08-31": "$9,444", "2020-05-31": "$9,361", "2020-02-29": "$9,386", "2019-11-30": "$9,602", "2019-08-31": "$10,048", "2019-05-31": "$9,877", "2019-02-28": "$9,956", "2018-11-30": "$10,079", "2018-09-30": "$10,647", "2018-06-30": "$10,567", "2018-05-31": "", "2018-03-31": "$10,288", "2018-02-28": "", "2017-12-31": "$10,139", "2017-11-30": "", "2017-09-30": "$10,642", "2017-06-30": "$10,680", "2017-03-31": "$10,592", "2016-12-31": "$10,304", "2016-09-30": "$10,237", "2016-06-30": "$10,265", "2016-03-31": "$10,249", "2015-12-31": "$10,466", "2015-09-30": "$10,426", "2015-06-30": "$10,724", "2015-03-31": "$10,720", "2014-12-31": "$10,370", "2014-09-30": "$10,449", "2014-06-30": "$10,364", "2014-03-31": "$10,191", "2013-12-31": "$10,173", "2013-09-30": "$10,128", "2013-06-30": "$10,033", "2013-03-31": "$10,398", "2012-12-31": "$6,768", "2012-09-30": "$6,193", "2012-06-30": "$6,095", "2012-03-31": "$6,430", "2011-12-31": "$6,178", "2011-09-30": "$6,028", "2011-06-30": "$6,805", "2011-03-31": "$6,908", "2010-12-31": "$6,963", "2010-09-30": "$4,789", "2010-06-30": "$3,985", "2010-03-31": "$4,580", "2009-12-31": "$4,374", "2009-09-30": "$4,267", "2009-06-30": "$3,704", "2009-03-31": "$2,665", "2008-12-31": "$2,695", "2008-09-30": "$5,828", "2008-06-30": "$7,005", "2008-03-31": "$5,348", "2007-12-31": "$5,570", "2007-09-30": "$4,739", "2007-06-30": "$4,236", "2007-03-31": "$4,019", "2006-12-31": "$3,893", "2006-09-30": "$3,825", "2006-06-30": "$3,792", "2006-03-31": "$3,761", "2005-12-31": "$3,662", "2005-09-30": "$3,543", "2005-06-30": "$3,493", "2005-03-31": "$2,241"}}, "profit-margins": {"current": "13.67%"}, "gross margin": {"2020-11-30": "94.38%", "2020-08-31": "93.89%", "2020-05-31": "92.77%", "2020-02-29": "92.70%", "2019-11-30": "91.81%", "2019-08-31": "176.77%", "2019-05-31": "166.08%", "2019-02-28": "172.16%", "2018-11-30": "167.90%", "2018-09-30": "64.27%", "2018-06-30": "62.65%", "2018-05-31": "86.66%", "2018-03-31": "137.18%", "2018-02-28": "455.26%", "2017-12-31": "475.99%", "2017-11-30": "93.13%", "2017-09-30": "1130.56%", "2017-06-30": "170.00%", "2017-03-31": "94.29%", "2016-12-31": "88.90%", "2016-09-30": "29.88%", "2016-06-30": "24.98%", "2016-03-31": "23.82%", "2015-12-31": "29.48%", "2015-09-30": "28.28%", "2015-06-30": "31.63%", "2015-03-31": "31.78%", "2014-12-31": "30.15%", "2014-09-30": "32.57%", "2014-06-30": "30.63%", "2014-03-31": "30.60%", "2013-12-31": "27.41%", "2013-09-30": "28.56%", "2013-06-30": "26.52%", "2013-03-31": "19.63%", "2012-12-31": "20.46%", "2012-09-30": "3.93%", "2012-06-30": "0.46%", "2012-03-31": "29.24%", "2011-12-31": "66.51%", "2011-09-30": "83.70%", "2011-06-30": "82.03%", "2011-03-31": "75.00%", "2010-12-31": "74.48%", "2010-09-30": "78.76%", "2010-06-30": "81.97%", "2010-03-31": "67.58%", "2009-12-31": "50.35%", "2009-09-30": "38.58%", "2009-06-30": "14.88%", "2009-03-31": "15.83%", "2008-12-31": "20.53%", "2008-09-30": "24.04%", "2008-06-30": "28.66%", "2008-03-31": "31.49%", "2007-12-31": "34.72%", "2007-09-30": "39.79%", "2007-06-30": "44.31%", "2007-03-31": "48.50%", "2006-12-31": "55.22%", "2006-09-30": "65.51%", "2006-06-30": "67.66%", "2006-03-31": "67.20%", "2005-12-31": "63.57%"}, "operating margin": {"2020-11-30": "23.46%", "2020-08-31": "21.46%", "2020-05-31": "14.37%", "2020-02-29": "15.95%", "2019-11-30": "12.82%", "2019-08-31": "-80.48%", "2019-05-31": "-54.66%", "2019-02-28": "-69.18%", "2018-11-30": "-67.55%", "2018-09-30": "9.07%", "2018-06-30": "4.87%", "2018-05-31": "9.59%", "2018-03-31": "19.52%", "2018-02-28": "56.87%", "2017-12-31": "64.06%", "2017-11-30": "21.00%", "2017-09-30": "194.35%", "2017-06-30": "37.78%", "2017-03-31": "21.99%", "2016-12-31": "0.00%", "2016-09-30": "1.72%", "2016-06-30": "-3.54%", "2016-03-31": "-4.51%", "2015-12-31": "4.10%", "2015-09-30": "3.33%", "2015-06-30": "6.53%", "2015-03-31": "7.44%", "2014-12-31": "3.99%", "2014-09-30": "4.90%", "2014-06-30": "4.41%", "2014-03-31": "3.98%", "2013-12-31": "5.53%", "2013-09-30": "15.01%", "2013-06-30": "16.49%", "2013-03-31": "14.17%", "2012-12-31": "14.39%", "2012-09-30": "-5.94%", "2012-06-30": "-13.30%", "2012-03-31": "11.30%", "2011-12-31": "5.30%", "2011-09-30": "54.45%", "2011-06-30": "50.41%", "2011-03-31": "33.71%", "2010-12-31": "31.75%", "2010-09-30": "12.20%", "2010-06-30": "16.84%", "2010-03-31": "-19.21%", "2009-12-31": "-41.99%", "2009-09-30": "-174.41%", "2009-06-30": "-141.87%", "2009-03-31": "-100.72%", "2008-12-31": "-75.61%", "2008-09-30": "-21.37%", "2008-06-30": "-12.37%", "2008-03-31": "-6.63%", "2007-12-31": "-5.28%", "2007-09-30": "0.38%", "2007-06-30": "1.01%", "2007-03-31": "1.83%", "2006-12-31": "15.66%", "2006-09-30": "30.01%", "2006-06-30": "37.18%", "2006-03-31": "36.93%", "2005-12-31": "28.42%"}, "ebitda margin": {"2020-11-30": "27.23%", "2020-08-31": "26.07%", "2020-05-31": "19.75%", "2020-02-29": "21.19%", "2019-11-30": "18.37%", "2019-08-31": "-69.52%", "2019-05-31": "-45.91%", "2019-02-28": "-61.28%", "2018-11-30": "-59.68%", "2018-09-30": "11.97%", "2018-06-30": "7.76%", "2018-05-31": "14.47%", "2018-03-31": "27.36%", "2018-02-28": "87.33%", "2017-12-31": "93.32%", "2017-11-30": "25.07%", "2017-09-30": "237.54%", "2017-06-30": "47.17%", "2017-03-31": "28.34%", "2016-12-31": "5.50%", "2016-09-30": "4.34%", "2016-06-30": "-0.65%", "2016-03-31": "-1.60%", "2015-12-31": "6.74%", "2015-09-30": "5.97%", "2015-06-30": "8.73%", "2015-03-31": "9.51%", "2014-12-31": "6.26%", "2014-09-30": "6.95%", "2014-06-30": "6.52%", "2014-03-31": "6.09%", "2013-12-31": "7.69%", "2013-09-30": "17.17%", "2013-06-30": "19.03%", "2013-03-31": "17.08%", "2012-12-31": "17.18%", "2012-09-30": "-1.76%", "2012-06-30": "-8.35%", "2012-03-31": "17.57%", "2011-12-31": "37.54%", "2011-09-30": "43.85%", "2011-06-30": "40.48%", "2011-03-31": "20.44%", "2010-12-31": "18.04%", "2010-09-30": "34.39%", "2010-06-30": "37.76%", "2010-03-31": "1.37%", "2009-12-31": "-18.99%", "2009-09-30": "-89.76%", "2009-06-30": "-84.30%", "2009-03-31": "-50.60%", "2008-12-31": "-31.30%", "2008-09-30": "-4.17%", "2008-06-30": "1.17%", "2008-03-31": "5.38%", "2007-12-31": "7.97%", "2007-09-30": "11.83%", "2007-06-30": "12.85%", "2007-03-31": "14.47%", "2006-12-31": "27.49%", "2006-09-30": "49.94%", "2006-06-30": "67.87%", "2006-03-31": "72.59%", "2005-12-31": "61.37%"}, "pre tax profit margin": {"2020-11-30": "17.77%", "2020-08-31": "16.72%", "2020-05-31": "10.67%", "2020-02-29": "13.19%", "2019-11-30": "12.28%", "2019-08-31": "6.86%", "2019-05-31": "18.27%", "2019-02-28": "12.51%", "2018-11-30": "11.43%", "2018-09-30": "8.07%", "2018-06-30": "4.09%", "2018-05-31": "8.04%", "2018-03-31": "16.33%", "2018-02-28": "45.55%", "2017-12-31": "49.15%", "2017-11-30": "14.89%", "2017-09-30": "122.92%", "2017-06-30": "28.02%", "2017-03-31": "17.67%", "2016-12-31": "-0.43%", "2016-09-30": "1.30%", "2016-06-30": "-4.15%", "2016-03-31": "-5.49%", "2015-12-31": "3.27%", "2015-09-30": "2.74%", "2015-06-30": "5.91%", "2015-03-31": "6.91%", "2014-12-31": "3.32%", "2014-09-30": "3.79%", "2014-06-30": "3.41%", "2014-03-31": "3.15%", "2013-12-31": "5.24%", "2013-09-30": "15.71%", "2013-06-30": "17.55%", "2013-03-31": "15.46%", "2012-12-31": "15.33%", "2012-09-30": "-4.21%", "2012-06-30": "-11.27%", "2012-03-31": "13.56%", "2011-12-31": "14.95%", "2011-09-30": "50.82%", "2011-06-30": "46.75%", "2011-03-31": "28.66%", "2010-12-31": "26.60%", "2010-09-30": "12.20%", "2010-06-30": "16.84%", "2010-03-31": "-19.21%", "2009-12-31": "-41.99%", "2009-09-30": "-174.41%", "2009-06-30": "-141.87%", "2009-03-31": "-100.72%", "2008-12-31": "-75.61%", "2008-09-30": "-21.37%", "2008-06-30": "-12.37%", "2008-03-31": "-6.63%", "2007-12-31": "-5.28%", "2007-09-30": "0.38%", "2007-06-30": "1.01%", "2007-03-31": "1.83%", "2006-12-31": "15.66%", "2006-09-30": "31.35%", "2006-06-30": "38.41%", "2006-03-31": "38.20%", "2005-12-31": "29.97%"}, "net profit margin": {"2020-11-30": "12.79%", "2020-08-31": "12.52%", "2020-05-31": "8.94%", "2020-02-29": "23.10%", "2019-11-30": "24.66%", "2019-08-31": "7.91%", "2019-05-31": "13.70%", "2019-02-28": "17.95%", "2018-11-30": "51.35%", "2018-09-30": "31.31%", "2018-06-30": "31.53%", "2018-05-31": "17.68%", "2018-03-31": "-11.46%", "2018-02-28": "-43.13%", "2017-12-31": "-54.97%", "2017-11-30": "4.07%", "2017-09-30": "191.03%", "2017-06-30": "29.72%", "2017-03-31": "16.18%", "2016-12-31": "4.12%", "2016-09-30": "0.45%", "2016-06-30": "-2.98%", "2016-03-31": "-3.33%", "2015-12-31": "2.57%", "2015-09-30": "1.93%", "2015-06-30": "3.77%", "2015-03-31": "4.19%", "2014-12-31": "1.78%", "2014-09-30": "1.90%", "2014-06-30": "1.52%", "2014-03-31": "1.44%", "2013-12-31": "3.55%", "2013-09-30": "7.72%", "2013-06-30": "8.97%", "2013-03-31": "7.18%", "2012-12-31": "9.09%", "2012-09-30": "9.04%", "2012-06-30": "3.27%", "2012-03-31": "18.41%", "2011-12-31": "3.89%", "2011-09-30": "116.06%", "2011-06-30": "151.24%", "2011-03-31": "174.10%", "2010-12-31": "192.68%", "2010-09-30": "24.25%", "2010-06-30": "39.97%", "2010-03-31": "151.11%", "2009-12-31": "95.82%", "2009-09-30": "-816.93%", "2009-06-30": "-649.04%", "2009-03-31": "-618.71%", "2008-12-31": "-515.45%", "2008-09-30": "52.25%", "2008-06-30": "42.36%", "2008-03-31": "29.62%", "2007-12-31": "41.90%", "2007-09-30": "4.68%", "2007-06-30": "11.84%", "2007-03-31": "15.12%", "2006-12-31": "21.93%", "2006-09-30": "54.98%", "2006-06-30": "55.10%", "2006-03-31": "187.20%", "2005-12-31": "218.48%"}, "pe ratio": {"current": "9.41", "2021-02-05": "9.41", "2020-11-30": "8.39", "2020-08-31": "7.85", "2020-05-31": "11.10", "2020-02-29": "5.85", "2019-11-30": "6.63", "2019-08-31": "6.90", "2019-05-31": "6.92", "2019-02-28": "128.49", "2018-11-30": "9.49", "2018-09-30": "9.49", "2018-06-30": "8.37", "2018-05-31": "8.02", "2018-03-31": "0.00", "2018-02-28": "0.00", "2017-12-31": "0.00", "2017-11-30": "0.00", "2017-09-30": "0.00", "2017-06-30": "0.00", "2017-03-31": "0.00", "2016-12-31": "0.00", "2016-09-30": "0.00", "2016-06-30": "0.00", "2016-03-31": "0.00", "2015-12-31": "0.00", "2015-09-30": "0.00", "2015-06-30": "0.00", "2015-03-31": "0.00", "2014-12-31": "0.00", "2014-09-30": "0.00", "2014-06-30": "0.00", "2014-03-31": "0.00", "2013-12-31": "0.00", "2013-09-30": "0.00", "2013-06-30": "0.00", "2013-03-31": "0.00", "2012-12-31": "0.00", "2012-09-30": "0.00", "2012-06-30": "0.00", "2012-03-31": "0.00", "2011-12-31": "0.00", "2011-09-30": "0.00", "2011-06-30": "0.00", "2011-03-31": "0.00", "2010-12-31": "0.00", "2010-09-30": "0.00", "2010-06-30": "0.00", "2010-03-31": "0.00", "2009-12-31": "0.00", "2009-09-30": "0.00", "2009-06-30": "0.00", "2009-03-31": "0.00", "2008-12-31": "0.00", "2008-09-30": "0.00", "2008-06-30": "0.00", "2008-03-31": "0.00", "2007-12-31": "0.00", "2007-09-30": "0.00", "2007-06-30": "0.00", "2007-03-31": "0.00", "2006-12-31": "0.00"}, "price sales": {"2021-02-05": "1.24", "2020-11-30": "1.10", "2020-08-31": "0.99", "2020-05-31": "0.98", "2020-02-29": "1.35", "2019-11-30": "1.64", "2019-08-31": "2.76", "2019-05-31": "2.38", "2019-02-28": "3.18", "2018-11-30": "3.43", "2018-09-30": "1.24", "2018-06-30": "1.35", "2018-05-31": "1.76", "2018-03-31": "2.88", "2018-02-28": "10.42", "2017-12-31": "12.06", "2017-11-30": "2.08", "2017-09-30": "29.77", "2017-06-30": "4.05", "2017-03-31": "2.17", "2016-12-31": "2.47", "2016-09-30": "0.62", "2016-06-30": "0.58", "2016-03-31": "0.53", "2015-12-31": "0.51", "2015-09-30": "0.58", "2015-06-30": "0.65", "2015-03-31": "0.60", "2014-12-31": "0.61", "2014-09-30": "0.62", "2014-06-30": "0.71", "2014-03-31": "0.77", "2013-12-31": "0.76", "2013-09-30": "0.65", "2013-06-30": "0.59", "2013-03-31": "0.62", "2012-12-31": "0.50", "2012-09-30": "0.77", "2012-06-30": "1.11", "2012-03-31": "1.88", "2011-12-31": "6.98", "2011-09-30": "2.57", "2011-06-30": "3.90", "2011-03-31": "5.87", "2010-12-31": "4.67", "2010-09-30": "7.11", "2010-06-30": "6.29", "2010-03-31": "8.15", "2009-12-31": "7.80", "2009-09-30": "20.42", "2009-06-30": "11.94", "2009-03-31": "7.27", "2008-12-31": "7.68", "2008-09-30": "6.98", "2008-06-30": "6.56", "2008-03-31": "6.08", "2007-12-31": "7.00", "2007-09-30": "7.72", "2007-06-30": "6.73", "2007-03-31": "6.63", "2006-12-31": "5.77"}, "price book": {"current": "0.72", "2021-02-05": "0.68", "2020-11-30": "0.60", "2020-08-31": "0.48", "2020-05-31": "0.41", "2020-02-29": "0.57", "2019-11-30": "0.61", "2019-08-31": "0.50", "2019-05-31": "0.46", "2019-02-28": "0.54", "2018-11-30": "0.59", "2018-09-30": "0.60", "2018-06-30": "0.63", "2018-05-31": "0.00", "2018-03-31": "0.69", "2018-02-28": "0.00", "2017-12-31": "0.80", "2017-11-30": "0.00", "2017-09-30": "0.73", "2017-06-30": "0.76", "2017-03-31": "0.76", "2016-12-31": "0.70", "2016-09-30": "0.57", "2016-06-30": "0.52", "2016-03-31": "0.49", "2015-12-31": "0.51", "2015-09-30": "0.59", "2015-06-30": "0.70", "2015-03-31": "0.64", "2014-12-31": "0.66", "2014-09-30": "0.70", "2014-06-30": "0.78", "2014-03-31": "0.83", "2013-12-31": "0.84", "2013-09-30": "0.81", "2013-06-30": "0.78", "2013-03-31": "0.79", "2012-12-31": "0.69", "2012-09-30": "0.71", "2012-06-30": "0.67", "2012-03-31": "0.78", "2011-12-31": "0.71", "2011-09-30": "0.72", "2011-06-30": "0.96", "2011-03-31": "1.04", "2010-12-31": "0.00", "2010-09-30": "0.93", "2010-06-30": "0.92", "2010-03-31": "1.02", "2009-12-31": "0.00", "2009-09-30": "1.09", "2009-06-30": "1.07", "2009-03-31": "1.03", "2008-12-31": "1.36", "2008-09-30": "1.41", "2008-06-30": "1.21", "2008-03-31": "1.46", "2007-12-31": "1.46", "2007-09-30": "1.74", "2007-06-30": "1.39", "2007-03-31": "1.22", "2006-12-31": "1.21", "2006-09-30": "1.13", "2006-06-30": "1.27", "2006-03-31": "1.31"}, "price fcf": {"2021-02-05": "", "2020-11-30": "$6.55", "2020-08-31": "$5.26", "2020-05-31": "$1.76", "2020-02-29": "$-3.88", "2019-11-30": "$-3.31", "2019-08-31": "$-3.19", "2019-05-31": "$-1.71", "2019-02-28": "$0.61", "2018-11-30": "$2.31", "2018-09-30": "$0.99", "2018-06-30": "$-2.13", "2018-05-31": "$-0.26", "2018-03-31": "$-0.18", "2018-02-28": "$1.39", "2017-12-31": "$4.73", "2017-11-30": "$0.89", "2017-09-30": "$2.69", "2017-06-30": "$1.95", "2017-03-31": "$2.08", "2016-12-31": "$4.11", "2016-09-30": "$0.36", "2016-06-30": "$0.75", "2016-03-31": "$-1.69", "2015-12-31": "$-2.37", "2015-09-30": "$-3.71", "2015-06-30": "$-5.99", "2015-03-31": "$-6.31", "2014-12-31": "$-10.24", "2014-09-30": "$-4.51", "2014-06-30": "$-2.16", "2014-03-31": "$-0.01", "2013-12-31": "$1.61", "2013-09-30": "$2.32", "2013-06-30": "$1.82", "2013-03-31": "$0.51", "2012-12-31": "$5.54", "2012-09-30": "$0.87", "2012-06-30": "$0.17", "2012-03-31": "$-0.17", "2011-12-31": "$-2.32", "2011-09-30": "$0.03", "2011-06-30": "$0.38", "2011-03-31": "$0.35", "2010-12-31": "$0.09", "2010-09-30": "$0.09", "2010-06-30": "$-0.57", "2010-03-31": "$-0.58", "2009-12-31": "$0.10", "2009-09-30": "$-0.59", "2009-06-30": "$-0.71", "2009-03-31": "$-0.71", "2008-12-31": "$-1.18", "2008-09-30": "$-0.79", "2008-06-30": "$-0.88", "2008-03-31": "$-0.81", "2007-12-31": "$-1.40", "2007-09-30": "$-0.32", "2007-06-30": "$0.00", "2007-03-31": "$-0.21", "2006-12-31": "$1.46"}, "net worth": {"value": "$6.4B"}, "current ratio": {"current": "1.79", "2020-11-30": "1.79", "2020-08-31": "1.79", "2020-05-31": "1.52", "2020-02-29": "1.63", "2019-11-30": "1.77", "2019-08-31": "1.43", "2019-05-31": "1.37", "2019-02-28": "1.37", "2018-11-30": "1.36", "2018-09-30": "0.57", "2018-06-30": "0.59", "2018-05-31": "0.00", "2018-03-31": "0.68", "2018-02-28": "0.00", "2017-12-31": "1.24", "2017-11-30": "0.00", "2017-09-30": "0.67", "2017-06-30": "0.62", "2017-03-31": "0.64", "2016-12-31": "0.64", "2016-09-30": "0.50", "2016-06-30": "0.44", "2016-03-31": "0.38", "2015-12-31": "0.43", "2015-09-30": "2.30", "2015-06-30": "2.30", "2015-03-31": "0.94", "2014-12-31": "0.72", "2014-09-30": "1.32", "2014-06-30": "1.24", "2014-03-31": "1.32", "2013-12-31": "2.25", "2013-09-30": "0.43", "2013-06-30": "0.36", "2013-03-31": "0.40", "2012-12-31": "1.25", "2012-09-30": "1.64", "2012-06-30": "1.62", "2012-03-31": "1.40", "2011-12-31": "1.43", "2011-09-30": "2.15", "2011-06-30": "1.80", "2011-03-31": "1.07", "2010-12-31": "1.32", "2010-09-30": "0.83", "2010-06-30": "1.05", "2010-03-31": "1.04", "2009-12-31": "0.88", "2009-09-30": "1.43", "2009-06-30": "1.31", "2009-03-31": "1.44", "2008-12-31": "1.54", "2008-09-30": "2.01", "2008-06-30": "1.50", "2008-03-31": "2.04", "2007-12-31": "3.74", "2007-09-30": "3.91", "2007-06-30": "2.74", "2007-03-31": "3.78", "2006-12-31": "4.18", "2006-09-30": "5.11", "2006-06-30": "3.49", "2006-03-31": "5.08", "2005-12-31": "4.70", "2005-09-30": "2.93", "2005-06-30": "3.04", "2005-03-31": "3.18"}, "quick ratio": {"2020-11-30": "0.00", "2020-08-31": "0.00", "2020-05-31": "0.00", "2020-02-29": "0.00", "2019-11-30": "0.00", "2019-08-31": "0.00", "2019-05-31": "0.00", "2019-02-28": "0.00", "2018-11-30": "0.00", "2018-09-30": "0.00", "2018-06-30": "0.00", "2018-05-31": "0.00", "2018-03-31": "0.00", "2018-02-28": "0.00", "2017-12-31": "0.00", "2017-11-30": "0.00", "2017-09-30": "0.00", "2017-06-30": "0.00", "2017-03-31": "0.00", "2016-12-31": "0.00", "2016-09-30": "0.00", "2016-06-30": "0.00", "2016-03-31": "0.00", "2015-12-31": "0.00", "2015-09-30": "0.00", "2015-06-30": "0.00", "2015-03-31": "0.00", "2014-12-31": "0.00", "2014-09-30": "0.00", "2014-06-30": "0.00", "2014-03-31": "0.00", "2013-12-31": "0.00", "2013-09-30": "0.00", "2013-06-30": "0.00", "2013-03-31": "0.00", "2012-12-31": "0.00", "2012-09-30": "1.37", "2012-06-30": "1.19", "2012-03-31": "0.96", "2011-12-31": "1.03", "2011-09-30": "0.00", "2011-06-30": "0.00", "2011-03-31": "0.00", "2010-12-31": "1.24", "2010-09-30": "0.00", "2010-06-30": "0.00", "2010-03-31": "0.00", "2009-12-31": "0.00", "2009-09-30": "0.00", "2009-06-30": "0.00", "2009-03-31": "0.00", "2008-12-31": "0.00", "2008-09-30": "0.00", "2008-06-30": "0.00", "2008-03-31": "0.00", "2007-12-31": "0.00", "2007-09-30": "0.00", "2007-06-30": "0.00", "2007-03-31": "0.00", "2006-12-31": "0.00", "2006-09-30": "0.00", "2006-06-30": "0.00", "2006-03-31": "0.00", "2005-12-31": "0.00", "2005-09-30": "0.00", "2005-06-30": "0.00", "2005-03-31": "0.00"}, "debt equity ratio": {"current": "1.08", "2020-11-30": "4.63", "2020-08-31": "4.48", "2020-05-31": "4.37", "2020-02-29": "4.52", "2019-11-30": "4.15", "2019-08-31": "3.90", "2019-05-31": "3.91", "2019-02-28": "3.92", "2018-11-30": "3.68", "2018-09-30": "3.60", "2018-06-30": "3.68", "2018-05-31": "0.00", "2018-03-31": "3.76", "2018-02-28": "0.00", "2017-12-31": "3.65", "2017-11-30": "0.00", "2017-09-30": "3.48", "2017-06-30": "3.53", "2017-03-31": "3.34", "2016-12-31": "3.37", "2016-09-30": "3.50", "2016-06-30": "3.39", "2016-03-31": "3.21", "2015-12-31": "3.43", "2015-09-30": "3.85", "2015-06-30": "3.90", "2015-03-31": "3.88", "2014-12-31": "4.08", "2014-09-30": "4.05", "2014-06-30": "3.96", "2014-03-31": "4.02", "2013-12-31": "3.71", "2013-09-30": "3.50", "2013-06-30": "3.60", "2013-03-31": "3.55", "2012-12-31": "0.38", "2012-09-30": "0.41", "2012-06-30": "0.41", "2012-03-31": "0.40", "2011-12-31": "0.50", "2011-09-30": "0.36", "2011-06-30": "0.35", "2011-03-31": "0.34", "2010-12-31": "0.34", "2010-09-30": "0.53", "2010-06-30": "0.61", "2010-03-31": "0.53", "2009-12-31": "0.55", "2009-09-30": "0.55", "2009-06-30": "0.63", "2009-03-31": "0.92", "2008-12-31": "0.93", "2008-09-30": "0.44", "2008-06-30": "0.38", "2008-03-31": "0.48", "2007-12-31": "0.46", "2007-09-30": "0.54", "2007-06-30": "0.51", "2007-03-31": "0.50", "2006-12-31": "0.36", "2006-09-30": "0.37", "2006-06-30": "0.46", "2006-03-31": "0.43", "2005-12-31": "0.44", "2005-09-30": "0.71", "2005-06-30": "0.72", "2005-03-31": "1.12"}, "return on equity": {"2020-11-30": "8.17%", "2020-08-31": "6.96%", "2020-05-31": "4.19%", "2020-02-29": "10.57%", "2019-11-30": "9.73%", "2019-08-31": "1.43%", "2019-05-31": "2.84%", "2019-02-28": "3.33%", "2018-11-30": "13.09%", "2018-09-30": "22.47%", "2018-06-30": "32.64%", "2018-05-31": "13.79%", "2018-03-31": "-5.76%", "2018-02-28": "-6.16%", "2017-12-31": "-4.92%", "2017-11-30": "2.08%", "2017-09-30": "5.45%", "2017-06-30": "6.03%", "2017-03-31": "6.08%", "2016-12-31": "1.22%", "2016-09-30": "0.43%", "2016-06-30": "-2.73%", "2016-03-31": "-3.10%", "2015-12-31": "2.65%", "2015-09-30": "2.03%", "2015-06-30": "4.18%", "2015-03-31": "4.69%", "2014-12-31": "1.97%", "2014-09-30": "2.17%", "2014-06-30": "1.67%", "2014-03-31": "1.57%", "2013-12-31": "3.63%", "2013-09-30": "8.73%", "2013-06-30": "11.01%", "2013-03-31": "9.09%", "2012-12-31": "13.42%", "2012-09-30": "8.35%", "2012-06-30": "1.97%", "2012-03-31": "7.94%", "2011-12-31": "0.39%", "2011-09-30": "29.66%", "2011-06-30": "40.20%", "2011-03-31": "37.77%", "2010-12-31": "45.64%", "2010-09-30": "3.45%", "2010-06-30": "5.46%", "2010-03-31": "20.82%", "2009-12-31": "14.66%", "2009-09-30": "-62.26%", "2009-06-30": "-63.28%", "2009-03-31": "-56.73%", "2008-12-31": "-48.59%", "2008-09-30": "10.54%", "2008-06-30": "9.55%", "2008-03-31": "7.64%", "2007-12-31": "10.43%", "2007-09-30": "1.16%", "2007-06-30": "2.63%", "2007-03-31": "2.99%", "2006-12-31": "4.95%", "2006-09-30": "13.06%", "2006-06-30": "14.50%", "2006-03-31": "48.94%", "2005-12-31": "52.28%"}, "return on assets": {"2020-11-30": "1.49%", "2020-08-31": "1.29%", "2020-05-31": "0.80%", "2020-02-29": "2.07%", "2019-11-30": "1.96%", "2019-08-31": "0.30%", "2019-05-31": "0.60%", "2019-02-28": "0.71%", "2018-11-30": "2.82%", "2018-09-30": "4.80%", "2018-06-30": "6.92%", "2018-05-31": "2.93%", "2018-03-31": "-1.22%", "2018-02-28": "-1.35%", "2017-12-31": "-1.08%", "2017-11-30": "0.47%", "2017-09-30": "1.23%", "2017-06-30": "1.36%", "2017-03-31": "1.38%", "2016-12-31": "0.28%", "2016-09-30": "0.10%", "2016-06-30": "-0.61%", "2016-03-31": "-0.67%", "2015-12-31": "0.56%", "2015-09-30": "0.41%", "2015-06-30": "0.84%", "2015-03-31": "0.94%", "2014-12-31": "0.39%", "2014-09-30": "0.44%", "2014-06-30": "0.35%", "2014-03-31": "0.33%", "2013-12-31": "0.79%", "2013-09-30": "2.20%", "2013-06-30": "3.29%", "2013-03-31": "3.61%", "2012-12-31": "9.59%", "2012-09-30": "5.84%", "2012-06-30": "1.39%", "2012-03-31": "5.67%", "2011-12-31": "0.28%", "2011-09-30": "22.01%", "2011-06-30": "29.18%", "2011-03-31": "26.47%", "2010-12-31": "30.83%", "2010-09-30": "2.23%", "2010-06-30": "3.51%", "2010-03-31": "13.34%", "2009-12-31": "8.96%", "2009-09-30": "-36.11%", "2009-06-30": "-38.04%", "2009-03-31": "-36.35%", "2008-12-31": "-32.51%", "2008-09-30": "7.34%", "2008-06-30": "6.55%", "2008-03-31": "5.11%", "2007-12-31": "6.95%", "2007-09-30": "0.78%", "2007-06-30": "1.83%", "2007-03-31": "2.10%", "2006-12-31": "3.52%", "2006-09-30": "9.17%", "2006-06-30": "9.62%", "2006-03-31": "31.14%", "2005-12-31": "30.61%"}, "return on investments": {"2020-11-30": "7.19%", "2020-08-31": "5.76%", "2020-05-31": "3.28%", "2020-02-29": "3.57%", "2019-11-30": "2.51%", "2019-08-31": "-7.30%", "2019-05-31": "-5.71%", "2019-02-28": "-6.51%", "2018-11-30": "-8.79%", "2018-09-30": "3.26%", "2018-06-30": "2.50%", "2018-05-31": "3.64%", "2018-03-31": "4.77%", "2018-02-28": "3.98%", "2017-12-31": "2.79%", "2017-11-30": "5.27%", "2017-09-30": "2.74%", "2017-06-30": "3.79%", "2017-03-31": "4.14%", "2016-12-31": "0.00%", "2016-09-30": "0.82%", "2016-06-30": "-1.61%", "2016-03-31": "-2.03%", "2015-12-31": "2.02%", "2015-09-30": "1.66%", "2015-06-30": "3.46%", "2015-03-31": "3.99%", "2014-12-31": "2.11%", "2014-09-30": "2.67%", "2014-06-30": "2.35%", "2014-03-31": "2.13%", "2013-12-31": "2.84%", "2013-09-30": "9.25%", "2013-06-30": "12.17%", "2013-03-31": "12.35%", "2012-12-31": "17.71%", "2012-09-30": "-4.49%", "2012-06-30": "-6.44%", "2012-03-31": "3.91%", "2011-12-31": "0.42%", "2011-09-30": "11.36%", "2011-06-30": "10.80%", "2011-03-31": "5.72%", "2010-12-31": "5.71%", "2010-09-30": "1.27%", "2010-06-30": "1.66%", "2010-03-31": "-1.90%", "2009-12-31": "-4.42%", "2009-09-30": "-8.73%", "2009-06-30": "-9.26%", "2009-03-31": "-6.48%", "2008-12-31": "-5.16%", "2008-09-30": "-3.21%", "2008-06-30": "-2.06%", "2008-03-31": "-1.24%", "2007-12-31": "-0.96%", "2007-09-30": "0.07%", "2007-06-30": "0.17%", "2007-03-31": "0.28%", "2006-12-31": "2.81%", "2006-09-30": "5.64%", "2006-06-30": "7.55%", "2006-03-31": "7.24%", "2005-12-31": "4.82%"}, "return on tangible equity": {"2020-11-30": "10.26%", "2020-08-31": "8.74%", "2020-05-31": "5.23%", "2020-02-29": "13.15%", "2019-11-30": "12.05%", "2019-08-31": "1.77%", "2019-05-31": "3.49%", "2019-02-28": "4.07%", "2018-11-30": "16.00%", "2018-09-30": "28.03%", "2018-06-30": "41.25%", "2018-05-31": "18.15%", "2018-03-31": "-7.58%", "2018-02-28": "-8.08%", "2017-12-31": "-6.44%", "2017-11-30": "2.72%", "2017-09-30": "7.13%", "2017-06-30": "7.95%", "2017-03-31": "8.07%", "2016-12-31": "1.63%", "2016-09-30": "0.57%", "2016-06-30": "-3.67%", "2016-03-31": "-4.15%", "2015-12-31": "3.54%", "2015-09-30": "2.72%", "2015-06-30": "5.63%", "2015-03-31": "6.34%", "2014-12-31": "2.69%", "2014-09-30": "2.96%", "2014-06-30": "2.30%", "2014-03-31": "2.16%", "2013-12-31": "5.01%", "2013-09-30": "11.61%", "2013-06-30": "14.10%", "2013-03-31": "11.12%", "2012-12-31": "15.51%", "2012-09-30": "9.70%", "2012-06-30": "2.21%", "2012-03-31": "8.57%", "2011-12-31": "0.40%", "2011-09-30": "29.89%", "2011-06-30": "40.50%", "2011-03-31": "38.10%", "2010-12-31": "46.16%", "2010-09-30": "3.50%", "2010-06-30": "5.55%", "2010-03-31": "21.18%", "2009-12-31": "14.95%", "2009-09-30": "-63.83%", "2009-06-30": "-64.69%", "2009-03-31": "-57.73%", "2008-12-31": "-49.33%", "2008-09-30": "10.68%", "2008-06-30": "9.68%", "2008-03-31": "7.76%", "2007-12-31": "10.59%", "2007-09-30": "1.18%", "2007-06-30": "2.67%", "2007-03-31": "3.04%", "2006-12-31": "5.05%", "2006-09-30": "13.35%", "2006-06-30": "14.85%", "2006-03-31": "50.13%", "2005-12-31": "53.35%"}, "dividend yield history": {"last payout": "$0.60", "last yield": "2.35%"}}