{"ticker": "JBLU", "price": {"title": "JetBlue Airways Historical Annual Stock Price Data", "value": 15.79, "historical": {"2020": {"Average Stock Price": "12.8252", "Year Open": "18.8900", "Year High": "21.5600", "Year Low": "6.8600", "Year Close": "14.5400", "Annual % Change": "-22.33%"}, "2019": {"Average Stock Price": "17.9409", "Year Open": "16.2000", "Year High": "19.7600", "Year Low": "15.6700", "Year Close": "18.7200", "Annual % Change": "16.56%"}, "2018": {"Average Stock Price": "19.2078", "Year Open": "22.3800", "Year High": "22.9300", "Year Low": "15.1900", "Year Close": "16.0600", "Annual % Change": "-28.11%"}, "2017": {"Average Stock Price": "20.9436", "Year Open": "22.3900", "Year High": "23.7500", "Year Low": "18.2500", "Year Close": "22.3400", "Annual % Change": "-0.36%"}, "2016": {"Average Stock Price": "19.0905", "Year Open": "21.8800", "Year High": "23.3700", "Year Low": "15.1500", "Year Close": "22.4200", "Annual % Change": "-1.02%"}, "2015": {"Average Stock Price": "21.4938", "Year Open": "15.7900", "Year High": "27.0200", "Year Low": "14.3800", "Year Close": "22.6500", "Annual % Change": "42.81%"}, "2014": {"Average Stock Price": "10.6261", "Year Open": "8.6000", "Year High": "15.8900", "Year Low": "7.6300", "Year Close": "15.8600", "Annual % Change": "85.71%"}, "2013": {"Average Stock Price": "6.8020", "Year Open": "5.9000", "Year High": "9.0900", "Year Low": "5.7400", "Year Close": "8.5400", "Annual % Change": "49.30%"}, "2012": {"Average Stock Price": "5.1819", "Year Open": "5.1200", "Year High": "6.2300", "Year Low": "4.1500", "Year Close": "5.7200", "Annual % Change": "10.00%"}, "2011": {"Average Stock Price": "5.2650", "Year Open": "6.9300", "Year High": "7.1000", "Year Low": "3.4000", "Year Close": "5.2000", "Annual % Change": "-21.33%"}, "2010": {"Average Stock Price": "6.0587", "Year Open": "5.5600", "Year High": "7.5900", "Year Low": "4.7200", "Year Close": "6.6100", "Annual % Change": "21.28%"}, "2009": {"Average Stock Price": "5.2120", "Year Open": "7.2300", "Year High": "7.7300", "Year Low": "2.8400", "Year Close": "5.4500", "Annual % Change": "-23.24%"}, "2008": {"Average Stock Price": "5.1198", "Year Open": "5.4400", "Year High": "7.2300", "Year Low": "3.1400", "Year Close": "7.1000", "Annual % Change": "20.34%"}, "2007": {"Average Stock Price": "10.4941", "Year Open": "15.2000", "Year High": "16.6200", "Year Low": "5.9000", "Year Close": "5.9000", "Annual % Change": "-58.45%"}, "2006": {"Average Stock Price": "11.4365", "Year Open": "14.4300", "Year High": "15.1300", "Year Low": "8.9500", "Year Close": "14.2000", "Annual % Change": "-7.67%"}, "2005": {"Average Stock Price": "13.1973", "Year Open": "15.3133", "Year High": "15.6900", "Year Low": "11.5200", "Year Close": "15.3800", "Annual % Change": "-0.65%"}, "2004": {"Average Stock Price": "16.4078", "Year Open": "17.8000", "Year High": "20.2267", "Year Low": "13.5933", "Year Close": "15.4800", "Annual % Change": "-12.44%"}, "2003": {"Average Stock Price": "18.3639", "Year Open": "12.1778", "Year High": "31.2267", "Year Low": "10.5867", "Year Close": "17.6800", "Annual % Change": "47.33%"}, "2002": {"Average Stock Price": "12.4399", "Year Open": "13.3333", "Year High": "16.1481", "Year Low": "8.9333", "Year Close": "12.0000", "Annual % Change": "0.00%"}}}, "market cap": {"value": "$4.97B"}, "income statement": {"Revenue": {"2020-12-31": "2957.00000", "2019-12-31": "8094.00000", "2018-12-31": "7658.00000", "2017-12-31": "7012.00000", "2016-12-31": "6584.00000", "2015-12-31": "6416.00000", "2014-12-31": "5817.00000", "2013-12-31": "5441.00000", "2012-12-31": "4982.00000", "2011-12-31": "4504.00000", "2010-12-31": "3779.00000", "2009-12-31": "3292.00000", "2008-12-31": "3392.00000", "2007-12-31": "2842.00000", "2006-12-31": "2363.00000", "2005-12-31": "1701.00000"}, "Cost Of Goods Sold": {"2020-12-31": "1515.00000", "2019-12-31": "3039.00000", "2018-12-31": "3090.00000", "2017-12-31": "2525.00000", "2016-12-31": "2104.00000", "2015-12-31": "2302.00000", "2014-12-31": "2775.00000", "2013-12-31": "2764.00000", "2012-12-31": "2551.00000", "2011-12-31": "2271.00000", "2010-12-31": "1641.00000", "2009-12-31": "1433.00000", "2008-12-31": "1852.00000", "2007-12-31": "1378.00000", "2006-12-31": "1100.00000", "2005-12-31": "738.00000"}, "Gross Profit": {"2020-12-31": "1442.00000", "2019-12-31": "5055.00000", "2018-12-31": "4568.00000", "2017-12-31": "4487.00000", "2016-12-31": "4480.00000", "2015-12-31": "4114.00000", "2014-12-31": "3042.00000", "2013-12-31": "2677.00000", "2012-12-31": "2431.00000", "2011-12-31": "2233.00000", "2010-12-31": "2138.00000", "2009-12-31": "1859.00000", "2008-12-31": "1540.00000", "2007-12-31": "1464.00000", "2006-12-31": "1263.00000", "2005-12-31": "963.00000"}, "Research And Development Expenses": {"2020-12-31": "", "2019-12-31": "", "2018-12-31": "", "2017-12-31": "", "2016-12-31": "", "2015-12-31": "", "2014-12-31": "", "2013-12-31": "", "2012-12-31": "", "2011-12-31": "", "2010-12-31": "", "2009-12-31": "", "2008-12-31": "", "2007-12-31": "", "2006-12-31": "", "2005-12-31": ""}, "SG&A Expenses": {"2020-12-31": "2142.00000", "2019-12-31": "2610.00000", "2018-12-31": "2338.00000", "2017-12-31": "2158.00000", "2016-12-31": "1961.00000", "2015-12-31": "1804.00000", "2014-12-31": "1525.00000", "2013-12-31": "1358.00000", "2012-12-31": "1248.00000", "2011-12-31": "1146.00000", "2010-12-31": "1070.00000", "2009-12-31": "927.00000", "2008-12-31": "845.00000", "2007-12-31": "769.00000", "2006-12-31": "657.00000", "2005-12-31": "509.00000"}, "Other Operating Income Or Expenses": {"2020-12-31": "-479.00000", "2019-12-31": "-1120.00000", "2018-12-31": "-1495.00000", "2017-12-31": "-932.00000", "2016-12-31": "-866.00000", "2015-12-31": "-749.00000", "2014-12-31": "-682.00000", "2013-12-31": "-601.00000", "2012-12-31": "-549.00000", "2011-12-31": "-532.00000", "2010-12-31": "-515.00000", "2009-12-31": "-419.00000", "2008-12-31": "-377.00000", "2007-12-31": "-350.00000", "2006-12-31": "-328.00000", "2005-12-31": "-291.00000"}, "Operating Expenses": {"2020-12-31": "4671.00000", "2019-12-31": "7294.00000", "2018-12-31": "7392.00000", "2017-12-31": "6039.00000", "2016-12-31": "5324.00000", "2015-12-31": "5200.00000", "2014-12-31": "5302.00000", "2013-12-31": "5013.00000", "2012-12-31": "4606.00000", "2011-12-31": "4182.00000", "2010-12-31": "3446.00000", "2009-12-31": "3007.00000", "2008-12-31": "3279.00000", "2007-12-31": "2673.00000", "2006-12-31": "2236.00000", "2005-12-31": "1653.00000"}, "Operating Income": {"2020-12-31": "-1714.00000", "2019-12-31": "800.00000", "2018-12-31": "266.00000", "2017-12-31": "973.00000", "2016-12-31": "1260.00000", "2015-12-31": "1216.00000", "2014-12-31": "515.00000", "2013-12-31": "428.00000", "2012-12-31": "376.00000", "2011-12-31": "322.00000", "2010-12-31": "333.00000", "2009-12-31": "285.00000", "2008-12-31": "113.00000", "2007-12-31": "169.00000", "2006-12-31": "127.00000", "2005-12-31": "48.00000"}, "Total Non-Operating Income/Expense": {"2020-12-31": "-179.00000", "2019-12-31": "-32.00000", "2018-12-31": "-47.00000", "2017-12-31": "-55.00000", "2016-12-31": "-96.00000", "2015-12-31": "-119.00000", "2014-12-31": "108.00000", "2013-12-31": "-149.00000", "2012-12-31": "-167.00000", "2011-12-31": "-177.00000", "2010-12-31": "-172.00000", "2009-12-31": "-181.00000", "2008-12-31": "-202.00000", "2007-12-31": "-138.00000", "2006-12-31": "-118.00000", "2005-12-31": "-72.00000"}, "Pre-Tax Income": {"2020-12-31": "-1893.00000", "2019-12-31": "768.00000", "2018-12-31": "219.00000", "2017-12-31": "918.00000", "2016-12-31": "1164.00000", "2015-12-31": "1097.00000", "2014-12-31": "623.00000", "2013-12-31": "279.00000", "2012-12-31": "209.00000", "2011-12-31": "145.00000", "2010-12-31": "161.00000", "2009-12-31": "104.00000", "2008-12-31": "-89.00000", "2007-12-31": "31.00000", "2006-12-31": "9.00000", "2005-12-31": "-24.00000"}, "Income Taxes": {"2020-12-31": "-531.00000", "2019-12-31": "199.00000", "2018-12-31": "30.00000", "2017-12-31": "-222.00000", "2016-12-31": "437.00000", "2015-12-31": "420.00000", "2014-12-31": "222.00000", "2013-12-31": "111.00000", "2012-12-31": "81.00000", "2011-12-31": "59.00000", "2010-12-31": "64.00000", "2009-12-31": "43.00000", "2008-12-31": "-5.00000", "2007-12-31": "19.00000", "2006-12-31": "10.00000", "2005-12-31": "-4.00000"}, "Income After Taxes": {"2020-12-31": "-1362.00000", "2019-12-31": "569.00000", "2018-12-31": "189.00000", "2017-12-31": "1140.00000", "2016-12-31": "727.00000", "2015-12-31": "677.00000", "2014-12-31": "401.00000", "2013-12-31": "168.00000", "2012-12-31": "128.00000", "2011-12-31": "86.00000", "2010-12-31": "97.00000", "2009-12-31": "61.00000", "2008-12-31": "-84.00000", "2007-12-31": "12.00000", "2006-12-31": "-1.00000", "2005-12-31": "-20.00000"}, "Other Income": {"2020-12-31": "", "2019-12-31": "", "2018-12-31": "", "2017-12-31": "", "2016-12-31": "", "2015-12-31": "", "2014-12-31": "", "2013-12-31": "", "2012-12-31": "", "2011-12-31": "", "2010-12-31": "", "2009-12-31": "", "2008-12-31": "", "2007-12-31": "", "2006-12-31": "", "2005-12-31": ""}, "Income From Continuous Operations": {"2020-12-31": "-1362.00000", "2019-12-31": "569.00000", "2018-12-31": "189.00000", "2017-12-31": "1140.00000", "2016-12-31": "727.00000", "2015-12-31": "677.00000", "2014-12-31": "401.00000", "2013-12-31": "168.00000", "2012-12-31": "128.00000", "2011-12-31": "86.00000", "2010-12-31": "97.00000", "2009-12-31": "61.00000", "2008-12-31": "-84.00000", "2007-12-31": "12.00000", "2006-12-31": "-1.00000", "2005-12-31": "-20.00000"}, "Income From Discontinued Operations": {"2020-12-31": "", "2019-12-31": "", "2018-12-31": "", "2017-12-31": "", "2016-12-31": "", "2015-12-31": "", "2014-12-31": "", "2013-12-31": "", "2012-12-31": "", "2011-12-31": "", "2010-12-31": "", "2009-12-31": "", "2008-12-31": "", "2007-12-31": "", "2006-12-31": "", "2005-12-31": ""}, "Net Income": {"2020-12-31": "-1362.00000", "2019-12-31": "569.00000", "2018-12-31": "189.00000", "2017-12-31": "1140.00000", "2016-12-31": "727.00000", "2015-12-31": "677.00000", "2014-12-31": "401.00000", "2013-12-31": "168.00000", "2012-12-31": "128.00000", "2011-12-31": "86.00000", "2010-12-31": "97.00000", "2009-12-31": "61.00000", "2008-12-31": "-84.00000", "2007-12-31": "12.00000", "2006-12-31": "-1.00000", "2005-12-31": "-20.00000"}, "EBITDA": {"2020-12-31": "-1714.00000", "2019-12-31": "1325.00000", "2018-12-31": "735.00000", "2017-12-31": "1397.00000", "2016-12-31": "1653.00000", "2015-12-31": "1561.00000", "2014-12-31": "840.00000", "2013-12-31": "734.00000", "2012-12-31": "645.00000", "2011-12-31": "569.00000", "2010-12-31": "563.00000", "2009-12-31": "519.00000", "2008-12-31": "323.00000", "2007-12-31": "349.00000", "2006-12-31": "281.00000", "2005-12-31": "165.00000"}, "EBIT": {"2020-12-31": "-1714.00000", "2019-12-31": "800.00000", "2018-12-31": "266.00000", "2017-12-31": "973.00000", "2016-12-31": "1260.00000", "2015-12-31": "1216.00000", "2014-12-31": "515.00000", "2013-12-31": "428.00000", "2012-12-31": "376.00000", "2011-12-31": "322.00000", "2010-12-31": "333.00000", "2009-12-31": "285.00000", "2008-12-31": "113.00000", "2007-12-31": "169.00000", "2006-12-31": "127.00000", "2005-12-31": "48.00000"}, "Basic Shares Outstanding": {"2020-12-31": "277.50000", "2019-12-31": "296.60000", "2018-12-31": "312.90000", "2017-12-31": "328.70000", "2016-12-31": "326.50000", "2015-12-31": "315.10000", "2014-12-31": "294.70000", "2013-12-31": "282.80000", "2012-12-31": "282.30000", "2011-12-31": "278.68900", "2010-12-31": "275.36400", "2009-12-31": "260.48600", "2008-12-31": "226.26200", "2007-12-31": "179.76600", "2006-12-31": "175.11300", "2005-12-31": "159.88900"}, "Shares Outstanding": {"2020-12-31": "277.50000", "2019-12-31": "298.40000", "2018-12-31": "314.50000", "2017-12-31": "330.40000", "2016-12-31": "342.20000", "2015-12-31": "344.80000", "2014-12-31": "343.30000", "2013-12-31": "343.50000", "2012-12-31": "344.10000", "2011-12-31": "346.46700", "2010-12-31": "346.58000", "2009-12-31": "332.06300", "2008-12-31": "226.26200", "2007-12-31": "184.26000", "2006-12-31": "175.11300", "2005-12-31": "159.88900"}, "Basic EPS": {"2020-12-31": "-4.91000", "2019-12-31": "1.92000", "2018-12-31": "0.60000", "2017-12-31": "3.47000", "2016-12-31": "2.23000", "2015-12-31": "2.15000", "2014-12-31": "1.36000", "2013-12-31": "0.59000", "2012-12-31": "0.45000", "2011-12-31": "0.31000", "2010-12-31": "0.36000", "2009-12-31": "0.24000", "2008-12-31": "-0.37000", "2007-12-31": "0.06000", "2006-12-31": "-0.00570", "2005-12-31": "-0.13000"}, "EPS - Earnings Per Share": {"2020-12-31": "-4.91000", "2019-12-31": "1.91000", "2018-12-31": "0.60000", "2017-12-31": "3.45000", "2016-12-31": "2.13000", "2015-12-31": "1.98000", "2014-12-31": "1.19000", "2013-12-31": "0.52000", "2012-12-31": "0.40000", "2011-12-31": "0.28000", "2010-12-31": "0.31000", "2009-12-31": "0.21000", "2008-12-31": "-0.37000", "2007-12-31": "0.06000", "2006-12-31": "-0.00570", "2005-12-31": "-0.13000"}}, "income statement, quarterly": {"Revenue": {"2020-12-31": "661.00000", "2020-09-30": "492.00000", "2020-06-30": "215.00000", "2020-03-31": "1588.00000", "2019-12-31": "2032.00000", "2019-09-30": "2086.00000", "2019-06-30": "2105.00000", "2019-03-31": "1871.00000", "2018-12-31": "1968.00000", "2018-09-30": "2008.00000", "2018-06-30": "1928.00000", "2018-03-31": "1754.00000", "2017-12-31": "1758.00000", "2017-09-30": "1818.00000", "2017-06-30": "1836.00000", "2017-03-31": "1600.00000", "2016-12-31": "1593.00000", "2016-09-30": "1732.00000", "2016-06-30": "1643.00000", "2016-03-31": "1616.00000", "2015-12-31": "1594.00000", "2015-09-30": "1687.00000", "2015-06-30": "1612.00000", "2015-03-31": "1523.00000", "2014-12-31": "1446.00000", "2014-09-30": "1529.00000", "2014-06-30": "1493.00000", "2014-03-31": "1349.00000", "2013-12-31": "1365.00000", "2013-09-30": "1442.00000", "2013-06-30": "1335.00000", "2013-03-31": "1299.00000", "2012-12-31": "1194.00000", "2012-09-30": "1308.00000", "2012-06-30": "1277.00000", "2012-03-31": "1203.00000", "2011-12-31": "1146.00000", "2011-09-30": "1195.00000", "2011-06-30": "1151.00000", "2011-03-31": "1012.00000", "2010-12-31": "938.00000", "2010-09-30": "1030.00000", "2010-06-30": "940.00000", "2010-03-31": "871.00000", "2009-12-31": "838.00000", "2009-09-30": "854.00000", "2009-06-30": "807.00000", "2009-03-31": "793.00000", "2008-12-31": "815.00000", "2008-09-30": "902.00000", "2008-06-30": "859.00000", "2008-03-31": "816.00000", "2007-12-31": "739.00000", "2007-09-30": "765.00000", "2007-06-30": "730.00000", "2007-03-31": "608.00000", "2006-12-31": "633.00000", "2006-09-30": "628.00000", "2006-06-30": "612.00000", "2006-03-31": "490.00000", "2005-12-31": "446.00000", "2005-09-30": "453.00000", "2005-06-30": "429.00000", "2005-03-31": "373.00000"}, "Cost Of Goods Sold": {"2020-12-31": "356.00000", "2020-09-30": "320.00000", "2020-06-30": "180.00000", "2020-03-31": "658.00000", "2019-12-31": "729.00000", "2019-09-30": "780.00000", "2019-06-30": "798.00000", "2019-03-31": "732.00000", "2018-12-31": "738.00000", "2018-09-30": "834.00000", "2018-06-30": "825.00000", "2018-03-31": "693.00000", "2017-12-31": "687.00000", "2017-09-30": "626.00000", "2017-06-30": "616.00000", "2017-03-31": "596.00000", "2016-12-31": "535.00000", "2016-09-30": "572.00000", "2016-06-30": "534.00000", "2016-03-31": "463.00000", "2015-12-31": "527.00000", "2015-09-30": "595.00000", "2015-06-30": "618.00000", "2015-03-31": "562.00000", "2014-12-31": "653.00000", "2014-09-30": "743.00000", "2014-06-30": "713.00000", "2014-03-31": "666.00000", "2013-12-31": "669.00000", "2013-09-30": "723.00000", "2013-06-30": "689.00000", "2013-03-31": "683.00000", "2012-12-31": "620.00000", "2012-09-30": "671.00000", "2012-06-30": "640.00000", "2012-03-31": "620.00000", "2011-12-31": "573.00000", "2011-09-30": "610.00000", "2011-06-30": "592.00000", "2011-03-31": "496.00000", "2010-12-31": "426.00000", "2010-09-30": "428.00000", "2010-06-30": "409.00000", "2010-03-31": "378.00000", "2009-12-31": "354.00000", "2009-09-30": "382.00000", "2009-06-30": "356.00000", "2009-03-31": "341.00000", "2008-12-31": "434.00000", "2008-09-30": "511.00000", "2008-06-30": "483.00000", "2008-03-31": "424.00000", "2007-12-31": "407.00000", "2007-09-30": "350.00000", "2007-06-30": "330.00000", "2007-03-31": "291.00000", "2006-12-31": "278.00000", "2006-09-30": "304.00000", "2006-06-30": "277.00000", "2006-03-31": "241.00000", "2005-12-31": "221.00000", "2005-09-30": "202.00000", "2005-06-30": "170.00000", "2005-03-31": "145.00000"}, "Gross Profit": {"2020-12-31": "305.00000", "2020-09-30": "172.00000", "2020-06-30": "35.00000", "2020-03-31": "930.00000", "2019-12-31": "1303.00000", "2019-09-30": "1306.00000", "2019-06-30": "1307.00000", "2019-03-31": "1139.00000", "2018-12-31": "1230.00000", "2018-09-30": "1174.00000", "2018-06-30": "1103.00000", "2018-03-31": "1061.00000", "2017-12-31": "1071.00000", "2017-09-30": "1192.00000", "2017-06-30": "1220.00000", "2017-03-31": "1004.00000", "2016-12-31": "1058.00000", "2016-09-30": "1160.00000", "2016-06-30": "1109.00000", "2016-03-31": "1153.00000", "2015-12-31": "1067.00000", "2015-09-30": "1092.00000", "2015-06-30": "994.00000", "2015-03-31": "961.00000", "2014-12-31": "793.00000", "2014-09-30": "786.00000", "2014-06-30": "780.00000", "2014-03-31": "683.00000", "2013-12-31": "696.00000", "2013-09-30": "719.00000", "2013-06-30": "646.00000", "2013-03-31": "616.00000", "2012-12-31": "574.00000", "2012-09-30": "637.00000", "2012-06-30": "637.00000", "2012-03-31": "583.00000", "2011-12-31": "573.00000", "2011-09-30": "585.00000", "2011-06-30": "559.00000", "2011-03-31": "516.00000", "2010-12-31": "512.00000", "2010-09-30": "602.00000", "2010-06-30": "531.00000", "2010-03-31": "493.00000", "2009-12-31": "484.00000", "2009-09-30": "472.00000", "2009-06-30": "451.00000", "2009-03-31": "452.00000", "2008-12-31": "381.00000", "2008-09-30": "391.00000", "2008-06-30": "376.00000", "2008-03-31": "392.00000", "2007-12-31": "332.00000", "2007-09-30": "415.00000", "2007-06-30": "400.00000", "2007-03-31": "317.00000", "2006-12-31": "355.00000", "2006-09-30": "324.00000", "2006-06-30": "335.00000", "2006-03-31": "249.00000", "2005-12-31": "225.00000", "2005-09-30": "251.00000", "2005-06-30": "259.00000", "2005-03-31": "228.00000"}, "Research And Development Expenses": {"2020-12-31": "", "2020-09-30": "", "2020-06-30": "", "2020-03-31": "", "2019-12-31": "", "2019-09-30": "", "2019-06-30": "", "2019-03-31": "", "2018-12-31": "", "2018-09-30": "", "2018-06-30": "", "2018-03-31": "", "2017-12-31": "", "2017-09-30": "", "2017-06-30": "", "2017-03-31": "", "2016-12-31": "", "2016-09-30": "", "2016-06-30": "", "2016-03-31": "", "2015-12-31": "", "2015-09-30": "", "2015-06-30": "", "2015-03-31": "", "2014-12-31": "", "2014-09-30": "", "2014-06-30": "", "2014-03-31": "", "2013-12-31": "", "2013-09-30": "", "2013-06-30": "", "2013-03-31": "", "2012-12-31": "", "2012-09-30": "", "2012-06-30": "", "2012-03-31": "", "2011-12-31": "", "2011-09-30": "", "2011-06-30": "", "2011-03-31": "", "2010-12-31": "", "2010-09-30": "", "2010-06-30": "", "2010-03-31": "", "2009-12-31": "", "2009-09-30": "", "2009-06-30": "", "2009-03-31": "", "2008-12-31": "", "2008-09-30": "", "2008-06-30": "", "2008-03-31": "", "2007-12-31": "", "2007-09-30": "", "2007-06-30": "", "2007-03-31": "", "2006-12-31": "", "2006-09-30": "", "2006-06-30": "", "2006-03-31": "", "2005-12-31": "", "2005-09-30": "", "2005-06-30": "", "2005-03-31": ""}, "SG&A Expenses": {"2020-12-31": "498.00000", "2020-09-30": "506.00000", "2020-06-30": "485.00000", "2020-03-31": "654.00000", "2019-12-31": "664.00000", "2019-09-30": "654.00000", "2019-06-30": "651.00000", "2019-03-31": "641.00000", "2018-12-31": "624.00000", "2018-09-30": "587.00000", "2018-06-30": "561.00000", "2018-03-31": "566.00000", "2017-12-31": "563.00000", "2017-09-30": "535.00000", "2017-06-30": "533.00000", "2017-03-31": "527.00000", "2016-12-31": "494.00000", "2016-09-30": "481.00000", "2016-06-30": "487.00000", "2016-03-31": "499.00000", "2015-12-31": "466.00000", "2015-09-30": "458.00000", "2015-06-30": "445.00000", "2015-03-31": "435.00000", "2014-12-31": "380.00000", "2014-09-30": "377.00000", "2014-06-30": "385.00000", "2014-03-31": "383.00000", "2013-12-31": "353.00000", "2013-09-30": "343.00000", "2013-06-30": "332.00000", "2013-03-31": "330.00000", "2012-12-31": "314.00000", "2012-09-30": "313.00000", "2012-06-30": "319.00000", "2012-03-31": "302.00000", "2011-12-31": "295.00000", "2011-09-30": "285.00000", "2011-06-30": "286.00000", "2011-03-31": "280.00000", "2010-12-31": "276.00000", "2010-09-30": "274.00000", "2010-06-30": "261.00000", "2010-03-31": "259.00000", "2009-12-31": "238.00000", "2009-09-30": "237.00000", "2009-06-30": "230.00000", "2009-03-31": "222.00000", "2008-12-31": "207.00000", "2008-09-30": "211.00000", "2008-06-30": "210.00000", "2008-03-31": "217.00000", "2007-12-31": "196.00000", "2007-09-30": "191.00000", "2007-06-30": "189.00000", "2007-03-31": "193.00000", "2006-12-31": "174.00000", "2006-09-30": "167.00000", "2006-06-30": "164.00000", "2006-03-31": "152.00000", "2005-12-31": "136.00000", "2005-09-30": "130.00000", "2005-06-30": "126.00000", "2005-03-31": "117.00000"}, "Other Operating Income Or Expenses": {"2020-12-31": "-133.00000", "2020-09-30": "-55.00000", "2020-06-30": "180.00000", "2020-03-31": "-471.00000", "2019-12-31": "-272.00000", "2019-09-30": "-271.00000", "2019-06-30": "-279.00000", "2019-03-31": "-298.00000", "2018-12-31": "-267.00000", "2018-09-30": "-389.00000", "2018-06-30": "-580.00000", "2018-03-31": "-259.00000", "2017-12-31": "-242.00000", "2017-09-30": "-229.00000", "2017-06-30": "-231.00000", "2017-03-31": "-230.00000", "2016-12-31": "-216.00000", "2016-09-30": "-223.00000", "2016-06-30": "-213.00000", "2016-03-31": "-214.00000", "2015-12-31": "-178.00000", "2015-09-30": "-199.00000", "2015-06-30": "-186.00000", "2015-03-31": "-186.00000", "2014-12-31": "-158.00000", "2014-09-30": "-166.00000", "2014-06-30": "-177.00000", "2014-03-31": "-181.00000", "2013-12-31": "-150.00000", "2013-09-30": "-151.00000", "2013-06-30": "-141.00000", "2013-03-31": "-159.00000", "2012-12-31": "-148.00000", "2012-09-30": "-145.00000", "2012-06-30": "-125.00000", "2012-03-31": "-131.00000", "2011-12-31": "-133.00000", "2011-09-30": "-135.00000", "2011-06-30": "-129.00000", "2011-03-31": "-135.00000", "2010-12-31": "-126.00000", "2010-09-30": "-134.00000", "2010-06-30": "-121.00000", "2010-03-31": "-134.00000", "2009-12-31": "-118.00000", "2009-09-30": "-110.00000", "2009-06-30": "-89.00000", "2009-03-31": "-102.00000", "2008-12-31": "-61.00000", "2008-09-30": "-104.00000", "2008-06-30": "-99.00000", "2008-03-31": "-113.00000", "2007-12-31": "-59.00000", "2007-09-30": "-101.00000", "2007-06-30": "-95.00000", "2007-03-31": "-95.00000", "2006-12-31": "-76.00000", "2006-09-30": "-77.00000", "2006-06-30": "-87.00000", "2006-03-31": "-88.00000", "2005-12-31": "-86.00000", "2005-09-30": "-77.00000", "2005-06-30": "-66.00000", "2005-03-31": "-62.00000"}, "Operating Expenses": {"2020-12-31": "1115.00000", "2020-09-30": "1008.00000", "2020-06-30": "625.00000", "2020-03-31": "1922.00000", "2019-12-31": "1805.00000", "2019-09-30": "1839.00000", "2019-06-30": "1855.00000", "2019-03-31": "1795.00000", "2018-12-31": "1753.00000", "2018-09-30": "1930.00000", "2018-06-30": "2080.00000", "2018-03-31": "1629.00000", "2017-12-31": "1588.00000", "2017-09-30": "1504.00000", "2017-06-30": "1489.00000", "2017-03-31": "1458.00000", "2016-12-31": "1349.00000", "2016-09-30": "1378.00000", "2016-06-30": "1330.00000", "2016-03-31": "1267.00000", "2015-12-31": "1264.00000", "2015-09-30": "1336.00000", "2015-06-30": "1330.00000", "2015-03-31": "1270.00000", "2014-12-31": "1277.00000", "2014-09-30": "1365.00000", "2014-06-30": "1352.00000", "2014-03-31": "1308.00000", "2013-12-31": "1250.00000", "2013-09-30": "1290.00000", "2013-06-30": "1233.00000", "2013-03-31": "1240.00000", "2012-12-31": "1150.00000", "2012-09-30": "1195.00000", "2012-06-30": "1147.00000", "2012-03-31": "1114.00000", "2011-12-31": "1063.00000", "2011-09-30": "1087.00000", "2011-06-30": "1065.00000", "2011-03-31": "967.00000", "2010-12-31": "883.00000", "2010-09-30": "890.00000", "2010-06-30": "845.00000", "2010-03-31": "828.00000", "2009-12-31": "768.00000", "2009-09-30": "788.00000", "2009-06-30": "731.00000", "2009-03-31": "720.00000", "2008-12-31": "762.00000", "2008-09-30": "880.00000", "2008-06-30": "838.00000", "2008-03-31": "799.00000", "2007-12-31": "709.00000", "2007-09-30": "686.00000", "2007-06-30": "657.00000", "2007-03-31": "621.00000", "2006-12-31": "569.00000", "2006-09-30": "587.00000", "2006-06-30": "565.00000", "2006-03-31": "515.00000", "2005-12-31": "477.00000", "2005-09-30": "439.00000", "2005-06-30": "389.00000", "2005-03-31": "348.00000"}, "Operating Income": {"2020-12-31": "-454.00000", "2020-09-30": "-516.00000", "2020-06-30": "-410.00000", "2020-03-31": "-334.00000", "2019-12-31": "227.00000", "2019-09-30": "247.00000", "2019-06-30": "250.00000", "2019-03-31": "76.00000", "2018-12-31": "215.00000", "2018-09-30": "78.00000", "2018-06-30": "-152.00000", "2018-03-31": "125.00000", "2017-12-31": "170.00000", "2017-09-30": "314.00000", "2017-06-30": "347.00000", "2017-03-31": "142.00000", "2016-12-31": "244.00000", "2016-09-30": "354.00000", "2016-06-30": "313.00000", "2016-03-31": "349.00000", "2015-12-31": "330.00000", "2015-09-30": "351.00000", "2015-06-30": "282.00000", "2015-03-31": "253.00000", "2014-12-31": "169.00000", "2014-09-30": "164.00000", "2014-06-30": "141.00000", "2014-03-31": "41.00000", "2013-12-31": "115.00000", "2013-09-30": "152.00000", "2013-06-30": "102.00000", "2013-03-31": "59.00000", "2012-12-31": "44.00000", "2012-09-30": "113.00000", "2012-06-30": "130.00000", "2012-03-31": "89.00000", "2011-12-31": "83.00000", "2011-09-30": "108.00000", "2011-06-30": "86.00000", "2011-03-31": "45.00000", "2010-12-31": "55.00000", "2010-09-30": "140.00000", "2010-06-30": "95.00000", "2010-03-31": "43.00000", "2009-12-31": "70.00000", "2009-09-30": "66.00000", "2009-06-30": "76.00000", "2009-03-31": "73.00000", "2008-12-31": "53.00000", "2008-09-30": "22.00000", "2008-06-30": "21.00000", "2008-03-31": "17.00000", "2007-12-31": "30.00000", "2007-09-30": "79.00000", "2007-06-30": "73.00000", "2007-03-31": "-13.00000", "2006-12-31": "64.00000", "2006-09-30": "41.00000", "2006-06-30": "47.00000", "2006-03-31": "-25.00000", "2005-12-31": "-31.00000", "2005-09-30": "14.00000", "2005-06-30": "40.00000", "2005-03-31": "25.00000"}, "Total Non-Operating Income/Expense": {"2020-12-31": "-58.00000", "2020-09-30": "-62.00000", "2020-06-30": "-40.00000", "2020-03-31": "-20.00000", "2019-12-31": "-7.00000", "2019-09-30": "7.00000", "2019-06-30": "-14.00000", "2019-03-31": "-18.00000", "2018-12-31": "-15.00000", "2018-09-30": "-10.00000", "2018-06-30": "-10.00000", "2018-03-31": "-12.00000", "2017-12-31": "5.00000", "2017-09-30": "-17.00000", "2017-06-30": "-22.00000", "2017-03-31": "-21.00000", "2016-12-31": "-22.00000", "2016-09-30": "-24.00000", "2016-06-30": "-24.00000", "2016-03-31": "-26.00000", "2015-12-31": "-27.00000", "2015-09-30": "-29.00000", "2015-06-30": "-32.00000", "2015-03-31": "-31.00000", "2014-12-31": "-29.00000", "2014-09-30": "-32.00000", "2014-06-30": "204.00000", "2014-03-31": "-35.00000", "2013-12-31": "-38.00000", "2013-09-30": "-33.00000", "2013-06-30": "-42.00000", "2013-03-31": "-36.00000", "2012-12-31": "-43.00000", "2012-09-30": "-40.00000", "2012-06-30": "-44.00000", "2012-03-31": "-40.00000", "2011-12-31": "-43.00000", "2011-09-30": "-52.00000", "2011-06-30": "-43.00000", "2011-03-31": "-39.00000", "2010-12-31": "-42.00000", "2010-09-30": "-43.00000", "2010-06-30": "-43.00000", "2010-03-31": "-44.00000", "2009-12-31": "-45.00000", "2009-09-30": "-43.00000", "2009-06-30": "-40.00000", "2009-03-31": "-53.00000", "2008-12-31": "-103.00000", "2008-09-30": "-32.00000", "2008-06-30": "-34.00000", "2008-03-31": "-33.00000", "2007-12-31": "-43.00000", "2007-09-30": "-33.00000", "2007-06-30": "-30.00000", "2007-03-31": "-32.00000", "2006-12-31": "-34.00000", "2006-09-30": "-40.00000", "2006-06-30": "-22.00000", "2006-03-31": "-22.00000", "2005-12-31": "-24.00000", "2005-09-30": "-18.00000", "2005-06-30": "-16.00000", "2005-03-31": "-14.00000"}, "Pre-Tax Income": {"2020-12-31": "-512.00000", "2020-09-30": "-578.00000", "2020-06-30": "-450.00000", "2020-03-31": "-354.00000", "2019-12-31": "220.00000", "2019-09-30": "254.00000", "2019-06-30": "236.00000", "2019-03-31": "58.00000", "2018-12-31": "200.00000", "2018-09-30": "68.00000", "2018-06-30": "-162.00000", "2018-03-31": "113.00000", "2017-12-31": "175.00000", "2017-09-30": "297.00000", "2017-06-30": "325.00000", "2017-03-31": "121.00000", "2016-12-31": "222.00000", "2016-09-30": "330.00000", "2016-06-30": "289.00000", "2016-03-31": "323.00000", "2015-12-31": "303.00000", "2015-09-30": "322.00000", "2015-06-30": "250.00000", "2015-03-31": "222.00000", "2014-12-31": "140.00000", "2014-09-30": "132.00000", "2014-06-30": "345.00000", "2014-03-31": "6.00000", "2013-12-31": "77.00000", "2013-09-30": "119.00000", "2013-06-30": "60.00000", "2013-03-31": "23.00000", "2012-12-31": "1.00000", "2012-09-30": "73.00000", "2012-06-30": "86.00000", "2012-03-31": "49.00000", "2011-12-31": "40.00000", "2011-09-30": "56.00000", "2011-06-30": "43.00000", "2011-03-31": "6.00000", "2010-12-31": "13.00000", "2010-09-30": "97.00000", "2010-06-30": "52.00000", "2010-03-31": "-1.00000", "2009-12-31": "25.00000", "2009-09-30": "23.00000", "2009-06-30": "36.00000", "2009-03-31": "20.00000", "2008-12-31": "-50.00000", "2008-09-30": "-10.00000", "2008-06-30": "-13.00000", "2008-03-31": "-16.00000", "2007-12-31": "-13.00000", "2007-09-30": "46.00000", "2007-06-30": "43.00000", "2007-03-31": "-45.00000", "2006-12-31": "30.00000", "2006-09-30": "1.00000", "2006-06-30": "25.00000", "2006-03-31": "-47.00000", "2005-12-31": "-55.00000", "2005-09-30": "-4.00000", "2005-06-30": "24.00000", "2005-03-31": "11.00000"}, "Income Taxes": {"2020-12-31": "-131.00000", "2020-09-30": "-185.00000", "2020-06-30": "-130.00000", "2020-03-31": "-86.00000", "2019-12-31": "59.00000", "2019-09-30": "67.00000", "2019-06-30": "57.00000", "2019-03-31": "16.00000", "2018-12-31": "30.00000", "2018-09-30": "18.00000", "2018-06-30": "-41.00000", "2018-03-31": "23.00000", "2017-12-31": "-495.00000", "2017-09-30": "116.00000", "2017-06-30": "118.00000", "2017-03-31": "39.00000", "2016-12-31": "82.00000", "2016-09-30": "131.00000", "2016-06-30": "108.00000", "2016-03-31": "116.00000", "2015-12-31": "113.00000", "2015-09-30": "124.00000", "2015-06-30": "98.00000", "2015-03-31": "85.00000", "2014-12-31": "52.00000", "2014-09-30": "53.00000", "2014-06-30": "115.00000", "2014-03-31": "2.00000", "2013-12-31": "30.00000", "2013-09-30": "48.00000", "2013-06-30": "24.00000", "2013-03-31": "9.00000", "2012-12-31": "", "2012-09-30": "28.00000", "2012-06-30": "34.00000", "2012-03-31": "19.00000", "2011-12-31": "17.00000", "2011-09-30": "21.00000", "2011-06-30": "18.00000", "2011-03-31": "3.00000", "2010-12-31": "5.00000", "2010-09-30": "38.00000", "2010-06-30": "21.00000", "2010-03-31": "", "2009-12-31": "11.00000", "2009-09-30": "8.00000", "2009-06-30": "16.00000", "2009-03-31": "8.00000", "2008-12-31": "7.00000", "2008-09-30": "-2.00000", "2008-06-30": "-4.00000", "2008-03-31": "-6.00000", "2007-12-31": "-3.00000", "2007-09-30": "23.00000", "2007-06-30": "22.00000", "2007-03-31": "-23.00000", "2006-12-31": "13.00000", "2006-09-30": "1.00000", "2006-06-30": "11.00000", "2006-03-31": "-15.00000", "2005-12-31": "-13.00000", "2005-09-30": "-7.00000", "2005-06-30": "11.00000", "2005-03-31": "5.00000"}, "Income After Taxes": {"2020-12-31": "-381.00000", "2020-09-30": "-393.00000", "2020-06-30": "-320.00000", "2020-03-31": "-268.00000", "2019-12-31": "161.00000", "2019-09-30": "187.00000", "2019-06-30": "179.00000", "2019-03-31": "42.00000", "2018-12-31": "170.00000", "2018-09-30": "50.00000", "2018-06-30": "-121.00000", "2018-03-31": "90.00000", "2017-12-31": "670.00000", "2017-09-30": "181.00000", "2017-06-30": "207.00000", "2017-03-31": "82.00000", "2016-12-31": "140.00000", "2016-09-30": "199.00000", "2016-06-30": "181.00000", "2016-03-31": "207.00000", "2015-12-31": "190.00000", "2015-09-30": "198.00000", "2015-06-30": "152.00000", "2015-03-31": "137.00000", "2014-12-31": "88.00000", "2014-09-30": "79.00000", "2014-06-30": "230.00000", "2014-03-31": "4.00000", "2013-12-31": "47.00000", "2013-09-30": "71.00000", "2013-06-30": "36.00000", "2013-03-31": "14.00000", "2012-12-31": "1.00000", "2012-09-30": "45.00000", "2012-06-30": "52.00000", "2012-03-31": "30.00000", "2011-12-31": "23.00000", "2011-09-30": "35.00000", "2011-06-30": "25.00000", "2011-03-31": "3.00000", "2010-12-31": "8.00000", "2010-09-30": "59.00000", "2010-06-30": "31.00000", "2010-03-31": "-1.00000", "2009-12-31": "14.00000", "2009-09-30": "15.00000", "2009-06-30": "20.00000", "2009-03-31": "12.00000", "2008-12-31": "-57.00000", "2008-09-30": "-8.00000", "2008-06-30": "-9.00000", "2008-03-31": "-10.00000", "2007-12-31": "-10.00000", "2007-09-30": "23.00000", "2007-06-30": "21.00000", "2007-03-31": "-22.00000", "2006-12-31": "17.00000", "2006-09-30": "", "2006-06-30": "14.00000", "2006-03-31": "-32.00000", "2005-12-31": "-42.00000", "2005-09-30": "3.00000", "2005-06-30": "13.00000", "2005-03-31": "6.00000"}, "Other Income": {"2020-12-31": "", "2020-09-30": "", "2020-06-30": "", "2020-03-31": "", "2019-12-31": "", "2019-09-30": "", "2019-06-30": "", "2019-03-31": "", "2018-12-31": "", "2018-09-30": "", "2018-06-30": "", "2018-03-31": "", "2017-12-31": "", "2017-09-30": "", "2017-06-30": "", "2017-03-31": "", "2016-12-31": "", "2016-09-30": "", "2016-06-30": "", "2016-03-31": "", "2015-12-31": "", "2015-09-30": "", "2015-06-30": "", "2015-03-31": "", "2014-12-31": "", "2014-09-30": "", "2014-06-30": "", "2014-03-31": "", "2013-12-31": "", "2013-09-30": "", "2013-06-30": "", "2013-03-31": "", "2012-12-31": "", "2012-09-30": "", "2012-06-30": "", "2012-03-31": "", "2011-12-31": "", "2011-09-30": "", "2011-06-30": "", "2011-03-31": "", "2010-12-31": "", "2010-09-30": "", "2010-06-30": "", "2010-03-31": "", "2009-12-31": "", "2009-09-30": "", "2009-06-30": "", "2009-03-31": "", "2008-12-31": "", "2008-09-30": "", "2008-06-30": "", "2008-03-31": "", "2007-12-31": "", "2007-09-30": "", "2007-06-30": "", "2007-03-31": "", "2006-12-31": "", "2006-09-30": "", "2006-06-30": "", "2006-03-31": "", "2005-12-31": "", "2005-09-30": "", "2005-06-30": "", "2005-03-31": ""}, "Income From Continuous Operations": {"2020-12-31": "-381.00000", "2020-09-30": "-393.00000", "2020-06-30": "-320.00000", "2020-03-31": "-268.00000", "2019-12-31": "161.00000", "2019-09-30": "187.00000", "2019-06-30": "179.00000", "2019-03-31": "42.00000", "2018-12-31": "170.00000", "2018-09-30": "50.00000", "2018-06-30": "-121.00000", "2018-03-31": "90.00000", "2017-12-31": "670.00000", "2017-09-30": "181.00000", "2017-06-30": "207.00000", "2017-03-31": "82.00000", "2016-12-31": "140.00000", "2016-09-30": "199.00000", "2016-06-30": "181.00000", "2016-03-31": "207.00000", "2015-12-31": "190.00000", "2015-09-30": "198.00000", "2015-06-30": "152.00000", "2015-03-31": "137.00000", "2014-12-31": "88.00000", "2014-09-30": "79.00000", "2014-06-30": "230.00000", "2014-03-31": "4.00000", "2013-12-31": "47.00000", "2013-09-30": "71.00000", "2013-06-30": "36.00000", "2013-03-31": "14.00000", "2012-12-31": "1.00000", "2012-09-30": "45.00000", "2012-06-30": "52.00000", "2012-03-31": "30.00000", "2011-12-31": "23.00000", "2011-09-30": "35.00000", "2011-06-30": "25.00000", "2011-03-31": "3.00000", "2010-12-31": "8.00000", "2010-09-30": "59.00000", "2010-06-30": "31.00000", "2010-03-31": "-1.00000", "2009-12-31": "14.00000", "2009-09-30": "15.00000", "2009-06-30": "20.00000", "2009-03-31": "12.00000", "2008-12-31": "-57.00000", "2008-09-30": "-8.00000", "2008-06-30": "-9.00000", "2008-03-31": "-10.00000", "2007-12-31": "-10.00000", "2007-09-30": "23.00000", "2007-06-30": "21.00000", "2007-03-31": "-22.00000", "2006-12-31": "17.00000", "2006-09-30": "", "2006-06-30": "14.00000", "2006-03-31": "-32.00000", "2005-12-31": "-42.00000", "2005-09-30": "3.00000", "2005-06-30": "13.00000", "2005-03-31": "6.00000"}, "Income From Discontinued Operations": {"2020-12-31": "", "2020-09-30": "", "2020-06-30": "", "2020-03-31": "", "2019-12-31": "", "2019-09-30": "", "2019-06-30": "", "2019-03-31": "", "2018-12-31": "", "2018-09-30": "", "2018-06-30": "", "2018-03-31": "", "2017-12-31": "", "2017-09-30": "", "2017-06-30": "", "2017-03-31": "", "2016-12-31": "", "2016-09-30": "", "2016-06-30": "", "2016-03-31": "", "2015-12-31": "", "2015-09-30": "", "2015-06-30": "", "2015-03-31": "", "2014-12-31": "", "2014-09-30": "", "2014-06-30": "", "2014-03-31": "", "2013-12-31": "", "2013-09-30": "", "2013-06-30": "", "2013-03-31": "", "2012-12-31": "", "2012-09-30": "", "2012-06-30": "", "2012-03-31": "", "2011-12-31": "", "2011-09-30": "", "2011-06-30": "", "2011-03-31": "", "2010-12-31": "", "2010-09-30": "", "2010-06-30": "", "2010-03-31": "", "2009-12-31": "", "2009-09-30": "", "2009-06-30": "", "2009-03-31": "", "2008-12-31": "", "2008-09-30": "", "2008-06-30": "", "2008-03-31": "", "2007-12-31": "", "2007-09-30": "", "2007-06-30": "", "2007-03-31": "", "2006-12-31": "", "2006-09-30": "", "2006-06-30": "", "2006-03-31": "", "2005-12-31": "", "2005-09-30": "", "2005-06-30": "", "2005-03-31": ""}, "Net Income": {"2020-12-31": "-381.00000", "2020-09-30": "-393.00000", "2020-06-30": "-320.00000", "2020-03-31": "-268.00000", "2019-12-31": "161.00000", "2019-09-30": "187.00000", "2019-06-30": "179.00000", "2019-03-31": "42.00000", "2018-12-31": "170.00000", "2018-09-30": "50.00000", "2018-06-30": "-121.00000", "2018-03-31": "90.00000", "2017-12-31": "670.00000", "2017-09-30": "181.00000", "2017-06-30": "207.00000", "2017-03-31": "82.00000", "2016-12-31": "140.00000", "2016-09-30": "199.00000", "2016-06-30": "181.00000", "2016-03-31": "207.00000", "2015-12-31": "190.00000", "2015-09-30": "198.00000", "2015-06-30": "152.00000", "2015-03-31": "137.00000", "2014-12-31": "88.00000", "2014-09-30": "79.00000", "2014-06-30": "230.00000", "2014-03-31": "4.00000", "2013-12-31": "47.00000", "2013-09-30": "71.00000", "2013-06-30": "36.00000", "2013-03-31": "14.00000", "2012-12-31": "1.00000", "2012-09-30": "45.00000", "2012-06-30": "52.00000", "2012-03-31": "30.00000", "2011-12-31": "23.00000", "2011-09-30": "35.00000", "2011-06-30": "25.00000", "2011-03-31": "3.00000", "2010-12-31": "8.00000", "2010-09-30": "59.00000", "2010-06-30": "31.00000", "2010-03-31": "-1.00000", "2009-12-31": "14.00000", "2009-09-30": "15.00000", "2009-06-30": "20.00000", "2009-03-31": "12.00000", "2008-12-31": "-57.00000", "2008-09-30": "-8.00000", "2008-06-30": "-9.00000", "2008-03-31": "-10.00000", "2007-12-31": "-10.00000", "2007-09-30": "23.00000", "2007-06-30": "21.00000", "2007-03-31": "-22.00000", "2006-12-31": "17.00000", "2006-09-30": "", "2006-06-30": "14.00000", "2006-03-31": "-32.00000", "2005-12-31": "-42.00000", "2005-09-30": "3.00000", "2005-06-30": "13.00000", "2005-03-31": "6.00000"}, "EBITDA": {"2020-12-31": "", "2020-09-30": "-388.00000", "2020-06-30": "-270.00000", "2020-03-31": "-195.00000", "2019-12-31": "367.00000", "2019-09-30": "381.00000", "2019-06-30": "377.00000", "2019-03-31": "200.00000", "2018-12-31": "340.00000", "2018-09-30": "196.00000", "2018-06-30": "-37.00000", "2018-03-31": "236.00000", "2017-12-31": "266.00000", "2017-09-30": "428.00000", "2017-06-30": "456.00000", "2017-03-31": "247.00000", "2016-12-31": "348.00000", "2016-09-30": "455.00000", "2016-06-30": "410.00000", "2016-03-31": "440.00000", "2015-12-31": "423.00000", "2015-09-30": "435.00000", "2015-06-30": "363.00000", "2015-03-31": "340.00000", "2014-12-31": "254.00000", "2014-09-30": "243.00000", "2014-06-30": "220.00000", "2014-03-31": "123.00000", "2013-12-31": "198.00000", "2013-09-30": "229.00000", "2013-06-30": "176.00000", "2013-03-31": "131.00000", "2012-12-31": "115.00000", "2012-09-30": "181.00000", "2012-06-30": "196.00000", "2012-03-31": "153.00000", "2011-12-31": "149.00000", "2011-09-30": "168.00000", "2011-06-30": "148.00000", "2011-03-31": "104.00000", "2010-12-31": "112.00000", "2010-09-30": "197.00000", "2010-06-30": "152.00000", "2010-03-31": "102.00000", "2009-12-31": "130.00000", "2009-09-30": "126.00000", "2009-06-30": "134.00000", "2009-03-31": "129.00000", "2008-12-31": "114.00000", "2008-09-30": "77.00000", "2008-06-30": "69.00000", "2008-03-31": "63.00000", "2007-12-31": "77.00000", "2007-09-30": "125.00000", "2007-06-30": "116.00000", "2007-03-31": "31.00000", "2006-12-31": "108.00000", "2006-09-30": "78.00000", "2006-06-30": "86.00000", "2006-03-31": "9.00000", "2005-12-31": "4.00000", "2005-09-30": "44.00000", "2005-06-30": "67.00000", "2005-03-31": "50.00000"}, "EBIT": {"2020-12-31": "-454.00000", "2020-09-30": "-516.00000", "2020-06-30": "-410.00000", "2020-03-31": "-334.00000", "2019-12-31": "227.00000", "2019-09-30": "247.00000", "2019-06-30": "250.00000", "2019-03-31": "76.00000", "2018-12-31": "215.00000", "2018-09-30": "78.00000", "2018-06-30": "-152.00000", "2018-03-31": "125.00000", "2017-12-31": "170.00000", "2017-09-30": "314.00000", "2017-06-30": "347.00000", "2017-03-31": "142.00000", "2016-12-31": "244.00000", "2016-09-30": "354.00000", "2016-06-30": "313.00000", "2016-03-31": "349.00000", "2015-12-31": "330.00000", "2015-09-30": "351.00000", "2015-06-30": "282.00000", "2015-03-31": "253.00000", "2014-12-31": "169.00000", "2014-09-30": "164.00000", "2014-06-30": "141.00000", "2014-03-31": "41.00000", "2013-12-31": "115.00000", "2013-09-30": "152.00000", "2013-06-30": "102.00000", "2013-03-31": "59.00000", "2012-12-31": "44.00000", "2012-09-30": "113.00000", "2012-06-30": "130.00000", "2012-03-31": "89.00000", "2011-12-31": "83.00000", "2011-09-30": "108.00000", "2011-06-30": "86.00000", "2011-03-31": "45.00000", "2010-12-31": "55.00000", "2010-09-30": "140.00000", "2010-06-30": "95.00000", "2010-03-31": "43.00000", "2009-12-31": "70.00000", "2009-09-30": "66.00000", "2009-06-30": "76.00000", "2009-03-31": "73.00000", "2008-12-31": "53.00000", "2008-09-30": "22.00000", "2008-06-30": "21.00000", "2008-03-31": "17.00000", "2007-12-31": "30.00000", "2007-09-30": "79.00000", "2007-06-30": "73.00000", "2007-03-31": "-13.00000", "2006-12-31": "64.00000", "2006-09-30": "41.00000", "2006-06-30": "47.00000", "2006-03-31": "-25.00000", "2005-12-31": "-31.00000", "2005-09-30": "14.00000", "2005-06-30": "40.00000", "2005-03-31": "25.00000"}, "Basic Shares Outstanding": {"2020-12-31": "284.10000", "2020-09-30": "272.40000", "2020-06-30": "271.70000", "2020-03-31": "277.20000", "2019-12-31": "296.60000", "2019-09-30": "294.00000", "2019-06-30": "300.30000", "2019-03-31": "305.30000", "2018-12-31": "312.90000", "2018-09-30": "308.70000", "2018-06-30": "315.00000", "2018-03-31": "320.60000", "2017-12-31": "328.70000", "2017-09-30": "326.10000", "2017-06-30": "330.10000", "2017-03-31": "336.30000", "2016-12-31": "326.50000", "2016-09-30": "323.70000", "2016-06-30": "323.20000", "2016-03-31": "321.60000", "2015-12-31": "315.10000", "2015-09-30": "313.80000", "2015-06-30": "316.90000", "2015-03-31": "310.20000", "2014-12-31": "294.70000", "2014-09-30": "290.50000", "2014-06-30": "293.50000", "2014-03-31": "294.80000", "2013-12-31": "282.80000", "2013-09-30": "280.93500", "2013-06-30": "280.62100", "2013-03-31": "279.76800", "2012-12-31": "282.30000", "2012-09-30": "282.88000", "2012-06-30": "282.49400", "2012-03-31": "281.20600", "2011-12-31": "278.68900", "2011-09-30": "279.09900", "2011-06-30": "278.45900", "2011-03-31": "277.26100", "2010-12-31": "275.36400", "2010-09-30": "275.73100", "2010-06-30": "275.22900", "2010-03-31": "274.05300", "2009-12-31": "260.48600", "2009-09-30": "272.21800", "2009-06-30": "251.77000", "2009-03-31": "244.39400", "2008-12-31": "226.26200", "2008-09-30": "225.92700", "2008-06-30": "225.28300", "2008-03-31": "214.41600", "2007-12-31": "179.76600", "2007-09-30": "180.15400", "2007-06-30": "179.51400", "2007-03-31": "178.20400", "2006-12-31": "175.11300", "2006-09-30": "175.56900", "2006-06-30": "174.77200", "2006-03-31": "173.24600", "2005-12-31": "159.88900", "2005-09-30": "158.04100", "2005-06-30": "157.40200", "2005-03-31": "156.48700"}, "Shares Outstanding": {"2020-12-31": "284.10000", "2020-09-30": "272.40000", "2020-06-30": "271.70000", "2020-03-31": "277.20000", "2019-12-31": "298.40000", "2019-09-30": "295.90000", "2019-06-30": "301.80000", "2019-03-31": "306.90000", "2018-12-31": "314.50000", "2018-09-30": "310.30000", "2018-06-30": "315.00000", "2018-03-31": "322.30000", "2017-12-31": "330.40000", "2017-09-30": "327.80000", "2017-06-30": "331.50000", "2017-03-31": "338.20000", "2016-12-31": "342.20000", "2016-09-30": "343.20000", "2016-06-30": "342.70000", "2016-03-31": "341.70000", "2015-12-31": "344.80000", "2015-09-30": "343.50000", "2015-06-30": "347.60000", "2015-03-31": "346.20000", "2014-12-31": "343.30000", "2014-09-30": "341.10000", "2014-06-30": "343.90000", "2014-03-31": "297.20000", "2013-12-31": "343.50000", "2013-09-30": "343.74500", "2013-06-30": "342.99300", "2013-03-31": "308.85800", "2012-12-31": "344.10000", "2012-09-30": "344.79200", "2012-06-30": "343.78600", "2012-03-31": "342.82500", "2011-12-31": "346.46700", "2011-09-30": "346.25300", "2011-06-30": "348.85900", "2011-03-31": "279.34200", "2010-12-31": "346.58000", "2010-09-30": "346.93400", "2010-06-30": "346.43700", "2010-03-31": "274.05300", "2009-12-31": "332.06300", "2009-09-30": "344.16900", "2009-06-30": "323.26200", "2009-03-31": "274.55400", "2008-12-31": "226.26200", "2008-09-30": "225.92700", "2008-06-30": "225.28300", "2008-03-31": "214.41600", "2007-12-31": "184.26000", "2007-09-30": "198.77600", "2007-06-30": "198.58500", "2007-03-31": "178.20400", "2006-12-31": "175.11300", "2006-09-30": "175.56900", "2006-06-30": "180.84100", "2006-03-31": "173.24600", "2005-12-31": "159.88900", "2005-09-30": "166.23900", "2005-06-30": "180.90100", "2005-03-31": "165.04200"}, "Basic EPS": {"2020-12-31": "-1.34000", "2020-09-30": "-1.44000", "2020-06-30": "-1.18000", "2020-03-31": "-0.97000", "2019-12-31": "0.55000", "2019-09-30": "0.63000", "2019-06-30": "0.60000", "2019-03-31": "0.14000", "2018-12-31": "0.55000", "2018-09-30": "0.16000", "2018-06-30": "-0.39000", "2018-03-31": "0.28000", "2017-12-31": "2.03000", "2017-09-30": "0.56000", "2017-06-30": "0.63000", "2017-03-31": "0.25000", "2016-12-31": "0.42000", "2016-09-30": "0.61000", "2016-06-30": "0.56000", "2016-03-31": "0.64000", "2015-12-31": "0.60000", "2015-09-30": "0.63000", "2015-06-30": "0.48000", "2015-03-31": "0.44000", "2014-12-31": "0.29000", "2014-09-30": "0.27000", "2014-06-30": "0.79000", "2014-03-31": "0.01000", "2013-12-31": "0.16000", "2013-09-30": "0.25000", "2013-06-30": "0.13000", "2013-03-31": "0.05000", "2012-12-31": "-0.01000", "2012-09-30": "0.16000", "2012-06-30": "0.19000", "2012-03-31": "0.11000", "2011-12-31": "0.09000", "2011-09-30": "0.12000", "2011-06-30": "0.09000", "2011-03-31": "0.01000", "2010-12-31": "0.04000", "2010-09-30": "0.21000", "2010-06-30": "0.11000", "2010-03-31": "0.00000", "2009-12-31": "0.06000", "2009-09-30": "0.05000", "2009-06-30": "0.08000", "2009-03-31": "0.05000", "2008-12-31": "-0.25000", "2008-09-30": "-0.03000", "2008-06-30": "-0.04000", "2008-03-31": "-0.05000", "2007-12-31": "-0.07000", "2007-09-30": "0.13000", "2007-06-30": "0.12000", "2007-03-31": "-0.12000", "2006-12-31": "0.09430", "2006-09-30": "", "2006-06-30": "0.08000", "2006-03-31": "-0.18000", "2005-12-31": "-0.27000", "2005-09-30": "0.02000", "2005-06-30": "0.08000", "2005-03-31": "0.04000"}, "EPS - Earnings Per Share": {"2020-12-31": "-1.34000", "2020-09-30": "-1.44000", "2020-06-30": "-1.18000", "2020-03-31": "-0.97000", "2019-12-31": "0.55000", "2019-09-30": "0.63000", "2019-06-30": "0.59000", "2019-03-31": "0.14000", "2018-12-31": "0.55000", "2018-09-30": "0.16000", "2018-06-30": "-0.39000", "2018-03-31": "0.28000", "2017-12-31": "2.04000", "2017-09-30": "0.55000", "2017-06-30": "0.62000", "2017-03-31": "0.24000", "2016-12-31": "0.41000", "2016-09-30": "0.58000", "2016-06-30": "0.53000", "2016-03-31": "0.61000", "2015-12-31": "0.56000", "2015-09-30": "0.58000", "2015-06-30": "0.44000", "2015-03-31": "0.40000", "2014-12-31": "0.26000", "2014-09-30": "0.24000", "2014-06-30": "0.68000", "2014-03-31": "0.01000", "2013-12-31": "0.15000", "2013-09-30": "0.21000", "2013-06-30": "0.11000", "2013-03-31": "0.05000", "2012-12-31": "0.01000", "2012-09-30": "0.14000", "2012-06-30": "0.16000", "2012-03-31": "0.09000", "2011-12-31": "0.08000", "2011-09-30": "0.11000", "2011-06-30": "0.08000", "2011-03-31": "0.01000", "2010-12-31": "0.03000", "2010-09-30": "0.18000", "2010-06-30": "0.10000", "2010-03-31": "0.00000", "2009-12-31": "0.04000", "2009-09-30": "0.05000", "2009-06-30": "0.07000", "2009-03-31": "0.05000", "2008-12-31": "-0.25000", "2008-09-30": "-0.03000", "2008-06-30": "-0.04000", "2008-03-31": "-0.05000", "2007-12-31": "-0.05000", "2007-09-30": "0.12000", "2007-06-30": "0.11000", "2007-03-31": "-0.12000", "2006-12-31": "0.09430", "2006-09-30": "0.00000", "2006-06-30": "0.08000", "2006-03-31": "-0.18000", "2005-12-31": "-0.27000", "2005-09-30": "0.02000", "2005-06-30": "0.08000", "2005-03-31": "0.04000"}}, "balance sheet": {"Cash On Hand": {"2020-12-31": "", "2019-12-31": "1328.00000", "2018-12-31": "887.00000", "2017-12-31": "693.00000", "2016-12-31": "971.00000", "2015-12-31": "876.00000", "2014-12-31": "708.00000", "2013-12-31": "627.00000", "2012-12-31": "731.00000", "2011-12-31": "1226.00000", "2010-12-31": "963.00000", "2009-12-31": "1149.00000", "2008-12-31": "639.00000", "2007-12-31": "834.00000", "2006-12-31": "699.00000", "2005-12-31": "484.00000"}, "Receivables": {"2020-12-31": "", "2019-12-31": "231.00000", "2018-12-31": "211.00000", "2017-12-31": "245.00000", "2016-12-31": "172.00000", "2015-12-31": "136.00000", "2014-12-31": "136.00000", "2013-12-31": "129.00000", "2012-12-31": "106.00000", "2011-12-31": "101.00000", "2010-12-31": "84.00000", "2009-12-31": "81.00000", "2008-12-31": "86.00000", "2007-12-31": "92.00000", "2006-12-31": "77.00000", "2005-12-31": "94.00000"}, "Inventory": {"2020-12-31": "", "2019-12-31": "81.00000", "2018-12-31": "78.00000", "2017-12-31": "55.00000", "2016-12-31": "47.00000", "2015-12-31": "44.00000", "2014-12-31": "46.00000", "2013-12-31": "48.00000", "2012-12-31": "36.00000", "2011-12-31": "50.00000", "2010-12-31": "49.00000", "2009-12-31": "40.00000", "2008-12-31": "30.00000", "2007-12-31": "26.00000", "2006-12-31": "27.00000", "2005-12-31": "21.00000"}, "Pre-Paid Expenses": {"2020-12-31": "", "2019-12-31": "146.00000", "2018-12-31": "212.00000", "2017-12-31": "213.00000", "2016-12-31": "213.00000", "2015-12-31": "172.00000", "2014-12-31": "136.00000", "2013-12-31": "126.00000", "2012-12-31": "119.00000", "2011-12-31": "147.00000", "2010-12-31": "148.00000", "2009-12-31": "147.00000", "2008-12-31": "91.00000", "2007-12-31": "111.00000", "2006-12-31": "124.00000", "2005-12-31": "36.00000"}, "Other Current Assets": {"2020-12-31": "", "2019-12-31": "", "2018-12-31": "", "2017-12-31": "", "2016-12-31": "", "2015-12-31": "", "2014-12-31": "", "2013-12-31": "6.00000", "2012-12-31": "1.00000", "2011-12-31": "5.00000", "2010-12-31": "27.00000", "2009-12-31": "43.00000", "2008-12-31": "10.00000", "2007-12-31": "", "2006-12-31": "", "2005-12-31": ""}, "Total Current Assets": {"2020-12-31": "", "2019-12-31": "1786.00000", "2018-12-31": "1388.00000", "2017-12-31": "1206.00000", "2016-12-31": "1403.00000", "2015-12-31": "1373.00000", "2014-12-31": "1200.00000", "2013-12-31": "1056.00000", "2012-12-31": "1100.00000", "2011-12-31": "1628.00000", "2010-12-31": "1360.00000", "2009-12-31": "1534.00000", "2008-12-31": "962.00000", "2007-12-31": "1116.00000", "2006-12-31": "927.00000", "2005-12-31": "635.00000"}, "Property, Plant, And Equipment": {"2020-12-31": "", "2019-12-31": "8614.00000", "2018-12-31": "7983.00000", "2017-12-31": "8049.00000", "2016-12-31": "7271.00000", "2015-12-31": "6652.00000", "2014-12-31": "6072.00000", "2013-12-31": "5656.00000", "2012-12-31": "5343.00000", "2011-12-31": "4860.00000", "2010-12-31": "4641.00000", "2009-12-31": "4638.00000", "2008-12-31": "4470.00000", "2007-12-31": "4246.00000", "2006-12-31": "3438.00000", "2005-12-31": "2978.00000"}, "Long-Term Investments": {"2020-12-31": "", "2019-12-31": "3.00000", "2018-12-31": "3.00000", "2017-12-31": "2.00000", "2016-12-31": "90.00000", "2015-12-31": "49.00000", "2014-12-31": "60.00000", "2013-12-31": "114.00000", "2012-12-31": "136.00000", "2011-12-31": "38.00000", "2010-12-31": "133.00000", "2009-12-31": "6.00000", "2008-12-31": "244.00000", "2007-12-31": "", "2006-12-31": "", "2005-12-31": ""}, "Goodwill And Intangible Assets": {"2020-12-31": "", "2019-12-31": "", "2018-12-31": "", "2017-12-31": "", "2016-12-31": "", "2015-12-31": "", "2014-12-31": "", "2013-12-31": "", "2012-12-31": "", "2011-12-31": "", "2010-12-31": "", "2009-12-31": "", "2008-12-31": "", "2007-12-31": "21.00000", "2006-12-31": "32.00000", "2005-12-31": "43.00000"}, "Other Long-Term Assets": {"2020-12-31": "", "2019-12-31": "603.00000", "2018-12-31": "529.00000", "2017-12-31": "524.00000", "2016-12-31": "559.00000", "2015-12-31": "570.00000", "2014-12-31": "507.00000", "2013-12-31": "524.00000", "2012-12-31": "491.00000", "2011-12-31": "545.00000", "2010-12-31": "459.00000", "2009-12-31": "371.00000", "2008-12-31": "344.00000", "2007-12-31": "215.00000", "2006-12-31": "446.00000", "2005-12-31": "236.00000"}, "Total Long-Term Assets": {"2020-12-31": "", "2019-12-31": "10132.00000", "2018-12-31": "9571.00000", "2017-12-31": "8575.00000", "2016-12-31": "7920.00000", "2015-12-31": "7271.00000", "2014-12-31": "6639.00000", "2013-12-31": "6294.00000", "2012-12-31": "5970.00000", "2011-12-31": "5443.00000", "2010-12-31": "5233.00000", "2009-12-31": "5015.00000", "2008-12-31": "5058.00000", "2007-12-31": "4482.00000", "2006-12-31": "3916.00000", "2005-12-31": "3257.00000"}, "Total Assets": {"2020-12-31": "0.00000", "2019-12-31": "11918.00000", "2018-12-31": "10959.00000", "2017-12-31": "9781.00000", "2016-12-31": "9323.00000", "2015-12-31": "8644.00000", "2014-12-31": "7839.00000", "2013-12-31": "7350.00000", "2012-12-31": "7070.00000", "2011-12-31": "7071.00000", "2010-12-31": "6593.00000", "2009-12-31": "6549.00000", "2008-12-31": "6020.00000", "2007-12-31": "5598.00000", "2006-12-31": "4843.00000", "2005-12-31": "3892.00000"}, "Total Current Liabilities": {"2020-12-31": "", "2019-12-31": "2663.00000", "2018-12-31": "2525.00000", "2017-12-31": "2146.00000", "2016-12-31": "2214.00000", "2015-12-31": "2275.00000", "2014-12-31": "1936.00000", "2013-12-31": "1874.00000", "2012-12-31": "1608.00000", "2011-12-31": "1412.00000", "2010-12-31": "1093.00000", "2009-12-31": "1157.00000", "2008-12-31": "1081.00000", "2007-12-31": "1256.00000", "2006-12-31": "854.00000", "2005-12-31": "676.00000"}, "Long Term Debt": {"2020-12-31": "", "2019-12-31": "1990.00000", "2018-12-31": "1361.00000", "2017-12-31": "1003.00000", "2016-12-31": "1195.00000", "2015-12-31": "1379.00000", "2014-12-31": "1968.00000", "2013-12-31": "2116.00000", "2012-12-31": "2457.00000", "2011-12-31": "2850.00000", "2010-12-31": "2850.00000", "2009-12-31": "2920.00000", "2008-12-31": "2872.00000", "2007-12-31": "2588.00000", "2006-12-31": "2626.00000", "2005-12-31": "2103.00000"}, "Other Non-Current Liabilities": {"2020-12-31": "", "2019-12-31": "525.00000", "2018-12-31": "478.00000", "2017-12-31": "901.00000", "2016-12-31": "547.00000", "2015-12-31": "562.00000", "2014-12-31": "574.00000", "2013-12-31": "621.00000", "2012-12-31": "636.00000", "2011-12-31": "660.00000", "2010-12-31": "669.00000", "2009-12-31": "667.00000", "2008-12-31": "604.00000", "2007-12-31": "526.00000", "2006-12-31": "275.00000", "2005-12-31": "86.00000"}, "Total Long Term Liabilities": {"2020-12-31": "", "2019-12-31": "4456.00000", "2018-12-31": "3749.00000", "2017-12-31": "2903.00000", "2016-12-31": "3096.00000", "2015-12-31": "3159.00000", "2014-12-31": "3374.00000", "2013-12-31": "3342.00000", "2012-12-31": "3574.00000", "2011-12-31": "3902.00000", "2010-12-31": "3846.00000", "2009-12-31": "3846.00000", "2008-12-31": "3673.00000", "2007-12-31": "3306.00000", "2006-12-31": "3037.00000", "2005-12-31": "2305.00000"}, "Total Liabilities": {"2020-12-31": "", "2019-12-31": "7119.00000", "2018-12-31": "6274.00000", "2017-12-31": "5049.00000", "2016-12-31": "5310.00000", "2015-12-31": "5434.00000", "2014-12-31": "5310.00000", "2013-12-31": "5216.00000", "2012-12-31": "5182.00000", "2011-12-31": "5314.00000", "2010-12-31": "4939.00000", "2009-12-31": "5003.00000", "2008-12-31": "4754.00000", "2007-12-31": "4562.00000", "2006-12-31": "3891.00000", "2005-12-31": "2981.00000"}, "Common Stock Net": {"2020-12-31": "", "2019-12-31": "4.00000", "2018-12-31": "4.00000", "2017-12-31": "4.00000", "2016-12-31": "4.00000", "2015-12-31": "4.00000", "2014-12-31": "4.00000", "2013-12-31": "3.00000", "2012-12-31": "3.00000", "2011-12-31": "3.00000", "2010-12-31": "3.00000", "2009-12-31": "3.00000", "2008-12-31": "3.00000", "2007-12-31": "2.00000", "2006-12-31": "2.00000", "2005-12-31": "2.00000"}, "Retained Earnings (Accumulated Deficit)": {"2020-12-31": "", "2019-12-31": "4322.00000", "2018-12-31": "3753.00000", "2017-12-31": "3491.00000", "2016-12-31": "2446.00000", "2015-12-31": "1679.00000", "2014-12-31": "1002.00000", "2013-12-31": "601.00000", "2012-12-31": "433.00000", "2011-12-31": "305.00000", "2010-12-31": "219.00000", "2009-12-31": "122.00000", "2008-12-31": "60.00000", "2007-12-31": "162.00000", "2006-12-31": "144.00000", "2005-12-31": "145.00000"}, "Comprehensive Income": {"2020-12-31": "", "2019-12-31": "2.00000", "2018-12-31": "-3.00000", "2017-12-31": "", "2016-12-31": "13.00000", "2015-12-31": "-3.00000", "2014-12-31": "-63.00000", "2013-12-31": "", "2012-12-31": "-8.00000", "2011-12-31": "-15.00000", "2010-12-31": "-10.00000", "2009-12-31": "1.00000", "2008-12-31": "-84.00000", "2007-12-31": "19.00000", "2006-12-31": "-7.00000", "2005-12-31": ""}, "Other Share Holders Equity": {"2020-12-31": "", "2019-12-31": "", "2018-12-31": "", "2017-12-31": "", "2016-12-31": "", "2015-12-31": "", "2014-12-31": "", "2013-12-31": "", "2012-12-31": "", "2011-12-31": "", "2010-12-31": "", "2009-12-31": "", "2008-12-31": "", "2007-12-31": "", "2006-12-31": "", "2005-12-31": ""}, "Share Holder Equity": {"2020-12-31": "", "2019-12-31": "4799.00000", "2018-12-31": "4685.00000", "2017-12-31": "4732.00000", "2016-12-31": "4013.00000", "2015-12-31": "3210.00000", "2014-12-31": "2529.00000", "2013-12-31": "2134.00000", "2012-12-31": "1888.00000", "2011-12-31": "1757.00000", "2010-12-31": "1654.00000", "2009-12-31": "1546.00000", "2008-12-31": "1266.00000", "2007-12-31": "1036.00000", "2006-12-31": "952.00000", "2005-12-31": "911.00000"}, "Total Liabilities And Share Holders Equity": {"2020-12-31": "", "2019-12-31": "11918.00000", "2018-12-31": "10959.00000", "2017-12-31": "9781.00000", "2016-12-31": "9323.00000", "2015-12-31": "8644.00000", "2014-12-31": "7839.00000", "2013-12-31": "7350.00000", "2012-12-31": "7070.00000", "2011-12-31": "7071.00000", "2010-12-31": "6593.00000", "2009-12-31": "6549.00000", "2008-12-31": "6020.00000", "2007-12-31": "5598.00000", "2006-12-31": "4843.00000", "2005-12-31": "3892.00000"}}, "balance sheet, quarterly": {"Cash On Hand": {"2020-12-31": "", "2020-09-30": "3019.00000", "2020-06-30": "2901.00000", "2020-03-31": "1799.00000", "2019-12-31": "1328.00000", "2019-09-30": "994.00000", "2019-06-30": "909.00000", "2019-03-31": "876.00000", "2018-12-31": "887.00000", "2018-09-30": "937.00000", "2018-06-30": "915.00000", "2018-03-31": "779.00000", "2017-12-31": "693.00000", "2017-09-30": "814.00000", "2017-06-30": "1020.00000", "2017-03-31": "1046.00000", "2016-12-31": "971.00000", "2016-09-30": "1454.00000", "2016-06-30": "1510.00000", "2016-03-31": "1287.00000", "2015-12-31": "876.00000", "2015-09-30": "1132.00000", "2015-06-30": "915.00000", "2015-03-31": "998.00000", "2014-12-31": "708.00000", "2014-09-30": "742.00000", "2014-06-30": "797.00000", "2014-03-31": "771.00000", "2013-12-31": "627.00000", "2013-09-30": "954.00000", "2013-06-30": "867.00000", "2013-03-31": "849.00000", "2012-12-31": "731.00000", "2012-09-30": "1064.00000", "2012-06-30": "1212.00000", "2012-03-31": "1225.00000", "2011-12-31": "1226.00000", "2011-09-30": "1210.00000", "2011-06-30": "1173.00000", "2011-03-31": "1112.00000", "2010-12-31": "963.00000", "2010-09-30": "952.00000", "2010-06-30": "999.00000", "2010-03-31": "1072.00000", "2009-12-31": "1149.00000", "2009-09-30": "1213.00000", "2009-06-30": "969.00000", "2009-03-31": "714.00000", "2008-12-31": "639.00000", "2008-09-30": "630.00000", "2008-06-30": "974.00000", "2008-03-31": "753.00000", "2007-12-31": "834.00000", "2007-09-30": "844.00000", "2007-06-30": "772.00000", "2007-03-31": "774.00000", "2006-12-31": "699.00000", "2006-09-30": "456.00000", "2006-06-30": "468.00000", "2006-03-31": "419.00000", "2005-12-31": "484.00000", "2005-09-30": "491.31200", "2005-06-30": "561.89700", "2005-03-31": "651.60900"}, "Receivables": {"2020-12-31": "", "2020-09-30": "91.00000", "2020-06-30": "85.00000", "2020-03-31": "101.00000", "2019-12-31": "231.00000", "2019-09-30": "251.00000", "2019-06-30": "282.00000", "2019-03-31": "338.00000", "2018-12-31": "211.00000", "2018-09-30": "243.00000", "2018-06-30": "225.00000", "2018-03-31": "251.00000", "2017-12-31": "245.00000", "2017-09-30": "186.00000", "2017-06-30": "178.00000", "2017-03-31": "169.00000", "2016-12-31": "172.00000", "2016-09-30": "145.00000", "2016-06-30": "153.00000", "2016-03-31": "145.00000", "2015-12-31": "136.00000", "2015-09-30": "149.00000", "2015-06-30": "144.00000", "2015-03-31": "155.00000", "2014-12-31": "136.00000", "2014-09-30": "145.00000", "2014-06-30": "155.00000", "2014-03-31": "133.00000", "2013-12-31": "129.00000", "2013-09-30": "120.00000", "2013-06-30": "160.00000", "2013-03-31": "141.00000", "2012-12-31": "106.00000", "2012-09-30": "137.00000", "2012-06-30": "129.00000", "2012-03-31": "138.00000", "2011-12-31": "101.00000", "2011-09-30": "99.00000", "2011-06-30": "114.00000", "2011-03-31": "126.00000", "2010-12-31": "84.00000", "2010-09-30": "93.00000", "2010-06-30": "95.00000", "2010-03-31": "91.00000", "2009-12-31": "81.00000", "2009-09-30": "82.00000", "2009-06-30": "96.00000", "2009-03-31": "91.00000", "2008-12-31": "86.00000", "2008-09-30": "104.00000", "2008-06-30": "132.00000", "2008-03-31": "111.00000", "2007-12-31": "92.00000", "2007-09-30": "95.00000", "2007-06-30": "86.00000", "2007-03-31": "83.00000", "2006-12-31": "77.00000", "2006-09-30": "81.00000", "2006-06-30": "72.00000", "2006-03-31": "123.00000", "2005-12-31": "94.00000", "2005-09-30": "57.59200", "2005-06-30": "50.51500", "2005-03-31": "52.81900"}, "Inventory": {"2020-12-31": "", "2020-09-30": "70.00000", "2020-06-30": "71.00000", "2020-03-31": "81.00000", "2019-12-31": "81.00000", "2019-09-30": "84.00000", "2019-06-30": "85.00000", "2019-03-31": "86.00000", "2018-12-31": "78.00000", "2018-09-30": "75.00000", "2018-06-30": "77.00000", "2018-03-31": "", "2017-12-31": "55.00000", "2017-09-30": "", "2017-06-30": "", "2017-03-31": "", "2016-12-31": "47.00000", "2016-09-30": "", "2016-06-30": "", "2016-03-31": "", "2015-12-31": "44.00000", "2015-09-30": "", "2015-06-30": "", "2015-03-31": "", "2014-12-31": "46.00000", "2014-09-30": "", "2014-06-30": "", "2014-03-31": "", "2013-12-31": "48.00000", "2013-09-30": "", "2013-06-30": "", "2013-03-31": "", "2012-12-31": "36.00000", "2012-09-30": "", "2012-06-30": "", "2012-03-31": "", "2011-12-31": "50.00000", "2011-09-30": "", "2011-06-30": "", "2011-03-31": "", "2010-12-31": "49.00000", "2010-09-30": "", "2010-06-30": "", "2010-03-31": "", "2009-12-31": "40.00000", "2009-09-30": "", "2009-06-30": "", "2009-03-31": "", "2008-12-31": "30.00000", "2008-09-30": "", "2008-06-30": "", "2008-03-31": "27.00000", "2007-12-31": "26.00000", "2007-09-30": "", "2007-06-30": "", "2007-03-31": "", "2006-12-31": "27.00000", "2006-09-30": "", "2006-06-30": "", "2006-03-31": "", "2005-12-31": "21.00000", "2005-09-30": "", "2005-06-30": "", "2005-03-31": ""}, "Pre-Paid Expenses": {"2020-12-31": "", "2020-09-30": "275.00000", "2020-06-30": "720.00000", "2020-03-31": "213.00000", "2019-12-31": "146.00000", "2019-09-30": "131.00000", "2019-06-30": "193.00000", "2019-03-31": "221.00000", "2018-12-31": "212.00000", "2018-09-30": "252.00000", "2018-06-30": "231.00000", "2018-03-31": "290.00000", "2017-12-31": "213.00000", "2017-09-30": "323.00000", "2017-06-30": "251.00000", "2017-03-31": "254.00000", "2016-12-31": "213.00000", "2016-09-30": "409.00000", "2016-06-30": "415.00000", "2016-03-31": "342.00000", "2015-12-31": "172.00000", "2015-09-30": "345.00000", "2015-06-30": "346.00000", "2015-03-31": "358.00000", "2014-12-31": "136.00000", "2014-09-30": "328.00000", "2014-06-30": "313.00000", "2014-03-31": "452.00000", "2013-12-31": "126.00000", "2013-09-30": "308.00000", "2013-06-30": "298.00000", "2013-03-31": "296.00000", "2012-12-31": "119.00000", "2012-09-30": "286.00000", "2012-06-30": "284.00000", "2012-03-31": "301.00000", "2011-12-31": "147.00000", "2011-09-30": "303.00000", "2011-06-30": "275.00000", "2011-03-31": "311.00000", "2010-12-31": "148.00000", "2010-09-30": "267.00000", "2010-06-30": "265.00000", "2010-03-31": "272.00000", "2009-12-31": "147.00000", "2009-09-30": "227.00000", "2009-06-30": "196.00000", "2009-03-31": "219.00000", "2008-12-31": "91.00000", "2008-09-30": "236.00000", "2008-06-30": "226.00000", "2008-03-31": "173.00000", "2007-12-31": "111.00000", "2007-09-30": "167.00000", "2007-06-30": "239.00000", "2007-03-31": "143.00000", "2006-12-31": "124.00000", "2006-09-30": "83.00000", "2006-06-30": "81.00000", "2006-03-31": "69.00000", "2005-12-31": "36.00000", "2005-09-30": "42.48800", "2005-06-30": "38.49300", "2005-03-31": "30.56100"}, "Other Current Assets": {"2020-12-31": "", "2020-09-30": "", "2020-06-30": "", "2020-03-31": "", "2019-12-31": "", "2019-09-30": "", "2019-06-30": "", "2019-03-31": "", "2018-12-31": "", "2018-09-30": "", "2018-06-30": "", "2018-03-31": "", "2017-12-31": "", "2017-09-30": "", "2017-06-30": "", "2017-03-31": "", "2016-12-31": "", "2016-09-30": "", "2016-06-30": "", "2016-03-31": "", "2015-12-31": "", "2015-09-30": "", "2015-06-30": "", "2015-03-31": "", "2014-12-31": "", "2014-09-30": "", "2014-06-30": "", "2014-03-31": "", "2013-12-31": "6.00000", "2013-09-30": "", "2013-06-30": "", "2013-03-31": "", "2012-12-31": "1.00000", "2012-09-30": "", "2012-06-30": "", "2012-03-31": "", "2011-12-31": "5.00000", "2011-09-30": "", "2011-06-30": "", "2011-03-31": "", "2010-12-31": "27.00000", "2010-09-30": "", "2010-06-30": "", "2010-03-31": "", "2009-12-31": "43.00000", "2009-09-30": "", "2009-06-30": "", "2009-03-31": "", "2008-12-31": "10.00000", "2008-09-30": "", "2008-06-30": "", "2008-03-31": "", "2007-12-31": "", "2007-09-30": "", "2007-06-30": "", "2007-03-31": "", "2006-12-31": "", "2006-09-30": "", "2006-06-30": "", "2006-03-31": "", "2005-12-31": "", "2005-09-30": "", "2005-06-30": "", "2005-03-31": ""}, "Total Current Assets": {"2020-12-31": "", "2020-09-30": "3455.00000", "2020-06-30": "3777.00000", "2020-03-31": "2194.00000", "2019-12-31": "1786.00000", "2019-09-30": "1460.00000", "2019-06-30": "1469.00000", "2019-03-31": "1521.00000", "2018-12-31": "1388.00000", "2018-09-30": "1507.00000", "2018-06-30": "1448.00000", "2018-03-31": "1320.00000", "2017-12-31": "1206.00000", "2017-09-30": "1323.00000", "2017-06-30": "1449.00000", "2017-03-31": "1469.00000", "2016-12-31": "1403.00000", "2016-09-30": "2008.00000", "2016-06-30": "2078.00000", "2016-03-31": "1774.00000", "2015-12-31": "1373.00000", "2015-09-30": "1626.00000", "2015-06-30": "1405.00000", "2015-03-31": "1511.00000", "2014-12-31": "1200.00000", "2014-09-30": "1215.00000", "2014-06-30": "1265.00000", "2014-03-31": "1356.00000", "2013-12-31": "1056.00000", "2013-09-30": "1382.00000", "2013-06-30": "1325.00000", "2013-03-31": "1286.00000", "2012-12-31": "1100.00000", "2012-09-30": "1487.00000", "2012-06-30": "1625.00000", "2012-03-31": "1664.00000", "2011-12-31": "1628.00000", "2011-09-30": "1612.00000", "2011-06-30": "1562.00000", "2011-03-31": "1549.00000", "2010-12-31": "1360.00000", "2010-09-30": "1312.00000", "2010-06-30": "1359.00000", "2010-03-31": "1435.00000", "2009-12-31": "1534.00000", "2009-09-30": "1522.00000", "2009-06-30": "1261.00000", "2009-03-31": "1024.00000", "2008-12-31": "962.00000", "2008-09-30": "970.00000", "2008-06-30": "1332.00000", "2008-03-31": "1064.00000", "2007-12-31": "1116.00000", "2007-09-30": "1106.00000", "2007-06-30": "1097.00000", "2007-03-31": "1000.00000", "2006-12-31": "927.00000", "2006-09-30": "620.00000", "2006-06-30": "621.00000", "2006-03-31": "611.00000", "2005-12-31": "635.00000", "2005-09-30": "591.39200", "2005-06-30": "650.90500", "2005-03-31": "734.98900"}, "Property, Plant, And Equipment": {"2020-12-31": "", "2020-09-30": "8375.00000", "2020-06-30": "8702.00000", "2020-03-31": "8751.00000", "2019-12-31": "8614.00000", "2019-09-30": "8293.00000", "2019-06-30": "8221.00000", "2019-03-31": "8032.00000", "2018-12-31": "7983.00000", "2018-09-30": "8008.00000", "2018-06-30": "7902.00000", "2018-03-31": "8139.00000", "2017-12-31": "8049.00000", "2017-09-30": "7742.00000", "2017-06-30": "7650.00000", "2017-03-31": "7458.00000", "2016-12-31": "7271.00000", "2016-09-30": "6953.00000", "2016-06-30": "6791.00000", "2016-03-31": "6722.00000", "2015-12-31": "6652.00000", "2015-09-30": "6360.00000", "2015-06-30": "6308.00000", "2015-03-31": "6161.00000", "2014-12-31": "6072.00000", "2014-09-30": "5906.00000", "2014-06-30": "5778.00000", "2014-03-31": "5652.00000", "2013-12-31": "5656.00000", "2013-09-30": "5484.00000", "2013-06-30": "5474.00000", "2013-03-31": "5350.00000", "2012-12-31": "5343.00000", "2012-09-30": "5026.00000", "2012-06-30": "5033.00000", "2012-03-31": "4933.00000", "2011-12-31": "4860.00000", "2011-09-30": "4799.00000", "2011-06-30": "4737.00000", "2011-03-31": "4699.00000", "2010-12-31": "4641.00000", "2010-09-30": "4642.00000", "2010-06-30": "4643.00000", "2010-03-31": "4611.00000", "2009-12-31": "4638.00000", "2009-09-30": "4656.00000", "2009-06-30": "4687.00000", "2009-03-31": "4590.00000", "2008-12-31": "4470.00000", "2008-09-30": "4009.00000", "2008-06-30": "3970.00000", "2008-03-31": "3919.00000", "2007-12-31": "4246.00000", "2007-09-30": "3740.00000", "2007-06-30": "3704.00000", "2007-03-31": "3588.00000", "2006-12-31": "3438.00000", "2006-09-30": "3385.00000", "2006-06-30": "3316.00000", "2006-03-31": "3132.00000", "2005-12-31": "2978.00000", "2005-09-30": "2818.11700", "2005-06-30": "2577.98700", "2005-03-31": "2352.23400"}, "Long-Term Investments": {"2020-12-31": "", "2020-09-30": "3.00000", "2020-06-30": "3.00000", "2020-03-31": "3.00000", "2019-12-31": "3.00000", "2019-09-30": "5.00000", "2019-06-30": "4.00000", "2019-03-31": "3.00000", "2018-12-31": "3.00000", "2018-09-30": "1.00000", "2018-06-30": "2.00000", "2018-03-31": "2.00000", "2017-12-31": "2.00000", "2017-09-30": "", "2017-06-30": "", "2017-03-31": "", "2016-12-31": "90.00000", "2016-09-30": "55.00000", "2016-06-30": "30.00000", "2016-03-31": "", "2015-12-31": "49.00000", "2015-09-30": "47.00000", "2015-06-30": "56.00000", "2015-03-31": "98.00000", "2014-12-31": "60.00000", "2014-09-30": "122.00000", "2014-06-30": "127.00000", "2014-03-31": "97.00000", "2013-12-31": "114.00000", "2013-09-30": "86.00000", "2013-06-30": "76.00000", "2013-03-31": "98.00000", "2012-12-31": "136.00000", "2012-09-30": "150.00000", "2012-06-30": "", "2012-03-31": "", "2011-12-31": "38.00000", "2011-09-30": "29.00000", "2011-06-30": "133.00000", "2011-03-31": "126.00000", "2010-12-31": "133.00000", "2010-09-30": "219.00000", "2010-06-30": "169.00000", "2010-03-31": "74.00000", "2009-12-31": "6.00000", "2009-09-30": "5.00000", "2009-06-30": "217.00000", "2009-03-31": "207.00000", "2008-12-31": "244.00000", "2008-09-30": "305.00000", "2008-06-30": "279.00000", "2008-03-31": "284.00000", "2007-12-31": "", "2007-09-30": "", "2007-06-30": "", "2007-03-31": "", "2006-12-31": "", "2006-09-30": "", "2006-06-30": "", "2006-03-31": "", "2005-12-31": "", "2005-09-30": "", "2005-06-30": "", "2005-03-31": ""}, "Goodwill And Intangible Assets": {"2020-12-31": "", "2020-09-30": "", "2020-06-30": "", "2020-03-31": "", "2019-12-31": "", "2019-09-30": "", "2019-06-30": "", "2019-03-31": "", "2018-12-31": "", "2018-09-30": "", "2018-06-30": "", "2018-03-31": "", "2017-12-31": "", "2017-09-30": "", "2017-06-30": "", "2017-03-31": "", "2016-12-31": "", "2016-09-30": "", "2016-06-30": "", "2016-03-31": "", "2015-12-31": "", "2015-09-30": "", "2015-06-30": "", "2015-03-31": "", "2014-12-31": "", "2014-09-30": "", "2014-06-30": "", "2014-03-31": "", "2013-12-31": "", "2013-09-30": "", "2013-06-30": "", "2013-03-31": "", "2012-12-31": "", "2012-09-30": "", "2012-06-30": "", "2012-03-31": "", "2011-12-31": "", "2011-09-30": "", "2011-06-30": "", "2011-03-31": "", "2010-12-31": "", "2010-09-30": "", "2010-06-30": "", "2010-03-31": "", "2009-12-31": "", "2009-09-30": "", "2009-06-30": "", "2009-03-31": "", "2008-12-31": "", "2008-09-30": "", "2008-06-30": "", "2008-03-31": "", "2007-12-31": "21.00000", "2007-09-30": "24.00000", "2007-06-30": "27.00000", "2007-03-31": "30.00000", "2006-12-31": "32.00000", "2006-09-30": "35.00000", "2006-06-30": "37.00000", "2006-03-31": "40.00000", "2005-12-31": "43.00000", "2005-09-30": "46.25800", "2005-06-30": "49.08500", "2005-03-31": "51.73600"}, "Other Long-Term Assets": {"2020-12-31": "", "2020-09-30": "767.00000", "2020-06-30": "808.00000", "2020-03-31": "631.00000", "2019-12-31": "603.00000", "2019-09-30": "587.00000", "2019-06-30": "544.00000", "2019-03-31": "531.00000", "2018-12-31": "529.00000", "2018-09-30": "631.00000", "2018-06-30": "588.00000", "2018-03-31": "566.00000", "2017-12-31": "524.00000", "2017-09-30": "531.00000", "2017-06-30": "545.00000", "2017-03-31": "546.00000", "2016-12-31": "559.00000", "2016-09-30": "563.00000", "2016-06-30": "559.00000", "2016-03-31": "566.00000", "2015-12-31": "570.00000", "2015-09-30": "561.00000", "2015-06-30": "548.00000", "2015-03-31": "534.00000", "2014-12-31": "507.00000", "2014-09-30": "498.00000", "2014-06-30": "487.00000", "2014-03-31": "540.00000", "2013-12-31": "524.00000", "2013-09-30": "492.00000", "2013-06-30": "493.00000", "2013-03-31": "500.00000", "2012-12-31": "491.00000", "2012-09-30": "478.00000", "2012-06-30": "474.00000", "2012-03-31": "546.00000", "2011-12-31": "545.00000", "2011-09-30": "471.00000", "2011-06-30": "476.00000", "2011-03-31": "469.00000", "2010-12-31": "459.00000", "2010-09-30": "445.00000", "2010-06-30": "419.00000", "2010-03-31": "393.00000", "2009-12-31": "371.00000", "2009-09-30": "350.00000", "2009-06-30": "345.00000", "2009-03-31": "337.00000", "2008-12-31": "344.00000", "2008-09-30": "800.00000", "2008-06-30": "887.00000", "2008-03-31": "783.00000", "2007-12-31": "215.00000", "2007-09-30": "591.00000", "2007-06-30": "528.00000", "2007-03-31": "527.00000", "2006-12-31": "446.00000", "2006-09-30": "389.00000", "2006-06-30": "332.00000", "2006-03-31": "285.00000", "2005-12-31": "236.00000", "2005-09-30": "110.17400", "2005-06-30": "102.67200", "2005-03-31": "97.39600"}, "Total Long-Term Assets": {"2020-12-31": "", "2020-09-30": "9978.00000", "2020-06-30": "10250.00000", "2020-03-31": "10146.00000", "2019-12-31": "10132.00000", "2019-09-30": "9859.00000", "2019-06-30": "9767.00000", "2019-03-31": "9594.00000", "2018-12-31": "9571.00000", "2018-09-30": "8640.00000", "2018-06-30": "8492.00000", "2018-03-31": "8707.00000", "2017-12-31": "8575.00000", "2017-09-30": "8273.00000", "2017-06-30": "8195.00000", "2017-03-31": "8004.00000", "2016-12-31": "7920.00000", "2016-09-30": "7571.00000", "2016-06-30": "7380.00000", "2016-03-31": "7288.00000", "2015-12-31": "7271.00000", "2015-09-30": "6968.00000", "2015-06-30": "6912.00000", "2015-03-31": "6793.00000", "2014-12-31": "6639.00000", "2014-09-30": "6526.00000", "2014-06-30": "6392.00000", "2014-03-31": "6289.00000", "2013-12-31": "6294.00000", "2013-09-30": "6062.00000", "2013-06-30": "6043.00000", "2013-03-31": "5948.00000", "2012-12-31": "5970.00000", "2012-09-30": "5654.00000", "2012-06-30": "5507.00000", "2012-03-31": "5479.00000", "2011-12-31": "5443.00000", "2011-09-30": "5299.00000", "2011-06-30": "5346.00000", "2011-03-31": "5294.00000", "2010-12-31": "5233.00000", "2010-09-30": "5306.00000", "2010-06-30": "5231.00000", "2010-03-31": "5078.00000", "2009-12-31": "5015.00000", "2009-09-30": "5011.00000", "2009-06-30": "5249.00000", "2009-03-31": "5134.00000", "2008-12-31": "5058.00000", "2008-09-30": "5114.00000", "2008-06-30": "5136.00000", "2008-03-31": "4986.00000", "2007-12-31": "4482.00000", "2007-09-30": "4355.00000", "2007-06-30": "4259.00000", "2007-03-31": "4145.00000", "2006-12-31": "3916.00000", "2006-09-30": "3809.00000", "2006-06-30": "3685.00000", "2006-03-31": "3457.00000", "2005-12-31": "3257.00000", "2005-09-30": "2974.54900", "2005-06-30": "2729.74400", "2005-03-31": "2501.36600"}, "Total Assets": {"2020-12-31": "0.00000", "2020-09-30": "13433.00000", "2020-06-30": "14027.00000", "2020-03-31": "12340.00000", "2019-12-31": "11918.00000", "2019-09-30": "11319.00000", "2019-06-30": "11236.00000", "2019-03-31": "11115.00000", "2018-12-31": "10959.00000", "2018-09-30": "10147.00000", "2018-06-30": "9940.00000", "2018-03-31": "10027.00000", "2017-12-31": "9781.00000", "2017-09-30": "9596.00000", "2017-06-30": "9644.00000", "2017-03-31": "9473.00000", "2016-12-31": "9323.00000", "2016-09-30": "9579.00000", "2016-06-30": "9458.00000", "2016-03-31": "9062.00000", "2015-12-31": "8644.00000", "2015-09-30": "8594.00000", "2015-06-30": "8317.00000", "2015-03-31": "8304.00000", "2014-12-31": "7839.00000", "2014-09-30": "7741.00000", "2014-06-30": "7657.00000", "2014-03-31": "7645.00000", "2013-12-31": "7350.00000", "2013-09-30": "7444.00000", "2013-06-30": "7368.00000", "2013-03-31": "7234.00000", "2012-12-31": "7070.00000", "2012-09-30": "7141.00000", "2012-06-30": "7132.00000", "2012-03-31": "7143.00000", "2011-12-31": "7071.00000", "2011-09-30": "6911.00000", "2011-06-30": "6908.00000", "2011-03-31": "6843.00000", "2010-12-31": "6593.00000", "2010-09-30": "6618.00000", "2010-06-30": "6590.00000", "2010-03-31": "6513.00000", "2009-12-31": "6549.00000", "2009-09-30": "6533.00000", "2009-06-30": "6510.00000", "2009-03-31": "6158.00000", "2008-12-31": "6020.00000", "2008-09-30": "6084.00000", "2008-06-30": "6468.00000", "2008-03-31": "6050.00000", "2007-12-31": "5598.00000", "2007-09-30": "5461.00000", "2007-06-30": "5356.00000", "2007-03-31": "5145.00000", "2006-12-31": "4843.00000", "2006-09-30": "4429.00000", "2006-06-30": "4306.00000", "2006-03-31": "4068.00000", "2005-12-31": "3892.00000", "2005-09-30": "3565.94100", "2005-06-30": "3380.64900", "2005-03-31": "3236.35500"}, "Total Current Liabilities": {"2020-12-31": "", "2020-09-30": "2808.00000", "2020-06-30": "3985.00000", "2020-03-31": "3622.00000", "2019-12-31": "2663.00000", "2019-09-30": "2759.00000", "2019-06-30": "2889.00000", "2019-03-31": "2851.00000", "2018-12-31": "2525.00000", "2018-09-30": "2512.00000", "2018-06-30": "2449.00000", "2018-03-31": "2512.00000", "2017-12-31": "2146.00000", "2017-09-30": "2351.00000", "2017-06-30": "2498.00000", "2017-03-31": "2422.00000", "2016-12-31": "2214.00000", "2016-09-30": "2505.00000", "2016-06-30": "2613.00000", "2016-03-31": "2474.00000", "2015-12-31": "2275.00000", "2015-09-30": "2225.00000", "2015-06-30": "2186.00000", "2015-03-31": "2203.00000", "2014-12-31": "1936.00000", "2014-09-30": "1915.00000", "2014-06-30": "1934.00000", "2014-03-31": "1975.00000", "2013-12-31": "1874.00000", "2013-09-30": "2033.00000", "2013-06-30": "2122.00000", "2013-03-31": "1962.00000", "2012-12-31": "1608.00000", "2012-09-30": "1525.00000", "2012-06-30": "1578.00000", "2012-03-31": "1479.00000", "2011-12-31": "1412.00000", "2011-09-30": "1296.00000", "2011-06-30": "1310.00000", "2011-03-31": "1271.00000", "2010-12-31": "1093.00000", "2010-09-30": "1126.00000", "2010-06-30": "1190.00000", "2010-03-31": "1172.00000", "2009-12-31": "1157.00000", "2009-09-30": "1201.00000", "2009-06-30": "1128.00000", "2009-03-31": "1059.00000", "2008-12-31": "1081.00000", "2008-09-30": "1103.00000", "2008-06-30": "1360.00000", "2008-03-31": "1267.00000", "2007-12-31": "1256.00000", "2007-09-30": "1224.00000", "2007-06-30": "1049.00000", "2007-03-31": "1024.00000", "2006-12-31": "854.00000", "2006-09-30": "867.00000", "2006-06-30": "842.00000", "2006-03-31": "797.00000", "2005-12-31": "676.00000", "2005-09-30": "596.56900", "2005-06-30": "567.72000", "2005-03-31": "553.81600"}, "Long Term Debt": {"2020-12-31": "", "2020-09-30": "4439.00000", "2020-06-30": "3430.00000", "2020-03-31": "1908.00000", "2019-12-31": "1990.00000", "2019-09-30": "1320.00000", "2019-06-30": "1217.00000", "2019-03-31": "1271.00000", "2018-12-31": "1361.00000", "2018-09-30": "1290.00000", "2018-06-30": "1128.00000", "2018-03-31": "895.00000", "2017-12-31": "1003.00000", "2017-09-30": "1031.00000", "2017-06-30": "1077.00000", "2017-03-31": "1140.00000", "2016-12-31": "1195.00000", "2016-09-30": "1250.00000", "2016-06-30": "1300.00000", "2016-03-31": "1332.00000", "2015-12-31": "1379.00000", "2015-09-30": "1744.00000", "2015-06-30": "1803.00000", "2015-03-31": "1917.00000", "2014-12-31": "1968.00000", "2014-09-30": "2088.00000", "2014-06-30": "2108.00000", "2014-03-31": "2332.00000", "2013-12-31": "2116.00000", "2013-09-30": "2206.00000", "2013-06-30": "2173.00000", "2013-03-31": "2251.00000", "2012-12-31": "2457.00000", "2012-09-30": "2603.00000", "2012-06-30": "2626.00000", "2012-03-31": "2798.00000", "2011-12-31": "2850.00000", "2011-09-30": "2864.00000", "2011-06-30": "2893.00000", "2011-03-31": "2890.00000", "2010-12-31": "2850.00000", "2010-09-30": "2880.00000", "2010-06-30": "2896.00000", "2010-03-31": "2882.00000", "2009-12-31": "2920.00000", "2009-09-30": "2972.00000", "2009-06-30": "3063.00000", "2009-03-31": "2980.00000", "2008-12-31": "2872.00000", "2008-09-30": "2929.00000", "2008-06-30": "2936.00000", "2008-03-31": "2697.00000", "2007-12-31": "2588.00000", "2007-09-30": "2589.00000", "2007-06-30": "2756.00000", "2007-03-31": "2685.00000", "2006-12-31": "2626.00000", "2006-09-30": "2338.00000", "2006-06-30": "2287.00000", "2006-03-31": "2154.00000", "2005-12-31": "2103.00000", "2005-09-30": "1997.50700", "2005-06-30": "1844.17300", "2005-03-31": "1747.15500"}, "Other Non-Current Liabilities": {"2020-12-31": "", "2020-09-30": "595.00000", "2020-06-30": "556.00000", "2020-03-31": "522.00000", "2019-12-31": "525.00000", "2019-09-30": "538.00000", "2019-06-30": "522.00000", "2019-03-31": "490.00000", "2018-12-31": "478.00000", "2018-09-30": "933.00000", "2018-06-30": "919.00000", "2018-03-31": "909.00000", "2017-12-31": "901.00000", "2017-09-30": "520.00000", "2017-06-30": "532.00000", "2017-03-31": "540.00000", "2016-12-31": "547.00000", "2016-09-30": "555.00000", "2016-06-30": "560.00000", "2016-03-31": "566.00000", "2015-12-31": "562.00000", "2015-09-30": "568.00000", "2015-06-30": "574.00000", "2015-03-31": "578.00000", "2014-12-31": "574.00000", "2014-09-30": "583.00000", "2014-06-30": "588.00000", "2014-03-31": "595.00000", "2013-12-31": "621.00000", "2013-09-30": "628.00000", "2013-06-30": "629.00000", "2013-03-31": "635.00000", "2012-12-31": "636.00000", "2012-09-30": "639.00000", "2012-06-30": "645.00000", "2012-03-31": "656.00000", "2011-12-31": "660.00000", "2011-09-30": "676.00000", "2011-06-30": "667.00000", "2011-03-31": "676.00000", "2010-12-31": "669.00000", "2010-09-30": "671.00000", "2010-06-30": "668.00000", "2010-03-31": "666.00000", "2009-12-31": "667.00000", "2009-09-30": "620.00000", "2009-06-30": "614.00000", "2009-03-31": "601.00000", "2008-12-31": "604.00000", "2008-09-30": "588.00000", "2008-06-30": "611.00000", "2008-03-31": "570.00000", "2007-12-31": "526.00000", "2007-09-30": "465.00000", "2007-06-30": "422.00000", "2007-03-31": "362.00000", "2006-12-31": "275.00000", "2006-09-30": "123.00000", "2006-06-30": "84.00000", "2006-03-31": "", "2005-12-31": "86.00000", "2005-09-30": "", "2005-06-30": "", "2005-03-31": ""}, "Total Long Term Liabilities": {"2020-12-31": "", "2020-09-30": "6908.00000", "2020-06-30": "5948.00000", "2020-03-31": "4352.00000", "2019-12-31": "4456.00000", "2019-09-30": "3796.00000", "2019-06-30": "3650.00000", "2019-03-31": "3657.00000", "2018-12-31": "3749.00000", "2018-09-30": "3221.00000", "2018-06-30": "3010.00000", "2018-03-31": "2818.00000", "2017-12-31": "2903.00000", "2017-09-30": "3106.00000", "2017-06-30": "3066.00000", "2017-03-31": "3059.00000", "2016-12-31": "3096.00000", "2016-09-30": "3228.00000", "2016-06-30": "3201.00000", "2016-03-31": "3174.00000", "2015-12-31": "3159.00000", "2015-09-30": "3352.00000", "2015-06-30": "3338.00000", "2015-03-31": "3392.00000", "2014-12-31": "3374.00000", "2014-09-30": "3440.00000", "2014-06-30": "3408.00000", "2014-03-31": "3534.00000", "2013-12-31": "3342.00000", "2013-09-30": "3393.00000", "2013-06-30": "3314.00000", "2013-03-31": "3375.00000", "2012-12-31": "3574.00000", "2012-09-30": "3713.00000", "2012-06-30": "3713.00000", "2012-03-31": "3863.00000", "2011-12-31": "3902.00000", "2011-09-30": "3908.00000", "2011-06-30": "3908.00000", "2011-03-31": "3895.00000", "2010-12-31": "3846.00000", "2010-09-30": "3869.00000", "2010-06-30": "3844.00000", "2010-03-31": "3807.00000", "2009-12-31": "3846.00000", "2009-09-30": "3821.00000", "2009-06-30": "3898.00000", "2009-03-31": "3787.00000", "2008-12-31": "3673.00000", "2008-09-30": "3700.00000", "2008-06-30": "3730.00000", "2008-03-31": "3454.00000", "2007-12-31": "3306.00000", "2007-09-30": "3213.00000", "2007-06-30": "3314.00000", "2007-03-31": "3161.00000", "2006-12-31": "3037.00000", "2006-09-30": "2645.00000", "2006-06-30": "2546.00000", "2006-03-31": "2382.00000", "2005-12-31": "2305.00000", "2005-09-30": "2182.75400", "2005-06-30": "2023.88700", "2005-03-31": "1910.68200"}, "Total Liabilities": {"2020-12-31": "", "2020-09-30": "9716.00000", "2020-06-30": "9933.00000", "2020-03-31": "7974.00000", "2019-12-31": "7119.00000", "2019-09-30": "6555.00000", "2019-06-30": "6539.00000", "2019-03-31": "6508.00000", "2018-12-31": "6274.00000", "2018-09-30": "5733.00000", "2018-06-30": "5459.00000", "2018-03-31": "5330.00000", "2017-12-31": "5049.00000", "2017-09-30": "5457.00000", "2017-06-30": "5564.00000", "2017-03-31": "5481.00000", "2016-12-31": "5310.00000", "2016-09-30": "5733.00000", "2016-06-30": "5814.00000", "2016-03-31": "5648.00000", "2015-12-31": "5434.00000", "2015-09-30": "5577.00000", "2015-06-30": "5524.00000", "2015-03-31": "5595.00000", "2014-12-31": "5310.00000", "2014-09-30": "5355.00000", "2014-06-30": "5342.00000", "2014-03-31": "5509.00000", "2013-12-31": "5216.00000", "2013-09-30": "5426.00000", "2013-06-30": "5436.00000", "2013-03-31": "5337.00000", "2012-12-31": "5182.00000", "2012-09-30": "5238.00000", "2012-06-30": "5291.00000", "2012-03-31": "5342.00000", "2011-12-31": "5314.00000", "2011-09-30": "5204.00000", "2011-06-30": "5218.00000", "2011-03-31": "5166.00000", "2010-12-31": "4939.00000", "2010-09-30": "4995.00000", "2010-06-30": "5034.00000", "2010-03-31": "4979.00000", "2009-12-31": "5003.00000", "2009-09-30": "5022.00000", "2009-06-30": "5026.00000", "2009-03-31": "4846.00000", "2008-12-31": "4754.00000", "2008-09-30": "4803.00000", "2008-06-30": "5090.00000", "2008-03-31": "4721.00000", "2007-12-31": "4562.00000", "2007-09-30": "4437.00000", "2007-06-30": "4363.00000", "2007-03-31": "4185.00000", "2006-12-31": "3891.00000", "2006-09-30": "3512.00000", "2006-06-30": "3388.00000", "2006-03-31": "3179.00000", "2005-12-31": "2981.00000", "2005-09-30": "2779.32300", "2005-06-30": "2591.60700", "2005-03-31": "2464.49300"}, "Common Stock Net": {"2020-12-31": "", "2020-09-30": "4.00000", "2020-06-30": "4.00000", "2020-03-31": "4.00000", "2019-12-31": "4.00000", "2019-09-30": "4.00000", "2019-06-30": "4.00000", "2019-03-31": "4.00000", "2018-12-31": "4.00000", "2018-09-30": "4.00000", "2018-06-30": "4.00000", "2018-03-31": "4.00000", "2017-12-31": "4.00000", "2017-09-30": "4.00000", "2017-06-30": "4.00000", "2017-03-31": "4.00000", "2016-12-31": "4.00000", "2016-09-30": "4.00000", "2016-06-30": "4.00000", "2016-03-31": "4.00000", "2015-12-31": "4.00000", "2015-09-30": "4.00000", "2015-06-30": "4.00000", "2015-03-31": "4.00000", "2014-12-31": "4.00000", "2014-09-30": "4.00000", "2014-06-30": "4.00000", "2014-03-31": "3.00000", "2013-12-31": "3.00000", "2013-09-30": "3.00000", "2013-06-30": "3.00000", "2013-03-31": "3.00000", "2012-12-31": "3.00000", "2012-09-30": "3.00000", "2012-06-30": "3.00000", "2012-03-31": "3.00000", "2011-12-31": "3.00000", "2011-09-30": "3.00000", "2011-06-30": "3.00000", "2011-03-31": "3.00000", "2010-12-31": "3.00000", "2010-09-30": "3.00000", "2010-06-30": "3.00000", "2010-03-31": "3.00000", "2009-12-31": "3.00000", "2009-09-30": "3.00000", "2009-06-30": "3.00000", "2009-03-31": "3.00000", "2008-12-31": "3.00000", "2008-09-30": "3.00000", "2008-06-30": "3.00000", "2008-03-31": "2.00000", "2007-12-31": "2.00000", "2007-09-30": "2.00000", "2007-06-30": "2.00000", "2007-03-31": "2.00000", "2006-12-31": "2.00000", "2006-09-30": "2.00000", "2006-06-30": "2.00000", "2006-03-31": "2.00000", "2005-12-31": "2.00000", "2005-09-30": "1.05500", "2005-06-30": "1.05300", "2005-03-31": "1.04500"}, "Retained Earnings (Accumulated Deficit)": {"2020-12-31": "", "2020-09-30": "3341.00000", "2020-06-30": "3734.00000", "2020-03-31": "4054.00000", "2019-12-31": "4322.00000", "2019-09-30": "4161.00000", "2019-06-30": "3974.00000", "2019-03-31": "3795.00000", "2018-12-31": "3753.00000", "2018-09-30": "3511.00000", "2018-06-30": "3460.00000", "2018-03-31": "3580.00000", "2017-12-31": "3491.00000", "2017-09-30": "2921.00000", "2017-06-30": "2742.00000", "2017-03-31": "2532.00000", "2016-12-31": "2446.00000", "2016-09-30": "2257.00000", "2016-06-30": "2058.00000", "2016-03-31": "1878.00000", "2015-12-31": "1679.00000", "2015-09-30": "1489.00000", "2015-06-30": "1291.00000", "2015-03-31": "1139.00000", "2014-12-31": "1002.00000", "2014-09-30": "914.00000", "2014-06-30": "835.00000", "2014-03-31": "605.00000", "2013-12-31": "601.00000", "2013-09-30": "554.00000", "2013-06-30": "483.00000", "2013-03-31": "447.00000", "2012-12-31": "433.00000", "2012-09-30": "432.00000", "2012-06-30": "387.00000", "2012-03-31": "335.00000", "2011-12-31": "305.00000", "2011-09-30": "282.00000", "2011-06-30": "247.00000", "2011-03-31": "222.00000", "2010-12-31": "219.00000", "2010-09-30": "205.00000", "2010-06-30": "146.00000", "2010-03-31": "116.00000", "2009-12-31": "122.00000", "2009-09-30": "107.00000", "2009-06-30": "92.00000", "2009-03-31": "72.00000", "2008-12-31": "60.00000", "2008-09-30": "143.00000", "2008-06-30": "148.00000", "2008-03-31": "154.00000", "2007-12-31": "162.00000", "2007-09-30": "166.00000", "2007-06-30": "143.00000", "2007-03-31": "122.00000", "2006-12-31": "144.00000", "2006-09-30": "127.00000", "2006-06-30": "127.00000", "2006-03-31": "113.00000", "2005-12-31": "145.00000", "2005-09-30": "187.24500", "2005-06-30": "186.30600", "2005-03-31": "174.12300"}, "Comprehensive Income": {"2020-12-31": "", "2020-09-30": "-2.00000", "2020-06-30": "-3.00000", "2020-03-31": "-6.00000", "2019-12-31": "2.00000", "2019-09-30": "-1.00000", "2019-06-30": "1.00000", "2019-03-31": "-1.00000", "2018-12-31": "-3.00000", "2018-09-30": "1.00000", "2018-06-30": "", "2018-03-31": "", "2017-12-31": "", "2017-09-30": "4.00000", "2017-06-30": "", "2017-03-31": "5.00000", "2016-12-31": "13.00000", "2016-09-30": "10.00000", "2016-06-30": "16.00000", "2016-03-31": "-3.00000", "2015-12-31": "-3.00000", "2015-09-30": "-18.00000", "2015-06-30": "-24.00000", "2015-03-31": "-50.00000", "2014-12-31": "-63.00000", "2014-09-30": "-12.00000", "2014-06-30": "4.00000", "2014-03-31": "-2.00000", "2013-12-31": "", "2013-09-30": "-5.00000", "2013-06-30": "-16.00000", "2013-03-31": "-8.00000", "2012-12-31": "-8.00000", "2012-09-30": "-8.00000", "2012-06-30": "-23.00000", "2012-03-31": "-3.00000", "2011-12-31": "-15.00000", "2011-09-30": "-34.00000", "2011-06-30": "-13.00000", "2011-03-31": "9.00000", "2010-12-31": "-10.00000", "2010-09-30": "-19.00000", "2010-06-30": "-23.00000", "2010-03-31": "-7.00000", "2009-12-31": "1.00000", "2009-09-30": "-10.00000", "2009-06-30": "-19.00000", "2009-03-31": "-55.00000", "2008-12-31": "-84.00000", "2008-09-30": "-38.00000", "2008-06-30": "62.00000", "2008-03-31": "15.00000", "2007-12-31": "19.00000", "2007-09-30": "14.00000", "2007-06-30": "11.00000", "2007-03-31": "13.00000", "2006-12-31": "-7.00000", "2006-09-30": "-5.00000", "2006-06-30": "2.00000", "2006-03-31": "2.00000", "2005-12-31": "", "2005-09-30": "8.36400", "2005-06-30": "12.81700", "2005-03-31": "19.14500"}, "Other Share Holders Equity": {"2020-12-31": "", "2020-09-30": "", "2020-06-30": "", "2020-03-31": "", "2019-12-31": "", "2019-09-30": "", "2019-06-30": "", "2019-03-31": "", "2018-12-31": "", "2018-09-30": "", "2018-06-30": "", "2018-03-31": "", "2017-12-31": "", "2017-09-30": "", "2017-06-30": "", "2017-03-31": "", "2016-12-31": "", "2016-09-30": "", "2016-06-30": "", "2016-03-31": "", "2015-12-31": "", "2015-09-30": "", "2015-06-30": "", "2015-03-31": "", "2014-12-31": "", "2014-09-30": "", "2014-06-30": "", "2014-03-31": "", "2013-12-31": "", "2013-09-30": "", "2013-06-30": "", "2013-03-31": "", "2012-12-31": "", "2012-09-30": "", "2012-06-30": "", "2012-03-31": "", "2011-12-31": "", "2011-09-30": "", "2011-06-30": "", "2011-03-31": "", "2010-12-31": "", "2010-09-30": "", "2010-06-30": "", "2010-03-31": "", "2009-12-31": "", "2009-09-30": "", "2009-06-30": "", "2009-03-31": "", "2008-12-31": "", "2008-09-30": "", "2008-06-30": "", "2008-03-31": "", "2007-12-31": "", "2007-09-30": "", "2007-06-30": "", "2007-03-31": "", "2006-12-31": "", "2006-09-30": "", "2006-06-30": "", "2006-03-31": "", "2005-12-31": "", "2005-09-30": "", "2005-06-30": "", "2005-03-31": ""}, "Share Holder Equity": {"2020-12-31": "", "2020-09-30": "3717.00000", "2020-06-30": "4094.00000", "2020-03-31": "4366.00000", "2019-12-31": "4799.00000", "2019-09-30": "4764.00000", "2019-06-30": "4697.00000", "2019-03-31": "4607.00000", "2018-12-31": "4685.00000", "2018-09-30": "4414.00000", "2018-06-30": "4481.00000", "2018-03-31": "4697.00000", "2017-12-31": "4732.00000", "2017-09-30": "4139.00000", "2017-06-30": "4080.00000", "2017-03-31": "3992.00000", "2016-12-31": "4013.00000", "2016-09-30": "3846.00000", "2016-06-30": "3644.00000", "2016-03-31": "3414.00000", "2015-12-31": "3210.00000", "2015-09-30": "3017.00000", "2015-06-30": "2793.00000", "2015-03-31": "2709.00000", "2014-12-31": "2529.00000", "2014-09-30": "2386.00000", "2014-06-30": "2315.00000", "2014-03-31": "2136.00000", "2013-12-31": "2134.00000", "2013-09-30": "2018.00000", "2013-06-30": "1932.00000", "2013-03-31": "1897.00000", "2012-12-31": "1888.00000", "2012-09-30": "1903.00000", "2012-06-30": "1841.00000", "2012-03-31": "1801.00000", "2011-12-31": "1757.00000", "2011-09-30": "1707.00000", "2011-06-30": "1690.00000", "2011-03-31": "1677.00000", "2010-12-31": "1654.00000", "2010-09-30": "1623.00000", "2010-06-30": "1556.00000", "2010-03-31": "1534.00000", "2009-12-31": "1546.00000", "2009-09-30": "1511.00000", "2009-06-30": "1484.00000", "2009-03-31": "1312.00000", "2008-12-31": "1266.00000", "2008-09-30": "1281.00000", "2008-06-30": "1378.00000", "2008-03-31": "1329.00000", "2007-12-31": "1036.00000", "2007-09-30": "1024.00000", "2007-06-30": "993.00000", "2007-03-31": "960.00000", "2006-12-31": "952.00000", "2006-09-30": "917.00000", "2006-06-30": "918.00000", "2006-03-31": "889.00000", "2005-12-31": "911.00000", "2005-09-30": "786.61800", "2005-06-30": "789.04200", "2005-03-31": "771.85700"}, "Total Liabilities And Share Holders Equity": {"2020-12-31": "", "2020-09-30": "13433.00000", "2020-06-30": "14027.00000", "2020-03-31": "12340.00000", "2019-12-31": "11918.00000", "2019-09-30": "11319.00000", "2019-06-30": "11236.00000", "2019-03-31": "11115.00000", "2018-12-31": "10959.00000", "2018-09-30": "10147.00000", "2018-06-30": "9940.00000", "2018-03-31": "10027.00000", "2017-12-31": "9781.00000", "2017-09-30": "9596.00000", "2017-06-30": "9644.00000", "2017-03-31": "9473.00000", "2016-12-31": "9323.00000", "2016-09-30": "9579.00000", "2016-06-30": "9458.00000", "2016-03-31": "9062.00000", "2015-12-31": "8644.00000", "2015-09-30": "8594.00000", "2015-06-30": "8317.00000", "2015-03-31": "8304.00000", "2014-12-31": "7839.00000", "2014-09-30": "7741.00000", "2014-06-30": "7657.00000", "2014-03-31": "7645.00000", "2013-12-31": "7350.00000", "2013-09-30": "7444.00000", "2013-06-30": "7368.00000", "2013-03-31": "7234.00000", "2012-12-31": "7070.00000", "2012-09-30": "7141.00000", "2012-06-30": "7132.00000", "2012-03-31": "7143.00000", "2011-12-31": "7071.00000", "2011-09-30": "6911.00000", "2011-06-30": "6908.00000", "2011-03-31": "6843.00000", "2010-12-31": "6593.00000", "2010-09-30": "6618.00000", "2010-06-30": "6590.00000", "2010-03-31": "6513.00000", "2009-12-31": "6549.00000", "2009-09-30": "6533.00000", "2009-06-30": "6510.00000", "2009-03-31": "6158.00000", "2008-12-31": "6020.00000", "2008-09-30": "6084.00000", "2008-06-30": "6468.00000", "2008-03-31": "6050.00000", "2007-12-31": "5598.00000", "2007-09-30": "5461.00000", "2007-06-30": "5356.00000", "2007-03-31": "5145.00000", "2006-12-31": "4843.00000", "2006-09-30": "4429.00000", "2006-06-30": "4306.00000", "2006-03-31": "4068.00000", "2005-12-31": "3892.00000", "2005-09-30": "3565.94100", "2005-06-30": "3380.64900", "2005-03-31": "3236.35500"}}, "cash flow statement": {"Net Income/Loss": {"2020-12-31": "0.00000", "2019-12-31": "569.00000", "2018-12-31": "189.00000", "2017-12-31": "1140.00000", "2016-12-31": "727.00000", "2015-12-31": "677.00000", "2014-12-31": "401.00000", "2013-12-31": "168.00000", "2012-12-31": "128.00000", "2011-12-31": "86.00000", "2010-12-31": "97.00000", "2009-12-31": "61.00000", "2008-12-31": "-84.00000", "2007-12-31": "12.00000", "2006-12-31": "-1.00000", "2005-12-31": "-20.00000"}, "Total Depreciation And Amortization - Cash Flow": {"2020-12-31": "", "2019-12-31": "525.00000", "2018-12-31": "469.00000", "2017-12-31": "424.00000", "2016-12-31": "393.00000", "2015-12-31": "345.00000", "2014-12-31": "325.00000", "2013-12-31": "306.00000", "2012-12-31": "269.00000", "2011-12-31": "247.00000", "2010-12-31": "230.00000", "2009-12-31": "234.00000", "2008-12-31": "210.00000", "2007-12-31": "180.00000", "2006-12-31": "154.00000", "2005-12-31": "117.00000"}, "Other Non-Cash Items": {"2020-12-31": "", "2019-12-31": "170.00000", "2018-12-31": "437.00000", "2017-12-31": "-280.00000", "2016-12-31": "274.00000", "2015-12-31": "449.00000", "2014-12-31": "183.00000", "2013-12-31": "128.00000", "2012-12-31": "80.00000", "2011-12-31": "87.00000", "2010-12-31": "71.00000", "2009-12-31": "252.00000", "2008-12-31": "-201.00000", "2007-12-31": "25.00000", "2006-12-31": "23.00000", "2005-12-31": "5.00000"}, "Total Non-Cash Items": {"2020-12-31": "", "2019-12-31": "695.00000", "2018-12-31": "906.00000", "2017-12-31": "144.00000", "2016-12-31": "667.00000", "2015-12-31": "794.00000", "2014-12-31": "508.00000", "2013-12-31": "434.00000", "2012-12-31": "349.00000", "2011-12-31": "334.00000", "2010-12-31": "301.00000", "2009-12-31": "486.00000", "2008-12-31": "9.00000", "2007-12-31": "205.00000", "2006-12-31": "177.00000", "2005-12-31": "122.00000"}, "Change In Accounts Receivable": {"2020-12-31": "", "2019-12-31": "-3.00000", "2018-12-31": "46.00000", "2017-12-31": "-52.00000", "2016-12-31": "-21.00000", "2015-12-31": "11.00000", "2014-12-31": "1.00000", "2013-12-31": "-22.00000", "2012-12-31": "1.00000", "2011-12-31": "-10.00000", "2010-12-31": "-4.00000", "2009-12-31": "3.00000", "2008-12-31": "4.00000", "2007-12-31": "-14.00000", "2006-12-31": "-12.00000", "2005-12-31": "-28.00000"}, "Change In Inventories": {"2020-12-31": "", "2019-12-31": "188.00000", "2018-12-31": "-178.00000", "2017-12-31": "21.00000", "2016-12-31": "1.00000", "2015-12-31": "-5.00000", "2014-12-31": "3.00000", "2013-12-31": "-23.00000", "2012-12-31": "38.00000", "2011-12-31": "4.00000", "2010-12-31": "-4.00000", "2009-12-31": "-43.00000", "2008-12-31": "-10.00000", "2007-12-31": "3.00000", "2006-12-31": "-28.00000", "2005-12-31": "-20.00000"}, "Change In Accounts Payable": {"2020-12-31": "", "2019-12-31": "", "2018-12-31": "", "2017-12-31": "", "2016-12-31": "", "2015-12-31": "", "2014-12-31": "", "2013-12-31": "", "2012-12-31": "", "2011-12-31": "", "2010-12-31": "", "2009-12-31": "", "2008-12-31": "", "2007-12-31": "", "2006-12-31": "", "2005-12-31": ""}, "Change In Assets/Liabilities": {"2020-12-31": "", "2019-12-31": "118.00000", "2018-12-31": "131.00000", "2017-12-31": "101.00000", "2016-12-31": "119.00000", "2015-12-31": "80.00000", "2014-12-31": "-93.00000", "2013-12-31": "132.00000", "2012-12-31": "66.00000", "2011-12-31": "113.00000", "2010-12-31": "70.00000", "2009-12-31": "4.00000", "2008-12-31": "15.00000", "2007-12-31": "86.00000", "2006-12-31": "130.00000", "2005-12-31": "69.00000"}, "Total Change In Assets/Liabilities": {"2020-12-31": "", "2019-12-31": "212.00000", "2018-12-31": "102.00000", "2017-12-31": "117.00000", "2016-12-31": "255.00000", "2015-12-31": "150.00000", "2014-12-31": "-21.00000", "2013-12-31": "139.00000", "2012-12-31": "197.00000", "2011-12-31": "133.00000", "2010-12-31": "89.00000", "2009-12-31": "-102.00000", "2008-12-31": "24.00000", "2007-12-31": "111.00000", "2006-12-31": "90.00000", "2005-12-31": "75.00000"}, "Cash Flow From Operating Activities": {"2020-12-31": "", "2019-12-31": "1449.00000", "2018-12-31": "1200.00000", "2017-12-31": "1379.00000", "2016-12-31": "1632.00000", "2015-12-31": "1598.00000", "2014-12-31": "912.00000", "2013-12-31": "758.00000", "2012-12-31": "698.00000", "2011-12-31": "614.00000", "2010-12-31": "523.00000", "2009-12-31": "486.00000", "2008-12-31": "-17.00000", "2007-12-31": "358.00000", "2006-12-31": "274.00000", "2005-12-31": "170.00000"}, "Net Change In Property, Plant, And Equipment": {"2020-12-31": "", "2019-12-31": "-1156.00000", "2018-12-31": "-1114.00000", "2017-12-31": "-1202.00000", "2016-12-31": "-1011.00000", "2015-12-31": "-941.00000", "2014-12-31": "-857.00000", "2013-12-31": "-637.00000", "2012-12-31": "-781.00000", "2011-12-31": "-527.00000", "2010-12-31": "-313.00000", "2009-12-31": "-455.00000", "2008-12-31": "-546.00000", "2007-12-31": "-887.00000", "2006-12-31": "-1097.00000", "2005-12-31": "-1100.00000"}, "Net Change In Intangible Assets": {"2020-12-31": "", "2019-12-31": "", "2018-12-31": "", "2017-12-31": "", "2016-12-31": "", "2015-12-31": "", "2014-12-31": "", "2013-12-31": "", "2012-12-31": "", "2011-12-31": "", "2010-12-31": "", "2009-12-31": "", "2008-12-31": "", "2007-12-31": "", "2006-12-31": "", "2005-12-31": ""}, "Net Acquisitions/Divestitures": {"2020-12-31": "", "2019-12-31": "", "2018-12-31": "", "2017-12-31": "", "2016-12-31": "", "2015-12-31": "", "2014-12-31": "393.00000", "2013-12-31": "", "2012-12-31": "", "2011-12-31": "", "2010-12-31": "", "2009-12-31": "", "2008-12-31": "", "2007-12-31": "", "2006-12-31": "", "2005-12-31": "-24.00000"}, "Net Change In Short-term Investments": {"2020-12-31": "", "2019-12-31": "", "2018-12-31": "", "2017-12-31": "", "2016-12-31": "", "2015-12-31": "", "2014-12-31": "", "2013-12-31": "", "2012-12-31": "", "2011-12-31": "", "2010-12-31": "", "2009-12-31": "", "2008-12-31": "", "2007-12-31": "", "2006-12-31": "15.00000", "2005-12-31": ""}, "Net Change In Long-Term Investments": {"2020-12-31": "", "2019-12-31": "40.00000", "2018-12-31": "-28.00000", "2017-12-31": "236.00000", "2016-12-31": "-23.00000", "2015-12-31": "-187.00000", "2014-12-31": "81.00000", "2013-12-31": "161.00000", "2012-12-31": "-104.00000", "2011-12-31": "24.00000", "2010-12-31": "-384.00000", "2009-12-31": "3.00000", "2008-12-31": "328.00000", "2007-12-31": "78.00000", "2006-12-31": "-228.00000", "2005-12-31": "-66.00000"}, "Net Change In Investments - Total": {"2020-12-31": "", "2019-12-31": "40.00000", "2018-12-31": "-28.00000", "2017-12-31": "236.00000", "2016-12-31": "-23.00000", "2015-12-31": "-187.00000", "2014-12-31": "81.00000", "2013-12-31": "161.00000", "2012-12-31": "-104.00000", "2011-12-31": "24.00000", "2010-12-31": "-384.00000", "2009-12-31": "3.00000", "2008-12-31": "328.00000", "2007-12-31": "78.00000", "2006-12-31": "-213.00000", "2005-12-31": "-66.00000"}, "Investing Activities - Other": {"2020-12-31": "", "2019-12-31": "-13.00000", "2018-12-31": "-15.00000", "2017-12-31": "-13.00000", "2016-12-31": "-12.00000", "2015-12-31": "-6.00000", "2014-12-31": "4.00000", "2013-12-31": "", "2012-12-31": "18.00000", "2011-12-31": "1.00000", "2010-12-31": "1.00000", "2009-12-31": "-5.00000", "2008-12-31": "-29.00000", "2007-12-31": "75.00000", "2006-12-31": "3.00000", "2005-12-31": "-86.00000"}, "Cash Flow From Investing Activities": {"2020-12-31": "", "2019-12-31": "-1129.00000", "2018-12-31": "-1157.00000", "2017-12-31": "-979.00000", "2016-12-31": "-1046.00000", "2015-12-31": "-1134.00000", "2014-12-31": "-379.00000", "2013-12-31": "-476.00000", "2012-12-31": "-867.00000", "2011-12-31": "-502.00000", "2010-12-31": "-696.00000", "2009-12-31": "-457.00000", "2008-12-31": "-247.00000", "2007-12-31": "-734.00000", "2006-12-31": "-1307.00000", "2005-12-31": "-1276.00000"}, "Net Long-Term Debt": {"2020-12-31": "", "2019-12-31": "658.00000", "2018-12-31": "465.00000", "2017-12-31": "-194.00000", "2016-12-31": "-368.00000", "2015-12-31": "-328.00000", "2014-12-31": "-360.00000", "2013-12-31": "-219.00000", "2012-12-31": "-203.00000", "2011-12-31": "7.00000", "2010-12-31": "-217.00000", "2009-12-31": "266.00000", "2008-12-31": "43.00000", "2007-12-31": "111.00000", "2006-12-31": "465.00000", "2005-12-31": "755.00000"}, "Net Current Debt": {"2020-12-31": "", "2019-12-31": "", "2018-12-31": "", "2017-12-31": "", "2016-12-31": "", "2015-12-31": "", "2014-12-31": "", "2013-12-31": "", "2012-12-31": "-88.00000", "2011-12-31": "88.00000", "2010-12-31": "-56.00000", "2009-12-31": "-117.00000", "2008-12-31": "128.00000", "2007-12-31": "4.00000", "2006-12-31": "-26.00000", "2005-12-31": "21.00000"}, "Debt Issuance/Retirement Net - Total": {"2020-12-31": "", "2019-12-31": "658.00000", "2018-12-31": "465.00000", "2017-12-31": "-194.00000", "2016-12-31": "-368.00000", "2015-12-31": "-328.00000", "2014-12-31": "-360.00000", "2013-12-31": "-219.00000", "2012-12-31": "-291.00000", "2011-12-31": "95.00000", "2010-12-31": "-273.00000", "2009-12-31": "149.00000", "2008-12-31": "171.00000", "2007-12-31": "115.00000", "2006-12-31": "439.00000", "2005-12-31": "776.00000"}, "Net Common Equity Issued/Repurchased": {"2020-12-31": "", "2019-12-31": "-491.00000", "2018-12-31": "-334.00000", "2017-12-31": "-342.00000", "2016-12-31": "-89.00000", "2015-12-31": "-157.00000", "2014-12-31": "-41.00000", "2013-12-31": "2.00000", "2012-12-31": "-17.00000", "2011-12-31": "10.00000", "2010-12-31": "9.00000", "2009-12-31": "120.00000", "2008-12-31": "320.00000", "2007-12-31": "26.00000", "2006-12-31": "28.00000", "2005-12-31": "178.00000"}, "Net Total Equity Issued/Repurchased": {"2020-12-31": "", "2019-12-31": "-491.00000", "2018-12-31": "-334.00000", "2017-12-31": "-342.00000", "2016-12-31": "-89.00000", "2015-12-31": "-157.00000", "2014-12-31": "-41.00000", "2013-12-31": "2.00000", "2012-12-31": "-17.00000", "2011-12-31": "10.00000", "2010-12-31": "9.00000", "2009-12-31": "120.00000", "2008-12-31": "320.00000", "2007-12-31": "26.00000", "2006-12-31": "28.00000", "2005-12-31": "178.00000"}, "Total Common And Preferred Stock Dividends Paid": {"2020-12-31": "", "2019-12-31": "", "2018-12-31": "", "2017-12-31": "", "2016-12-31": "", "2015-12-31": "", "2014-12-31": "", "2013-12-31": "", "2012-12-31": "", "2011-12-31": "", "2010-12-31": "", "2009-12-31": "", "2008-12-31": "", "2007-12-31": "", "2006-12-31": "", "2005-12-31": ""}, "Financial Activities - Other": {"2020-12-31": "", "2019-12-31": "-2.00000", "2018-12-31": "", "2017-12-31": "", "2016-12-31": "-15.00000", "2015-12-31": "-2.00000", "2014-12-31": "-16.00000", "2013-12-31": "-22.00000", "2012-12-31": "-14.00000", "2011-12-31": "-9.00000", "2010-12-31": "6.00000", "2009-12-31": "37.00000", "2008-12-31": "144.00000", "2007-12-31": "415.00000", "2006-12-31": "570.00000", "2005-12-31": "139.00000"}, "Cash Flow From Financial Activities": {"2020-12-31": "", "2019-12-31": "165.00000", "2018-12-31": "131.00000", "2017-12-31": "-536.00000", "2016-12-31": "-472.00000", "2015-12-31": "-487.00000", "2014-12-31": "-417.00000", "2013-12-31": "-239.00000", "2012-12-31": "-322.00000", "2011-12-31": "96.00000", "2010-12-31": "-258.00000", "2009-12-31": "306.00000", "2008-12-31": "635.00000", "2007-12-31": "556.00000", "2006-12-31": "1037.00000", "2005-12-31": "1093.00000"}, "Net Cash Flow": {"2020-12-31": "", "2019-12-31": "485.00000", "2018-12-31": "174.00000", "2017-12-31": "-136.00000", "2016-12-31": "114.00000", "2015-12-31": "-23.00000", "2014-12-31": "116.00000", "2013-12-31": "43.00000", "2012-12-31": "-491.00000", "2011-12-31": "208.00000", "2010-12-31": "-431.00000", "2009-12-31": "335.00000", "2008-12-31": "371.00000", "2007-12-31": "180.00000", "2006-12-31": "4.00000", "2005-12-31": "-13.00000"}, "Stock-Based Compensation": {"2020-12-31": "", "2019-12-31": "31.00000", "2018-12-31": "28.00000", "2017-12-31": "29.00000", "2016-12-31": "23.00000", "2015-12-31": "20.00000", "2014-12-31": "20.00000", "2013-12-31": "14.00000", "2012-12-31": "13.00000", "2011-12-31": "13.00000", "2010-12-31": "17.00000", "2009-12-31": "16.00000", "2008-12-31": "16.00000", "2007-12-31": "15.00000", "2006-12-31": "21.00000", "2005-12-31": "9.00000"}, "Common Stock Dividends Paid": {"2020-12-31": "", "2019-12-31": "", "2018-12-31": "", "2017-12-31": "", "2016-12-31": "", "2015-12-31": "", "2014-12-31": "", "2013-12-31": "", "2012-12-31": "", "2011-12-31": "", "2010-12-31": "", "2009-12-31": "", "2008-12-31": "", "2007-12-31": "", "2006-12-31": "", "2005-12-31": ""}}, "cash flow statement, quarterly": {"Net Income/Loss": {"2020-12-31": 981, "2020-09-30": -393, "2020-06-30": -320, "2020-03-31": "-268.00000", "2019-12-31": 161, "2019-09-30": 187, "2019-06-30": 179, "2019-03-31": "42.00000", "2018-12-31": 170, "2018-09-30": 50, "2018-06-30": -121, "2018-03-31": "90.00000", "2017-12-31": 670, "2017-09-30": 181, "2017-06-30": 207, "2017-03-31": "82.00000", "2016-12-31": 140, "2016-09-30": 199, "2016-06-30": 181, "2016-03-31": "207.00000", "2015-12-31": 190, "2015-09-30": 198, "2015-06-30": 152, "2015-03-31": "137.00000", "2014-12-31": 88, "2014-09-30": 79, "2014-06-30": 230, "2014-03-31": "4.00000", "2013-12-31": 47, "2013-09-30": 71, "2013-06-30": 36, "2013-03-31": "14.00000", "2012-12-31": 1, "2012-09-30": 45, "2012-06-30": 52, "2012-03-31": "30.00000", "2011-12-31": 23, "2011-09-30": 35, "2011-06-30": 25, "2011-03-31": "3.00000", "2010-12-31": 8, "2010-09-30": 59, "2010-06-30": 31, "2010-03-31": "-1.00000", "2009-12-31": 14, "2009-09-30": 15, "2009-06-30": 20, "2009-03-31": "12.00000", "2008-12-31": -57, "2008-09-30": -8, "2008-06-30": -9, "2008-03-31": "-10.00000", "2007-12-31": -10, "2007-09-30": 23, "2007-06-30": 21, "2007-03-31": "-22.00000", "2006-12-31": 17, "2006-09-30": 0, "2006-06-30": 14, "2006-03-31": "-32.00000", "2005-12-31": -42, "2005-09-30": 3, "2005-06-30": 13, "2005-03-31": "6.00000"}, "Total Depreciation And Amortization - Cash Flow": {"2020-12-31": -407, "2020-09-30": 128, "2020-06-30": 140, "2020-03-31": "139.00000", "2019-12-31": 140, "2019-09-30": 134, "2019-06-30": 127, "2019-03-31": "124.00000", "2018-12-31": 125, "2018-09-30": 118, "2018-06-30": 115, "2018-03-31": "111.00000", "2017-12-31": 96, "2017-09-30": 114, "2017-06-30": 109, "2017-03-31": "105.00000", "2016-12-31": 104, "2016-09-30": 101, "2016-06-30": 97, "2016-03-31": "91.00000", "2015-12-31": 93, "2015-09-30": 84, "2015-06-30": 81, "2015-03-31": "87.00000", "2014-12-31": 85, "2014-09-30": 79, "2014-06-30": 79, "2014-03-31": "82.00000", "2013-12-31": 83, "2013-09-30": 77, "2013-06-30": 74, "2013-03-31": "72.00000", "2012-12-31": 71, "2012-09-30": 68, "2012-06-30": 66, "2012-03-31": "64.00000", "2011-12-31": 66, "2011-09-30": 60, "2011-06-30": 62, "2011-03-31": "59.00000", "2010-12-31": 57, "2010-09-30": 57, "2010-06-30": 57, "2010-03-31": "59.00000", "2009-12-31": 60, "2009-09-30": 60, "2009-06-30": 58, "2009-03-31": "56.00000", "2008-12-31": 61, "2008-09-30": 55, "2008-06-30": 48, "2008-03-31": "46.00000", "2007-12-31": 47, "2007-09-30": 46, "2007-06-30": 43, "2007-03-31": "44.00000", "2006-12-31": 44, "2006-09-30": 37, "2006-06-30": 39, "2006-03-31": "34.00000", "2005-12-31": 35, "2005-09-30": 30, "2005-06-30": 27, "2005-03-31": "25.00000"}, "Other Non-Cash Items": {"2020-12-31": -33, "2020-09-30": 14, "2020-06-30": -109, "2020-03-31": "128.00000", "2019-12-31": 74, "2019-09-30": 33, "2019-06-30": 43, "2019-03-31": "20.00000", "2018-12-31": 98, "2018-09-30": 42, "2018-06-30": 275, "2018-03-31": "22.00000", "2017-12-31": -507, "2017-09-30": 104, "2017-06-30": 86, "2017-03-31": "37.00000", "2016-12-31": 56, "2016-09-30": 87, "2016-06-30": 67, "2016-03-31": "64.00000", "2015-12-31": 196, "2015-09-30": 81, "2015-06-30": 94, "2015-03-31": "78.00000", "2014-12-31": 6, "2014-09-30": 54, "2014-06-30": 114, "2014-03-31": "9.00000", "2013-12-31": 30, "2013-09-30": 55, "2013-06-30": 28, "2013-03-31": "15.00000", "2012-12-31": 7, "2012-09-30": 45, "2012-06-30": 9, "2012-03-31": "19.00000", "2011-12-31": 36, "2011-09-30": 16, "2011-06-30": 19, "2011-03-31": "16.00000", "2010-12-31": 10, "2010-09-30": 38, "2010-06-30": 19, "2010-03-31": "4.00000", "2009-12-31": 78, "2009-09-30": 33, "2009-06-30": 73, "2009-03-31": "68.00000", "2008-12-31": -172, "2008-09-30": -25, "2008-06-30": -2, "2008-03-31": "-2.00000", "2007-12-31": -10, "2007-09-30": 28, "2007-06-30": 26, "2007-03-31": "-19.00000", "2006-12-31": 7, "2006-09-30": 9, "2006-06-30": 17, "2006-03-31": "-10.00000", "2005-12-31": -5, "2005-09-30": -6, "2005-06-30": 11, "2005-03-31": "5.00000"}, "Total Non-Cash Items": {"2020-12-31": -440, "2020-09-30": 142, "2020-06-30": 31, "2020-03-31": "267.00000", "2019-12-31": 214, "2019-09-30": 167, "2019-06-30": 170, "2019-03-31": "144.00000", "2018-12-31": 223, "2018-09-30": 160, "2018-06-30": 390, "2018-03-31": "133.00000", "2017-12-31": -411, "2017-09-30": 218, "2017-06-30": 195, "2017-03-31": "142.00000", "2016-12-31": 160, "2016-09-30": 188, "2016-06-30": 164, "2016-03-31": "155.00000", "2015-12-31": 289, "2015-09-30": 165, "2015-06-30": 175, "2015-03-31": "165.00000", "2014-12-31": 91, "2014-09-30": 133, "2014-06-30": 193, "2014-03-31": "91.00000", "2013-12-31": 113, "2013-09-30": 132, "2013-06-30": 102, "2013-03-31": "87.00000", "2012-12-31": 78, "2012-09-30": 113, "2012-06-30": 75, "2012-03-31": "83.00000", "2011-12-31": 102, "2011-09-30": 76, "2011-06-30": 81, "2011-03-31": "75.00000", "2010-12-31": 67, "2010-09-30": 95, "2010-06-30": 76, "2010-03-31": "63.00000", "2009-12-31": 138, "2009-09-30": 93, "2009-06-30": 131, "2009-03-31": "124.00000", "2008-12-31": -111, "2008-09-30": 30, "2008-06-30": 46, "2008-03-31": "44.00000", "2007-12-31": 37, "2007-09-30": 74, "2007-06-30": 69, "2007-03-31": "25.00000", "2006-12-31": 51, "2006-09-30": 46, "2006-06-30": 56, "2006-03-31": "24.00000", "2005-12-31": 30, "2005-09-30": 24, "2005-06-30": 38, "2005-03-31": "30.00000"}, "Change In Accounts Receivable": {"2020-12-31": 0, "2020-09-30": 0, "2020-06-30": 0, "2020-03-31": "", "2019-12-31": -3, "2019-09-30": 0, "2019-06-30": 0, "2019-03-31": "", "2018-12-31": 46, "2018-09-30": 0, "2018-06-30": 0, "2018-03-31": "", "2017-12-31": -52, "2017-09-30": 0, "2017-06-30": 0, "2017-03-31": "", "2016-12-31": -21, "2016-09-30": 0, "2016-06-30": 0, "2016-03-31": "", "2015-12-31": 11, "2015-09-30": 0, "2015-06-30": 0, "2015-03-31": "", "2014-12-31": 1, "2014-09-30": 0, "2014-06-30": 0, "2014-03-31": "", "2013-12-31": -22, "2013-09-30": 0, "2013-06-30": 0, "2013-03-31": "", "2012-12-31": 1, "2012-09-30": 0, "2012-06-30": 0, "2012-03-31": "", "2011-12-31": -10, "2011-09-30": 0, "2011-06-30": 0, "2011-03-31": "", "2010-12-31": -4, "2010-09-30": 0, "2010-06-30": 0, "2010-03-31": "", "2009-12-31": 3, "2009-09-30": 0, "2009-06-30": 0, "2009-03-31": "", "2008-12-31": 4, "2008-09-30": 0, "2008-06-30": 0, "2008-03-31": "", "2007-12-31": -14, "2007-09-30": 0, "2007-06-30": 0, "2007-03-31": "", "2006-12-31": -12, "2006-09-30": 0, "2006-06-30": 0, "2006-03-31": "", "2005-12-31": -28, "2005-09-30": 0, "2005-06-30": 0, "2005-03-31": ""}, "Change In Inventories": {"2020-12-31": 0, "2020-09-30": 0, "2020-06-30": 0, "2020-03-31": "", "2019-12-31": 188, "2019-09-30": 0, "2019-06-30": 0, "2019-03-31": "", "2018-12-31": -178, "2018-09-30": 0, "2018-06-30": 0, "2018-03-31": "", "2017-12-31": 21, "2017-09-30": 0, "2017-06-30": 0, "2017-03-31": "", "2016-12-31": 1, "2016-09-30": 0, "2016-06-30": 0, "2016-03-31": "", "2015-12-31": -5, "2015-09-30": 0, "2015-06-30": 0, "2015-03-31": "", "2014-12-31": 3, "2014-09-30": 0, "2014-06-30": 0, "2014-03-31": "", "2013-12-31": -23, "2013-09-30": 0, "2013-06-30": 0, "2013-03-31": "", "2012-12-31": 38, "2012-09-30": 0, "2012-06-30": 0, "2012-03-31": "", "2011-12-31": 4, "2011-09-30": 0, "2011-06-30": 0, "2011-03-31": "", "2010-12-31": -4, "2010-09-30": 0, "2010-06-30": 0, "2010-03-31": "", "2009-12-31": -43, "2009-09-30": 0, "2009-06-30": 0, "2009-03-31": "", "2008-12-31": -10, "2008-09-30": 0, "2008-06-30": 0, "2008-03-31": "", "2007-12-31": 3, "2007-09-30": 0, "2007-06-30": 0, "2007-03-31": "", "2006-12-31": -28, "2006-09-30": 0, "2006-06-30": 0, "2006-03-31": "", "2005-12-31": -20, "2005-09-30": 0, "2005-06-30": 0, "2005-03-31": ""}, "Change In Accounts Payable": {"2020-12-31": 0, "2020-09-30": 0, "2020-06-30": 0, "2020-03-31": "", "2019-12-31": 0, "2019-09-30": 0, "2019-06-30": 0, "2019-03-31": "", "2018-12-31": 0, "2018-09-30": 0, "2018-06-30": 0, "2018-03-31": "", "2017-12-31": 0, "2017-09-30": 0, "2017-06-30": 0, "2017-03-31": "", "2016-12-31": 0, "2016-09-30": 0, "2016-06-30": 0, "2016-03-31": "", "2015-12-31": 0, "2015-09-30": 0, "2015-06-30": 0, "2015-03-31": "", "2014-12-31": 0, "2014-09-30": 0, "2014-06-30": 0, "2014-03-31": "", "2013-12-31": 0, "2013-09-30": 0, "2013-06-30": 0, "2013-03-31": "", "2012-12-31": 0, "2012-09-30": 0, "2012-06-30": 0, "2012-03-31": "", "2011-12-31": 0, "2011-09-30": 0, "2011-06-30": 0, "2011-03-31": "", "2010-12-31": 0, "2010-09-30": 0, "2010-06-30": 0, "2010-03-31": "", "2009-12-31": 0, "2009-09-30": 0, "2009-06-30": 0, "2009-03-31": "", "2008-12-31": 0, "2008-09-30": 0, "2008-06-30": 0, "2008-03-31": "", "2007-12-31": 0, "2007-09-30": 0, "2007-06-30": 0, "2007-03-31": "", "2006-12-31": 0, "2006-09-30": 0, "2006-06-30": 0, "2006-03-31": "", "2005-12-31": 0, "2005-09-30": 0, "2005-06-30": 0, "2005-03-31": ""}, "Change In Assets/Liabilities": {"2020-12-31": -291, "2020-09-30": -219, "2020-06-30": 381, "2020-03-31": "129.00000", "2019-12-31": -196, "2019-09-30": -116, "2019-06-30": 203, "2019-03-31": "227.00000", "2018-12-31": -87, "2018-09-30": -15, "2018-06-30": -31, "2018-03-31": "264.00000", "2017-12-31": 36, "2017-09-30": -201, "2017-06-30": 60, "2017-03-31": "206.00000", "2016-12-31": -116, "2016-09-30": -80, "2016-06-30": 93, "2016-03-31": "222.00000", "2015-12-31": -220, "2015-09-30": 46, "2015-06-30": 30, "2015-03-31": "224.00000", "2014-12-31": -60, "2014-09-30": -32, "2014-06-30": -214, "2014-03-31": "213.00000", "2013-12-31": 24, "2013-09-30": -56, "2013-06-30": 58, "2013-03-31": "106.00000", "2012-12-31": -62, "2012-09-30": -111, "2012-06-30": 58, "2012-03-31": "181.00000", "2011-12-31": -44, "2011-09-30": -41, "2011-06-30": 56, "2011-03-31": "142.00000", "2010-12-31": -70, "2010-09-30": -32, "2010-06-30": 14, "2010-03-31": "158.00000", "2009-12-31": 63, "2009-09-30": -4, "2009-06-30": -66, "2009-03-31": "11.00000", "2008-12-31": -34, "2008-09-30": 1, "2008-06-30": 28, "2008-03-31": "20.00000", "2007-12-31": -20, "2007-09-30": -18, "2007-06-30": -17, "2007-03-31": "141.00000", "2006-12-31": 18, "2006-09-30": 32, "2006-06-30": -22, "2006-03-31": "102.00000", "2005-12-31": 30, "2005-09-30": -24, "2005-06-30": 28, "2005-03-31": "35.00000"}, "Total Change In Assets/Liabilities": {"2020-12-31": -291, "2020-09-30": -219, "2020-06-30": 381, "2020-03-31": "129.00000", "2019-12-31": -102, "2019-09-30": -116, "2019-06-30": 203, "2019-03-31": "227.00000", "2018-12-31": -116, "2018-09-30": -15, "2018-06-30": -31, "2018-03-31": "264.00000", "2017-12-31": 52, "2017-09-30": -201, "2017-06-30": 60, "2017-03-31": "206.00000", "2016-12-31": 20, "2016-09-30": -80, "2016-06-30": 93, "2016-03-31": "222.00000", "2015-12-31": -150, "2015-09-30": 46, "2015-06-30": 30, "2015-03-31": "224.00000", "2014-12-31": 12, "2014-09-30": -32, "2014-06-30": -214, "2014-03-31": "213.00000", "2013-12-31": 31, "2013-09-30": -56, "2013-06-30": 58, "2013-03-31": "106.00000", "2012-12-31": 69, "2012-09-30": -111, "2012-06-30": 58, "2012-03-31": "181.00000", "2011-12-31": -24, "2011-09-30": -41, "2011-06-30": 56, "2011-03-31": "142.00000", "2010-12-31": -51, "2010-09-30": -32, "2010-06-30": 14, "2010-03-31": "158.00000", "2009-12-31": -43, "2009-09-30": -4, "2009-06-30": -66, "2009-03-31": "11.00000", "2008-12-31": -25, "2008-09-30": 1, "2008-06-30": 28, "2008-03-31": "20.00000", "2007-12-31": 5, "2007-09-30": -18, "2007-06-30": -17, "2007-03-31": "141.00000", "2006-12-31": -22, "2006-09-30": 32, "2006-06-30": -22, "2006-03-31": "102.00000", "2005-12-31": 36, "2005-09-30": -24, "2005-06-30": 28, "2005-03-31": "35.00000"}, "Cash Flow From Operating Activities": {"2020-12-31": 223, "2020-09-30": -446, "2020-06-30": 99, "2020-03-31": "124.00000", "2019-12-31": 251, "2019-09-30": 230, "2019-06-30": 548, "2019-03-31": "420.00000", "2018-12-31": 276, "2018-09-30": 202, "2018-06-30": 232, "2018-03-31": "490.00000", "2017-12-31": 313, "2017-09-30": 194, "2017-06-30": 440, "2017-03-31": "432.00000", "2016-12-31": 315, "2016-09-30": 310, "2016-06-30": 422, "2016-03-31": "585.00000", "2015-12-31": 304, "2015-09-30": 404, "2015-06-30": 362, "2015-03-31": "528.00000", "2014-12-31": 188, "2014-09-30": 183, "2014-06-30": 219, "2014-03-31": "322.00000", "2013-12-31": 193, "2013-09-30": 163, "2013-06-30": 197, "2013-03-31": "205.00000", "2012-12-31": 157, "2012-09-30": 51, "2012-06-30": 198, "2012-03-31": "292.00000", "2011-12-31": 114, "2011-09-30": 94, "2011-06-30": 175, "2011-03-31": "231.00000", "2010-12-31": 33, "2010-09-30": 134, "2010-06-30": 127, "2010-03-31": "229.00000", "2009-12-31": 129, "2009-09-30": 132, "2009-06-30": 101, "2009-03-31": "124.00000", "2008-12-31": -126, "2008-09-30": 4, "2008-06-30": 56, "2008-03-31": "49.00000", "2007-12-31": 71, "2007-09-30": 68, "2007-06-30": 72, "2007-03-31": "147.00000", "2006-12-31": 65, "2006-09-30": 80, "2006-06-30": 42, "2006-03-31": "87.00000", "2005-12-31": 24, "2005-09-30": -2, "2005-06-30": 77, "2005-03-31": "71.00000"}, "Net Change In Property, Plant, And Equipment": {"2020-12-31": 596, "2020-09-30": -162, "2020-06-30": -67, "2020-03-31": "-367.00000", "2019-12-31": -479, "2019-09-30": -207, "2019-06-30": -306, "2019-03-31": "-164.00000", "2018-12-31": -453, "2018-09-30": -255, "2018-06-30": -203, "2018-03-31": "-203.00000", "2017-12-31": -407, "2017-09-30": -211, "2017-06-30": -299, "2017-03-31": "-285.00000", "2016-12-31": -413, "2016-09-30": -281, "2016-06-30": -151, "2016-03-31": "-166.00000", "2015-12-31": -389, "2015-09-30": -146, "2015-06-30": -238, "2015-03-31": "-168.00000", "2014-12-31": -260, "2014-09-30": -217, "2014-06-30": -190, "2014-03-31": "-190.00000", "2013-12-31": -290, "2013-09-30": -78, "2013-06-30": -186, "2013-03-31": "-83.00000", "2012-12-31": -410, "2012-09-30": -71, "2012-06-30": -116, "2012-03-31": "-184.00000", "2011-12-31": -172, "2011-09-30": -127, "2011-06-30": -105, "2011-03-31": "-123.00000", "2010-12-31": -69, "2010-09-30": -85, "2010-06-30": -109, "2010-03-31": "-50.00000", "2009-12-31": -84, "2009-09-30": -50, "2009-06-30": -150, "2009-03-31": "-171.00000", "2008-12-31": -59, "2008-09-30": -128, "2008-06-30": -85, "2008-03-31": "-274.00000", "2007-12-31": -115, "2007-09-30": -190, "2007-06-30": -262, "2007-03-31": "-320.00000", "2006-12-31": -191, "2006-09-30": -224, "2006-06-30": -361, "2006-03-31": "-321.00000", "2005-12-31": -310, "2005-09-30": -310, "2005-06-30": -257, "2005-03-31": "-223.00000"}, "Net Change In Intangible Assets": {"2020-12-31": 0, "2020-09-30": 0, "2020-06-30": 0, "2020-03-31": "", "2019-12-31": 0, "2019-09-30": 0, "2019-06-30": 0, "2019-03-31": "", "2018-12-31": 0, "2018-09-30": 0, "2018-06-30": 0, "2018-03-31": "", "2017-12-31": 0, "2017-09-30": 0, "2017-06-30": 0, "2017-03-31": "", "2016-12-31": 0, "2016-09-30": 0, "2016-06-30": 0, "2016-03-31": "", "2015-12-31": 0, "2015-09-30": 0, "2015-06-30": 0, "2015-03-31": "", "2014-12-31": 0, "2014-09-30": 0, "2014-06-30": 0, "2014-03-31": "", "2013-12-31": 0, "2013-09-30": 0, "2013-06-30": 0, "2013-03-31": "", "2012-12-31": 0, "2012-09-30": 0, "2012-06-30": 0, "2012-03-31": "", "2011-12-31": 0, "2011-09-30": 0, "2011-06-30": 0, "2011-03-31": "", "2010-12-31": 0, "2010-09-30": 0, "2010-06-30": 0, "2010-03-31": "", "2009-12-31": 0, "2009-09-30": 0, "2009-06-30": 0, "2009-03-31": "", "2008-12-31": 0, "2008-09-30": 0, "2008-06-30": 0, "2008-03-31": "", "2007-12-31": 0, "2007-09-30": 0, "2007-06-30": 0, "2007-03-31": "", "2006-12-31": 0, "2006-09-30": 0, "2006-06-30": 0, "2006-03-31": "", "2005-12-31": 0, "2005-09-30": 0, "2005-06-30": 0, "2005-03-31": ""}, "Net Acquisitions/Divestitures": {"2020-12-31": 0, "2020-09-30": 0, "2020-06-30": 0, "2020-03-31": "", "2019-12-31": 0, "2019-09-30": 0, "2019-06-30": 0, "2019-03-31": "", "2018-12-31": 0, "2018-09-30": 0, "2018-06-30": 0, "2018-03-31": "", "2017-12-31": 0, "2017-09-30": 0, "2017-06-30": 0, "2017-03-31": "", "2016-12-31": 0, "2016-09-30": 0, "2016-06-30": 0, "2016-03-31": "", "2015-12-31": 0, "2015-09-30": 0, "2015-06-30": 0, "2015-03-31": "", "2014-12-31": 0, "2014-09-30": 2, "2014-06-30": 391, "2014-03-31": "", "2013-12-31": 0, "2013-09-30": 0, "2013-06-30": 0, "2013-03-31": "", "2012-12-31": 0, "2012-09-30": 0, "2012-06-30": 0, "2012-03-31": "", "2011-12-31": 0, "2011-09-30": 0, "2011-06-30": 0, "2011-03-31": "", "2010-12-31": 0, "2010-09-30": 0, "2010-06-30": 0, "2010-03-31": "", "2009-12-31": 0, "2009-09-30": 0, "2009-06-30": 0, "2009-03-31": "", "2008-12-31": 0, "2008-09-30": 0, "2008-06-30": 0, "2008-03-31": "", "2007-12-31": 0, "2007-09-30": 0, "2007-06-30": 0, "2007-03-31": "", "2006-12-31": 0, "2006-09-30": 0, "2006-06-30": 0, "2006-03-31": "", "2005-12-31": -24, "2005-09-30": 0, "2005-06-30": 0, "2005-03-31": ""}, "Net Change In Short-term Investments": {"2020-12-31": 0, "2020-09-30": 0, "2020-06-30": 0, "2020-03-31": "", "2019-12-31": 0, "2019-09-30": 0, "2019-06-30": 0, "2019-03-31": "", "2018-12-31": 0, "2018-09-30": 0, "2018-06-30": 0, "2018-03-31": "", "2017-12-31": 0, "2017-09-30": 0, "2017-06-30": 0, "2017-03-31": "", "2016-12-31": -345, "2016-09-30": 345, "2016-06-30": 0, "2016-03-31": "", "2015-12-31": -140, "2015-09-30": 140, "2015-06-30": 0, "2015-03-31": "", "2014-12-31": -388, "2014-09-30": 388, "2014-06-30": 0, "2014-03-31": "", "2013-12-31": -349, "2013-09-30": 349, "2013-06-30": 0, "2013-03-31": "", "2012-12-31": -353, "2012-09-30": 353, "2012-06-30": 0, "2012-03-31": "", "2011-12-31": 0, "2011-09-30": 0, "2011-06-30": 0, "2011-03-31": "", "2010-12-31": 0, "2010-09-30": 0, "2010-06-30": 0, "2010-03-31": "", "2009-12-31": 0, "2009-09-30": 0, "2009-06-30": 0, "2009-03-31": "", "2008-12-31": 0, "2008-09-30": 0, "2008-06-30": 0, "2008-03-31": "", "2007-12-31": 0, "2007-09-30": 0, "2007-06-30": 0, "2007-03-31": "", "2006-12-31": 15, "2006-09-30": 0, "2006-06-30": 0, "2006-03-31": "", "2005-12-31": 0, "2005-09-30": 0, "2005-06-30": 0, "2005-03-31": ""}, "Net Change In Long-Term Investments": {"2020-12-31": 197, "2020-09-30": -226, "2020-06-30": -159, "2020-03-31": "188.00000", "2019-12-31": -71, "2019-09-30": 214, "2019-06-30": -101, "2019-03-31": "-2.00000", "2018-12-31": 68, "2018-09-30": -172, "2018-06-30": -46, "2018-03-31": "122.00000", "2017-12-31": 28, "2017-09-30": 50, "2017-06-30": 138, "2017-03-31": "20.00000", "2016-12-31": 353, "2016-09-30": -376, "2016-06-30": -76, "2016-03-31": "76.00000", "2015-12-31": 166, "2015-09-30": -228, "2015-06-30": -55, "2015-03-31": "-70.00000", "2014-12-31": 374, "2014-09-30": -334, "2014-06-30": -105, "2014-03-31": "146.00000", "2013-12-31": 499, "2013-09-30": -409, "2013-06-30": -11, "2013-03-31": "82.00000", "2012-12-31": 338, "2012-09-30": -468, "2012-06-30": 11, "2012-03-31": "15.00000", "2011-12-31": 13, "2011-09-30": 121, "2011-06-30": -49, "2011-03-31": "-61.00000", "2010-12-31": 33, "2010-09-30": 20, "2010-06-30": -375, "2010-03-31": "-62.00000", "2009-12-31": -51, "2009-09-30": 25, "2009-06-30": 0, "2009-03-31": "29.00000", "2008-12-31": 6, "2008-09-30": 3, "2008-06-30": 3, "2008-03-31": "316.00000", "2007-12-31": -27, "2007-09-30": -32, "2007-06-30": 145, "2007-03-31": "-8.00000", "2006-12-31": -256, "2006-09-30": 2, "2006-06-30": -43, "2006-03-31": "69.00000", "2005-12-31": -24, "2005-09-30": 30, "2005-06-30": 82, "2005-03-31": "-154.00000"}, "Net Change In Investments - Total": {"2020-12-31": 197, "2020-09-30": -226, "2020-06-30": -159, "2020-03-31": "188.00000", "2019-12-31": -71, "2019-09-30": 214, "2019-06-30": -101, "2019-03-31": "-2.00000", "2018-12-31": 68, "2018-09-30": -172, "2018-06-30": -46, "2018-03-31": "122.00000", "2017-12-31": 28, "2017-09-30": 50, "2017-06-30": 138, "2017-03-31": "20.00000", "2016-12-31": 8, "2016-09-30": -31, "2016-06-30": -76, "2016-03-31": "76.00000", "2015-12-31": 26, "2015-09-30": -88, "2015-06-30": -55, "2015-03-31": "-70.00000", "2014-12-31": -14, "2014-09-30": 54, "2014-06-30": -105, "2014-03-31": "146.00000", "2013-12-31": 150, "2013-09-30": -60, "2013-06-30": -11, "2013-03-31": "82.00000", "2012-12-31": -15, "2012-09-30": -115, "2012-06-30": 11, "2012-03-31": "15.00000", "2011-12-31": 13, "2011-09-30": 121, "2011-06-30": -49, "2011-03-31": "-61.00000", "2010-12-31": 33, "2010-09-30": 20, "2010-06-30": -375, "2010-03-31": "-62.00000", "2009-12-31": -51, "2009-09-30": 25, "2009-06-30": 0, "2009-03-31": "29.00000", "2008-12-31": 6, "2008-09-30": 3, "2008-06-30": 3, "2008-03-31": "316.00000", "2007-12-31": -27, "2007-09-30": -32, "2007-06-30": 145, "2007-03-31": "-8.00000", "2006-12-31": -241, "2006-09-30": 2, "2006-06-30": -43, "2006-03-31": "69.00000", "2005-12-31": -24, "2005-09-30": 30, "2005-06-30": 82, "2005-03-31": "-154.00000"}, "Investing Activities - Other": {"2020-12-31": -208, "2020-09-30": 208, "2020-06-30": 0, "2020-03-31": "", "2019-12-31": -2, "2019-09-30": -16, "2019-06-30": 8, "2019-03-31": "-3.00000", "2018-12-31": 3, "2018-09-30": -7, "2018-06-30": -3, "2018-03-31": "-8.00000", "2017-12-31": -5, "2017-09-30": -1, "2017-06-30": -5, "2017-03-31": "-2.00000", "2016-12-31": -11, "2016-09-30": 1, "2016-06-30": -2, "2016-03-31": "", "2015-12-31": -8, "2015-09-30": 1, "2015-06-30": 0, "2015-03-31": "1.00000", "2014-12-31": 8, "2014-09-30": -1, "2014-06-30": -1, "2014-03-31": "-2.00000", "2013-12-31": 4, "2013-09-30": -1, "2013-06-30": -2, "2013-03-31": "-1.00000", "2012-12-31": 6, "2012-09-30": 1, "2012-06-30": 13, "2012-03-31": "-2.00000", "2011-12-31": 2, "2011-09-30": 0, "2011-06-30": 0, "2011-03-31": "-1.00000", "2010-12-31": -1, "2010-09-30": 2, "2010-06-30": 0, "2010-03-31": "", "2009-12-31": -1, "2009-09-30": 0, "2009-06-30": 0, "2009-03-31": "-4.00000", "2008-12-31": 33, "2008-09-30": -3, "2008-06-30": -74, "2008-03-31": "15.00000", "2007-12-31": -2, "2007-09-30": 73, "2007-06-30": 6, "2007-03-31": "-2.00000", "2006-12-31": 12, "2006-09-30": -1, "2006-06-30": -7, "2006-03-31": "-1.00000", "2005-12-31": -80, "2005-09-30": -2, "2005-06-30": 0, "2005-03-31": "-4.00000"}, "Cash Flow From Investing Activities": {"2020-12-31": 585, "2020-09-30": -180, "2020-06-30": -226, "2020-03-31": "-179.00000", "2019-12-31": -552, "2019-09-30": -9, "2019-06-30": -399, "2019-03-31": "-169.00000", "2018-12-31": -382, "2018-09-30": -434, "2018-06-30": -252, "2018-03-31": "-89.00000", "2017-12-31": -384, "2017-09-30": -162, "2017-06-30": -166, "2017-03-31": "-267.00000", "2016-12-31": -416, "2016-09-30": -311, "2016-06-30": -229, "2016-03-31": "-90.00000", "2015-12-31": -371, "2015-09-30": -233, "2015-06-30": -293, "2015-03-31": "-237.00000", "2014-12-31": -266, "2014-09-30": -162, "2014-06-30": 95, "2014-03-31": "-46.00000", "2013-12-31": -136, "2013-09-30": -139, "2013-06-30": -199, "2013-03-31": "-2.00000", "2012-12-31": -419, "2012-09-30": -185, "2012-06-30": -92, "2012-03-31": "-171.00000", "2011-12-31": -157, "2011-09-30": -6, "2011-06-30": -154, "2011-03-31": "-185.00000", "2010-12-31": -37, "2010-09-30": -63, "2010-06-30": -484, "2010-03-31": "-112.00000", "2009-12-31": -136, "2009-09-30": -25, "2009-06-30": -150, "2009-03-31": "-146.00000", "2008-12-31": -20, "2008-09-30": -128, "2008-06-30": -156, "2008-03-31": "57.00000", "2007-12-31": -144, "2007-09-30": -149, "2007-06-30": -111, "2007-03-31": "-330.00000", "2006-12-31": -420, "2006-09-30": -223, "2006-06-30": -411, "2006-03-31": "-253.00000", "2005-12-31": -438, "2005-09-30": -282, "2005-06-30": -175, "2005-03-31": "-381.00000"}, "Net Long-Term Debt": {"2020-12-31": -2269, "2020-09-30": 929, "2020-06-30": 1442, "2020-03-31": "-102.00000", "2019-12-31": 698, "2019-09-30": 142, "2019-06-30": -49, "2019-03-31": "-133.00000", "2018-12-31": 103, "2018-09-30": 207, "2018-06-30": 213, "2018-03-31": "-58.00000", "2017-12-31": -56, "2017-09-30": -54, "2017-06-30": -34, "2017-03-31": "-50.00000", "2016-12-31": -220, "2016-09-30": -61, "2016-06-30": -36, "2016-03-31": "-51.00000", "2015-12-31": -164, "2015-09-30": 14, "2015-06-30": -123, "2015-03-31": "-55.00000", "2014-12-31": -54, "2014-09-30": -26, "2014-06-30": -291, "2014-03-31": "11.00000", "2013-12-31": -203, "2013-09-30": 20, "2013-06-30": -8, "2013-03-31": "-28.00000", "2012-12-31": -23, "2012-09-30": -22, "2012-06-30": -111, "2012-03-31": "-47.00000", "2011-12-31": -10, "2011-09-30": -32, "2011-06-30": 5, "2011-03-31": "44.00000", "2010-12-31": -31, "2010-09-30": -13, "2010-06-30": 21, "2010-03-31": "-194.00000", "2009-12-31": -50, "2009-09-30": -53, "2009-06-30": 252, "2009-03-31": "117.00000", "2008-12-31": -48, "2008-09-30": -175, "2008-06-30": 197, "2008-03-31": "69.00000", "2007-12-31": -71, "2007-09-30": 0, "2007-06-30": 72, "2007-03-31": "110.00000", "2006-12-31": 252, "2006-09-30": 18, "2006-06-30": 142, "2006-03-31": "53.00000", "2005-12-31": 112, "2005-09-30": 177, "2005-06-30": 102, "2005-03-31": "364.00000"}, "Net Current Debt": {"2020-12-31": 19, "2020-09-30": -997, "2020-06-30": -5, "2020-03-31": "983.00000", "2019-12-31": 0, "2019-09-30": 0, "2019-06-30": 0, "2019-03-31": "", "2018-12-31": 0, "2018-09-30": 0, "2018-06-30": 0, "2018-03-31": "", "2017-12-31": 0, "2017-09-30": 0, "2017-06-30": 0, "2017-03-31": "", "2016-12-31": 0, "2016-09-30": 0, "2016-06-30": 0, "2016-03-31": "", "2015-12-31": 0, "2015-09-30": 0, "2015-06-30": 0, "2015-03-31": "", "2014-12-31": 0, "2014-09-30": 0, "2014-06-30": 0, "2014-03-31": "", "2013-12-31": 0, "2013-09-30": 0, "2013-06-30": 0, "2013-03-31": "", "2012-12-31": -52, "2012-09-30": 52, "2012-06-30": 0, "2012-03-31": "-88.00000", "2011-12-31": 88, "2011-09-30": 0, "2011-06-30": 0, "2011-03-31": "", "2010-12-31": 0, "2010-09-30": -39, "2010-06-30": -24, "2010-03-31": "7.00000", "2009-12-31": -10, "2009-09-30": 0, "2009-06-30": -69, "2009-03-31": "-38.00000", "2008-12-31": 151, "2008-09-30": -10, "2008-06-30": 7, "2008-03-31": "-20.00000", "2007-12-31": 10, "2007-09-30": 11, "2007-06-30": -5, "2007-03-31": "-12.00000", "2006-12-31": -13, "2006-09-30": -10, "2006-06-30": -6, "2006-03-31": "3.00000", "2005-12-31": 19, "2005-09-30": 25, "2005-06-30": -11, "2005-03-31": "-12.00000"}, "Debt Issuance/Retirement Net - Total": {"2020-12-31": -2250, "2020-09-30": -68, "2020-06-30": 1437, "2020-03-31": "881.00000", "2019-12-31": 698, "2019-09-30": 142, "2019-06-30": -49, "2019-03-31": "-133.00000", "2018-12-31": 103, "2018-09-30": 207, "2018-06-30": 213, "2018-03-31": "-58.00000", "2017-12-31": -56, "2017-09-30": -54, "2017-06-30": -34, "2017-03-31": "-50.00000", "2016-12-31": -220, "2016-09-30": -61, "2016-06-30": -36, "2016-03-31": "-51.00000", "2015-12-31": -164, "2015-09-30": 14, "2015-06-30": -123, "2015-03-31": "-55.00000", "2014-12-31": -54, "2014-09-30": -26, "2014-06-30": -291, "2014-03-31": "11.00000", "2013-12-31": -203, "2013-09-30": 20, "2013-06-30": -8, "2013-03-31": "-28.00000", "2012-12-31": -75, "2012-09-30": 30, "2012-06-30": -111, "2012-03-31": "-135.00000", "2011-12-31": 78, "2011-09-30": -32, "2011-06-30": 5, "2011-03-31": "44.00000", "2010-12-31": -31, "2010-09-30": -52, "2010-06-30": -3, "2010-03-31": "-187.00000", "2009-12-31": -60, "2009-09-30": -53, "2009-06-30": 183, "2009-03-31": "79.00000", "2008-12-31": 103, "2008-09-30": -185, "2008-06-30": 204, "2008-03-31": "49.00000", "2007-12-31": -61, "2007-09-30": 11, "2007-06-30": 67, "2007-03-31": "98.00000", "2006-12-31": 239, "2006-09-30": 8, "2006-06-30": 136, "2006-03-31": "56.00000", "2005-12-31": 131, "2005-09-30": 202, "2005-06-30": 91, "2005-03-31": "352.00000"}, "Net Common Equity Issued/Repurchased": {"2020-12-31": 117, "2020-09-30": 10, "2020-06-30": 39, "2020-03-31": "-166.00000", "2019-12-31": -137, "2019-09-30": -125, "2019-06-30": -99, "2019-03-31": "-130.00000", "2018-12-31": 23, "2018-09-30": -124, "2018-06-30": -102, "2018-03-31": "-131.00000", "2017-12-31": 20, "2017-09-30": -130, "2017-06-30": -125, "2017-03-31": "-107.00000", "2016-12-31": -101, "2016-09-30": 1, "2016-06-30": 22, "2016-03-31": "-11.00000", "2015-12-31": 7, "2015-09-30": -58, "2015-06-30": -136, "2015-03-31": "30.00000", "2014-12-31": 28, "2014-09-30": 4, "2014-06-30": -73, "2014-03-31": "", "2013-12-31": 6, "2013-09-30": 0, "2013-06-30": -4, "2013-03-31": "", "2012-12-31": -23, "2012-09-30": 0, "2012-06-30": 4, "2012-03-31": "2.00000", "2011-12-31": 5, "2011-09-30": 0, "2011-06-30": 5, "2011-03-31": "", "2010-12-31": 4, "2010-09-30": 0, "2010-06-30": 4, "2010-03-31": "1.00000", "2009-12-31": 4, "2009-09-30": 0, "2009-06-30": 116, "2009-03-31": "", "2008-12-31": 3, "2008-09-30": 1, "2008-06-30": 6, "2008-03-31": "310.00000", "2007-12-31": 10, "2007-09-30": 0, "2007-06-30": 10, "2007-03-31": "6.00000", "2006-12-31": 15, "2006-09-30": 1, "2006-06-30": 10, "2006-03-31": "2.00000", "2005-12-31": 167, "2005-09-30": 1, "2005-06-30": 9, "2005-03-31": "1.00000"}, "Net Total Equity Issued/Repurchased": {"2020-12-31": 117, "2020-09-30": 10, "2020-06-30": 39, "2020-03-31": "-166.00000", "2019-12-31": -137, "2019-09-30": -125, "2019-06-30": -99, "2019-03-31": "-130.00000", "2018-12-31": 23, "2018-09-30": -124, "2018-06-30": -102, "2018-03-31": "-131.00000", "2017-12-31": 20, "2017-09-30": -130, "2017-06-30": -125, "2017-03-31": "-107.00000", "2016-12-31": -101, "2016-09-30": 1, "2016-06-30": 22, "2016-03-31": "-11.00000", "2015-12-31": 7, "2015-09-30": -58, "2015-06-30": -136, "2015-03-31": "30.00000", "2014-12-31": 28, "2014-09-30": 4, "2014-06-30": -73, "2014-03-31": "", "2013-12-31": 6, "2013-09-30": 0, "2013-06-30": -4, "2013-03-31": "", "2012-12-31": -23, "2012-09-30": 0, "2012-06-30": 4, "2012-03-31": "2.00000", "2011-12-31": 5, "2011-09-30": 0, "2011-06-30": 5, "2011-03-31": "", "2010-12-31": 4, "2010-09-30": 0, "2010-06-30": 4, "2010-03-31": "1.00000", "2009-12-31": 4, "2009-09-30": 0, "2009-06-30": 116, "2009-03-31": "", "2008-12-31": 3, "2008-09-30": 1, "2008-06-30": 6, "2008-03-31": "310.00000", "2007-12-31": 10, "2007-09-30": 0, "2007-06-30": 10, "2007-03-31": "6.00000", "2006-12-31": 15, "2006-09-30": 1, "2006-06-30": 10, "2006-03-31": "2.00000", "2005-12-31": 167, "2005-09-30": 1, "2005-06-30": 9, "2005-03-31": "1.00000"}, "Total Common And Preferred Stock Dividends Paid": {"2020-12-31": 0, "2020-09-30": 0, "2020-06-30": 0, "2020-03-31": "", "2019-12-31": 0, "2019-09-30": 0, "2019-06-30": 0, "2019-03-31": "", "2018-12-31": 0, "2018-09-30": 0, "2018-06-30": 0, "2018-03-31": "", "2017-12-31": 0, "2017-09-30": 0, "2017-06-30": 0, "2017-03-31": "", "2016-12-31": 0, "2016-09-30": 0, "2016-06-30": 0, "2016-03-31": "", "2015-12-31": 0, "2015-09-30": 0, "2015-06-30": 0, "2015-03-31": "", "2014-12-31": 0, "2014-09-30": 0, "2014-06-30": 0, "2014-03-31": "", "2013-12-31": 0, "2013-09-30": 0, "2013-06-30": 0, "2013-03-31": "", "2012-12-31": 0, "2012-09-30": 0, "2012-06-30": 0, "2012-03-31": "", "2011-12-31": 0, "2011-09-30": 0, "2011-06-30": 0, "2011-03-31": "", "2010-12-31": 0, "2010-09-30": 0, "2010-06-30": 0, "2010-03-31": "", "2009-12-31": 0, "2009-09-30": 0, "2009-06-30": 0, "2009-03-31": "", "2008-12-31": 0, "2008-09-30": 0, "2008-06-30": 0, "2008-03-31": "", "2007-12-31": 0, "2007-09-30": 0, "2007-06-30": 0, "2007-03-31": "", "2006-12-31": 0, "2006-09-30": 0, "2006-06-30": 0, "2006-03-31": "", "2005-12-31": 0, "2005-09-30": 0, "2005-06-30": 0, "2005-03-31": ""}, "Financial Activities - Other": {"2020-12-31": -236, "2020-09-30": 118, "2020-06-30": 119, "2020-03-31": "-1.00000", "2019-12-31": 1, "2019-09-30": -3, "2019-06-30": 0, "2019-03-31": "", "2018-12-31": 0, "2018-09-30": 0, "2018-06-30": 0, "2018-03-31": "", "2017-12-31": 12, "2017-09-30": -4, "2017-06-30": -4, "2017-03-31": "-4.00000", "2016-12-31": -19, "2016-09-30": -1, "2016-06-30": -1, "2016-03-31": "6.00000", "2015-12-31": -2, "2015-09-30": -5, "2015-06-30": 13, "2015-03-31": "-8.00000", "2014-12-31": -4, "2014-09-30": -4, "2014-06-30": 3, "2014-03-31": "-11.00000", "2013-12-31": -8, "2013-09-30": -4, "2013-06-30": 1, "2013-03-31": "-11.00000", "2012-12-31": 0, "2012-09-30": -6, "2012-06-30": 1, "2012-03-31": "-9.00000", "2011-12-31": 1, "2011-09-30": 1, "2011-06-30": -6, "2011-03-31": "-5.00000", "2010-12-31": -2, "2010-09-30": 2, "2010-06-30": 4, "2010-03-31": "2.00000", "2009-12-31": 8, "2009-09-30": 17, "2009-06-30": -4, "2009-03-31": "16.00000", "2008-12-31": 36, "2008-09-30": 27, "2008-06-30": 23, "2008-03-31": "58.00000", "2007-12-31": 79, "2007-09-30": 107, "2007-06-30": 104, "2007-03-31": "125.00000", "2006-12-31": 103, "2006-09-30": 136, "2006-06-30": 227, "2006-03-31": "104.00000", "2005-12-31": 97, "2005-09-30": 49, "2005-06-30": 0, "2005-03-31": "-7.00000"}, "Cash Flow From Financial Activities": {"2020-12-31": -2369, "2020-09-30": 60, "2020-06-30": 1595, "2020-03-31": "714.00000", "2019-12-31": 562, "2019-09-30": 14, "2019-06-30": -148, "2019-03-31": "-263.00000", "2018-12-31": 126, "2018-09-30": 83, "2018-06-30": 111, "2018-03-31": "-189.00000", "2017-12-31": -24, "2017-09-30": -188, "2017-06-30": -163, "2017-03-31": "-161.00000", "2016-12-31": -340, "2016-09-30": -61, "2016-06-30": -15, "2016-03-31": "-56.00000", "2015-12-31": -159, "2015-09-30": -49, "2015-06-30": -246, "2015-03-31": "-33.00000", "2014-12-31": -30, "2014-09-30": -26, "2014-06-30": -361, "2014-03-31": "", "2013-12-31": -205, "2013-09-30": 16, "2013-06-30": -11, "2013-03-31": "-39.00000", "2012-12-31": -98, "2012-09-30": 24, "2012-06-30": -106, "2012-03-31": "-142.00000", "2011-12-31": 84, "2011-09-30": -31, "2011-06-30": 4, "2011-03-31": "39.00000", "2010-12-31": -29, "2010-09-30": -50, "2010-06-30": 5, "2010-03-31": "-184.00000", "2009-12-31": -48, "2009-09-30": -36, "2009-06-30": 295, "2009-03-31": "95.00000", "2008-12-31": 142, "2008-09-30": -157, "2008-06-30": 233, "2008-03-31": "417.00000", "2007-12-31": 28, "2007-09-30": 118, "2007-06-30": 181, "2007-03-31": "229.00000", "2006-12-31": 357, "2006-09-30": 145, "2006-06-30": 373, "2006-03-31": "162.00000", "2005-12-31": 395, "2005-09-30": 252, "2005-06-30": 100, "2005-03-31": "346.00000"}, "Net Cash Flow": {"2020-12-31": -1561, "2020-09-30": -566, "2020-06-30": 1468, "2020-03-31": "659.00000", "2019-12-31": 261, "2019-09-30": 235, "2019-06-30": 1, "2019-03-31": "-12.00000", "2018-12-31": 20, "2018-09-30": -149, "2018-06-30": 91, "2018-03-31": "212.00000", "2017-12-31": -95, "2017-09-30": -156, "2017-06-30": 111, "2017-03-31": "4.00000", "2016-12-31": -441, "2016-09-30": -62, "2016-06-30": 178, "2016-03-31": "439.00000", "2015-12-31": -226, "2015-09-30": 122, "2015-06-30": -177, "2015-03-31": "258.00000", "2014-12-31": -108, "2014-09-30": -5, "2014-06-30": -47, "2014-03-31": "276.00000", "2013-12-31": -148, "2013-09-30": 40, "2013-06-30": -13, "2013-03-31": "164.00000", "2012-12-31": -360, "2012-09-30": -110, "2012-06-30": 0, "2012-03-31": "-21.00000", "2011-12-31": 41, "2011-09-30": 57, "2011-06-30": 25, "2011-03-31": "85.00000", "2010-12-31": -33, "2010-09-30": 21, "2010-06-30": -352, "2010-03-31": "-67.00000", "2009-12-31": -55, "2009-09-30": 71, "2009-06-30": 246, "2009-03-31": "73.00000", "2008-12-31": -4, "2008-09-30": -281, "2008-06-30": 133, "2008-03-31": "523.00000", "2007-12-31": -45, "2007-09-30": 37, "2007-06-30": 142, "2007-03-31": "46.00000", "2006-12-31": 2, "2006-09-30": 2, "2006-06-30": 4, "2006-03-31": "-4.00000", "2005-12-31": -19, "2005-09-30": -32, "2005-06-30": 2, "2005-03-31": "36.00000"}, "Stock-Based Compensation": {"2020-12-31": -20, "2020-09-30": 5, "2020-06-30": 6, "2020-03-31": "9.00000", "2019-12-31": 7, "2019-09-30": 7, "2019-06-30": 8, "2019-03-31": "9.00000", "2018-12-31": 8, "2018-09-30": 6, "2018-06-30": 7, "2018-03-31": "7.00000", "2017-12-31": 7, "2017-09-30": 6, "2017-06-30": 7, "2017-03-31": "9.00000", "2016-12-31": 5, "2016-09-30": 5, "2016-06-30": 6, "2016-03-31": "7.00000", "2015-12-31": 5, "2015-09-30": 5, "2015-06-30": 5, "2015-03-31": "5.00000", "2014-12-31": 4, "2014-09-30": 4, "2014-06-30": 5, "2014-03-31": "7.00000", "2013-12-31": 4, "2013-09-30": 4, "2013-06-30": 3, "2013-03-31": "3.00000", "2012-12-31": 3, "2012-09-30": 3, "2012-06-30": 4, "2012-03-31": "3.00000", "2011-12-31": 3, "2011-09-30": 3, "2011-06-30": 3, "2011-03-31": "4.00000", "2010-12-31": 4, "2010-09-30": 5, "2010-06-30": 4, "2010-03-31": "4.00000", "2009-12-31": 4, "2009-09-30": 4, "2009-06-30": 4, "2009-03-31": "4.00000", "2008-12-31": 3, "2008-09-30": 7, "2008-06-30": 2, "2008-03-31": "4.00000", "2007-12-31": 2, "2007-09-30": 5, "2007-06-30": 4, "2007-03-31": "4.00000", "2006-12-31": 5, "2006-09-30": 5, "2006-06-30": 6, "2006-03-31": "5.00000", "2005-12-31": 8, "2005-09-30": 0, "2005-06-30": 1, "2005-03-31": ""}, "Common Stock Dividends Paid": {"2020-12-31": 0, "2020-09-30": 0, "2020-06-30": 0, "2020-03-31": "", "2019-12-31": 0, "2019-09-30": 0, "2019-06-30": 0, "2019-03-31": "", "2018-12-31": 0, "2018-09-30": 0, "2018-06-30": 0, "2018-03-31": "", "2017-12-31": 0, "2017-09-30": 0, "2017-06-30": 0, "2017-03-31": "", "2016-12-31": 0, "2016-09-30": 0, "2016-06-30": 0, "2016-03-31": "", "2015-12-31": 0, "2015-09-30": 0, "2015-06-30": 0, "2015-03-31": "", "2014-12-31": 0, "2014-09-30": 0, "2014-06-30": 0, "2014-03-31": "", "2013-12-31": 0, "2013-09-30": 0, "2013-06-30": 0, "2013-03-31": "", "2012-12-31": 0, "2012-09-30": 0, "2012-06-30": 0, "2012-03-31": "", "2011-12-31": 0, "2011-09-30": 0, "2011-06-30": 0, "2011-03-31": "", "2010-12-31": 0, "2010-09-30": 0, "2010-06-30": 0, "2010-03-31": "", "2009-12-31": 0, "2009-09-30": 0, "2009-06-30": 0, "2009-03-31": "", "2008-12-31": 0, "2008-09-30": 0, "2008-06-30": 0, "2008-03-31": "", "2007-12-31": 0, "2007-09-30": 0, "2007-06-30": 0, "2007-03-31": "", "2006-12-31": 0, "2006-09-30": 0, "2006-06-30": 0, "2006-03-31": "", "2005-12-31": 0, "2005-09-30": 0, "2005-06-30": 0, "2005-03-31": ""}}, "financial ratios": {"Current Ratio": {"2019-12-31": "0.67070", "2018-12-31": "0.54970", "2017-12-31": "0.56200", "2016-12-31": "0.63370", "2015-12-31": "0.60350", "2014-12-31": "0.61980", "2013-12-31": "0.56350", "2012-12-31": "0.68410", "2011-12-31": "1.15300", "2010-12-31": "1.24430", "2009-12-31": "1.32580", "2008-12-31": "0.88990", "2007-12-31": "0.88850", "2006-12-31": "1.08550", "2005-12-31": "0.93930"}, "Long-term Debt / Capital": {"2019-12-31": "0.29310", "2018-12-31": "0.22510", "2017-12-31": "0.17490", "2016-12-31": "0.22950", "2015-12-31": "0.30050", "2014-12-31": "0.43760", "2013-12-31": "0.49790", "2012-12-31": "0.56550", "2011-12-31": "0.61860", "2010-12-31": "0.63280", "2009-12-31": "0.65380", "2008-12-31": "0.69410", "2007-12-31": "0.71410", "2006-12-31": "0.73390", "2005-12-31": "0.69770"}, "Debt/Equity Ratio": {"2019-12-31": "0.48640", "2018-12-31": "0.35650", "2017-12-31": "0.25340", "2016-12-31": "0.34490", "2015-12-31": "0.56920", "2014-12-31": "0.88300", "2013-12-31": "1.21130", "2012-12-31": "1.51010", "2011-12-31": "1.78490", "2010-12-31": "1.83370", "2009-12-31": "2.13710", "2008-12-31": "2.48340", "2007-12-31": "2.94210", "2006-12-31": "2.98320", "2005-12-31": "2.55320"}, "Gross Margin": {"2019-12-31": "62.45370", "2018-12-31": "59.65000", "2017-12-31": "63.99030", "2016-12-31": "68.04380", "2015-12-31": "64.12100", "2014-12-31": "52.29500", "2013-12-31": "49.20050", "2012-12-31": "48.79570", "2011-12-31": "49.57820", "2010-12-31": "56.57580", "2009-12-31": "56.47020", "2008-12-31": "45.40090", "2007-12-31": "51.51300", "2006-12-31": "53.44900", "2005-12-31": "56.61380"}, "Operating Margin": {"2019-12-31": "9.88390", "2018-12-31": "3.47350", "2017-12-31": "13.87620", "2016-12-31": "19.13730", "2015-12-31": "18.95260", "2014-12-31": "8.85340", "2013-12-31": "7.86620", "2012-12-31": "7.54720", "2011-12-31": "7.14920", "2010-12-31": "8.81190", "2009-12-31": "8.65740", "2008-12-31": "3.33140", "2007-12-31": "5.94650", "2006-12-31": "5.37450", "2005-12-31": "2.82190"}, "EBIT Margin": {"2019-12-31": "9.88390", "2018-12-31": "3.47350", "2017-12-31": "13.87620", "2016-12-31": "19.13730", "2015-12-31": "18.95260", "2014-12-31": "8.85340", "2013-12-31": "7.86620", "2012-12-31": "7.54720", "2011-12-31": "7.14920", "2010-12-31": "8.81190", "2009-12-31": "8.65740", "2008-12-31": "3.33140", "2007-12-31": "5.94650", "2006-12-31": "5.37450", "2005-12-31": "2.82190"}, "EBITDA Margin": {"2019-12-31": "16.37020", "2018-12-31": "9.59780", "2017-12-31": "19.92300", "2016-12-31": "25.10630", "2015-12-31": "24.32980", "2014-12-31": "14.44040", "2013-12-31": "13.49020", "2012-12-31": "12.94660", "2011-12-31": "12.63320", "2010-12-31": "14.89810", "2009-12-31": "15.76550", "2008-12-31": "9.52240", "2007-12-31": "12.28010", "2006-12-31": "11.89170", "2005-12-31": "9.70020"}, "Pre-Tax Profit Margin": {"2019-12-31": "9.48850", "2018-12-31": "2.85980", "2017-12-31": "13.09180", "2016-12-31": "17.67920", "2015-12-31": "17.09790", "2014-12-31": "10.71000", "2013-12-31": "5.12770", "2012-12-31": "4.19510", "2011-12-31": "3.21940", "2010-12-31": "4.26040", "2009-12-31": "3.15920", "2008-12-31": "-2.62380", "2007-12-31": "1.09080", "2006-12-31": "0.38090", "2005-12-31": "-1.41090"}, "Net Profit Margin": {"2019-12-31": "7.02990", "2018-12-31": "2.46800", "2017-12-31": "16.25780", "2016-12-31": "11.04190", "2015-12-31": "10.55180", "2014-12-31": "6.89360", "2013-12-31": "3.08770", "2012-12-31": "2.56920", "2011-12-31": "1.90940", "2010-12-31": "2.56680", "2009-12-31": "1.85300", "2008-12-31": "-2.47640", "2007-12-31": "0.42220", "2006-12-31": "-0.04230", "2005-12-31": "-1.17580"}, "Asset Turnover": {"2019-12-31": "0.67910", "2018-12-31": "0.69880", "2017-12-31": "0.71690", "2016-12-31": "0.70620", "2015-12-31": "0.74220", "2014-12-31": "0.74210", "2013-12-31": "0.74030", "2012-12-31": "0.70470", "2011-12-31": "0.63700", "2010-12-31": "0.57320", "2009-12-31": "0.50270", "2008-12-31": "0.56350", "2007-12-31": "0.50770", "2006-12-31": "0.48790", "2005-12-31": "0.43710"}, "Inventory Turnover Ratio": {"2019-12-31": "37.51850", "2018-12-31": "39.61540", "2017-12-31": "45.90910", "2016-12-31": "44.76600", "2015-12-31": "52.31820", "2014-12-31": "60.32610", "2013-12-31": "57.58330", "2012-12-31": "70.86110", "2011-12-31": "45.42000", "2010-12-31": "33.48980", "2009-12-31": "35.82500", "2008-12-31": "61.73330", "2007-12-31": "53.00000", "2006-12-31": "40.74070", "2005-12-31": "35.14290"}, "Receiveable Turnover": {"2019-12-31": "35.03900", "2018-12-31": "36.29380", "2017-12-31": "28.62040", "2016-12-31": "38.27910", "2015-12-31": "47.17650", "2014-12-31": "42.77210", "2013-12-31": "42.17830", "2012-12-31": "47.00000", "2011-12-31": "44.59410", "2010-12-31": "44.98810", "2009-12-31": "40.64200", "2008-12-31": "39.44190", "2007-12-31": "30.89130", "2006-12-31": "30.68830", "2005-12-31": "18.09580"}, "Days Sales In Receivables": {"2019-12-31": "10.41700", "2018-12-31": "10.05680", "2017-12-31": "12.75310", "2016-12-31": "9.53520", "2015-12-31": "7.73690", "2014-12-31": "8.53360", "2013-12-31": "8.65370", "2012-12-31": "7.76600", "2011-12-31": "8.18490", "2010-12-31": "8.11330", "2009-12-31": "8.98090", "2008-12-31": "9.25410", "2007-12-31": "11.81560", "2006-12-31": "11.89380", "2005-12-31": "20.17050"}, "ROE - Return On Equity": {"2019-12-31": "11.85660", "2018-12-31": "4.03420", "2017-12-31": "24.09130", "2016-12-31": "18.11610", "2015-12-31": "21.09030", "2014-12-31": "15.85610", "2013-12-31": "7.87250", "2012-12-31": "6.77970", "2011-12-31": "4.89470", "2010-12-31": "5.86460", "2009-12-31": "3.94570", "2008-12-31": "-6.63510", "2007-12-31": "1.15830", "2006-12-31": "-0.10500", "2005-12-31": "-2.19540"}, "Return On Tangible Equity": {"2019-12-31": "11.85660", "2018-12-31": "4.03420", "2017-12-31": "24.09130", "2016-12-31": "18.11610", "2015-12-31": "21.09030", "2014-12-31": "15.85610", "2013-12-31": "7.87250", "2012-12-31": "6.77970", "2011-12-31": "4.89470", "2010-12-31": "5.86460", "2009-12-31": "3.94570", "2008-12-31": "-6.63510", "2007-12-31": "1.18230", "2006-12-31": "-0.10870", "2005-12-31": "-2.30410"}, "ROA - Return On Assets": {"2019-12-31": "4.77430", "2018-12-31": "1.72460", "2017-12-31": "11.65530", "2016-12-31": "7.79790", "2015-12-31": "7.83200", "2014-12-31": "5.11540", "2013-12-31": "2.28570", "2012-12-31": "1.81050", "2011-12-31": "1.21620", "2010-12-31": "1.47130", "2009-12-31": "0.93140", "2008-12-31": "-1.39530", "2007-12-31": "0.21440", "2006-12-31": "-0.02060", "2005-12-31": "-0.51390"}, "ROI - Return On Investment": {"2019-12-31": "8.38120", "2018-12-31": "3.12600", "2017-12-31": "19.87790", "2016-12-31": "13.95930", "2015-12-31": "14.75270", "2014-12-31": "8.91710", "2013-12-31": "3.95290", "2012-12-31": "2.94590", "2011-12-31": "1.86670", "2010-12-31": "2.15360", "2009-12-31": "1.36590", "2008-12-31": "-2.03000", "2007-12-31": "0.33110", "2006-12-31": "-0.02790", "2005-12-31": "-0.66360"}, "Book Value Per Share": {"2019-12-31": "17.01770", "2018-12-31": "15.31050", "2017-12-31": "14.74140", "2016-12-31": "11.90800", "2015-12-31": "9.96890", "2014-12-31": "8.15810", "2013-12-31": "7.21950", "2012-12-31": "6.71870", "2011-12-31": "6.23540", "2010-12-31": "5.61270", "2009-12-31": "5.30380", "2008-12-31": "4.65850", "2007-12-31": "5.70510", "2006-12-31": "5.36010", "2005-12-31": "5.27740"}, "Operating Cash Flow Per Share": {"2019-12-31": 1.0403, "2018-12-31": -0.3581, "2017-12-31": -0.5954, "2016-12-31": 0.1345, "2015-12-31": 1.978, "2014-12-31": 0.4499, "2013-12-31": 0.1782, "2012-12-31": 0.2563, "2011-12-31": 0.2632, "2010-12-31": 0.0454, "2009-12-31": 1.5387, "2008-12-31": -2.018, "2007-12-31": 0.3782, "2006-12-31": 0.5015, "2005-12-31": 1.0632}, "Free Cash Flow Per Share": {"2019-12-31": 0.7085, "2018-12-31": -0.2623, "2017-12-31": -1.279, "2016-12-31": -0.0908, "2015-12-31": 1.7453, "2014-12-31": -0.1921, "2013-12-31": 0.5935, "2012-12-31": -0.4923, "2011-12-31": -0.3548, "2010-12-31": 0.5125, "2009-12-31": 2.5817, "2008-12-31": 0.3826, "2007-12-31": 1.8289, "2006-12-31": 1.1167, "2005-12-31": -5.8165}}, "financial ratios, quarterly": {"Current Ratio": {"2020-09-30": "1.23040", "2020-06-30": "0.94780", "2020-03-31": "0.60570", "2019-12-31": "0.67070", "2019-09-30": "0.52920", "2019-06-30": "0.50850", "2019-03-31": "0.53350", "2018-12-31": "0.54970", "2018-09-30": "0.59990", "2018-06-30": "0.59130", "2018-03-31": "0.52550", "2017-12-31": "0.56200", "2017-09-30": "0.56270", "2017-06-30": "0.58010", "2017-03-31": "0.60650", "2016-12-31": "0.63370", "2016-09-30": "0.80160", "2016-06-30": "0.79530", "2016-03-31": "0.71710", "2015-12-31": "0.60350", "2015-09-30": "0.73080", "2015-06-30": "0.64270", "2015-03-31": "0.68590", "2014-12-31": "0.61980", "2014-09-30": "0.63450", "2014-06-30": "0.65410", "2014-03-31": "0.68660", "2013-12-31": "0.56350", "2013-09-30": "0.67980", "2013-06-30": "0.62440", "2013-03-31": "0.65550", "2012-12-31": "0.68410", "2012-09-30": "0.97510", "2012-06-30": "1.02980", "2012-03-31": "1.12510", "2011-12-31": "1.15300", "2011-09-30": "1.24380", "2011-06-30": "1.19240", "2011-03-31": "1.21870", "2010-12-31": "1.24430", "2010-09-30": "1.16520", "2010-06-30": "1.14200", "2010-03-31": "1.22440", "2009-12-31": "1.32580", "2009-09-30": "1.26730", "2009-06-30": "1.11790", "2009-03-31": "0.96690", "2008-12-31": "0.88990", "2008-09-30": "0.87940", "2008-06-30": "0.97940", "2008-03-31": "0.83980", "2007-12-31": "0.88850", "2007-09-30": "0.90360", "2007-06-30": "1.04580", "2007-03-31": "0.97660", "2006-12-31": "1.08550", "2006-09-30": "0.71510", "2006-06-30": "0.73750", "2006-03-31": "0.76660", "2005-12-31": "0.93930", "2005-09-30": "0.99130", "2005-06-30": "1.14650", "2005-03-31": "1.32710"}, "Long-term Debt / Capital": {"2020-09-30": "0.54430", "2020-06-30": "0.45590", "2020-03-31": "0.30410", "2019-12-31": "0.29310", "2019-09-30": "0.21700", "2019-06-30": "0.20580", "2019-03-31": "0.21620", "2018-12-31": "0.22510", "2018-09-30": "0.22620", "2018-06-30": "0.20110", "2018-03-31": "0.16010", "2017-12-31": "0.17490", "2017-09-30": "0.19940", "2017-06-30": "0.20880", "2017-03-31": "0.22210", "2016-12-31": "0.22950", "2016-09-30": "0.24530", "2016-06-30": "0.26290", "2016-03-31": "0.28070", "2015-12-31": "0.30050", "2015-09-30": "0.36630", "2015-06-30": "0.39230", "2015-03-31": "0.41440", "2014-12-31": "0.43760", "2014-09-30": "0.46670", "2014-06-30": "0.47660", "2014-03-31": "0.52190", "2013-12-31": "0.49790", "2013-09-30": "0.52230", "2013-06-30": "0.52940", "2013-03-31": "0.54270", "2012-12-31": "0.56550", "2012-09-30": "0.57770", "2012-06-30": "0.58790", "2012-03-31": "0.60840", "2011-12-31": "0.61860", "2011-09-30": "0.62660", "2011-06-30": "0.63120", "2011-03-31": "0.63280", "2010-12-31": "0.63280", "2010-09-30": "0.63960", "2010-06-30": "0.65050", "2010-03-31": "0.65260", "2009-12-31": "0.65380", "2009-09-30": "0.66290", "2009-06-30": "0.67360", "2009-03-31": "0.69430", "2008-12-31": "0.69410", "2008-09-30": "0.69570", "2008-06-30": "0.68060", "2008-03-31": "0.66990", "2007-12-31": "0.71410", "2007-09-30": "0.71660", "2007-06-30": "0.73510", "2007-03-31": "0.73660", "2006-12-31": "0.73390", "2006-09-30": "0.71830", "2006-06-30": "0.71360", "2006-03-31": "0.70790", "2005-12-31": "0.69770", "2005-09-30": "0.71750", "2005-06-30": "0.70040", "2005-03-31": "0.69360"}, "Debt/Equity Ratio": {"2020-09-30": "1.30190", "2020-06-30": "1.16660", "2020-03-31": "0.73680", "2019-12-31": "0.48640", "2019-09-30": "0.34340", "2019-06-30": "0.31760", "2019-03-31": "0.33410", "2018-12-31": "0.35650", "2018-09-30": "0.35520", "2018-06-30": "0.30310", "2018-03-31": "0.24330", "2017-12-31": "0.25340", "2017-09-30": "0.30320", "2017-06-30": "0.31990", "2017-03-31": "0.33490", "2016-12-31": "0.34490", "2016-09-30": "0.43920", "2016-06-30": "0.57270", "2016-03-31": "0.52140", "2015-12-31": "0.56920", "2015-09-30": "0.65690", "2015-06-30": "0.72750", "2015-03-31": "0.80510", "2014-12-31": "0.88300", "2014-09-30": "0.98990", "2014-06-30": "1.03070", "2014-03-31": "1.23550", "2013-12-31": "1.21130", "2013-09-30": "1.40830", "2013-06-30": "1.45960", "2013-03-31": "1.48970", "2012-12-31": "1.51010", "2012-09-30": "1.53600", "2012-06-30": "1.57140", "2012-03-31": "1.66740", "2011-12-31": "1.78490", "2011-09-30": "1.79090", "2011-06-30": "1.82430", "2011-03-31": "1.83540", "2010-12-31": "1.83370", "2010-09-30": "1.88790", "2010-06-30": "2.00260", "2010-03-31": "2.03320", "2009-12-31": "2.13710", "2009-09-30": "2.22500", "2009-06-30": "2.29650", "2009-03-31": "2.45730", "2008-12-31": "2.48340", "2008-09-30": "2.44730", "2008-06-30": "2.42020", "2008-03-31": "2.33030", "2007-12-31": "2.94210", "2007-09-30": "2.94630", "2007-06-30": "3.02620", "2007-03-31": "3.06040", "2006-12-31": "2.98320", "2006-09-30": "2.79170", "2006-06-30": "2.74290", "2006-03-31": "2.67940", "2005-12-31": "2.55320", "2005-09-30": "2.78360", "2005-06-30": "2.51960", "2005-03-31": "2.45800"}, "Gross Margin": {"2020-09-30": "34.95940", "2020-06-30": "16.27910", "2020-03-31": "58.56420", "2019-12-31": "64.12400", "2019-09-30": "62.60790", "2019-06-30": "62.09030", "2019-03-31": "60.87650", "2018-12-31": "62.50000", "2018-09-30": "58.46610", "2018-06-30": "57.20960", "2018-03-31": "60.49030", "2017-12-31": "60.92150", "2017-09-30": "65.56660", "2017-06-30": "66.44880", "2017-03-31": "62.75000", "2016-12-31": "66.41560", "2016-09-30": "66.97460", "2016-06-30": "67.49850", "2016-03-31": "71.34900", "2015-12-31": "66.93850", "2015-09-30": "64.73030", "2015-06-30": "61.66250", "2015-03-31": "63.09910", "2014-12-31": "54.84090", "2014-09-30": "51.40610", "2014-06-30": "52.24380", "2014-03-31": "50.63010", "2013-12-31": "50.98900", "2013-09-30": "49.86130", "2013-06-30": "48.38950", "2013-03-31": "47.42110", "2012-12-31": "48.07370", "2012-09-30": "48.70030", "2012-06-30": "49.88250", "2012-03-31": "48.46220", "2011-12-31": "50.00000", "2011-09-30": "48.95400", "2011-06-30": "48.56650", "2011-03-31": "50.98810", "2010-12-31": "54.58420", "2010-09-30": "58.44660", "2010-06-30": "56.48940", "2010-03-31": "56.60160", "2009-12-31": "57.75660", "2009-09-30": "55.26930", "2009-06-30": "55.88600", "2009-03-31": "56.99870", "2008-12-31": "46.74850", "2008-09-30": "43.34810", "2008-06-30": "43.77180", "2008-03-31": "48.03920", "2007-12-31": "44.92560", "2007-09-30": "54.24840", "2007-06-30": "54.79450", "2007-03-31": "52.13820", "2006-12-31": "56.08220", "2006-09-30": "51.59240", "2006-06-30": "54.73860", "2006-03-31": "50.81630", "2005-12-31": "50.44840", "2005-09-30": "55.40840", "2005-06-30": "60.37300", "2005-03-31": "61.12600"}, "Operating Margin": {"2020-09-30": "-104.87800", "2020-06-30": "-190.69770", "2020-03-31": "-21.03280", "2019-12-31": "11.17130", "2019-09-30": "11.84080", "2019-06-30": "11.87650", "2019-03-31": "4.06200", "2018-12-31": "10.92480", "2018-09-30": "3.88450", "2018-06-30": "-7.88380", "2018-03-31": "7.12660", "2017-12-31": "9.67010", "2017-09-30": "17.27170", "2017-06-30": "18.89980", "2017-03-31": "8.87500", "2016-12-31": "15.31700", "2016-09-30": "20.43880", "2016-06-30": "19.05050", "2016-03-31": "21.59650", "2015-12-31": "20.70260", "2015-09-30": "20.80620", "2015-06-30": "17.49380", "2015-03-31": "16.61200", "2014-12-31": "11.68740", "2014-09-30": "10.72600", "2014-06-30": "9.44410", "2014-03-31": "3.03930", "2013-12-31": "8.42490", "2013-09-30": "10.54090", "2013-06-30": "7.64050", "2013-03-31": "4.54200", "2012-12-31": "3.68510", "2012-09-30": "8.63910", "2012-06-30": "10.18010", "2012-03-31": "7.39820", "2011-12-31": "7.24260", "2011-09-30": "9.03770", "2011-06-30": "7.47180", "2011-03-31": "4.44660", "2010-12-31": "5.86350", "2010-09-30": "13.59220", "2010-06-30": "10.10640", "2010-03-31": "4.93690", "2009-12-31": "8.35320", "2009-09-30": "7.72830", "2009-06-30": "9.41760", "2009-03-31": "9.20550", "2008-12-31": "6.50310", "2008-09-30": "2.43900", "2008-06-30": "2.44470", "2008-03-31": "2.08330", "2007-12-31": "4.05950", "2007-09-30": "10.32680", "2007-06-30": "10.00000", "2007-03-31": "-2.13820", "2006-12-31": "10.11060", "2006-09-30": "6.52870", "2006-06-30": "7.67970", "2006-03-31": "-5.10200", "2005-12-31": "-6.95070", "2005-09-30": "3.09050", "2005-06-30": "9.32400", "2005-03-31": "6.70240"}, "EBIT Margin": {"2020-09-30": "-104.87800", "2020-06-30": "-190.69770", "2020-03-31": "-21.03280", "2019-12-31": "11.17130", "2019-09-30": "11.84080", "2019-06-30": "11.87650", "2019-03-31": "4.06200", "2018-12-31": "10.92480", "2018-09-30": "3.88450", "2018-06-30": "-7.88380", "2018-03-31": "7.12660", "2017-12-31": "9.67010", "2017-09-30": "17.27170", "2017-06-30": "18.89980", "2017-03-31": "8.87500", "2016-12-31": "15.31700", "2016-09-30": "20.43880", "2016-06-30": "19.05050", "2016-03-31": "21.59650", "2015-12-31": "20.70260", "2015-09-30": "20.80620", "2015-06-30": "17.49380", "2015-03-31": "16.61200", "2014-12-31": "11.68740", "2014-09-30": "10.72600", "2014-06-30": "9.44410", "2014-03-31": "3.03930", "2013-12-31": "8.42490", "2013-09-30": "10.54090", "2013-06-30": "7.64050", "2013-03-31": "4.54200", "2012-12-31": "3.68510", "2012-09-30": "8.63910", "2012-06-30": "10.18010", "2012-03-31": "7.39820", "2011-12-31": "7.24260", "2011-09-30": "9.03770", "2011-06-30": "7.47180", "2011-03-31": "4.44660", "2010-12-31": "5.86350", "2010-09-30": "13.59220", "2010-06-30": "10.10640", "2010-03-31": "4.93690", "2009-12-31": "8.35320", "2009-09-30": "7.72830", "2009-06-30": "9.41760", "2009-03-31": "9.20550", "2008-12-31": "6.50310", "2008-09-30": "2.43900", "2008-06-30": "2.44470", "2008-03-31": "2.08330", "2007-12-31": "4.05950", "2007-09-30": "10.32680", "2007-06-30": "10.00000", "2007-03-31": "-2.13820", "2006-12-31": "10.11060", "2006-09-30": "6.52870", "2006-06-30": "7.67970", "2006-03-31": "-5.10200", "2005-12-31": "-6.95070", "2005-09-30": "3.09050", "2005-06-30": "9.32400", "2005-03-31": "6.70240"}, "EBITDA Margin": {"2020-09-30": "", "2020-06-30": "", "2020-03-31": "", "2019-12-31": "", "2019-09-30": "", "2019-06-30": "", "2019-03-31": "", "2018-12-31": "", "2018-09-30": "", "2018-06-30": "", "2018-03-31": "", "2017-12-31": "", "2017-09-30": "", "2017-06-30": "", "2017-03-31": "", "2016-12-31": "", "2016-09-30": "", "2016-06-30": "", "2016-03-31": "", "2015-12-31": "", "2015-09-30": "", "2015-06-30": "", "2015-03-31": "", "2014-12-31": "", "2014-09-30": "", "2014-06-30": "", "2014-03-31": "", "2013-12-31": "", "2013-09-30": "", "2013-06-30": "", "2013-03-31": "", "2012-12-31": "", "2012-09-30": "", "2012-06-30": "", "2012-03-31": "", "2011-12-31": "", "2011-09-30": "", "2011-06-30": "", "2011-03-31": "", "2010-12-31": "", "2010-09-30": "", "2010-06-30": "", "2010-03-31": "", "2009-12-31": "", "2009-09-30": "", "2009-06-30": "", "2009-03-31": "", "2008-12-31": "", "2008-09-30": "", "2008-06-30": "", "2008-03-31": "", "2007-12-31": "", "2007-09-30": "", "2007-06-30": "", "2007-03-31": "", "2006-12-31": "", "2006-09-30": "", "2006-06-30": "", "2006-03-31": "", "2005-12-31": "", "2005-09-30": "", "2005-06-30": "", "2005-03-31": ""}, "Pre-Tax Profit Margin": {"2020-09-30": "-117.47970", "2020-06-30": "-209.30230", "2020-03-31": "-22.29220", "2019-12-31": "10.82680", "2019-09-30": "12.17640", "2019-06-30": "11.21140", "2019-03-31": "3.09990", "2018-12-31": "10.16260", "2018-09-30": "3.38650", "2018-06-30": "-8.40250", "2018-03-31": "6.44240", "2017-12-31": "9.95450", "2017-09-30": "16.33660", "2017-06-30": "17.70150", "2017-03-31": "7.56250", "2016-12-31": "13.93600", "2016-09-30": "19.05310", "2016-06-30": "17.58980", "2016-03-31": "19.98760", "2015-12-31": "19.00880", "2015-09-30": "19.08710", "2015-06-30": "15.50870", "2015-03-31": "14.57650", "2014-12-31": "9.68190", "2014-09-30": "8.63310", "2014-06-30": "23.10780", "2014-03-31": "0.44480", "2013-12-31": "5.64100", "2013-09-30": "8.25240", "2013-06-30": "4.49440", "2013-03-31": "1.77060", "2012-12-31": "0.08380", "2012-09-30": "5.58100", "2012-06-30": "6.73450", "2012-03-31": "4.07320", "2011-12-31": "3.49040", "2011-09-30": "4.68620", "2011-06-30": "3.73590", "2011-03-31": "0.59290", "2010-12-31": "1.38590", "2010-09-30": "9.41750", "2010-06-30": "5.53190", "2010-03-31": "-0.11480", "2009-12-31": "2.98330", "2009-09-30": "2.69320", "2009-06-30": "4.46100", "2009-03-31": "2.52210", "2008-12-31": "-6.13500", "2008-09-30": "-1.10860", "2008-06-30": "-1.51340", "2008-03-31": "-1.96080", "2007-12-31": "-1.75910", "2007-09-30": "6.01310", "2007-06-30": "5.89040", "2007-03-31": "-7.40130", "2006-12-31": "4.73930", "2006-09-30": "0.15920", "2006-06-30": "4.08500", "2006-03-31": "-9.59180", "2005-12-31": "-12.33180", "2005-09-30": "-0.88300", "2005-06-30": "5.59440", "2005-03-31": "2.94910"}, "Net Profit Margin": {"2020-09-30": "-79.87810", "2020-06-30": "-148.83720", "2020-03-31": "-16.87660", "2019-12-31": "7.92320", "2019-09-30": "8.96450", "2019-06-30": "8.50360", "2019-03-31": "2.24480", "2018-12-31": "8.63820", "2018-09-30": "2.49000", "2018-06-30": "-6.27590", "2018-03-31": "5.13110", "2017-12-31": "38.11150", "2017-09-30": "9.95600", "2017-06-30": "11.27450", "2017-03-31": "5.12500", "2016-12-31": "8.78840", "2016-09-30": "11.48960", "2016-06-30": "11.01640", "2016-03-31": "12.80940", "2015-12-31": "11.91970", "2015-09-30": "11.73680", "2015-06-30": "9.42930", "2015-03-31": "8.99540", "2014-12-31": "6.08580", "2014-09-30": "5.16680", "2014-06-30": "15.40520", "2014-03-31": "0.29650", "2013-12-31": "3.44320", "2013-09-30": "4.92370", "2013-06-30": "2.69660", "2013-03-31": "1.07780", "2012-12-31": "0.08380", "2012-09-30": "3.44040", "2012-06-30": "4.07200", "2012-03-31": "2.49380", "2011-12-31": "2.00700", "2011-09-30": "2.92890", "2011-06-30": "2.17200", "2011-03-31": "0.29640", "2010-12-31": "0.85290", "2010-09-30": "5.72820", "2010-06-30": "3.29790", "2010-03-31": "-0.11480", "2009-12-31": "1.67060", "2009-09-30": "1.75640", "2009-06-30": "2.47830", "2009-03-31": "1.51320", "2008-12-31": "-6.99390", "2008-09-30": "-0.88690", "2008-06-30": "-1.04770", "2008-03-31": "-1.22550", "2007-12-31": "-1.35320", "2007-09-30": "3.00650", "2007-06-30": "2.87670", "2007-03-31": "-3.61840", "2006-12-31": "2.68560", "2006-09-30": "", "2006-06-30": "2.28760", "2006-03-31": "-6.53060", "2005-12-31": "-9.41700", "2005-09-30": "0.66230", "2005-06-30": "3.03030", "2005-03-31": "1.60860"}, "Asset Turnover": {"2020-09-30": "0.03660", "2020-06-30": "0.01530", "2020-03-31": "0.12870", "2019-12-31": "0.17050", "2019-09-30": "0.18430", "2019-06-30": "0.18730", "2019-03-31": "0.16830", "2018-12-31": "0.17960", "2018-09-30": "0.19790", "2018-06-30": "0.19400", "2018-03-31": "0.17490", "2017-12-31": "0.17970", "2017-09-30": "0.18950", "2017-06-30": "0.19040", "2017-03-31": "0.16890", "2016-12-31": "0.17090", "2016-09-30": "0.18080", "2016-06-30": "0.17370", "2016-03-31": "0.17830", "2015-12-31": "0.18440", "2015-09-30": "0.19630", "2015-06-30": "0.19380", "2015-03-31": "0.18340", "2014-12-31": "0.18450", "2014-09-30": "0.19750", "2014-06-30": "0.19500", "2014-03-31": "0.17650", "2013-12-31": "0.18570", "2013-09-30": "0.19370", "2013-06-30": "0.18120", "2013-03-31": "0.17960", "2012-12-31": "0.16890", "2012-09-30": "0.18320", "2012-06-30": "0.17910", "2012-03-31": "0.16840", "2011-12-31": "0.16210", "2011-09-30": "0.17290", "2011-06-30": "0.16660", "2011-03-31": "0.14790", "2010-12-31": "0.14230", "2010-09-30": "0.15560", "2010-06-30": "0.14260", "2010-03-31": "0.13370", "2009-12-31": "0.12800", "2009-09-30": "0.13070", "2009-06-30": "0.12400", "2009-03-31": "0.12880", "2008-12-31": "0.13540", "2008-09-30": "0.14830", "2008-06-30": "0.13280", "2008-03-31": "0.13490", "2007-12-31": "0.13200", "2007-09-30": "0.14010", "2007-06-30": "0.13630", "2007-03-31": "0.11820", "2006-12-31": "0.13070", "2006-09-30": "0.14180", "2006-06-30": "0.14210", "2006-03-31": "0.12050", "2005-12-31": "0.11460", "2005-09-30": "0.12700", "2005-06-30": "0.12690", "2005-03-31": "0.11530"}, "Inventory Turnover Ratio": {"2020-09-30": "4.57140", "2020-06-30": "2.53520", "2020-03-31": "8.12350", "2019-12-31": "9.00000", "2019-09-30": "9.28570", "2019-06-30": "9.38820", "2019-03-31": "8.51160", "2018-12-31": "9.46150", "2018-09-30": "11.12000", "2018-06-30": "10.71430", "2018-03-31": "", "2017-12-31": "12.49090", "2017-09-30": "", "2017-06-30": "", "2017-03-31": "", "2016-12-31": "11.38300", "2016-09-30": "", "2016-06-30": "", "2016-03-31": "", "2015-12-31": "11.97730", "2015-09-30": "", "2015-06-30": "", "2015-03-31": "", "2014-12-31": "14.19570", "2014-09-30": "", "2014-06-30": "", "2014-03-31": "", "2013-12-31": "13.93750", "2013-09-30": "", "2013-06-30": "", "2013-03-31": "", "2012-12-31": "17.22220", "2012-09-30": "", "2012-06-30": "", "2012-03-31": "", "2011-12-31": "11.46000", "2011-09-30": "", "2011-06-30": "", "2011-03-31": "", "2010-12-31": "8.69390", "2010-09-30": "", "2010-06-30": "", "2010-03-31": "", "2009-12-31": "8.85000", "2009-09-30": "", "2009-06-30": "", "2009-03-31": "", "2008-12-31": "14.46670", "2008-09-30": "", "2008-06-30": "", "2008-03-31": "15.70370", "2007-12-31": "15.65390", "2007-09-30": "", "2007-06-30": "", "2007-03-31": "", "2006-12-31": "10.29630", "2006-09-30": "", "2006-06-30": "", "2006-03-31": "", "2005-12-31": "10.52380", "2005-09-30": "", "2005-06-30": "", "2005-03-31": ""}, "Receiveable Turnover": {"2020-09-30": "5.40660", "2020-06-30": "2.52940", "2020-03-31": "15.72280", "2019-12-31": "8.79650", "2019-09-30": "8.31080", "2019-06-30": "7.46450", "2019-03-31": "5.53550", "2018-12-31": "9.32700", "2018-09-30": "8.26340", "2018-06-30": "8.56890", "2018-03-31": "6.98800", "2017-12-31": "7.17550", "2017-09-30": "9.77420", "2017-06-30": "10.31460", "2017-03-31": "9.46750", "2016-12-31": "9.26160", "2016-09-30": "11.94480", "2016-06-30": "10.73860", "2016-03-31": "11.14480", "2015-12-31": "11.72060", "2015-09-30": "11.32220", "2015-06-30": "11.19440", "2015-03-31": "9.82580", "2014-12-31": "10.63240", "2014-09-30": "10.54480", "2014-06-30": "9.63230", "2014-03-31": "10.14290", "2013-12-31": "10.58140", "2013-09-30": "12.01670", "2013-06-30": "8.34380", "2013-03-31": "9.21280", "2012-12-31": "11.26420", "2012-09-30": "9.54740", "2012-06-30": "9.89920", "2012-03-31": "8.71740", "2011-12-31": "11.34650", "2011-09-30": "12.07070", "2011-06-30": "10.09650", "2011-03-31": "8.03170", "2010-12-31": "11.16670", "2010-09-30": "11.07530", "2010-06-30": "9.89470", "2010-03-31": "9.57140", "2009-12-31": "10.34570", "2009-09-30": "10.41460", "2009-06-30": "8.40630", "2009-03-31": "8.71430", "2008-12-31": "9.47670", "2008-09-30": "8.67310", "2008-06-30": "6.50760", "2008-03-31": "7.35140", "2007-12-31": "8.03260", "2007-09-30": "8.05260", "2007-06-30": "8.48840", "2007-03-31": "7.32530", "2006-12-31": "8.22080", "2006-09-30": "7.75310", "2006-06-30": "8.50000", "2006-03-31": "3.98370", "2005-12-31": "4.74470", "2005-09-30": "7.86570", "2005-06-30": "8.49250", "2005-03-31": "7.06190"}, "Days Sales In Receivables": {"2020-09-30": "16.64630", "2020-06-30": "35.58140", "2020-03-31": "5.72420", "2019-12-31": "10.23130", "2019-09-30": "10.82930", "2019-06-30": "12.05700", "2019-03-31": "16.25870", "2018-12-31": "9.64940", "2018-09-30": "10.89140", "2018-06-30": "10.50310", "2018-03-31": "12.87910", "2017-12-31": "12.54270", "2017-09-30": "9.20790", "2017-06-30": "8.72550", "2017-03-31": "9.50620", "2016-12-31": "9.71750", "2016-09-30": "7.53460", "2016-06-30": "8.38100", "2016-03-31": "8.07550", "2015-12-31": "7.67880", "2015-09-30": "7.94900", "2015-06-30": "8.03970", "2015-03-31": "9.15960", "2014-12-31": "8.46470", "2014-09-30": "8.53500", "2014-06-30": "9.34360", "2014-03-31": "8.87320", "2013-12-31": "8.50550", "2013-09-30": "7.48960", "2013-06-30": "10.78650", "2013-03-31": "9.76910", "2012-12-31": "7.99000", "2012-09-30": "9.42660", "2012-06-30": "9.09160", "2012-03-31": "10.32420", "2011-12-31": "7.93190", "2011-09-30": "7.45610", "2011-06-30": "8.91400", "2011-03-31": "11.20550", "2010-12-31": "8.05970", "2010-09-30": "8.12620", "2010-06-30": "9.09570", "2010-03-31": "9.40300", "2009-12-31": "8.69930", "2009-09-30": "8.64170", "2009-06-30": "10.70630", "2009-03-31": "10.32790", "2008-12-31": "9.49690", "2008-09-30": "10.37690", "2008-06-30": "13.83000", "2008-03-31": "12.24270", "2007-12-31": "11.20430", "2007-09-30": "11.17650", "2007-06-30": "10.60270", "2007-03-31": "12.28620", "2006-12-31": "10.94790", "2006-09-30": "11.60830", "2006-06-30": "10.58820", "2006-03-31": "22.59180", "2005-12-31": "18.96860", "2005-09-30": "11.44210", "2005-06-30": "10.59760", "2005-03-31": "12.74450"}, "ROE - Return On Equity": {"2020-09-30": "-10.57300", "2020-06-30": "-7.81630", "2020-03-31": "-6.13830", "2019-12-31": "3.35490", "2019-09-30": "3.92530", "2019-06-30": "3.81090", "2019-03-31": "0.91170", "2018-12-31": "3.62860", "2018-09-30": "1.13280", "2018-06-30": "-2.70030", "2018-03-31": "1.91610", "2017-12-31": "14.15890", "2017-09-30": "4.37300", "2017-06-30": "5.07350", "2017-03-31": "2.05410", "2016-12-31": "3.48870", "2016-09-30": "5.17420", "2016-06-30": "4.96710", "2016-03-31": "6.06330", "2015-12-31": "5.91900", "2015-09-30": "6.56280", "2015-06-30": "5.44220", "2015-03-31": "5.05720", "2014-12-31": "3.47960", "2014-09-30": "3.31100", "2014-06-30": "9.93520", "2014-03-31": "0.18730", "2013-12-31": "2.20240", "2013-09-30": "3.51830", "2013-06-30": "1.86340", "2013-03-31": "0.73800", "2012-12-31": "0.05300", "2012-09-30": "2.36470", "2012-06-30": "2.82460", "2012-03-31": "1.66570", "2011-12-31": "1.30900", "2011-09-30": "2.05040", "2011-06-30": "1.47930", "2011-03-31": "0.17890", "2010-12-31": "0.48370", "2010-09-30": "3.63520", "2010-06-30": "1.99230", "2010-03-31": "-0.06520", "2009-12-31": "0.90560", "2009-09-30": "0.99270", "2009-06-30": "1.34770", "2009-03-31": "0.91460", "2008-12-31": "-4.50240", "2008-09-30": "-0.62450", "2008-06-30": "-0.65310", "2008-03-31": "-0.75240", "2007-12-31": "-0.96530", "2007-09-30": "2.24610", "2007-06-30": "2.11480", "2007-03-31": "-2.29170", "2006-12-31": "1.78570", "2006-09-30": "", "2006-06-30": "1.52510", "2006-03-31": "-3.59960", "2005-12-31": "-4.61030", "2005-09-30": "0.38140", "2005-06-30": "1.64760", "2005-03-31": "0.77730"}, "Return On Tangible Equity": {"2020-09-30": "-10.57300", "2020-06-30": "-7.81630", "2020-03-31": "-6.13830", "2019-12-31": "3.35490", "2019-09-30": "3.92530", "2019-06-30": "3.81090", "2019-03-31": "0.91170", "2018-12-31": "3.62860", "2018-09-30": "1.13280", "2018-06-30": "-2.70030", "2018-03-31": "1.91610", "2017-12-31": "14.15890", "2017-09-30": "4.37300", "2017-06-30": "5.07350", "2017-03-31": "2.05410", "2016-12-31": "3.48870", "2016-09-30": "5.17420", "2016-06-30": "4.96710", "2016-03-31": "6.06330", "2015-12-31": "5.91900", "2015-09-30": "6.56280", "2015-06-30": "5.44220", "2015-03-31": "5.05720", "2014-12-31": "3.47960", "2014-09-30": "3.31100", "2014-06-30": "9.93520", "2014-03-31": "0.18730", "2013-12-31": "2.20240", "2013-09-30": "3.51830", "2013-06-30": "1.86340", "2013-03-31": "0.73800", "2012-12-31": "0.05300", "2012-09-30": "2.36470", "2012-06-30": "2.82460", "2012-03-31": "1.66570", "2011-12-31": "1.30900", "2011-09-30": "2.05040", "2011-06-30": "1.47930", "2011-03-31": "0.17890", "2010-12-31": "0.48370", "2010-09-30": "3.63520", "2010-06-30": "1.99230", "2010-03-31": "-0.06520", "2009-12-31": "0.90560", "2009-09-30": "0.99270", "2009-06-30": "1.34770", "2009-03-31": "0.91460", "2008-12-31": "-4.50240", "2008-09-30": "-0.62450", "2008-06-30": "-0.65310", "2008-03-31": "-0.75240", "2007-12-31": "-0.98520", "2007-09-30": "2.30000", "2007-06-30": "2.17390", "2007-03-31": "-2.36560", "2006-12-31": "1.84780", "2006-09-30": "", "2006-06-30": "1.58910", "2006-03-31": "-3.76910", "2005-12-31": "-4.83870", "2005-09-30": "0.40520", "2005-06-30": "1.75690", "2005-03-31": "0.83320"}, "ROA - Return On Assets": {"2020-09-30": "-2.92560", "2020-06-30": "-2.28130", "2020-03-31": "-2.17180", "2019-12-31": "1.35090", "2019-09-30": "1.65210", "2019-06-30": "1.59310", "2019-03-31": "0.37790", "2018-12-31": "1.55120", "2018-09-30": "0.49280", "2018-06-30": "-1.21730", "2018-03-31": "0.89760", "2017-12-31": "6.85000", "2017-09-30": "1.88620", "2017-06-30": "2.14640", "2017-03-31": "0.86560", "2016-12-31": "1.50170", "2016-09-30": "2.07750", "2016-06-30": "1.91370", "2016-03-31": "2.28430", "2015-12-31": "2.19810", "2015-09-30": "2.30390", "2015-06-30": "1.82760", "2015-03-31": "1.64980", "2014-12-31": "1.12260", "2014-09-30": "1.02050", "2014-06-30": "3.00380", "2014-03-31": "0.05230", "2013-12-31": "0.63950", "2013-09-30": "0.95380", "2013-06-30": "0.48860", "2013-03-31": "0.19350", "2012-12-31": "0.01410", "2012-09-30": "0.63020", "2012-06-30": "0.72910", "2012-03-31": "0.42000", "2011-12-31": "0.32530", "2011-09-30": "0.50640", "2011-06-30": "0.36190", "2011-03-31": "0.04380", "2010-12-31": "0.12130", "2010-09-30": "0.89150", "2010-06-30": "0.47040", "2010-03-31": "-0.01540", "2009-12-31": "0.21380", "2009-09-30": "0.22960", "2009-06-30": "0.30720", "2009-03-31": "0.19490", "2008-12-31": "-0.94680", "2008-09-30": "-0.13150", "2008-06-30": "-0.13910", "2008-03-31": "-0.16530", "2007-12-31": "-0.17860", "2007-09-30": "0.42120", "2007-06-30": "0.39210", "2007-03-31": "-0.42760", "2006-12-31": "0.35100", "2006-09-30": "", "2006-06-30": "0.32510", "2006-03-31": "-0.78660", "2005-12-31": "-1.07910", "2005-09-30": "0.08410", "2005-06-30": "0.38450", "2005-03-31": "0.18540"}, "ROI - Return On Investment": {"2020-09-30": "-4.81850", "2020-06-30": "-4.25310", "2020-03-31": "-4.27160", "2019-12-31": "2.37150", "2019-09-30": "3.07360", "2019-06-30": "3.02670", "2019-03-31": "0.71450", "2018-12-31": "2.81180", "2018-09-30": "0.87660", "2018-06-30": "-2.15720", "2018-03-31": "1.60940", "2017-12-31": "11.68270", "2017-09-30": "3.50100", "2017-06-30": "4.01400", "2017-03-31": "1.59780", "2016-12-31": "2.68820", "2016-09-30": "3.90500", "2016-06-30": "3.66100", "2016-03-31": "4.36160", "2015-12-31": "4.14030", "2015-09-30": "4.15880", "2015-06-30": "3.30720", "2015-03-31": "2.96150", "2014-12-31": "1.95690", "2014-09-30": "1.76580", "2014-06-30": "5.20010", "2014-03-31": "0.08950", "2013-12-31": "1.10590", "2013-09-30": "1.68090", "2013-06-30": "0.87700", "2013-03-31": "0.33750", "2012-12-31": "0.02300", "2012-09-30": "0.99870", "2012-06-30": "1.16410", "2012-03-31": "0.65230", "2011-12-31": "0.49920", "2011-09-30": "0.76570", "2011-06-30": "0.54550", "2011-03-31": "0.06570", "2010-12-31": "0.17760", "2010-09-30": "1.31020", "2010-06-30": "0.69630", "2010-03-31": "-0.02260", "2009-12-31": "0.31350", "2009-09-30": "0.33460", "2009-06-30": "0.43990", "2009-03-31": "0.27960", "2008-12-31": "-1.37750", "2008-09-30": "-0.19000", "2008-06-30": "-0.20860", "2008-03-31": "-0.24840", "2007-12-31": "-0.27590", "2007-09-30": "0.63660", "2007-06-30": "0.56010", "2007-03-31": "-0.60360", "2006-12-31": "0.47510", "2006-09-30": "", "2006-06-30": "0.43680", "2006-03-31": "-1.05160", "2005-12-31": "-1.39350", "2005-09-30": "0.10780", "2005-06-30": "0.49370", "2005-03-31": "0.23820"}, "Book Value Per Share": {"2020-09-30": "13.61540", "2020-06-30": "15.05150", "2020-03-31": "16.17040", "2019-12-31": "17.01770", "2019-09-30": "16.54170", "2019-06-30": "15.86820", "2019-03-31": "15.30570", "2018-12-31": "15.31050", "2018-09-30": "14.47210", "2018-06-30": "14.31630", "2018-03-31": "14.86390", "2017-12-31": "14.74140", "2017-09-30": "12.89410", "2017-06-30": "12.40120", "2017-03-31": "11.95210", "2016-12-31": "11.90800", "2016-09-30": "11.87040", "2016-06-30": "11.24690", "2016-03-31": "10.60250", "2015-12-31": "9.96890", "2015-09-30": "9.57590", "2015-06-30": "8.87190", "2015-03-31": "8.64770", "2014-12-31": "8.15810", "2014-09-30": "8.17650", "2014-06-30": "7.93190", "2014-03-31": "7.19700", "2013-12-31": "7.21950", "2013-09-30": "7.14740", "2013-06-30": "6.84310", "2013-03-31": "6.73850", "2012-12-31": "6.71870", "2012-09-30": "6.69370", "2012-06-30": "6.47650", "2012-03-31": "6.35830", "2011-12-31": "6.23540", "2011-09-30": "5.74440", "2011-06-30": "5.69250", "2011-03-31": "5.66880", "2010-12-31": "5.61270", "2010-09-30": "5.52320", "2010-06-30": "5.29970", "2010-03-31": "5.24380", "2009-12-31": "5.30380", "2009-09-30": "5.20490", "2009-06-30": "4.94470", "2009-03-31": "4.80880", "2008-12-31": "4.65850", "2008-09-30": "4.72490", "2008-06-30": "5.09120", "2008-03-31": "5.92490", "2007-12-31": "5.70510", "2007-09-30": "5.68050", "2007-06-30": "5.51570", "2007-03-31": "5.37650", "2006-12-31": "5.36010", "2006-09-30": "5.21880", "2006-06-30": "5.23150", "2006-03-31": "5.11780", "2005-12-31": "5.27740", "2005-09-30": "4.97060", "2005-06-30": "4.99760", "2005-03-31": "4.92550"}, "Operating Cash Flow Per Share": {"2020-09-30": -1.6394, "2020-06-30": 0.3735, "2020-03-31": "0.44730", "2019-12-31": 0.8072, "2019-09-30": 0.8413, "2019-06-30": 1.8389, "2019-03-31": "1.36850", "2018-12-31": 0.8378, "2018-09-30": 0.6857, "2018-06-30": 0.7718, "2018-03-31": "1.52030", "2017-12-31": 0.9217, "2017-09-30": 0.6215, "2017-06-30": 1.3531, "2017-03-31": "1.27740", "2016-12-31": 0.9317, "2016-09-30": 0.899, "2016-06-30": 1.2264, "2016-03-31": "1.71200", "2015-12-31": 0.8675, "2015-09-30": 1.2067, "2015-06-30": 1.0353, "2015-03-31": "1.52510", "2014-12-31": 0.5341, "2014-09-30": 0.5494, "2014-06-30": 0.4897, "2014-03-31": "1.08340", "2013-12-31": 0.563, "2013-09-30": 0.4717, "2013-06-30": 0.5083, "2013-03-31": "0.66370", "2012-12-31": 0.4594, "2012-09-30": 0.1438, "2012-06-30": 0.5736, "2012-03-31": "0.85170", "2011-12-31": 0.3282, "2011-09-30": 0.2802, "2011-06-30": 0.3369, "2011-03-31": "0.82690", "2010-12-31": 0.0966, "2010-09-30": 0.3848, "2010-06-30": 0.192, "2010-03-31": "0.83560", "2009-12-31": 0.4263, "2009-09-30": 0.3413, "2009-06-30": 0.2444, "2009-03-31": "0.45160", "2008-12-31": -0.5576, "2008-09-30": 0.0164, "2008-06-30": 0.2376, "2008-03-31": "0.22850", "2007-12-31": 0.4991, "2007-09-30": 0.341, "2007-06-30": 0.2779, "2007-03-31": "0.82490", "2006-12-31": 0.3743, "2006-09-30": 0.4771, "2006-06-30": 0.2111, "2006-03-31": "0.50220", "2005-12-31": 0.1849, "2005-09-30": 0.0602, "2005-06-30": 0.3879, "2005-03-31": "0.43020"}, "Free Cash Flow Per Share": {"2020-09-30": -2.23, "2020-06-30": 0.1, "2020-03-31": "-0.87660", "2019-12-31": -0.7788, "2019-09-30": 0.1106, "2019-06-30": 0.816, "2019-03-31": "0.83410", "2018-12-31": -0.5742, "2018-09-30": -0.1556, "2018-06-30": 0.1127, "2018-03-31": "0.89050", "2017-12-31": -0.291, "2017-09-30": -0.0421, "2017-06-30": 0.4341, "2017-03-31": "0.43470", "2016-12-31": -0.2803, "2016-09-30": 0.0816, "2016-06-30": 0.7872, "2016-03-31": "1.22620", "2015-12-31": -0.2546, "2015-09-30": 0.7677, "2015-06-30": 0.3525, "2015-03-31": "1.03990", "2014-12-31": -0.2121, "2014-09-30": -0.0959, "2014-06-30": 0.0241, "2014-03-31": "0.44410", "2013-12-31": -0.2819, "2013-09-30": 0.2464, "2013-06-30": -0.0072, "2013-03-31": "0.39500", "2012-12-31": -0.7343, "2012-09-30": -0.0596, "2012-06-30": 0.2377, "2012-03-31": "0.31500", "2011-12-31": -0.1677, "2011-09-30": -0.0914, "2011-06-30": 0.1236, "2011-03-31": "0.38660", "2010-12-31": -0.1032, "2010-09-30": 0.1405, "2010-06-30": -0.0846, "2010-03-31": "0.65320", "2009-12-31": 0.1341, "2009-09-30": 0.2563, "2009-06-30": -0.1258, "2009-03-31": "-0.17120", "2008-12-31": -0.8152, "2008-09-30": -0.5456, "2008-06-30": -0.0781, "2008-03-31": "-1.04940", "2007-12-31": -0.431, "2007-09-30": -0.612, "2007-06-30": -0.8571, "2007-03-31": "-0.97080", "2006-12-31": -0.7299, "2006-09-30": -0.912, "2006-06-30": -1.7072, "2006-03-31": "-1.35070", "2005-12-31": -1.9426, "2005-09-30": -2.0386, "2005-06-30": -0.9143, "2005-03-31": "-0.92100"}}, "revenue": {"JetBlue Airways Annual Revenue (Millions of US $)": {"2020": "$2,957", "2019": "$8,094", "2018": "$7,658", "2017": "$7,012", "2016": "$6,584", "2015": "$6,416", "2014": "$5,817", "2013": "$5,441", "2012": "$4,982", "2011": "$4,504", "2010": "$3,779", "2009": "$3,292", "2008": "$3,392", "2007": "$2,842", "2006": "$2,363", "2005": "$1,701"}, "JetBlue Airways Quarterly Revenue (Millions of US $)": {"2020-12-31": "$661", "2020-09-30": "$492", "2020-06-30": "$215", "2020-03-31": "$1,588", "2019-12-31": "$2,032", "2019-09-30": "$2,086", "2019-06-30": "$2,105", "2019-03-31": "$1,871", "2018-12-31": "$1,968", "2018-09-30": "$2,008", "2018-06-30": "$1,928", "2018-03-31": "$1,754", "2017-12-31": "$1,758", "2017-09-30": "$1,818", "2017-06-30": "$1,836", "2017-03-31": "$1,600", "2016-12-31": "$1,593", "2016-09-30": "$1,732", "2016-06-30": "$1,643", "2016-03-31": "$1,616", "2015-12-31": "$1,594", "2015-09-30": "$1,687", "2015-06-30": "$1,612", "2015-03-31": "$1,523", "2014-12-31": "$1,446", "2014-09-30": "$1,529", "2014-06-30": "$1,493", "2014-03-31": "$1,349", "2013-12-31": "$1,365", "2013-09-30": "$1,442", "2013-06-30": "$1,335", "2013-03-31": "$1,299", "2012-12-31": "$1,194", "2012-09-30": "$1,308", "2012-06-30": "$1,277", "2012-03-31": "$1,203", "2011-12-31": "$1,146", "2011-09-30": "$1,195", "2011-06-30": "$1,151", "2011-03-31": "$1,012", "2010-12-31": "$938", "2010-09-30": "$1,030", "2010-06-30": "$940", "2010-03-31": "$871", "2009-12-31": "$838", "2009-09-30": "$854", "2009-06-30": "$807", "2009-03-31": "$793", "2008-12-31": "$815", "2008-09-30": "$902", "2008-06-30": "$859", "2008-03-31": "$816", "2007-12-31": "$739", "2007-09-30": "$765", "2007-06-30": "$730", "2007-03-31": "$608", "2006-12-31": "$633", "2006-09-30": "$628", "2006-06-30": "$612", "2006-03-31": "$490", "2005-12-31": "$446", "2005-09-30": "$453", "2005-06-30": "$429", "2005-03-31": "$373"}}, "gross-profit": {"JetBlue Airways Annual Gross Profit (Millions of US $)": {"2020": "$1,442", "2019": "$5,055", "2018": "$4,568", "2017": "$4,487", "2016": "$4,480", "2015": "$4,114", "2014": "$3,042", "2013": "$2,677", "2012": "$2,431", "2011": "$2,233", "2010": "$2,138", "2009": "$1,859", "2008": "$1,540", "2007": "$1,464", "2006": "$1,263", "2005": "$963"}, "JetBlue Airways Quarterly Gross Profit (Millions of US $)": {"2020-12-31": "$305", "2020-09-30": "$172", "2020-06-30": "$35", "2020-03-31": "$930", "2019-12-31": "$1,303", "2019-09-30": "$1,306", "2019-06-30": "$1,307", "2019-03-31": "$1,139", "2018-12-31": "$1,230", "2018-09-30": "$1,174", "2018-06-30": "$1,103", "2018-03-31": "$1,061", "2017-12-31": "$1,071", "2017-09-30": "$1,192", "2017-06-30": "$1,220", "2017-03-31": "$1,004", "2016-12-31": "$1,058", "2016-09-30": "$1,160", "2016-06-30": "$1,109", "2016-03-31": "$1,153", "2015-12-31": "$1,067", "2015-09-30": "$1,092", "2015-06-30": "$994", "2015-03-31": "$961", "2014-12-31": "$793", "2014-09-30": "$786", "2014-06-30": "$780", "2014-03-31": "$683", "2013-12-31": "$696", "2013-09-30": "$719", "2013-06-30": "$646", "2013-03-31": "$616", "2012-12-31": "$574", "2012-09-30": "$637", "2012-06-30": "$637", "2012-03-31": "$583", "2011-12-31": "$573", "2011-09-30": "$585", "2011-06-30": "$559", "2011-03-31": "$516", "2010-12-31": "$512", "2010-09-30": "$602", "2010-06-30": "$531", "2010-03-31": "$493", "2009-12-31": "$484", "2009-09-30": "$472", "2009-06-30": "$451", "2009-03-31": "$452", "2008-12-31": "$381", "2008-09-30": "$391", "2008-06-30": "$376", "2008-03-31": "$392", "2007-12-31": "$332", "2007-09-30": "$415", "2007-06-30": "$400", "2007-03-31": "$317", "2006-12-31": "$355", "2006-09-30": "$324", "2006-06-30": "$335", "2006-03-31": "$249", "2005-12-31": "$225", "2005-09-30": "$251", "2005-06-30": "$259", "2005-03-31": "$228"}}, "operating-income": {"JetBlue Airways Annual Operating Income (Millions of US $)": {"2020": "$-1,714", "2019": "$800", "2018": "$266", "2017": "$973", "2016": "$1,260", "2015": "$1,216", "2014": "$515", "2013": "$428", "2012": "$376", "2011": "$322", "2010": "$333", "2009": "$285", "2008": "$113", "2007": "$169", "2006": "$127", "2005": "$48"}, "JetBlue Airways Quarterly Operating Income (Millions of US $)": {"2020-12-31": "$-454", "2020-09-30": "$-516", "2020-06-30": "$-410", "2020-03-31": "$-334", "2019-12-31": "$227", "2019-09-30": "$247", "2019-06-30": "$250", "2019-03-31": "$76", "2018-12-31": "$215", "2018-09-30": "$78", "2018-06-30": "$-152", "2018-03-31": "$125", "2017-12-31": "$170", "2017-09-30": "$314", "2017-06-30": "$347", "2017-03-31": "$142", "2016-12-31": "$244", "2016-09-30": "$354", "2016-06-30": "$313", "2016-03-31": "$349", "2015-12-31": "$330", "2015-09-30": "$351", "2015-06-30": "$282", "2015-03-31": "$253", "2014-12-31": "$169", "2014-09-30": "$164", "2014-06-30": "$141", "2014-03-31": "$41", "2013-12-31": "$115", "2013-09-30": "$152", "2013-06-30": "$102", "2013-03-31": "$59", "2012-12-31": "$44", "2012-09-30": "$113", "2012-06-30": "$130", "2012-03-31": "$89", "2011-12-31": "$83", "2011-09-30": "$108", "2011-06-30": "$86", "2011-03-31": "$45", "2010-12-31": "$55", "2010-09-30": "$140", "2010-06-30": "$95", "2010-03-31": "$43", "2009-12-31": "$70", "2009-09-30": "$66", "2009-06-30": "$76", "2009-03-31": "$73", "2008-12-31": "$53", "2008-09-30": "$22", "2008-06-30": "$21", "2008-03-31": "$17", "2007-12-31": "$30", "2007-09-30": "$79", "2007-06-30": "$73", "2007-03-31": "$-13", "2006-12-31": "$64", "2006-09-30": "$41", "2006-06-30": "$47", "2006-03-31": "$-25", "2005-12-31": "$-31", "2005-09-30": "$14", "2005-06-30": "$40", "2005-03-31": "$25"}}, "ebitda": {"JetBlue Airways Annual EBITDA (Millions of US $)": {"2019": "$1,325", "2018": "$735", "2017": "$1,397", "2016": "$1,653", "2015": "$1,561", "2014": "$840", "2013": "$734", "2012": "$645", "2011": "$569", "2010": "$563", "2009": "$519", "2008": "$323", "2007": "$349", "2006": "$281", "2005": "$165"}, "JetBlue Airways Quarterly EBITDA (Millions of US $)": {"2020-09-30": "$-388", "2020-06-30": "$-270", "2020-03-31": "$-195", "2019-12-31": "$367", "2019-09-30": "$381", "2019-06-30": "$377", "2019-03-31": "$200", "2018-12-31": "$340", "2018-09-30": "$196", "2018-06-30": "$-37", "2018-03-31": "$236", "2017-12-31": "$266", "2017-09-30": "$428", "2017-06-30": "$456", "2017-03-31": "$247", "2016-12-31": "$348", "2016-09-30": "$455", "2016-06-30": "$410", "2016-03-31": "$440", "2015-12-31": "$423", "2015-09-30": "$435", "2015-06-30": "$363", "2015-03-31": "$340", "2014-12-31": "$254", "2014-09-30": "$243", "2014-06-30": "$220", "2014-03-31": "$123", "2013-12-31": "$198", "2013-09-30": "$229", "2013-06-30": "$176", "2013-03-31": "$131", "2012-12-31": "$115", "2012-09-30": "$181", "2012-06-30": "$196", "2012-03-31": "$153", "2011-12-31": "$149", "2011-09-30": "$168", "2011-06-30": "$148", "2011-03-31": "$104", "2010-12-31": "$112", "2010-09-30": "$197", "2010-06-30": "$152", "2010-03-31": "$102", "2009-12-31": "$130", "2009-09-30": "$126", "2009-06-30": "$134", "2009-03-31": "$129", "2008-12-31": "$114", "2008-09-30": "$77", "2008-06-30": "$69", "2008-03-31": "$63", "2007-12-31": "$77", "2007-09-30": "$125", "2007-06-30": "$116", "2007-03-31": "$31", "2006-12-31": "$108", "2006-09-30": "$78", "2006-06-30": "$86", "2006-03-31": "$9", "2005-12-31": "$4", "2005-09-30": "$44", "2005-06-30": "$67", "2005-03-31": "$50"}}, "net-income": {"JetBlue Airways Annual Net Income (Millions of US $)": {"2020": "$-1,362", "2019": "$569", "2018": "$189", "2017": "$1,140", "2016": "$727", "2015": "$677", "2014": "$401", "2013": "$168", "2012": "$128", "2011": "$86", "2010": "$97", "2009": "$61", "2008": "$-84", "2007": "$12", "2006": "$-1", "2005": "$-20"}, "JetBlue Airways Quarterly Net Income (Millions of US $)": {"2020-12-31": "$-381", "2020-09-30": "$-393", "2020-06-30": "$-320", "2020-03-31": "$-268", "2019-12-31": "$161", "2019-09-30": "$187", "2019-06-30": "$179", "2019-03-31": "$42", "2018-12-31": "$170", "2018-09-30": "$50", "2018-06-30": "$-121", "2018-03-31": "$90", "2017-12-31": "$670", "2017-09-30": "$181", "2017-06-30": "$207", "2017-03-31": "$82", "2016-12-31": "$140", "2016-09-30": "$199", "2016-06-30": "$181", "2016-03-31": "$207", "2015-12-31": "$190", "2015-09-30": "$198", "2015-06-30": "$152", "2015-03-31": "$137", "2014-12-31": "$88", "2014-09-30": "$79", "2014-06-30": "$230", "2014-03-31": "$4", "2013-12-31": "$47", "2013-09-30": "$71", "2013-06-30": "$36", "2013-03-31": "$14", "2012-12-31": "$1", "2012-09-30": "$45", "2012-06-30": "$52", "2012-03-31": "$30", "2011-12-31": "$23", "2011-09-30": "$35", "2011-06-30": "$25", "2011-03-31": "$3", "2010-12-31": "$8", "2010-09-30": "$59", "2010-06-30": "$31", "2010-03-31": "$-1", "2009-12-31": "$14", "2009-09-30": "$15", "2009-06-30": "$20", "2009-03-31": "$12", "2008-12-31": "$-57", "2008-09-30": "$-8", "2008-06-30": "$-9", "2008-03-31": "$-10", "2007-12-31": "$-10", "2007-09-30": "$23", "2007-06-30": "$21", "2007-03-31": "$-22", "2006-12-31": "$17", "2006-09-30": "", "2006-06-30": "$14", "2006-03-31": "$-32", "2005-12-31": "$-42", "2005-09-30": "$3", "2005-06-30": "$13", "2005-03-31": "$6"}}, "eps-earnings-per-share-diluted": {"JetBlue Airways Annual EPS": {"2020": "$-4.91", "2019": "$1.91", "2018": "$0.60", "2017": "$3.45", "2016": "$2.13", "2015": "$1.98", "2014": "$1.19", "2013": "$0.52", "2012": "$0.40", "2011": "$0.28", "2010": "$0.31", "2009": "$0.21", "2008": "$-0.37", "2007": "$0.06", "2006": "$-0.01", "2005": "$-0.13"}, "JetBlue Airways Quarterly EPS": {"2020-12-31": "$-1.34", "2020-09-30": "$-1.44", "2020-06-30": "$-1.18", "2020-03-31": "$-0.97", "2019-12-31": "$0.55", "2019-09-30": "$0.63", "2019-06-30": "$0.59", "2019-03-31": "$0.14", "2018-12-31": "$0.55", "2018-09-30": "$0.16", "2018-06-30": "$-0.39", "2018-03-31": "$0.28", "2017-12-31": "$2.04", "2017-09-30": "$0.55", "2017-06-30": "$0.62", "2017-03-31": "$0.24", "2016-12-31": "$0.41", "2016-09-30": "$0.58", "2016-06-30": "$0.53", "2016-03-31": "$0.61", "2015-12-31": "$0.56", "2015-09-30": "$0.58", "2015-06-30": "$0.44", "2015-03-31": "$0.40", "2014-12-31": "$0.26", "2014-09-30": "$0.24", "2014-06-30": "$0.68", "2014-03-31": "$0.01", "2013-12-31": "$0.15", "2013-09-30": "$0.21", "2013-06-30": "$0.11", "2013-03-31": "$0.05", "2012-12-31": "$0.01", "2012-09-30": "$0.14", "2012-06-30": "$0.16", "2012-03-31": "$0.09", "2011-12-31": "$0.08", "2011-09-30": "$0.11", "2011-06-30": "$0.08", "2011-03-31": "$0.01", "2010-12-31": "$0.03", "2010-09-30": "$0.18", "2010-06-30": "$0.10", "2010-03-31": "$0.00", "2009-12-31": "$0.04", "2009-09-30": "$0.05", "2009-06-30": "$0.07", "2009-03-31": "$0.05", "2008-12-31": "$-0.25", "2008-09-30": "$-0.03", "2008-06-30": "$-0.04", "2008-03-31": "$-0.05", "2007-12-31": "$-0.05", "2007-09-30": "$0.12", "2007-06-30": "$0.11", "2007-03-31": "$-0.12", "2006-12-31": "$0.09", "2006-09-30": "$0.00", "2006-06-30": "$0.08", "2006-03-31": "$-0.18", "2005-12-31": "$-0.27", "2005-09-30": "$0.02", "2005-06-30": "$0.08", "2005-03-31": "$0.04"}}, "shares-outstanding": {"JetBlue Airways Annual Shares Outstanding (Millions of Shares)": {"2020": "278", "2019": "298", "2018": "315", "2017": "330", "2016": "342", "2015": "345", "2014": "343", "2013": "344", "2012": "344", "2011": "346", "2010": "347", "2009": "332", "2008": "226", "2007": "184", "2006": "175", "2005": "160"}, "JetBlue Airways Quarterly Shares Outstanding (Millions of Shares)": {"2020-12-31": "284", "2020-09-30": "272", "2020-06-30": "272", "2020-03-31": "277", "2019-12-31": "298", "2019-09-30": "296", "2019-06-30": "302", "2019-03-31": "307", "2018-12-31": "315", "2018-09-30": "310", "2018-06-30": "315", "2018-03-31": "322", "2017-12-31": "330", "2017-09-30": "328", "2017-06-30": "332", "2017-03-31": "338", "2016-12-31": "342", "2016-09-30": "343", "2016-06-30": "343", "2016-03-31": "342", "2015-12-31": "345", "2015-09-30": "344", "2015-06-30": "348", "2015-03-31": "346", "2014-12-31": "343", "2014-09-30": "341", "2014-06-30": "344", "2014-03-31": "297", "2013-12-31": "344", "2013-09-30": "344", "2013-06-30": "343", "2013-03-31": "309", "2012-12-31": "344", "2012-09-30": "345", "2012-06-30": "344", "2012-03-31": "343", "2011-12-31": "346", "2011-09-30": "346", "2011-06-30": "349", "2011-03-31": "279", "2010-12-31": "347", "2010-09-30": "347", "2010-06-30": "346", "2010-03-31": "274", "2009-12-31": "332", "2009-09-30": "344", "2009-06-30": "323", "2009-03-31": "275", "2008-12-31": "226", "2008-09-30": "226", "2008-06-30": "225", "2008-03-31": "214", "2007-12-31": "184", "2007-09-30": "199", "2007-06-30": "199", "2007-03-31": "178", "2006-12-31": "175", "2006-09-30": "176", "2006-06-30": "181", "2006-03-31": "173", "2005-12-31": "160", "2005-09-30": "166", "2005-06-30": "181", "2005-03-31": "165"}}, "total-assets": {"JetBlue Airways Annual Total Assets (Millions of US $)": {"2019": "$11,918", "2018": "$10,959", "2017": "$9,781", "2016": "$9,323", "2015": "$8,644", "2014": "$7,839", "2013": "$7,350", "2012": "$7,070", "2011": "$7,071", "2010": "$6,593", "2009": "$6,549", "2008": "$6,020", "2007": "$5,598", "2006": "$4,843", "2005": "$3,892"}, "JetBlue Airways Quarterly Total Assets (Millions of US $)": {"2020-09-30": "$13,433", "2020-06-30": "$14,027", "2020-03-31": "$12,340", "2019-12-31": "$11,918", "2019-09-30": "$11,319", "2019-06-30": "$11,236", "2019-03-31": "$11,115", "2018-12-31": "$10,959", "2018-09-30": "$10,147", "2018-06-30": "$9,940", "2018-03-31": "$10,027", "2017-12-31": "$9,781", "2017-09-30": "$9,596", "2017-06-30": "$9,644", "2017-03-31": "$9,473", "2016-12-31": "$9,323", "2016-09-30": "$9,579", "2016-06-30": "$9,458", "2016-03-31": "$9,062", "2015-12-31": "$8,644", "2015-09-30": "$8,594", "2015-06-30": "$8,317", "2015-03-31": "$8,304", "2014-12-31": "$7,839", "2014-09-30": "$7,741", "2014-06-30": "$7,657", "2014-03-31": "$7,645", "2013-12-31": "$7,350", "2013-09-30": "$7,444", "2013-06-30": "$7,368", "2013-03-31": "$7,234", "2012-12-31": "$7,070", "2012-09-30": "$7,141", "2012-06-30": "$7,132", "2012-03-31": "$7,143", "2011-12-31": "$7,071", "2011-09-30": "$6,911", "2011-06-30": "$6,908", "2011-03-31": "$6,843", "2010-12-31": "$6,593", "2010-09-30": "$6,618", "2010-06-30": "$6,590", "2010-03-31": "$6,513", "2009-12-31": "$6,549", "2009-09-30": "$6,533", "2009-06-30": "$6,510", "2009-03-31": "$6,158", "2008-12-31": "$6,020", "2008-09-30": "$6,084", "2008-06-30": "$6,468", "2008-03-31": "$6,050", "2007-12-31": "$5,598", "2007-09-30": "$5,461", "2007-06-30": "$5,356", "2007-03-31": "$5,145", "2006-12-31": "$4,843", "2006-09-30": "$4,429", "2006-06-30": "$4,306", "2006-03-31": "$4,068", "2005-12-31": "$3,892", "2005-09-30": "$3,566", "2005-06-30": "$3,381", "2005-03-31": "$3,236"}}, "cash-on-hand": {"JetBlue Airways Annual Cash on Hand (Millions of US $)": {"2019": "$1,328", "2018": "$887", "2017": "$693", "2016": "$971", "2015": "$876", "2014": "$708", "2013": "$627", "2012": "$731", "2011": "$1,226", "2010": "$963", "2009": "$1,149", "2008": "$639", "2007": "$834", "2006": "$699", "2005": "$484"}, "JetBlue Airways Quarterly Cash on Hand (Millions of US $)": {"2020-09-30": "$3,019", "2020-06-30": "$2,901", "2020-03-31": "$1,799", "2019-12-31": "$1,328", "2019-09-30": "$994", "2019-06-30": "$909", "2019-03-31": "$876", "2018-12-31": "$887", "2018-09-30": "$937", "2018-06-30": "$915", "2018-03-31": "$779", "2017-12-31": "$693", "2017-09-30": "$814", "2017-06-30": "$1,020", "2017-03-31": "$1,046", "2016-12-31": "$971", "2016-09-30": "$1,454", "2016-06-30": "$1,510", "2016-03-31": "$1,287", "2015-12-31": "$876", "2015-09-30": "$1,132", "2015-06-30": "$915", "2015-03-31": "$998", "2014-12-31": "$708", "2014-09-30": "$742", "2014-06-30": "$797", "2014-03-31": "$771", "2013-12-31": "$627", "2013-09-30": "$954", "2013-06-30": "$867", "2013-03-31": "$849", "2012-12-31": "$731", "2012-09-30": "$1,064", "2012-06-30": "$1,212", "2012-03-31": "$1,225", "2011-12-31": "$1,226", "2011-09-30": "$1,210", "2011-06-30": "$1,173", "2011-03-31": "$1,112", "2010-12-31": "$963", "2010-09-30": "$952", "2010-06-30": "$999", "2010-03-31": "$1,072", "2009-12-31": "$1,149", "2009-09-30": "$1,213", "2009-06-30": "$969", "2009-03-31": "$714", "2008-12-31": "$639", "2008-09-30": "$630", "2008-06-30": "$974", "2008-03-31": "$753", "2007-12-31": "$834", "2007-09-30": "$844", "2007-06-30": "$772", "2007-03-31": "$774", "2006-12-31": "$699", "2006-09-30": "$456", "2006-06-30": "$468", "2006-03-31": "$419", "2005-12-31": "$484", "2005-09-30": "$491", "2005-06-30": "$562", "2005-03-31": "$652"}}, "long-term-debt": {"JetBlue Airways Annual Long Term Debt (Millions of US $)": {"2019": "$1,990", "2018": "$1,361", "2017": "$1,003", "2016": "$1,195", "2015": "$1,379", "2014": "$1,968", "2013": "$2,116", "2012": "$2,457", "2011": "$2,850", "2010": "$2,850", "2009": "$2,920", "2008": "$2,872", "2007": "$2,588", "2006": "$2,626", "2005": "$2,103"}, "JetBlue Airways Quarterly Long Term Debt (Millions of US $)": {"2020-09-30": "$4,439", "2020-06-30": "$3,430", "2020-03-31": "$1,908", "2019-12-31": "$1,990", "2019-09-30": "$1,320", "2019-06-30": "$1,217", "2019-03-31": "$1,271", "2018-12-31": "$1,361", "2018-09-30": "$1,290", "2018-06-30": "$1,128", "2018-03-31": "$895", "2017-12-31": "$1,003", "2017-09-30": "$1,031", "2017-06-30": "$1,077", "2017-03-31": "$1,140", "2016-12-31": "$1,195", "2016-09-30": "$1,250", "2016-06-30": "$1,300", "2016-03-31": "$1,332", "2015-12-31": "$1,379", "2015-09-30": "$1,744", "2015-06-30": "$1,803", "2015-03-31": "$1,917", "2014-12-31": "$1,968", "2014-09-30": "$2,088", "2014-06-30": "$2,108", "2014-03-31": "$2,332", "2013-12-31": "$2,116", "2013-09-30": "$2,206", "2013-06-30": "$2,173", "2013-03-31": "$2,251", "2012-12-31": "$2,457", "2012-09-30": "$2,603", "2012-06-30": "$2,626", "2012-03-31": "$2,798", "2011-12-31": "$2,850", "2011-09-30": "$2,864", "2011-06-30": "$2,893", "2011-03-31": "$2,890", "2010-12-31": "$2,850", "2010-09-30": "$2,880", "2010-06-30": "$2,896", "2010-03-31": "$2,882", "2009-12-31": "$2,920", "2009-09-30": "$2,972", "2009-06-30": "$3,063", "2009-03-31": "$2,980", "2008-12-31": "$2,872", "2008-09-30": "$2,929", "2008-06-30": "$2,936", "2008-03-31": "$2,697", "2007-12-31": "$2,588", "2007-09-30": "$2,589", "2007-06-30": "$2,756", "2007-03-31": "$2,685", "2006-12-31": "$2,626", "2006-09-30": "$2,338", "2006-06-30": "$2,287", "2006-03-31": "$2,154", "2005-12-31": "$2,103", "2005-09-30": "$1,998", "2005-06-30": "$1,844", "2005-03-31": "$1,747"}}, "total-liabilities": {"JetBlue Airways Annual Total Liabilities (Millions of US $)": {"2019": "$7,119", "2018": "$6,274", "2017": "$5,049", "2016": "$5,310", "2015": "$5,434", "2014": "$5,310", "2013": "$5,216", "2012": "$5,182", "2011": "$5,314", "2010": "$4,939", "2009": "$5,003", "2008": "$4,754", "2007": "$4,562", "2006": "$3,891", "2005": "$2,981"}, "JetBlue Airways Quarterly Total Liabilities (Millions of US $)": {"2020-09-30": "$9,716", "2020-06-30": "$9,933", "2020-03-31": "$7,974", "2019-12-31": "$7,119", "2019-09-30": "$6,555", "2019-06-30": "$6,539", "2019-03-31": "$6,508", "2018-12-31": "$6,274", "2018-09-30": "$5,733", "2018-06-30": "$5,459", "2018-03-31": "$5,330", "2017-12-31": "$5,049", "2017-09-30": "$5,457", "2017-06-30": "$5,564", "2017-03-31": "$5,481", "2016-12-31": "$5,310", "2016-09-30": "$5,733", "2016-06-30": "$5,814", "2016-03-31": "$5,648", "2015-12-31": "$5,434", "2015-09-30": "$5,577", "2015-06-30": "$5,524", "2015-03-31": "$5,595", "2014-12-31": "$5,310", "2014-09-30": "$5,355", "2014-06-30": "$5,342", "2014-03-31": "$5,509", "2013-12-31": "$5,216", "2013-09-30": "$5,426", "2013-06-30": "$5,436", "2013-03-31": "$5,337", "2012-12-31": "$5,182", "2012-09-30": "$5,238", "2012-06-30": "$5,291", "2012-03-31": "$5,342", "2011-12-31": "$5,314", "2011-09-30": "$5,204", "2011-06-30": "$5,218", "2011-03-31": "$5,166", "2010-12-31": "$4,939", "2010-09-30": "$4,995", "2010-06-30": "$5,034", "2010-03-31": "$4,979", "2009-12-31": "$5,003", "2009-09-30": "$5,022", "2009-06-30": "$5,026", "2009-03-31": "$4,846", "2008-12-31": "$4,754", "2008-09-30": "$4,803", "2008-06-30": "$5,090", "2008-03-31": "$4,721", "2007-12-31": "$4,562", "2007-09-30": "$4,437", "2007-06-30": "$4,363", "2007-03-31": "$4,185", "2006-12-31": "$3,891", "2006-09-30": "$3,512", "2006-06-30": "$3,388", "2006-03-31": "$3,179", "2005-12-31": "$2,981", "2005-09-30": "$2,779", "2005-06-30": "$2,592", "2005-03-31": "$2,464"}}, "total-share-holder-equity": {"JetBlue Airways Annual Share Holder Equity (Millions of US $)": {"2019": "$4,799", "2018": "$4,685", "2017": "$4,732", "2016": "$4,013", "2015": "$3,210", "2014": "$2,529", "2013": "$2,134", "2012": "$1,888", "2011": "$1,757", "2010": "$1,654", "2009": "$1,546", "2008": "$1,266", "2007": "$1,036", "2006": "$952", "2005": "$911"}, "JetBlue Airways Quarterly Share Holder Equity (Millions of US $)": {"2020-09-30": "$3,717", "2020-06-30": "$4,094", "2020-03-31": "$4,366", "2019-12-31": "$4,799", "2019-09-30": "$4,764", "2019-06-30": "$4,697", "2019-03-31": "$4,607", "2018-12-31": "$4,685", "2018-09-30": "$4,414", "2018-06-30": "$4,481", "2018-03-31": "$4,697", "2017-12-31": "$4,732", "2017-09-30": "$4,139", "2017-06-30": "$4,080", "2017-03-31": "$3,992", "2016-12-31": "$4,013", "2016-09-30": "$3,846", "2016-06-30": "$3,644", "2016-03-31": "$3,414", "2015-12-31": "$3,210", "2015-09-30": "$3,017", "2015-06-30": "$2,793", "2015-03-31": "$2,709", "2014-12-31": "$2,529", "2014-09-30": "$2,386", "2014-06-30": "$2,315", "2014-03-31": "$2,136", "2013-12-31": "$2,134", "2013-09-30": "$2,018", "2013-06-30": "$1,932", "2013-03-31": "$1,897", "2012-12-31": "$1,888", "2012-09-30": "$1,903", "2012-06-30": "$1,841", "2012-03-31": "$1,801", "2011-12-31": "$1,757", "2011-09-30": "$1,707", "2011-06-30": "$1,690", "2011-03-31": "$1,677", "2010-12-31": "$1,654", "2010-09-30": "$1,623", "2010-06-30": "$1,556", "2010-03-31": "$1,534", "2009-12-31": "$1,546", "2009-09-30": "$1,511", "2009-06-30": "$1,484", "2009-03-31": "$1,312", "2008-12-31": "$1,266", "2008-09-30": "$1,281", "2008-06-30": "$1,378", "2008-03-31": "$1,329", "2007-12-31": "$1,036", "2007-09-30": "$1,024", "2007-06-30": "$993", "2007-03-31": "$960", "2006-12-31": "$952", "2006-09-30": "$917", "2006-06-30": "$918", "2006-03-31": "$889", "2005-12-31": "$911", "2005-09-30": "$787", "2005-06-30": "$789", "2005-03-31": "$772"}}, "profit-margins": {"current": "-46.08%"}, "gross margin": {"2020-12-31": "48.78%", "2020-09-30": "56.39%", "2020-06-30": "60.36%", "2020-03-31": "62.04%", "2019-12-31": "62.45%", "2019-09-30": "62.04%", "2019-06-30": "60.99%", "2019-03-31": "59.76%", "2018-12-31": "59.65%", "2018-09-30": "59.20%", "2018-06-30": "60.99%", "2018-03-31": "63.41%", "2017-12-31": "63.99%", "2017-09-30": "65.34%", "2017-06-30": "65.70%", "2017-03-31": "65.94%", "2016-12-31": "68.04%", "2016-09-30": "68.17%", "2016-06-30": "67.60%", "2016-03-31": "66.15%", "2015-12-31": "64.12%", "2015-09-30": "61.26%", "2015-06-30": "57.84%", "2015-03-31": "55.42%", "2014-12-31": "52.29%", "2014-09-30": "51.34%", "2014-06-30": "50.95%", "2014-03-31": "49.97%", "2013-12-31": "49.20%", "2013-09-30": "48.48%", "2013-06-30": "48.15%", "2013-03-31": "48.52%", "2012-12-31": "48.80%", "2012-09-30": "49.25%", "2012-06-30": "49.33%", "2012-03-31": "48.99%", "2011-12-31": "49.58%", "2011-09-30": "50.56%", "2011-06-30": "52.99%", "2011-03-31": "55.13%", "2010-12-31": "56.58%", "2010-09-30": "57.35%", "2010-06-30": "56.52%", "2010-03-31": "56.38%", "2009-12-31": "56.47%", "2009-09-30": "53.72%", "2009-06-30": "50.50%", "2009-03-31": "47.49%", "2008-12-31": "45.40%", "2008-09-30": "44.96%", "2008-06-30": "47.66%", "2008-03-31": "50.46%", "2007-12-31": "51.51%", "2007-09-30": "54.35%", "2007-06-30": "53.71%", "2007-03-31": "53.65%", "2006-12-31": "53.45%", "2006-09-30": "52.07%", "2006-06-30": "52.97%", "2006-03-31": "54.13%", "2005-12-31": "56.61%"}, "operating margin": {"2020-12-31": "-57.98%", "2020-09-30": "-23.87%", "2020-06-30": "-4.56%", "2020-03-31": "4.99%", "2019-12-31": "9.88%", "2019-09-30": "9.81%", "2019-06-30": "7.78%", "2019-03-31": "2.79%", "2018-12-31": "3.47%", "2018-09-30": "2.97%", "2018-06-30": "6.30%", "2018-03-31": "13.34%", "2017-12-31": "13.88%", "2017-09-30": "15.29%", "2017-06-30": "16.08%", "2017-03-31": "16.03%", "2016-12-31": "19.14%", "2016-09-30": "20.44%", "2016-06-30": "20.54%", "2016-03-31": "20.16%", "2015-12-31": "18.95%", "2015-09-30": "16.83%", "2015-06-30": "14.21%", "2015-03-31": "12.13%", "2014-12-31": "8.85%", "2014-09-30": "8.04%", "2014-06-30": "7.95%", "2014-03-31": "7.47%", "2013-12-31": "7.87%", "2013-09-30": "6.77%", "2013-06-30": "6.19%", "2013-03-31": "6.81%", "2012-12-31": "7.55%", "2012-09-30": "8.41%", "2012-06-30": "8.50%", "2012-03-31": "7.80%", "2011-12-31": "7.15%", "2011-09-30": "6.84%", "2011-06-30": "7.89%", "2011-03-31": "8.55%", "2010-12-31": "8.81%", "2010-09-30": "9.46%", "2010-06-30": "7.82%", "2010-03-31": "7.57%", "2009-12-31": "8.66%", "2009-09-30": "8.20%", "2009-06-30": "6.75%", "2009-03-31": "5.02%", "2008-12-31": "3.33%", "2008-09-30": "2.71%", "2008-06-30": "4.62%", "2008-03-31": "6.52%", "2007-12-31": "5.95%", "2007-09-30": "7.42%", "2007-06-30": "6.35%", "2007-03-31": "5.60%", "2006-12-31": "5.37%", "2006-09-30": "1.47%", "2006-06-30": "0.25%", "2006-03-31": "-0.11%", "2005-12-31": "2.82%"}, "ebitda margin": {"2020-09-30": "-11.23%", "2020-06-30": "4.78%", "2020-03-31": "11.91%", "2019-12-31": "16.37%", "2019-09-30": "16.16%", "2019-06-30": "14.00%", "2019-03-31": "8.99%", "2018-12-31": "9.60%", "2018-09-30": "8.87%", "2018-06-30": "12.30%", "2018-03-31": "19.34%", "2017-12-31": "19.92%", "2017-09-30": "21.60%", "2017-06-30": "22.27%", "2017-03-31": "22.23%", "2016-12-31": "25.11%", "2016-09-30": "26.24%", "2016-06-30": "26.12%", "2016-03-31": "25.52%", "2015-12-31": "24.33%", "2015-09-30": "22.21%", "2015-06-30": "19.64%", "2015-03-31": "17.64%", "2014-12-31": "14.44%", "2014-09-30": "13.67%", "2014-06-30": "13.63%", "2014-03-31": "13.22%", "2013-12-31": "13.49%", "2013-09-30": "12.35%", "2013-06-30": "11.74%", "2013-03-31": "12.27%", "2012-12-31": "12.95%", "2012-09-30": "13.76%", "2012-06-30": "13.81%", "2012-03-31": "13.16%", "2011-12-31": "12.63%", "2011-09-30": "12.38%", "2011-06-30": "13.58%", "2011-03-31": "14.41%", "2010-12-31": "14.90%", "2010-09-30": "15.79%", "2010-06-30": "14.56%", "2010-03-31": "14.60%", "2009-12-31": "15.77%", "2009-09-30": "15.39%", "2009-06-30": "13.69%", "2009-03-31": "11.55%", "2008-12-31": "9.52%", "2008-09-30": "8.62%", "2008-06-30": "10.51%", "2008-03-31": "12.49%", "2007-12-31": "12.28%", "2007-09-30": "13.89%", "2007-06-30": "12.81%", "2007-03-31": "12.21%", "2006-12-31": "11.89%", "2006-09-30": "8.13%", "2006-06-30": "7.15%", "2006-03-31": "6.82%", "2005-12-31": "9.70%"}, "pre tax profit margin": {"2020-12-31": "-64.07%", "2020-09-30": "-26.85%", "2020-06-30": "-5.57%", "2020-03-31": "4.56%", "2019-12-31": "9.49%", "2019-09-30": "9.32%", "2019-06-30": "7.07%", "2019-03-31": "2.11%", "2018-12-31": "2.86%", "2018-09-30": "2.60%", "2018-06-30": "5.83%", "2018-03-31": "12.70%", "2017-12-31": "13.09%", "2017-09-30": "14.09%", "2017-06-30": "14.76%", "2017-03-31": "14.65%", "2016-12-31": "17.68%", "2016-09-30": "18.91%", "2016-06-30": "18.91%", "2016-03-31": "18.41%", "2015-12-31": "17.10%", "2015-09-30": "14.90%", "2015-06-30": "12.18%", "2015-03-31": "14.00%", "2014-12-31": "10.71%", "2014-09-30": "9.76%", "2014-06-30": "9.68%", "2014-03-31": "4.77%", "2013-12-31": "5.13%", "2013-09-30": "3.85%", "2013-06-30": "3.06%", "2013-03-31": "3.60%", "2012-12-31": "4.20%", "2012-09-30": "5.03%", "2012-06-30": "4.79%", "2012-03-31": "4.00%", "2011-12-31": "3.22%", "2011-09-30": "2.75%", "2011-06-30": "3.85%", "2011-03-31": "4.29%", "2010-12-31": "4.26%", "2010-09-30": "4.70%", "2010-06-30": "2.83%", "2010-03-31": "2.46%", "2009-12-31": "3.16%", "2009-09-30": "0.89%", "2009-06-30": "-0.12%", "2009-03-31": "-1.57%", "2008-12-31": "-2.62%", "2008-09-30": "-1.57%", "2008-06-30": "0.13%", "2008-03-31": "1.97%", "2007-12-31": "1.09%", "2007-09-30": "2.70%", "2007-06-30": "1.12%", "2007-03-31": "0.44%", "2006-12-31": "0.38%", "2006-09-30": "-3.49%", "2006-06-30": "-4.05%", "2006-03-31": "-4.51%", "2005-12-31": "-1.41%"}, "net profit margin": {"2020-12-31": "-46.08%", "2020-09-30": "-18.95%", "2020-06-30": "-4.05%", "2020-03-31": "3.32%", "2019-12-31": "7.03%", "2019-09-30": "7.20%", "2019-06-30": "5.55%", "2019-03-31": "1.81%", "2018-12-31": "2.47%", "2018-09-30": "9.25%", "2018-06-30": "11.30%", "2018-03-31": "16.02%", "2017-12-31": "16.26%", "2017-09-30": "8.91%", "2017-06-30": "9.29%", "2017-03-31": "9.17%", "2016-12-31": "11.04%", "2016-09-30": "11.80%", "2016-06-30": "11.87%", "2016-03-31": "11.48%", "2015-12-31": "10.55%", "2015-09-30": "9.17%", "2015-06-30": "7.46%", "2015-03-31": "8.91%", "2014-12-31": "6.89%", "2014-09-30": "6.28%", "2014-06-30": "6.23%", "2014-03-31": "2.88%", "2013-12-31": "3.09%", "2013-09-30": "2.31%", "2013-06-30": "1.87%", "2013-03-31": "2.21%", "2012-12-31": "2.57%", "2012-09-30": "3.04%", "2012-06-30": "2.90%", "2012-03-31": "2.41%", "2011-12-31": "1.91%", "2011-09-30": "1.65%", "2011-06-30": "2.30%", "2011-03-31": "2.58%", "2010-12-31": "2.57%", "2010-09-30": "2.80%", "2010-06-30": "1.68%", "2010-03-31": "1.42%", "2009-12-31": "1.85%", "2009-09-30": "-0.31%", "2009-06-30": "-0.99%", "2009-03-31": "-1.84%", "2008-12-31": "-2.48%", "2008-09-30": "-1.12%", "2008-06-30": "-0.19%", "2008-03-31": "0.79%", "2007-12-31": "0.42%", "2007-09-30": "1.43%", "2007-06-30": "0.62%", "2007-03-31": "0.36%", "2006-12-31": "-0.04%", "2006-09-30": "-2.76%", "2006-06-30": "-2.85%", "2006-03-31": "-3.19%", "2005-12-31": "-1.18%"}, "pe ratio": {"current": "0.00", "2021-02-05": "0.00", "2020-12-31": "0.00", "2020-09-30": "0.00", "2020-06-30": "0.00", "2020-03-31": "11.05", "2019-12-31": "9.75", "2019-09-30": "8.77", "2019-06-30": "12.84", "2019-03-31": "34.81", "2018-12-31": "26.77", "2018-09-30": "9.09", "2018-06-30": "7.53", "2018-03-31": "5.74", "2017-12-31": "6.35", "2017-09-30": "9.55", "2017-06-30": "11.59", "2017-03-31": "11.08", "2016-12-31": "10.19", "2016-09-30": "7.63", "2016-06-30": "7.33", "2016-03-31": "9.73", "2015-12-31": "11.44", "2015-09-30": "15.34", "2015-06-30": "15.49", "2015-03-31": "12.18", "2014-12-31": "13.33", "2014-09-30": "9.93", "2014-06-30": "10.43", "2014-03-31": "18.49", "2013-12-31": "16.75", "2013-09-30": "18.01", "2013-06-30": "20.97", "2013-03-31": "19.71", "2012-12-31": "14.67", "2012-09-30": "10.42", "2012-06-30": "12.33", "2012-03-31": "13.97", "2011-12-31": "19.26", "2011-09-30": "17.78", "2011-06-30": "20.33", "2011-03-31": "19.59", "2010-12-31": "22.03", "2010-09-30": "21.58", "2010-06-30": "30.50", "2010-03-31": "37.20", "2009-12-31": "25.95", "2009-09-30": "0.00", "2009-06-30": "0.00", "2009-03-31": "0.00", "2008-12-31": "0.00", "2008-09-30": "0.00", "2008-06-30": "124.33", "2008-03-31": "34.12", "2007-12-31": "65.56", "2007-09-30": "43.90", "2007-06-30": "130.56", "2007-03-31": "191.83", "2006-12-31": "0.00"}, "price sales": {"2021-02-05": "1.48", "2020-12-31": "1.36", "2020-09-30": "0.75", "2020-06-30": "0.53", "2020-03-31": "0.34", "2019-12-31": "0.70", "2019-09-30": "0.63", "2019-06-30": "0.72", "2019-03-31": "0.66", "2018-12-31": "0.66", "2018-09-30": "0.83", "2018-06-30": "0.85", "2018-03-31": "0.93", "2017-12-31": "1.06", "2017-09-30": "0.91", "2017-06-30": "1.14", "2017-03-31": "1.07", "2016-12-31": "1.17", "2016-09-30": "0.90", "2016-06-30": "0.87", "2016-03-31": "1.12", "2015-12-31": "1.22", "2015-09-30": "1.42", "2015-06-30": "1.17", "2015-03-31": "1.10", "2014-12-31": "0.90", "2014-09-30": "0.61", "2014-06-30": "0.64", "2014-03-31": "0.52", "2013-12-31": "0.52", "2013-09-30": "0.42", "2013-06-30": "0.41", "2013-03-31": "0.45", "2012-12-31": "0.39", "2012-09-30": "0.33", "2012-06-30": "0.38", "2012-03-31": "0.36", "2011-12-31": "0.38", "2011-09-30": "0.31", "2011-06-30": "0.48", "2011-03-31": "0.52", "2010-12-31": "0.57", "2010-09-30": "0.59", "2010-06-30": "0.50", "2010-03-31": "0.52", "2009-12-31": "0.52", "2009-09-30": "0.52", "2009-06-30": "0.33", "2009-03-31": "0.26", "2008-12-31": "0.47", "2008-09-30": "0.32", "2008-06-30": "0.24", "2008-03-31": "0.38", "2007-12-31": "0.39", "2007-09-30": "0.63", "2007-06-30": "0.82", "2007-03-31": "0.82", "2006-12-31": "1.06"}, "price book": {"current": "1.16", "2021-02-05": "1.16", "2020-09-30": "0.83", "2020-06-30": "0.72", "2020-03-31": "0.55", "2019-12-31": "1.10", "2019-09-30": "1.01", "2019-06-30": "1.17", "2019-03-31": "1.07", "2018-12-31": "1.05", "2018-09-30": "1.34", "2018-06-30": "1.33", "2018-03-31": "1.37", "2017-12-31": "1.52", "2017-09-30": "1.44", "2017-06-30": "1.84", "2017-03-31": "1.72", "2016-12-31": "1.88", "2016-09-30": "1.45", "2016-06-30": "1.47", "2016-03-31": "1.99", "2015-12-31": "2.27", "2015-09-30": "2.69", "2015-06-30": "2.34", "2015-03-31": "2.23", "2014-12-31": "1.94", "2014-09-30": "1.30", "2014-06-30": "1.37", "2014-03-31": "1.21", "2013-12-31": "1.18", "2013-09-30": "0.93", "2013-06-30": "0.92", "2013-03-31": "1.02", "2012-12-31": "0.85", "2012-09-30": "0.72", "2012-06-30": "0.82", "2012-03-31": "0.77", "2011-12-31": "0.83", "2011-09-30": "0.71", "2011-06-30": "1.07", "2011-03-31": "1.11", "2010-12-31": "1.18", "2010-09-30": "1.21", "2010-06-30": "1.04", "2010-03-31": "1.06", "2009-12-31": "1.03", "2009-09-30": "1.15", "2009-06-30": "0.86", "2009-03-31": "0.76", "2008-12-31": "1.52", "2008-09-30": "1.05", "2008-06-30": "0.73", "2008-03-31": "0.98", "2007-12-31": "1.03", "2007-09-30": "1.62", "2007-06-30": "2.13", "2007-03-31": "2.14", "2006-12-31": "2.65", "2006-09-30": "1.77", "2006-06-30": "2.32", "2006-03-31": "2.09"}, "price fcf": {"2021-02-05": "", "2020-09-30": "$-3.79", "2020-06-30": "$-1.44", "2020-03-31": "$-0.73", "2019-12-31": "$0.98", "2019-09-30": "$1.19", "2019-06-30": "$0.92", "2019-03-31": "$0.22", "2018-12-31": "$0.27", "2018-09-30": "$0.56", "2018-06-30": "$0.67", "2018-03-31": "$0.99", "2017-12-31": "$0.54", "2017-09-30": "$0.55", "2017-06-30": "$0.67", "2017-03-31": "$1.02", "2016-12-31": "$1.81", "2016-09-30": "$1.84", "2016-06-30": "$2.53", "2016-03-31": "$2.09", "2015-12-31": "$1.91", "2015-09-30": "$1.95", "2015-06-30": "$1.08", "2015-03-31": "$0.76", "2014-12-31": "$0.16", "2014-09-30": "$0.09", "2014-06-30": "$0.43", "2014-03-31": "$0.40", "2013-12-31": "$0.35", "2013-09-30": "$-0.10", "2013-06-30": "$-0.41", "2013-03-31": "$-0.16", "2012-12-31": "$-0.24", "2012-09-30": "$0.33", "2012-06-30": "$0.29", "2012-03-31": "$0.18", "2011-12-31": "$0.25", "2011-09-30": "$0.32", "2011-06-30": "$0.55", "2011-03-31": "$0.34", "2010-12-31": "$0.61", "2010-09-30": "$0.84", "2010-06-30": "$0.96", "2010-03-31": "$0.92", "2009-12-31": "$0.09", "2009-09-30": "$-0.86", "2009-06-30": "$-1.66", "2009-03-31": "$-1.61", "2008-12-31": "$-2.49", "2008-09-30": "$-2.10", "2008-06-30": "$-2.17", "2008-03-31": "$-2.95", "2007-12-31": "$-2.87", "2007-09-30": "$-3.17", "2007-06-30": "$-3.47", "2007-03-31": "$-4.32", "2006-12-31": "$-4.70"}, "net worth": {"value": "$4.97B"}, "current ratio": {"2020-12-31": "0.00", "2020-09-30": "1.23", "2020-06-30": "0.95", "2020-03-31": "0.61", "2019-12-31": "0.67", "2019-09-30": "0.53", "2019-06-30": "0.51", "2019-03-31": "0.53", "2018-12-31": "0.55", "2018-09-30": "0.60", "2018-06-30": "0.59", "2018-03-31": "0.53", "2017-12-31": "0.56", "2017-09-30": "0.56", "2017-06-30": "0.58", "2017-03-31": "0.61", "2016-12-31": "0.63", "2016-09-30": "0.80", "2016-06-30": "0.80", "2016-03-31": "0.72", "2015-12-31": "0.60", "2015-09-30": "0.73", "2015-06-30": "0.64", "2015-03-31": "0.69", "2014-12-31": "0.62", "2014-09-30": "0.63", "2014-06-30": "0.65", "2014-03-31": "0.69", "2013-12-31": "0.56", "2013-09-30": "0.68", "2013-06-30": "0.62", "2013-03-31": "0.66", "2012-12-31": "0.68", "2012-09-30": "0.98", "2012-06-30": "1.03", "2012-03-31": "1.13", "2011-12-31": "1.15", "2011-09-30": "1.24", "2011-06-30": "1.19", "2011-03-31": "1.22", "2010-12-31": "1.24", "2010-09-30": "1.17", "2010-06-30": "1.14", "2010-03-31": "1.22", "2009-12-31": "1.33", "2009-09-30": "1.27", "2009-06-30": "1.12", "2009-03-31": "0.97", "2008-12-31": "0.89", "2008-09-30": "0.88", "2008-06-30": "0.98", "2008-03-31": "0.84", "2007-12-31": "0.89", "2007-09-30": "0.90", "2007-06-30": "1.05", "2007-03-31": "0.98", "2006-12-31": "1.09", "2006-09-30": "0.72", "2006-06-30": "0.74", "2006-03-31": "0.77", "2005-12-31": "0.94", "2005-09-30": "0.99", "2005-06-30": "1.15", "2005-03-31": "1.33"}, "quick ratio": {"2020-12-31": "0.00", "2020-09-30": "1.21", "2020-06-30": "0.93", "2020-03-31": "0.58", "2019-12-31": "0.64", "2019-09-30": "0.50", "2019-06-30": "0.48", "2019-03-31": "0.50", "2018-12-31": "0.52", "2018-09-30": "0.57", "2018-06-30": "0.56", "2018-03-31": "0.00", "2017-12-31": "0.54", "2017-09-30": "0.00", "2017-06-30": "0.00", "2017-03-31": "0.00", "2016-12-31": "0.61", "2016-09-30": "0.00", "2016-06-30": "0.00", "2016-03-31": "0.00", "2015-12-31": "0.58", "2015-09-30": "0.00", "2015-06-30": "0.00", "2015-03-31": "0.00", "2014-12-31": "0.60", "2014-09-30": "0.00", "2014-06-30": "0.00", "2014-03-31": "0.00", "2013-12-31": "0.54", "2013-09-30": "0.00", "2013-06-30": "0.00", "2013-03-31": "0.00", "2012-12-31": "0.66", "2012-09-30": "0.00", "2012-06-30": "0.00", "2012-03-31": "0.00", "2011-12-31": "1.12", "2011-09-30": "0.00", "2011-06-30": "0.00", "2011-03-31": "0.00", "2010-12-31": "1.20", "2010-09-30": "0.00", "2010-06-30": "0.00", "2010-03-31": "0.00", "2009-12-31": "1.29", "2009-09-30": "0.00", "2009-06-30": "0.00", "2009-03-31": "0.00", "2008-12-31": "0.86", "2008-09-30": "0.00", "2008-06-30": "0.00", "2008-03-31": "0.82", "2007-12-31": "0.87", "2007-09-30": "0.00", "2007-06-30": "0.00", "2007-03-31": "0.00", "2006-12-31": "1.05", "2006-09-30": "0.00", "2006-06-30": "0.00", "2006-03-31": "0.00", "2005-12-31": "0.91", "2005-09-30": "0.00", "2005-06-30": "0.00", "2005-03-31": "0.00"}, "debt equity ratio": {"current": "1.19", "2020-12-31": "0.00", "2020-09-30": "2.61", "2020-06-30": "2.43", "2020-03-31": "1.83", "2019-12-31": "1.48", "2019-09-30": "1.38", "2019-06-30": "1.39", "2019-03-31": "1.41", "2018-12-31": "1.34", "2018-09-30": "1.30", "2018-06-30": "1.22", "2018-03-31": "1.14", "2017-12-31": "1.07", "2017-09-30": "1.32", "2017-06-30": "1.36", "2017-03-31": "1.37", "2016-12-31": "1.32", "2016-09-30": "1.49", "2016-06-30": "1.60", "2016-03-31": "1.65", "2015-12-31": "1.69", "2015-09-30": "1.85", "2015-06-30": "1.98", "2015-03-31": "2.07", "2014-12-31": "2.10", "2014-09-30": "2.24", "2014-06-30": "2.31", "2014-03-31": "2.58", "2013-12-31": "2.44", "2013-09-30": "2.69", "2013-06-30": "2.81", "2013-03-31": "2.81", "2012-12-31": "2.75", "2012-09-30": "2.75", "2012-06-30": "2.87", "2012-03-31": "2.97", "2011-12-31": "3.02", "2011-09-30": "3.05", "2011-06-30": "3.09", "2011-03-31": "3.08", "2010-12-31": "2.99", "2010-09-30": "3.08", "2010-06-30": "3.24", "2010-03-31": "3.25", "2009-12-31": "3.24", "2009-09-30": "3.32", "2009-06-30": "3.39", "2009-03-31": "3.69", "2008-12-31": "3.76", "2008-09-30": "3.75", "2008-06-30": "3.69", "2008-03-31": "3.55", "2007-12-31": "4.40", "2007-09-30": "4.33", "2007-06-30": "4.39", "2007-03-31": "4.36", "2006-12-31": "4.09", "2006-09-30": "3.83", "2006-06-30": "3.69", "2006-03-31": "3.58", "2005-12-31": "3.27", "2005-09-30": "3.53", "2005-06-30": "3.28", "2005-03-31": "3.19"}, "return on equity": {"2020-12-31": "-44.74%", "2020-09-30": "-19.32%", "2020-06-30": "-5.33%", "2020-03-31": "5.56%", "2019-12-31": "12.06%", "2019-09-30": "12.33%", "2019-06-30": "9.59%", "2019-03-31": "3.10%", "2018-12-31": "4.14%", "2018-09-30": "15.04%", "2018-06-30": "18.17%", "2018-03-31": "26.02%", "2017-12-31": "26.91%", "2017-09-30": "15.04%", "2017-06-30": "15.77%", "2017-03-31": "15.54%", "2016-12-31": "19.49%", "2016-09-30": "22.02%", "2016-06-30": "23.36%", "2016-03-31": "24.03%", "2015-12-31": "23.09%", "2015-09-30": "20.82%", "2015-06-30": "17.51%", "2015-03-31": "21.49%", "2014-12-31": "17.13%", "2014-09-30": "16.05%", "2014-06-30": "16.37%", "2014-03-31": "7.69%", "2013-12-31": "8.42%", "2013-09-30": "6.31%", "2013-06-30": "5.04%", "2013-03-31": "5.95%", "2012-12-31": "6.89%", "2012-09-30": "8.22%", "2012-06-30": "7.88%", "2012-03-31": "6.50%", "2011-12-31": "5.04%", "2011-09-30": "4.22%", "2011-06-30": "5.72%", "2011-03-31": "6.21%", "2010-12-31": "6.09%", "2010-09-30": "6.58%", "2010-06-30": "3.84%", "2010-03-31": "3.16%", "2009-12-31": "4.17%", "2009-09-30": "-0.72%", "2009-06-30": "-2.47%", "2009-03-31": "-4.74%", "2008-12-31": "-6.40%", "2008-09-30": "-2.95%", "2008-06-30": "-0.50%", "2008-03-31": "2.19%", "2007-12-31": "1.20%", "2007-09-30": "3.97%", "2007-03-31": "0.96%", "2006-12-31": "-0.11%", "2006-06-30": "-6.50%", "2006-03-31": "-6.87%", "2005-12-31": "-2.45%"}, "return on assets": {"2020-12-31": "-13.69%", "2020-09-30": "-6.34%", "2020-06-30": "-1.94%", "2020-03-31": "2.21%", "2019-12-31": "4.99%", "2019-09-30": "5.18%", "2019-06-30": "4.06%", "2019-03-31": "1.34%", "2018-12-31": "1.84%", "2018-09-30": "6.91%", "2018-06-30": "8.34%", "2018-03-31": "11.76%", "2017-12-31": "11.85%", "2017-09-30": "6.41%", "2017-06-30": "6.61%", "2017-03-31": "6.36%", "2016-12-31": "7.77%", "2016-09-30": "8.46%", "2016-06-30": "8.68%", "2016-03-31": "8.63%", "2015-12-31": "8.00%", "2015-09-30": "6.96%", "2015-06-30": "5.66%", "2015-03-31": "6.77%", "2014-12-31": "5.19%", "2014-09-30": "4.74%", "2014-06-30": "4.68%", "2014-03-31": "2.12%", "2013-12-31": "2.29%", "2013-09-30": "1.68%", "2013-06-30": "1.33%", "2013-03-31": "1.57%", "2012-12-31": "1.80%", "2012-09-30": "2.11%", "2012-06-30": "1.98%", "2012-03-31": "1.61%", "2011-12-31": "1.24%", "2011-09-30": "1.04%", "2011-06-30": "1.41%", "2011-03-31": "1.52%", "2010-12-31": "1.47%", "2010-09-30": "1.57%", "2010-06-30": "0.90%", "2010-03-31": "0.74%", "2009-12-31": "0.95%", "2009-09-30": "-0.16%", "2009-06-30": "-0.53%", "2009-03-31": "-1.00%", "2008-12-31": "-1.36%", "2008-09-30": "-0.61%", "2008-06-30": "-0.10%", "2008-03-31": "0.43%", "2007-12-31": "0.22%", "2007-09-30": "0.75%", "2007-03-31": "0.19%", "2006-12-31": "-0.02%", "2006-06-30": "-1.44%", "2006-03-31": "-1.56%", "2005-12-31": "-0.57%"}, "return on investments": {"2020-12-31": "-31.23%", "2020-09-30": "-14.38%", "2020-06-30": "-4.05%", "2020-03-31": "6.22%", "2019-12-31": "12.97%", "2019-09-30": "13.18%", "2019-06-30": "10.52%", "2019-03-31": "3.74%", "2018-12-31": "4.64%", "2018-09-30": "3.90%", "2018-06-30": "8.27%", "2018-03-31": "17.66%", "2017-12-31": "18.36%", "2017-09-30": "20.26%", "2017-06-30": "21.11%", "2017-03-31": "20.67%", "2016-12-31": "25.21%", "2016-09-30": "27.79%", "2016-06-30": "28.21%", "2016-03-31": "28.08%", "2015-12-31": "26.19%", "2015-09-30": "22.84%", "2015-06-30": "19.08%", "2015-03-31": "16.14%", "2014-12-31": "11.53%", "2014-09-30": "10.47%", "2014-06-30": "10.34%", "2014-03-31": "9.62%", "2013-12-31": "10.23%", "2013-09-30": "8.49%", "2013-06-30": "7.44%", "2013-03-31": "7.92%", "2012-12-31": "8.39%", "2012-09-30": "9.13%", "2012-06-30": "8.99%", "2012-03-31": "7.97%", "2011-12-31": "7.03%", "2011-09-30": "6.45%", "2011-06-30": "7.18%", "2011-03-31": "7.43%", "2010-12-31": "7.45%", "2010-09-30": "7.80%", "2010-06-30": "6.15%", "2010-03-31": "5.69%", "2009-12-31": "6.41%", "2009-09-30": "6.14%", "2009-06-30": "5.21%", "2009-03-31": "3.99%", "2008-12-31": "2.71%", "2008-09-30": "2.23%", "2008-06-30": "3.77%", "2008-03-31": "5.30%", "2007-12-31": "4.62%", "2007-09-30": "5.57%", "2007-06-30": "4.64%", "2007-03-31": "4.06%", "2006-12-31": "3.88%", "2006-09-30": "1.02%", "2006-06-30": "0.17%", "2006-03-31": "-0.07%", "2005-12-31": "1.75%"}, "return on tangible equity": {"2020-09-30": "-19.32%", "2020-06-30": "-5.33%", "2020-03-31": "5.56%", "2019-12-31": "12.06%", "2019-09-30": "12.33%", "2019-06-30": "9.59%", "2019-03-31": "3.10%", "2018-12-31": "4.14%", "2018-09-30": "15.04%", "2018-06-30": "18.17%", "2018-03-31": "26.02%", "2017-12-31": "26.91%", "2017-09-30": "15.04%", "2017-06-30": "15.77%", "2017-03-31": "15.54%", "2016-12-31": "19.49%", "2016-09-30": "22.02%", "2016-06-30": "23.36%", "2016-03-31": "24.03%", "2015-12-31": "23.09%", "2015-09-30": "20.82%", "2015-06-30": "17.51%", "2015-03-31": "21.49%", "2014-12-31": "17.13%", "2014-09-30": "16.05%", "2014-06-30": "16.37%", "2014-03-31": "7.69%", "2013-12-31": "8.42%", "2013-09-30": "6.31%", "2013-06-30": "5.04%", "2013-03-31": "5.95%", "2012-12-31": "6.89%", "2012-09-30": "8.22%", "2012-06-30": "7.88%", "2012-03-31": "6.50%", "2011-12-31": "5.04%", "2011-09-30": "4.22%", "2011-06-30": "5.72%", "2011-03-31": "6.21%", "2010-12-31": "6.09%", "2010-09-30": "6.58%", "2010-06-30": "3.84%", "2010-03-31": "3.16%", "2009-12-31": "4.17%", "2009-09-30": "-0.72%", "2009-06-30": "-2.47%", "2009-03-31": "-4.74%", "2008-12-31": "-6.40%", "2008-09-30": "-2.96%", "2008-06-30": "-0.51%", "2008-03-31": "2.23%", "2007-12-31": "1.23%", "2007-09-30": "4.09%", "2007-03-31": "1.00%", "2006-12-31": "-0.11%", "2006-06-30": "-6.83%", "2006-03-31": "-7.26%", "2005-12-31": "-2.61%"}, "dividend yield history": {"last payout": "$0.00", "last yield": "0.00%"}}