{"ticker": "JKHY", "price": {"title": "Jack Henry & Associates Historical Annual Stock Price Data", "value": 148.64, "historical": {"2021": {"Average Stock Price": "154.6196", "Year Open": "158.6600", "Year High": "166.9500", "Year Low": "144.7900", "Year Close": "148.6400", "Annual % Change": "-8.24%"}, "2020": {"Average Stock Price": "165.5539", "Year Open": "145.8900", "Year High": "199.1300", "Year Low": "129.6100", "Year Close": "161.9900", "Annual % Change": "11.20%"}, "2019": {"Average Stock Price": "139.6540", "Year Open": "124.1900", "Year High": "152.6100", "Year Low": "121.2300", "Year Close": "145.6700", "Annual % Change": "15.14%"}, "2018": {"Average Stock Price": "133.7340", "Year Open": "116.1900", "Year High": "162.8600", "Year Low": "114.3700", "Year Close": "126.5200", "Annual % Change": "8.17%"}, "2017": {"Average Stock Price": "101.8280", "Year Open": "88.8900", "Year High": "118.2800", "Year Low": "88.8900", "Year Close": "116.9600", "Annual % Change": "31.74%"}, "2016": {"Average Stock Price": "84.2593", "Year Open": "76.5300", "Year High": "90.4800", "Year Low": "74.5300", "Year Close": "88.7800", "Annual % Change": "13.73%"}, "2015": {"Average Stock Price": "69.4085", "Year Open": "62.2100", "Year High": "79.5800", "Year Low": "61.3700", "Year Close": "78.0600", "Annual % Change": "25.62%"}, "2014": {"Average Stock Price": "58.0823", "Year Open": "58.1600", "Year High": "63.6700", "Year Low": "52.7700", "Year Close": "62.1400", "Annual % Change": "4.95%"}, "2013": {"Average Stock Price": "48.8794", "Year Open": "40.8500", "Year High": "59.2100", "Year Low": "40.8500", "Year Close": "59.2100", "Annual % Change": "50.82%"}, "2012": {"Average Stock Price": "35.5473", "Year Open": "33.8400", "Year High": "39.8300", "Year Low": "32.4800", "Year Close": "39.2600", "Annual % Change": "16.81%"}, "2011": {"Average Stock Price": "30.8547", "Year Open": "29.7000", "Year High": "34.2100", "Year Low": "24.6400", "Year Close": "33.6100", "Annual % Change": "15.30%"}, "2010": {"Average Stock Price": "25.1127", "Year Open": "23.8500", "Year High": "29.8100", "Year Low": "21.3100", "Year Close": "29.1500", "Annual % Change": "25.97%"}, "2009": {"Average Stock Price": "20.3907", "Year Open": "19.5600", "Year High": "24.5900", "Year Low": "14.3500", "Year Close": "23.1400", "Annual % Change": "19.22%"}, "2008": {"Average Stock Price": "21.7820", "Year Open": "23.8800", "Year High": "27.3100", "Year Low": "14.8500", "Year Close": "19.4100", "Annual % Change": "-20.25%"}, "2007": {"Average Stock Price": "25.1047", "Year Open": "21.3700", "Year High": "29.2200", "Year Low": "20.9500", "Year Close": "24.3400", "Annual % Change": "13.74%"}, "2006": {"Average Stock Price": "20.8594", "Year Open": "19.3500", "Year High": "23.6700", "Year Low": "17.6300", "Year Close": "21.4000", "Annual % Change": "12.10%"}, "2005": {"Average Stock Price": "18.9423", "Year Open": "20.8800", "Year High": "21.7600", "Year Low": "17.1500", "Year Close": "19.0900", "Annual % Change": "-4.12%"}, "2004": {"Average Stock Price": "18.9822", "Year Open": "20.6300", "Year High": "20.9000", "Year Low": "17.2600", "Year Close": "19.9100", "Annual % Change": "-3.26%"}, "2003": {"Average Stock Price": "16.1032", "Year Open": "12.7100", "Year High": "21.9700", "Year Low": "10.0500", "Year Close": "20.5800", "Annual % Change": "70.93%"}, "2002": {"Average Stock Price": "17.1331", "Year Open": "22.0400", "Year High": "24.2500", "Year Low": "8.3100", "Year Close": "12.0400", "Annual % Change": "-44.87%"}, "2001": {"Average Stock Price": "25.4091", "Year Open": "30.4050", "Year High": "31.5100", "Year Low": "18.8800", "Year Close": "21.8400", "Annual % Change": "-29.70%"}, "2000": {"Average Stock Price": "21.4983", "Year Open": "13.4375", "Year High": "31.4700", "Year Low": "12.3125", "Year Close": "31.0650", "Annual % Change": "131.44%"}, "1999": {"Average Stock Price": "9.6123", "Year Open": "12.3675", "Year High": "13.7825", "Year Low": "6.6250", "Year Close": "13.4225", "Annual % Change": "7.92%"}, "1998": {"Average Stock Price": "9.7384", "Year Open": "6.8125", "Year High": "13.5000", "Year Low": "6.4075", "Year Close": "12.4375", "Annual % Change": "82.57%"}, "1997": {"Average Stock Price": "6.0447", "Year Open": "5.7083", "Year High": "7.4700", "Year Low": "4.6250", "Year Close": "6.8125", "Annual % Change": "14.34%"}, "1996": {"Average Stock Price": "5.0666", "Year Open": "4.1867", "Year High": "6.7083", "Year Low": "3.4583", "Year Close": "5.9583", "Annual % Change": "44.44%"}, "1995": {"Average Stock Price": "2.5580", "Year Open": "1.5833", "Year High": "4.1883", "Year Low": "1.4583", "Year Close": "4.1250", "Annual % Change": "153.85%"}, "1994": {"Average Stock Price": "1.5669", "Year Open": "1.9063", "Year High": "1.9688", "Year Low": "1.1458", "Year Close": "1.6250", "Annual % Change": "-15.47%"}, "1993": {"Average Stock Price": "1.6662", "Year Open": "1.5209", "Year High": "2.1251", "Year Low": "1.3542", "Year Close": "1.9225", "Annual % Change": "21.42%"}, "1992": {"Average Stock Price": "0.9562", "Year Open": "0.6183", "Year High": "1.5834", "Year Low": "0.5833", "Year Close": "1.5834", "Annual % Change": "153.34%"}, "1991": {"Average Stock Price": "0.3695", "Year Open": "0.1250", "Year High": "0.6250", "Year Low": "0.1111", "Year Close": "0.6250", "Annual % Change": "400.00%"}}}, "market cap": {"value": "$11.41B"}, "income statement": {"Revenue": {"2020-06-30": "1697.06700", "2019-06-30": "1552.69100", "2018-06-30": "1470.79700", "2017-06-30": "1388.29000", "2016-06-30": "1354.64600", "2015-06-30": "1256.19000", "2014-06-30": "1173.17300", "2013-06-30": "1107.52400", "2012-06-30": "1017.66700", "2011-06-30": "966.89700", "2010-06-30": "836.58600", "2009-06-30": "745.59300", "2008-06-30": "742.92600", "2007-06-30": "666.46700", "2006-06-30": "590.87700", "2005-06-30": "535.86300"}, "Cost Of Goods Sold": {"2020-06-30": "1008.46400", "2019-06-30": "923.03000", "2018-06-30": "853.13800", "2017-06-30": "805.85500", "2016-06-30": "773.65100", "2015-06-30": "720.33600", "2014-06-30": "679.37200", "2013-06-30": "646.13000", "2012-06-30": "598.84400", "2011-06-30": "567.56300", "2010-06-30": "491.46600", "2009-06-30": "446.19400", "2008-06-30": "435.70000", "2007-06-30": "379.66500", "2006-06-30": "333.86000", "2005-06-30": "313.41300"}, "Gross Profit": {"2020-06-30": "688.60300", "2019-06-30": "629.66100", "2018-06-30": "617.65900", "2017-06-30": "582.43510", "2016-06-30": "580.99500", "2015-06-30": "535.85390", "2014-06-30": "493.80100", "2013-06-30": "461.39400", "2012-06-30": "418.82300", "2011-06-30": "399.33390", "2010-06-30": "345.12000", "2009-06-30": "299.39900", "2008-06-30": "307.22600", "2007-06-30": "286.80200", "2006-06-30": "257.01700", "2005-06-30": "222.45000"}, "Research And Development Expenses": {"2020-06-30": "109.98800", "2019-06-30": "96.37800", "2018-06-30": "90.34000", "2017-06-30": "84.75300", "2016-06-30": "81.23400", "2015-06-30": "71.49500", "2014-06-30": "66.74800", "2013-06-30": "63.20200", "2012-06-30": "60.87600", "2011-06-30": "63.39500", "2010-06-30": "50.82000", "2009-06-30": "42.90100", "2008-06-30": "43.32600", "2007-06-30": "35.96200", "2006-06-30": "31.87400", "2005-06-30": "27.66400"}, "SG&A Expenses": {"2020-06-30": "197.98800", "2019-06-30": "185.99800", "2018-06-30": "171.71000", "2017-06-30": "159.23500", "2016-06-30": "157.59300", "2015-06-30": "153.36800", "2014-06-30": "138.75500", "2013-06-30": "147.43500", "2012-06-30": "126.35500", "2011-06-30": "119.62200", "2010-06-30": "112.04700", "2009-06-30": "98.61200", "2008-06-30": "99.69100", "2007-06-30": "90.81200", "2006-06-30": "84.32200", "2005-06-30": "75.71700"}, "Other Operating Income Or Expenses": {"2020-06-30": "", "2019-06-30": "", "2018-06-30": "1.89400", "2017-06-30": "3.27000", "2016-06-30": "19.49100", "2015-06-30": "6.87400", "2014-06-30": "", "2013-06-30": "", "2012-06-30": "", "2011-06-30": "", "2010-06-30": "", "2009-06-30": "", "2008-06-30": "", "2007-06-30": "", "2006-06-30": "", "2005-06-30": ""}, "Operating Expenses": {"2020-06-30": "1316.44000", "2019-06-30": "1205.40600", "2018-06-30": "1113.29400", "2017-06-30": "1046.57300", "2016-06-30": "992.98700", "2015-06-30": "938.32500", "2014-06-30": "884.87500", "2013-06-30": "856.76700", "2012-06-30": "786.07500", "2011-06-30": "750.58010", "2010-06-30": "654.33300", "2009-06-30": "587.70700", "2008-06-30": "578.71700", "2007-06-30": "506.43900", "2006-06-30": "450.05600", "2005-06-30": "416.79400"}, "Operating Income": {"2020-06-30": "380.62700", "2019-06-30": "347.28500", "2018-06-30": "357.50310", "2017-06-30": "341.71700", "2016-06-30": "361.65900", "2015-06-30": "317.86500", "2014-06-30": "288.29800", "2013-06-30": "250.75700", "2012-06-30": "231.59200", "2011-06-30": "216.31690", "2010-06-30": "182.25300", "2009-06-30": "157.88600", "2008-06-30": "164.20900", "2007-06-30": "160.02800", "2006-06-30": "140.82100", "2005-06-30": "119.06900"}, "Total Non-Operating Income/Expense": {"2020-06-30": "0.44900", "2019-06-30": "-0.05000", "2018-06-30": "-1.34500", "2017-06-30": "-0.74800", "2016-06-30": "-1.12300", "2015-06-30": "-1.42500", "2014-06-30": "-0.72800", "2013-06-30": "-5.69700", "2012-06-30": "-4.56700", "2011-06-30": "-8.80500", "2010-06-30": "-1.45700", "2009-06-30": "-0.57600", "2008-06-30": "0.21700", "2007-06-30": "1.64900", "2006-06-30": "0.71100", "2005-06-30": "0.77400"}, "Pre-Tax Income": {"2020-06-30": "381.07600", "2019-06-30": "347.23500", "2018-06-30": "356.15800", "2017-06-30": "340.96900", "2016-06-30": "360.53600", "2015-06-30": "316.44000", "2014-06-30": "287.57000", "2013-06-30": "245.06000", "2012-06-30": "227.02500", "2011-06-30": "207.51200", "2010-06-30": "180.79600", "2009-06-30": "157.31000", "2008-06-30": "164.42600", "2007-06-30": "161.67700", "2006-06-30": "141.53200", "2005-06-30": "119.84300"}, "Income Taxes": {"2020-06-30": "84.40800", "2019-06-30": "75.35000", "2018-06-30": "-8.87600", "2017-06-30": "111.40800", "2016-06-30": "111.66900", "2015-06-30": "105.21900", "2014-06-30": "100.85500", "2013-06-30": "77.45000", "2012-06-30": "74.98500", "2011-06-30": "70.04100", "2010-06-30": "62.92600", "2009-06-30": "54.20800", "2008-06-30": "59.13900", "2007-06-30": "56.03300", "2006-06-30": "50.66900", "2005-06-30": "44.34200"}, "Income After Taxes": {"2020-06-30": "296.66800", "2019-06-30": "271.88500", "2018-06-30": "365.03400", "2017-06-30": "229.56100", "2016-06-30": "248.86700", "2015-06-30": "211.22100", "2014-06-30": "186.71500", "2013-06-30": "167.61000", "2012-06-30": "152.04000", "2011-06-30": "137.47100", "2010-06-30": "117.87000", "2009-06-30": "103.10200", "2008-06-30": "105.28700", "2007-06-30": "105.64400", "2006-06-30": "90.86300", "2005-06-30": "75.50100"}, "Other Income": {"2020-06-30": "", "2019-06-30": "", "2018-06-30": "", "2017-06-30": "", "2016-06-30": "", "2015-06-30": "", "2014-06-30": "", "2013-06-30": "", "2012-06-30": "", "2011-06-30": "", "2010-06-30": "", "2009-06-30": "", "2008-06-30": "", "2007-06-30": "", "2006-06-30": "", "2005-06-30": ""}, "Income From Continuous Operations": {"2020-06-30": "296.66800", "2019-06-30": "271.88500", "2018-06-30": "365.03400", "2017-06-30": "229.56100", "2016-06-30": "248.86700", "2015-06-30": "211.22100", "2014-06-30": "186.71500", "2013-06-30": "167.61000", "2012-06-30": "152.04000", "2011-06-30": "137.47100", "2010-06-30": "117.87000", "2009-06-30": "103.10200", "2008-06-30": "105.28700", "2007-06-30": "105.64400", "2006-06-30": "90.86300", "2005-06-30": "75.50100"}, "Income From Discontinued Operations": {"2020-06-30": "", "2019-06-30": "", "2018-06-30": "", "2017-06-30": "", "2016-06-30": "", "2015-06-30": "", "2014-06-30": "", "2013-06-30": "", "2012-06-30": "", "2011-06-30": "", "2010-06-30": "", "2009-06-30": "", "2008-06-30": "-1.06500", "2007-06-30": "-0.96300", "2006-06-30": "-0.94000", "2005-06-30": ""}, "Net Income": {"2020-06-30": "296.66800", "2019-06-30": "271.88500", "2018-06-30": "365.03400", "2017-06-30": "229.56100", "2016-06-30": "248.86700", "2015-06-30": "211.22100", "2014-06-30": "186.71500", "2013-06-30": "167.61000", "2012-06-30": "152.04000", "2011-06-30": "137.47100", "2010-06-30": "117.87000", "2009-06-30": "103.10200", "2008-06-30": "104.22200", "2007-06-30": "104.68100", "2006-06-30": "89.92300", "2005-06-30": "75.50100"}, "EBITDA": {"2020-06-30": "552.43190", "2019-06-30": "507.91800", "2018-06-30": "509.48900", "2017-06-30": "481.50310", "2016-06-30": "491.30700", "2015-06-30": "436.86100", "2014-06-30": "396.06900", "2013-06-30": "351.09800", "2012-06-30": "326.21110", "2011-06-30": "306.83090", "2010-06-30": "253.76100", "2009-06-30": "222.03300", "2008-06-30": "226.21500", "2007-06-30": "210.98190", "2006-06-30": "184.59500", "2005-06-30": "157.98000"}, "EBIT": {"2020-06-30": "380.62700", "2019-06-30": "347.28500", "2018-06-30": "357.50310", "2017-06-30": "341.71700", "2016-06-30": "361.65900", "2015-06-30": "317.86500", "2014-06-30": "288.29800", "2013-06-30": "250.75700", "2012-06-30": "231.59200", "2011-06-30": "216.31690", "2010-06-30": "182.25300", "2009-06-30": "157.88600", "2008-06-30": "164.20900", "2007-06-30": "160.02800", "2006-06-30": "140.82100", "2005-06-30": "119.06900"}, "Basic Shares Outstanding": {"2020-06-30": "76.78700", "2019-06-30": "77.16000", "2018-06-30": "77.25200", "2017-06-30": "77.85600", "2016-06-30": "79.41600", "2015-06-30": "81.35300", "2014-06-30": "84.86600", "2013-06-30": "86.04000", "2012-06-30": "86.59900", "2011-06-30": "85.94800", "2010-06-30": "84.55800", "2009-06-30": "84.11800", "2008-06-30": "88.27000", "2007-06-30": "90.15500", "2006-06-30": "91.48400", "2005-06-30": "90.89100"}, "Shares Outstanding": {"2020-06-30": "76.93400", "2019-06-30": "77.34700", "2018-06-30": "77.58500", "2017-06-30": "78.25500", "2016-06-30": "79.73400", "2015-06-30": "81.60100", "2014-06-30": "85.39600", "2013-06-30": "86.61900", "2012-06-30": "87.28700", "2011-06-30": "86.68700", "2010-06-30": "85.38100", "2009-06-30": "84.83000", "2008-06-30": "89.70200", "2007-06-30": "92.03200", "2006-06-30": "93.78700", "2005-06-30": "92.99800"}, "Basic EPS": {"2020-06-30": "3.86000", "2019-06-30": "3.52000", "2018-06-30": "4.73000", "2017-06-30": "2.95000", "2016-06-30": "3.13000", "2015-06-30": "2.60000", "2014-06-30": "2.20000", "2013-06-30": "1.95000", "2012-06-30": "1.76000", "2011-06-30": "1.60000", "2010-06-30": "1.39000", "2009-06-30": "1.23000", "2008-06-30": "1.18000", "2007-06-30": "1.16000", "2006-06-30": "0.98000", "2005-06-30": "0.83000"}, "EPS - Earnings Per Share": {"2020-06-30": "3.86000", "2019-06-30": "3.52000", "2018-06-30": "4.70000", "2017-06-30": "2.93000", "2016-06-30": "3.12000", "2015-06-30": "2.59000", "2014-06-30": "2.19000", "2013-06-30": "1.94000", "2012-06-30": "1.74000", "2011-06-30": "1.59000", "2010-06-30": "1.38000", "2009-06-30": "1.22000", "2008-06-30": "1.16000", "2007-06-30": "1.14000", "2006-06-30": "0.96000", "2005-06-30": "0.81000"}}, "income statement, quarterly": {"Revenue": {"2020-09-30": "451.80000", "2020-06-30": "410.53700", "2020-03-31": "429.40600", "2019-12-31": "419.11900", "2019-09-30": "438.00500", "2019-06-30": "393.50900", "2019-03-31": "380.36400", "2018-12-31": "386.27500", "2018-09-30": "392.54300", "2018-06-30": "378.25600", "2018-03-31": "374.04800", "2017-12-31": "357.20900", "2017-09-30": "361.28400", "2017-06-30": "340.94210", "2017-03-31": "353.76700", "2016-12-31": "348.55300", "2016-09-30": "345.02800", "2016-06-30": "366.96990", "2016-03-31": "333.18600", "2015-12-31": "332.87200", "2015-09-30": "321.61800", "2015-06-30": "333.71300", "2015-03-31": "309.70900", "2014-12-31": "311.29400", "2014-09-30": "301.47400", "2014-06-30": "315.16500", "2014-03-31": "291.43400", "2013-12-31": "288.84400", "2013-09-30": "277.73000", "2013-06-30": "276.28610", "2013-03-31": "281.54300", "2012-12-31": "278.69400", "2012-09-30": "271.00100", "2012-06-30": "257.16710", "2012-03-31": "256.30400", "2011-12-31": "255.85800", "2011-09-30": "248.33800", "2011-06-30": "249.25500", "2011-03-31": "240.18500", "2010-12-31": "242.63500", "2010-09-30": "234.82200", "2010-06-30": "227.84500", "2010-03-31": "215.54900", "2009-12-31": "210.86100", "2009-09-30": "182.33100", "2009-06-30": "191.88300", "2009-03-31": "180.40800", "2008-12-31": "190.20400", "2008-09-30": "183.09800", "2008-06-30": "188.70100", "2008-03-31": "187.48000", "2007-12-31": "191.86900", "2007-09-30": "174.87600", "2007-06-30": "179.70490", "2007-03-31": "168.90300", "2006-12-31": "167.24400", "2006-09-30": "150.61500", "2006-06-30": "160.98200", "2006-03-31": "145.49500", "2005-12-31": "147.41700", "2005-09-30": "136.98300", "2005-06-30": "141.42490", "2005-03-31": "134.38200"}, "Cost Of Goods Sold": {"2020-09-30": "262.92900", "2020-06-30": "254.83490", "2020-03-31": "258.57100", "2019-12-31": "249.26700", "2019-09-30": "245.79100", "2019-06-30": "240.04000", "2019-03-31": "235.59400", "2018-12-31": "227.28400", "2018-09-30": "220.11200", "2018-06-30": "223.60600", "2018-03-31": "218.51700", "2017-12-31": "207.10000", "2017-09-30": "203.91500", "2017-06-30": "206.21900", "2017-03-31": "206.72700", "2016-12-31": "198.14600", "2016-09-30": "194.76300", "2016-06-30": "205.27000", "2016-03-31": "194.27300", "2015-12-31": "190.44500", "2015-09-30": "183.66300", "2015-06-30": "187.29900", "2015-03-31": "177.89400", "2014-12-31": "180.25900", "2014-09-30": "174.88400", "2014-06-30": "179.04800", "2014-03-31": "174.05900", "2013-12-31": "165.82400", "2013-09-30": "160.44100", "2013-06-30": "167.64700", "2013-03-31": "166.95300", "2012-12-31": "156.45700", "2012-09-30": "155.07300", "2012-06-30": "153.56200", "2012-03-31": "152.92100", "2011-12-31": "148.44900", "2011-09-30": "143.91200", "2011-06-30": "145.06300", "2011-03-31": "144.89500", "2010-12-31": "139.81600", "2010-09-30": "137.78900", "2010-06-30": "132.70900", "2010-03-31": "129.03600", "2009-12-31": "121.78100", "2009-09-30": "107.94000", "2009-06-30": "112.62400", "2009-03-31": "110.17000", "2008-12-31": "112.83100", "2008-09-30": "110.56900", "2008-06-30": "113.03800", "2008-03-31": "110.48500", "2007-12-31": "106.90300", "2007-09-30": "105.27400", "2007-06-30": "100.88200", "2007-03-31": "97.21900", "2006-12-31": "94.25600", "2006-09-30": "87.30800", "2006-06-30": "89.68500", "2006-03-31": "81.81300", "2005-12-31": "81.93400", "2005-09-30": "80.42800", "2005-06-30": "81.56300", "2005-03-31": "77.10500"}, "Gross Profit": {"2020-09-30": "188.87100", "2020-06-30": "155.70200", "2020-03-31": "170.83500", "2019-12-31": "169.85200", "2019-09-30": "192.21400", "2019-06-30": "153.46900", "2019-03-31": "144.77000", "2018-12-31": "158.99100", "2018-09-30": "172.43100", "2018-06-30": "154.65010", "2018-03-31": "155.53100", "2017-12-31": "150.10900", "2017-09-30": "157.36900", "2017-06-30": "134.72310", "2017-03-31": "147.04000", "2016-12-31": "150.40700", "2016-09-30": "150.26500", "2016-06-30": "161.70000", "2016-03-31": "138.91300", "2015-12-31": "142.42700", "2015-09-30": "137.95500", "2015-06-30": "146.41390", "2015-03-31": "131.81500", "2014-12-31": "131.03500", "2014-09-30": "126.59000", "2014-06-30": "136.11700", "2014-03-31": "117.37500", "2013-12-31": "123.02000", "2013-09-30": "117.28900", "2013-06-30": "108.63910", "2013-03-31": "114.59000", "2012-12-31": "122.23700", "2012-09-30": "115.92800", "2012-06-30": "103.60510", "2012-03-31": "103.38300", "2011-12-31": "107.40900", "2011-09-30": "104.42600", "2011-06-30": "104.19190", "2011-03-31": "95.29000", "2010-12-31": "102.81900", "2010-09-30": "97.03300", "2010-06-30": "95.13600", "2010-03-31": "86.51300", "2009-12-31": "89.08000", "2009-09-30": "74.39100", "2009-06-30": "79.25900", "2009-03-31": "70.23800", "2008-12-31": "77.37300", "2008-09-30": "72.52900", "2008-06-30": "75.66300", "2008-03-31": "76.99500", "2007-12-31": "84.96600", "2007-09-30": "69.60200", "2007-06-30": "78.82290", "2007-03-31": "71.68400", "2006-12-31": "72.98800", "2006-09-30": "63.30700", "2006-06-30": "71.29700", "2006-03-31": "63.68200", "2005-12-31": "65.48300", "2005-09-30": "56.55500", "2005-06-30": "59.86190", "2005-03-31": "57.27700"}, "Research And Development Expenses": {"2020-09-30": "26.05700", "2020-06-30": "29.90200", "2020-03-31": "28.30800", "2019-12-31": "27.18700", "2019-09-30": "24.59100", "2019-06-30": "24.92000", "2019-03-31": "23.44200", "2018-12-31": "23.99000", "2018-09-30": "24.02600", "2018-06-30": "24.40600", "2018-03-31": "22.59100", "2017-12-31": "22.41400", "2017-09-30": "20.92900", "2017-06-30": "23.34000", "2017-03-31": "20.80100", "2016-12-31": "20.87300", "2016-09-30": "19.73900", "2016-06-30": "23.96400", "2016-03-31": "19.85400", "2015-12-31": "18.86200", "2015-09-30": "18.55400", "2015-06-30": "19.50100", "2015-03-31": "17.52200", "2014-12-31": "17.68100", "2014-09-30": "16.79100", "2014-06-30": "17.44800", "2014-03-31": "17.48500", "2013-12-31": "16.14200", "2013-09-30": "15.67300", "2013-06-30": "16.87000", "2013-03-31": "15.99600", "2012-12-31": "15.69100", "2012-09-30": "14.64500", "2012-06-30": "15.39400", "2012-03-31": "15.47100", "2011-12-31": "15.07500", "2011-09-30": "14.93600", "2011-06-30": "16.45200", "2011-03-31": "15.71600", "2010-12-31": "15.83700", "2010-09-30": "15.39000", "2010-06-30": "14.33200", "2010-03-31": "14.00100", "2009-12-31": "12.33900", "2009-09-30": "10.14800", "2009-06-30": "10.47000", "2009-03-31": "10.69400", "2008-12-31": "10.19100", "2008-09-30": "11.54600", "2008-06-30": "10.62300", "2008-03-31": "11.34000", "2007-12-31": "11.40400", "2007-09-30": "9.95900", "2007-06-30": "9.45300", "2007-03-31": "9.00400", "2006-12-31": "8.98900", "2006-09-30": "8.51600", "2006-06-30": "8.68700", "2006-03-31": "8.43500", "2005-12-31": "8.00300", "2005-09-30": "6.74900", "2005-06-30": "7.04300", "2005-03-31": "7.73800"}, "SG&A Expenses": {"2020-09-30": "45.22600", "2020-06-30": "52.20000", "2020-03-31": "47.39100", "2019-12-31": "48.96100", "2019-09-30": "49.43600", "2019-06-30": "49.33600", "2019-03-31": "44.68200", "2018-12-31": "46.79700", "2018-09-30": "45.18300", "2018-06-30": "45.29500", "2018-03-31": "42.23300", "2017-12-31": "43.09400", "2017-09-30": "41.08800", "2017-06-30": "39.40400", "2017-03-31": "39.79400", "2016-12-31": "40.92800", "2016-09-30": "39.10900", "2016-06-30": "40.72200", "2016-03-31": "39.22900", "2015-12-31": "38.77800", "2015-09-30": "38.86400", "2015-06-30": "44.41500", "2015-03-31": "37.09100", "2014-12-31": "33.68900", "2014-09-30": "38.17300", "2014-06-30": "35.78300", "2014-03-31": "35.34900", "2013-12-31": "32.63500", "2013-09-30": "34.98800", "2013-06-30": "33.66500", "2013-03-31": "32.88500", "2012-12-31": "47.11800", "2012-09-30": "33.76700", "2012-06-30": "31.70100", "2012-03-31": "31.41500", "2011-12-31": "31.54600", "2011-09-30": "31.69300", "2011-06-30": "29.69000", "2011-03-31": "29.07100", "2010-12-31": "31.99300", "2010-09-30": "28.86800", "2010-06-30": "31.51000", "2010-03-31": "28.85300", "2009-12-31": "29.37800", "2009-09-30": "22.30600", "2009-06-30": "25.18300", "2009-03-31": "22.46800", "2008-12-31": "25.57000", "2008-09-30": "25.39100", "2008-06-30": "25.82600", "2008-03-31": "23.11100", "2007-12-31": "27.26600", "2007-09-30": "23.48800", "2007-06-30": "22.65500", "2007-03-31": "21.90500", "2006-12-31": "24.38000", "2006-09-30": "21.87200", "2006-06-30": "21.11600", "2006-03-31": "20.53100", "2005-12-31": "23.43000", "2005-09-30": "19.24500", "2005-06-30": "18.96000", "2005-03-31": "18.51300"}, "Other Operating Income Or Expenses": {"2020-09-30": "", "2020-06-30": "", "2020-03-31": "-3.19800", "2019-12-31": "", "2019-09-30": "", "2019-06-30": "", "2019-03-31": "-0.20500", "2018-12-31": "", "2018-09-30": "", "2018-06-30": "", "2018-03-31": "", "2017-12-31": "0.18900", "2017-09-30": "1.70500", "2017-06-30": "0.98400", "2017-03-31": "2.28600", "2016-12-31": "", "2016-09-30": "", "2016-06-30": "", "2016-03-31": "", "2015-12-31": "", "2015-09-30": "", "2015-06-30": "", "2015-03-31": "", "2014-12-31": "", "2014-09-30": "", "2014-06-30": "", "2014-03-31": "", "2013-12-31": "", "2013-09-30": "", "2013-06-30": "", "2013-03-31": "", "2012-12-31": "", "2012-09-30": "", "2012-06-30": "", "2012-03-31": "", "2011-12-31": "", "2011-09-30": "", "2011-06-30": "", "2011-03-31": "", "2010-12-31": "", "2010-09-30": "", "2010-06-30": "", "2010-03-31": "", "2009-12-31": "", "2009-09-30": "", "2009-06-30": "", "2009-03-31": "", "2008-12-31": "", "2008-09-30": "", "2008-06-30": "", "2008-03-31": "", "2007-12-31": "", "2007-09-30": "", "2007-06-30": "", "2007-03-31": "", "2006-12-31": "", "2006-09-30": "", "2006-06-30": "", "2006-03-31": "", "2005-12-31": "", "2005-09-30": "", "2005-06-30": "", "2005-03-31": ""}, "Operating Expenses": {"2020-09-30": "334.21200", "2020-06-30": "333.73900", "2020-03-31": "337.46800", "2019-12-31": "325.41500", "2019-09-30": "319.81800", "2019-06-30": "314.09100", "2019-03-31": "303.92300", "2018-12-31": "298.07100", "2018-09-30": "289.32100", "2018-06-30": "293.30690", "2018-03-31": "283.34100", "2017-12-31": "272.41900", "2017-09-30": "264.22700", "2017-06-30": "267.97900", "2017-03-31": "265.03600", "2016-12-31": "259.94700", "2016-09-30": "253.61100", "2016-06-30": "250.46500", "2016-03-31": "253.35600", "2015-12-31": "248.08500", "2015-09-30": "241.08100", "2015-06-30": "244.34090", "2015-03-31": "232.50700", "2014-12-31": "231.62900", "2014-09-30": "229.84800", "2014-06-30": "232.27900", "2014-03-31": "226.89300", "2013-12-31": "214.60100", "2013-09-30": "211.10200", "2013-06-30": "218.18210", "2013-03-31": "215.83400", "2012-12-31": "219.26600", "2012-09-30": "203.48500", "2012-06-30": "200.65690", "2012-03-31": "199.80700", "2011-12-31": "195.07000", "2011-09-30": "190.54100", "2011-06-30": "191.20510", "2011-03-31": "189.68200", "2010-12-31": "187.64600", "2010-09-30": "182.04700", "2010-06-30": "178.55100", "2010-03-31": "171.89000", "2009-12-31": "163.49800", "2009-09-30": "140.39400", "2009-06-30": "148.27700", "2009-03-31": "143.33200", "2008-12-31": "148.59200", "2008-09-30": "147.50600", "2008-06-30": "149.48700", "2008-03-31": "144.93600", "2007-12-31": "145.57300", "2007-09-30": "138.72100", "2007-06-30": "132.99000", "2007-03-31": "128.12800", "2006-12-31": "127.62500", "2006-09-30": "117.69600", "2006-06-30": "119.48800", "2006-03-31": "110.77900", "2005-12-31": "113.36700", "2005-09-30": "106.42200", "2005-06-30": "107.56600", "2005-03-31": "103.35600"}, "Operating Income": {"2020-09-30": "117.58800", "2020-06-30": "76.79800", "2020-03-31": "91.93800", "2019-12-31": "93.70400", "2019-09-30": "118.18700", "2019-06-30": "79.41800", "2019-03-31": "76.44100", "2018-12-31": "88.20400", "2018-09-30": "103.22200", "2018-06-30": "84.94910", "2018-03-31": "90.70700", "2017-12-31": "84.79000", "2017-09-30": "97.05700", "2017-06-30": "72.96310", "2017-03-31": "88.73100", "2016-12-31": "88.60600", "2016-09-30": "91.41700", "2016-06-30": "116.50500", "2016-03-31": "79.83000", "2015-12-31": "84.78700", "2015-09-30": "80.53700", "2015-06-30": "89.37200", "2015-03-31": "77.20200", "2014-12-31": "79.66500", "2014-09-30": "71.62600", "2014-06-30": "82.88600", "2014-03-31": "64.54100", "2013-12-31": "74.24300", "2013-09-30": "66.62800", "2013-06-30": "58.10410", "2013-03-31": "65.70900", "2012-12-31": "59.42800", "2012-09-30": "67.51600", "2012-06-30": "56.51010", "2012-03-31": "56.49700", "2011-12-31": "60.78800", "2011-09-30": "57.79700", "2011-06-30": "58.04990", "2011-03-31": "50.50300", "2010-12-31": "54.98900", "2010-09-30": "52.77500", "2010-06-30": "49.29400", "2010-03-31": "43.65900", "2009-12-31": "47.36300", "2009-09-30": "41.93700", "2009-06-30": "43.60600", "2009-03-31": "37.07600", "2008-12-31": "41.61200", "2008-09-30": "35.59200", "2008-06-30": "39.21400", "2008-03-31": "42.54400", "2007-12-31": "46.29600", "2007-09-30": "36.15500", "2007-06-30": "46.71490", "2007-03-31": "40.77500", "2006-12-31": "39.61900", "2006-09-30": "32.91900", "2006-06-30": "41.49410", "2006-03-31": "34.71600", "2005-12-31": "34.05000", "2005-09-30": "30.56100", "2005-06-30": "33.85890", "2005-03-31": "31.02600"}, "Total Non-Operating Income/Expense": {"2020-09-30": "-0.04900", "2020-06-30": "-0.12500", "2020-03-31": "0.03200", "2019-12-31": "0.19000", "2019-09-30": "0.35200", "2019-06-30": "-0.22900", "2019-03-31": "-0.06900", "2018-12-31": "0.10400", "2018-09-30": "0.14400", "2018-06-30": "-0.59500", "2018-03-31": "-0.60400", "2017-12-31": "-0.10400", "2017-09-30": "-0.04200", "2017-06-30": "-0.35400", "2017-03-31": "-0.23600", "2016-12-31": "-0.12400", "2016-09-30": "-0.03400", "2016-06-30": "-0.39900", "2016-03-31": "-0.43200", "2015-12-31": "-0.18500", "2015-09-30": "-0.10700", "2015-06-30": "-0.27100", "2015-03-31": "-0.63600", "2014-12-31": "-0.30900", "2014-09-30": "-0.20900", "2014-06-30": "-0.26300", "2014-03-31": "-0.17800", "2013-12-31": "-0.13800", "2013-09-30": "-0.14900", "2013-06-30": "-2.57100", "2013-03-31": "-0.90100", "2012-12-31": "-1.07100", "2012-09-30": "-1.15400", "2012-06-30": "-0.51900", "2012-03-31": "-1.37900", "2011-12-31": "-1.34200", "2011-09-30": "-1.32700", "2011-06-30": "-1.82600", "2011-03-31": "-1.64900", "2010-12-31": "-2.45500", "2010-09-30": "-2.87500", "2010-06-30": "-1.09200", "2010-03-31": "-0.17700", "2009-12-31": "-0.13900", "2009-09-30": "-0.04900", "2009-06-30": "-0.14900", "2009-03-31": "-0.18500", "2008-12-31": "-0.37800", "2008-09-30": "0.13600", "2008-06-30": "-0.96800", "2008-03-31": "-0.31600", "2007-12-31": "0.23500", "2007-09-30": "1.26600", "2007-06-30": "-0.01700", "2007-03-31": "0.21900", "2006-12-31": "0.10700", "2006-09-30": "1.34000", "2006-06-30": "0.00900", "2006-03-31": "0.14100", "2005-12-31": "0.29300", "2005-09-30": "0.26800", "2005-06-30": "-0.08800", "2005-03-31": "0.06100"}, "Pre-Tax Income": {"2020-09-30": "117.53900", "2020-06-30": "76.67300", "2020-03-31": "91.97000", "2019-12-31": "93.89400", "2019-09-30": "118.53900", "2019-06-30": "79.18900", "2019-03-31": "76.37200", "2018-12-31": "88.30800", "2018-09-30": "103.36600", "2018-06-30": "84.35400", "2018-03-31": "90.10300", "2017-12-31": "84.68600", "2017-09-30": "97.01500", "2017-06-30": "72.60900", "2017-03-31": "88.49500", "2016-12-31": "88.48200", "2016-09-30": "91.38300", "2016-06-30": "116.10600", "2016-03-31": "79.39800", "2015-12-31": "84.60200", "2015-09-30": "80.43000", "2015-06-30": "89.10100", "2015-03-31": "76.56600", "2014-12-31": "79.35600", "2014-09-30": "71.41700", "2014-06-30": "82.62300", "2014-03-31": "64.36300", "2013-12-31": "74.10500", "2013-09-30": "66.47900", "2013-06-30": "55.53300", "2013-03-31": "64.80800", "2012-12-31": "58.35700", "2012-09-30": "66.36200", "2012-06-30": "55.99100", "2012-03-31": "55.11800", "2011-12-31": "59.44600", "2011-09-30": "56.47000", "2011-06-30": "56.22400", "2011-03-31": "48.85400", "2010-12-31": "52.53400", "2010-09-30": "49.90000", "2010-06-30": "48.20200", "2010-03-31": "43.48200", "2009-12-31": "47.22400", "2009-09-30": "41.88800", "2009-06-30": "43.45700", "2009-03-31": "36.89100", "2008-12-31": "41.23400", "2008-09-30": "35.72800", "2008-06-30": "38.24600", "2008-03-31": "42.22800", "2007-12-31": "46.53100", "2007-09-30": "37.42100", "2007-06-30": "46.69800", "2007-03-31": "40.99400", "2006-12-31": "39.72600", "2006-09-30": "34.25900", "2006-06-30": "41.50300", "2006-03-31": "34.85700", "2005-12-31": "34.34300", "2005-09-30": "30.82900", "2005-06-30": "33.77100", "2005-03-31": "31.08700"}, "Income Taxes": {"2020-09-30": "26.32300", "2020-06-30": "15.32800", "2020-03-31": "18.11500", "2019-12-31": "21.79600", "2019-09-30": "29.16900", "2019-06-30": "18.19600", "2019-03-31": "17.12000", "2018-12-31": "20.21900", "2018-09-30": "19.81500", "2018-06-30": "16.51900", "2018-03-31": "21.01700", "2017-12-31": "-76.55700", "2017-09-30": "30.14500", "2017-06-30": "24.15000", "2017-03-31": "28.45100", "2016-12-31": "29.66800", "2016-09-30": "29.13900", "2016-06-30": "31.83600", "2016-03-31": "25.51500", "2015-12-31": "25.25400", "2015-09-30": "29.06400", "2015-06-30": "28.56200", "2015-03-31": "25.85400", "2014-12-31": "25.47400", "2014-09-30": "25.32900", "2014-06-30": "30.09600", "2014-03-31": "21.75700", "2013-12-31": "25.74400", "2013-09-30": "23.25800", "2013-06-30": "16.89900", "2013-03-31": "18.81200", "2012-12-31": "17.85200", "2012-09-30": "23.88700", "2012-06-30": "15.60800", "2012-03-31": "18.46100", "2011-12-31": "20.92100", "2011-09-30": "19.99500", "2011-06-30": "19.65000", "2011-03-31": "15.77300", "2010-12-31": "16.48900", "2010-09-30": "18.12900", "2010-06-30": "18.21800", "2010-03-31": "11.84700", "2009-12-31": "17.24700", "2009-09-30": "15.61400", "2009-06-30": "15.65100", "2009-03-31": "12.08900", "2008-12-31": "13.24900", "2008-09-30": "13.21900", "2008-06-30": "12.95000", "2008-03-31": "15.43000", "2007-12-31": "17.10100", "2007-09-30": "13.65800", "2007-06-30": "16.63400", "2007-03-31": "14.61400", "2006-12-31": "11.93800", "2006-09-30": "12.84700", "2006-06-30": "15.15800", "2006-03-31": "11.39700", "2005-12-31": "12.70700", "2005-09-30": "11.40700", "2005-06-30": "12.06500", "2005-03-31": "11.65800"}, "Income After Taxes": {"2020-09-30": "91.21600", "2020-06-30": "61.34500", "2020-03-31": "73.85500", "2019-12-31": "72.09800", "2019-09-30": "89.37000", "2019-06-30": "60.99300", "2019-03-31": "59.25200", "2018-12-31": "68.08900", "2018-09-30": "83.55100", "2018-06-30": "67.83500", "2018-03-31": "69.08600", "2017-12-31": "161.24300", "2017-09-30": "66.87000", "2017-06-30": "48.45900", "2017-03-31": "60.04400", "2016-12-31": "58.81400", "2016-09-30": "62.24400", "2016-06-30": "84.27000", "2016-03-31": "53.88300", "2015-12-31": "59.34800", "2015-09-30": "51.36600", "2015-06-30": "60.53900", "2015-03-31": "50.71200", "2014-12-31": "53.88200", "2014-09-30": "46.08800", "2014-06-30": "52.52700", "2014-03-31": "42.60600", "2013-12-31": "48.36100", "2013-09-30": "43.22100", "2013-06-30": "38.63400", "2013-03-31": "45.99600", "2012-12-31": "40.50500", "2012-09-30": "42.47500", "2012-06-30": "40.38300", "2012-03-31": "36.65700", "2011-12-31": "38.52500", "2011-09-30": "36.47500", "2011-06-30": "36.57400", "2011-03-31": "33.08100", "2010-12-31": "36.04500", "2010-09-30": "31.77100", "2010-06-30": "29.98400", "2010-03-31": "31.63500", "2009-12-31": "29.97700", "2009-09-30": "26.27400", "2009-06-30": "27.80600", "2009-03-31": "24.80200", "2008-12-31": "27.98500", "2008-09-30": "22.50900", "2008-06-30": "25.29600", "2008-03-31": "26.79800", "2007-12-31": "29.43000", "2007-09-30": "23.76300", "2007-06-30": "30.06400", "2007-03-31": "26.38000", "2006-12-31": "27.78800", "2006-09-30": "21.41200", "2006-06-30": "26.34500", "2006-03-31": "23.46000", "2005-12-31": "21.63600", "2005-09-30": "19.42200", "2005-06-30": "21.70600", "2005-03-31": "19.42900"}, "Other Income": {"2020-09-30": "", "2020-06-30": "", "2020-03-31": "", "2019-12-31": "", "2019-09-30": "", "2019-06-30": "", "2019-03-31": "", "2018-12-31": "", "2018-09-30": "", "2018-06-30": "", "2018-03-31": "", "2017-12-31": "", "2017-09-30": "", "2017-06-30": "", "2017-03-31": "", "2016-12-31": "", "2016-09-30": "", "2016-06-30": "", "2016-03-31": "", "2015-12-31": "", "2015-09-30": "", "2015-06-30": "", "2015-03-31": "", "2014-12-31": "", "2014-09-30": "", "2014-06-30": "", "2014-03-31": "", "2013-12-31": "", "2013-09-30": "", "2013-06-30": "", "2013-03-31": "", "2012-12-31": "", "2012-09-30": "", "2012-06-30": "", "2012-03-31": "", "2011-12-31": "", "2011-09-30": "", "2011-06-30": "", "2011-03-31": "", "2010-12-31": "", "2010-09-30": "", "2010-06-30": "", "2010-03-31": "", "2009-12-31": "", "2009-09-30": "", "2009-06-30": "", "2009-03-31": "", "2008-12-31": "", "2008-09-30": "", "2008-06-30": "", "2008-03-31": "", "2007-12-31": "", "2007-09-30": "", "2007-06-30": "", "2007-03-31": "", "2006-12-31": "", "2006-09-30": "", "2006-06-30": "", "2006-03-31": "", "2005-12-31": "", "2005-09-30": "", "2005-06-30": "", "2005-03-31": ""}, "Income From Continuous Operations": {"2020-09-30": "91.21600", "2020-06-30": "61.34500", "2020-03-31": "73.85500", "2019-12-31": "72.09800", "2019-09-30": "89.37000", "2019-06-30": "60.99300", "2019-03-31": "59.25200", "2018-12-31": "68.08900", "2018-09-30": "83.55100", "2018-06-30": "67.83500", "2018-03-31": "69.08600", "2017-12-31": "161.24300", "2017-09-30": "66.87000", "2017-06-30": "48.45900", "2017-03-31": "60.04400", "2016-12-31": "58.81400", "2016-09-30": "62.24400", "2016-06-30": "84.27000", "2016-03-31": "53.88300", "2015-12-31": "59.34800", "2015-09-30": "51.36600", "2015-06-30": "60.53900", "2015-03-31": "50.71200", "2014-12-31": "53.88200", "2014-09-30": "46.08800", "2014-06-30": "52.52700", "2014-03-31": "42.60600", "2013-12-31": "48.36100", "2013-09-30": "43.22100", "2013-06-30": "38.63400", "2013-03-31": "45.99600", "2012-12-31": "40.50500", "2012-09-30": "42.47500", "2012-06-30": "40.38300", "2012-03-31": "36.65700", "2011-12-31": "38.52500", "2011-09-30": "36.47500", "2011-06-30": "36.57400", "2011-03-31": "33.08100", "2010-12-31": "36.04500", "2010-09-30": "31.77100", "2010-06-30": "29.98400", "2010-03-31": "31.63500", "2009-12-31": "29.97700", "2009-09-30": "26.27400", "2009-06-30": "27.80600", "2009-03-31": "24.80200", "2008-12-31": "27.98500", "2008-09-30": "22.50900", "2008-06-30": "25.29600", "2008-03-31": "26.79800", "2007-12-31": "29.43000", "2007-09-30": "23.76300", "2007-06-30": "30.06400", "2007-03-31": "26.38000", "2006-12-31": "27.78800", "2006-09-30": "21.41200", "2006-06-30": "26.34500", "2006-03-31": "23.46000", "2005-12-31": "21.63600", "2005-09-30": "19.42200", "2005-06-30": "21.70600", "2005-03-31": "19.42900"}, "Income From Discontinued Operations": {"2020-09-30": "", "2020-06-30": "", "2020-03-31": "", "2019-12-31": "", "2019-09-30": "", "2019-06-30": "", "2019-03-31": "", "2018-12-31": "", "2018-09-30": "", "2018-06-30": "", "2018-03-31": "", "2017-12-31": "", "2017-09-30": "", "2017-06-30": "", "2017-03-31": "", "2016-12-31": "", "2016-09-30": "", "2016-06-30": "", "2016-03-31": "", "2015-12-31": "", "2015-09-30": "", "2015-06-30": "", "2015-03-31": "", "2014-12-31": "", "2014-09-30": "", "2014-06-30": "", "2014-03-31": "", "2013-12-31": "", "2013-09-30": "", "2013-06-30": "", "2013-03-31": "", "2012-12-31": "", "2012-09-30": "", "2012-06-30": "", "2012-03-31": "", "2011-12-31": "", "2011-09-30": "", "2011-06-30": "", "2011-03-31": "", "2010-12-31": "", "2010-09-30": "", "2010-06-30": "", "2010-03-31": "", "2009-12-31": "", "2009-09-30": "", "2009-06-30": "", "2009-03-31": "", "2008-12-31": "", "2008-09-30": "", "2008-06-30": "-0.37600", "2008-03-31": "-0.18600", "2007-12-31": "-0.27900", "2007-09-30": "-0.22400", "2007-06-30": "", "2007-03-31": "", "2006-12-31": "", "2006-09-30": "", "2006-06-30": "", "2006-03-31": "", "2005-12-31": "", "2005-09-30": "", "2005-06-30": "", "2005-03-31": ""}, "Net Income": {"2020-09-30": "91.21600", "2020-06-30": "61.34500", "2020-03-31": "73.85500", "2019-12-31": "72.09800", "2019-09-30": "89.37000", "2019-06-30": "60.99300", "2019-03-31": "59.25200", "2018-12-31": "68.08900", "2018-09-30": "83.55100", "2018-06-30": "67.83500", "2018-03-31": "69.08600", "2017-12-31": "161.24300", "2017-09-30": "66.87000", "2017-06-30": "48.45900", "2017-03-31": "60.04400", "2016-12-31": "58.81400", "2016-09-30": "62.24400", "2016-06-30": "84.27000", "2016-03-31": "53.88300", "2015-12-31": "59.34800", "2015-09-30": "51.36600", "2015-06-30": "60.53900", "2015-03-31": "50.71200", "2014-12-31": "53.88200", "2014-09-30": "46.08800", "2014-06-30": "52.52700", "2014-03-31": "42.60600", "2013-12-31": "48.36100", "2013-09-30": "43.22100", "2013-06-30": "38.63400", "2013-03-31": "45.99600", "2012-12-31": "40.50500", "2012-09-30": "42.47500", "2012-06-30": "40.38300", "2012-03-31": "36.65700", "2011-12-31": "38.52500", "2011-09-30": "36.47500", "2011-06-30": "36.57400", "2011-03-31": "33.08100", "2010-12-31": "36.04500", "2010-09-30": "31.77100", "2010-06-30": "29.98400", "2010-03-31": "31.63500", "2009-12-31": "29.97700", "2009-09-30": "26.27400", "2009-06-30": "27.80600", "2009-03-31": "24.80200", "2008-12-31": "27.98500", "2008-09-30": "22.50900", "2008-06-30": "24.92000", "2008-03-31": "26.61200", "2007-12-31": "29.15100", "2007-09-30": "23.53900", "2007-06-30": "29.10100", "2007-03-31": "26.38000", "2006-12-31": "27.78800", "2006-09-30": "21.41200", "2006-06-30": "25.40500", "2006-03-31": "23.46000", "2005-12-31": "21.63600", "2005-09-30": "19.42200", "2005-06-30": "21.70600", "2005-03-31": "19.42900"}, "EBITDA": {"2020-09-30": "161.33100", "2020-06-30": "120.63100", "2020-03-31": "135.67300", "2019-12-31": "135.85300", "2019-09-30": "160.27500", "2019-06-30": "120.72400", "2019-03-31": "117.15200", "2018-12-31": "128.09000", "2018-09-30": "141.95200", "2018-06-30": "124.67810", "2018-03-31": "129.65100", "2017-12-31": "121.82800", "2017-09-30": "133.33200", "2017-06-30": "108.31310", "2017-03-31": "123.70700", "2016-12-31": "123.93000", "2016-09-30": "125.55300", "2016-06-30": "151.03400", "2016-03-31": "111.96400", "2015-12-31": "116.56800", "2015-09-30": "111.74100", "2015-06-30": "119.28200", "2015-03-31": "106.87200", "2014-12-31": "109.63300", "2014-09-30": "101.07400", "2014-06-30": "111.14000", "2014-03-31": "91.93600", "2013-12-31": "100.50900", "2013-09-30": "92.48400", "2013-06-30": "83.81510", "2013-03-31": "91.88200", "2012-12-31": "83.66700", "2012-09-30": "91.73400", "2012-06-30": "80.66410", "2012-03-31": "79.54900", "2011-12-31": "84.50700", "2011-09-30": "81.49100", "2011-06-30": "80.94690", "2011-03-31": "73.07800", "2010-12-31": "77.86000", "2010-09-30": "74.94600", "2010-06-30": "68.77300", "2010-03-31": "62.03300", "2009-12-31": "65.18900", "2009-09-30": "57.76600", "2009-06-30": "59.49400", "2009-03-31": "53.38700", "2008-12-31": "57.73300", "2008-09-30": "51.41900", "2008-06-30": "54.97500", "2008-03-31": "58.66700", "2007-12-31": "62.01300", "2007-09-30": "50.56000", "2007-06-30": "60.30190", "2007-03-31": "54.28400", "2006-12-31": "51.55900", "2006-09-30": "44.83700", "2006-06-30": "52.73610", "2006-03-31": "45.93800", "2005-12-31": "44.70700", "2005-09-30": "41.21400", "2005-06-30": "44.32190", "2005-03-31": "40.65700"}, "EBIT": {"2020-09-30": "117.58800", "2020-06-30": "76.79800", "2020-03-31": "91.93800", "2019-12-31": "93.70400", "2019-09-30": "118.18700", "2019-06-30": "79.41800", "2019-03-31": "76.44100", "2018-12-31": "88.20400", "2018-09-30": "103.22200", "2018-06-30": "84.94910", "2018-03-31": "90.70700", "2017-12-31": "84.79000", "2017-09-30": "97.05700", "2017-06-30": "72.96300", "2017-03-31": "88.73100", "2016-12-31": "88.60600", "2016-09-30": "91.41700", "2016-06-30": "116.50500", "2016-03-31": "79.83000", "2015-12-31": "84.78700", "2015-09-30": "80.53700", "2015-06-30": "89.37200", "2015-03-31": "77.20200", "2014-12-31": "79.66500", "2014-09-30": "71.62600", "2014-06-30": "82.88600", "2014-03-31": "64.54100", "2013-12-31": "74.24300", "2013-09-30": "66.62800", "2013-06-30": "58.10400", "2013-03-31": "65.70900", "2012-12-31": "59.42800", "2012-09-30": "67.51600", "2012-06-30": "56.51010", "2012-03-31": "56.49700", "2011-12-31": "60.78800", "2011-09-30": "57.79700", "2011-06-30": "58.04990", "2011-03-31": "50.50300", "2010-12-31": "54.98900", "2010-09-30": "52.77500", "2010-06-30": "49.29400", "2010-03-31": "43.65900", "2009-12-31": "47.36300", "2009-09-30": "41.93700", "2009-06-30": "43.60600", "2009-03-31": "37.07600", "2008-12-31": "41.61200", "2008-09-30": "35.59200", "2008-06-30": "39.21400", "2008-03-31": "42.54400", "2007-12-31": "46.29600", "2007-09-30": "36.15500", "2007-06-30": "46.71500", "2007-03-31": "40.77500", "2006-12-31": "39.61900", "2006-09-30": "32.91900", "2006-06-30": "41.49400", "2006-03-31": "34.71600", "2005-12-31": "34.05000", "2005-09-30": "30.56100", "2005-06-30": "33.85900", "2005-03-31": "31.02600"}, "Basic Shares Outstanding": {"2020-09-30": "76.50700", "2020-06-30": "76.78700", "2020-03-31": "76.68300", "2019-12-31": "76.87900", "2019-09-30": "76.97200", "2019-06-30": "77.16000", "2019-03-31": "77.17700", "2018-12-31": "77.21600", "2018-09-30": "77.18800", "2018-06-30": "77.25200", "2018-03-31": "77.24700", "2017-12-31": "77.21800", "2017-09-30": "77.28300", "2017-06-30": "77.85600", "2017-03-31": "77.59700", "2016-12-31": "77.81400", "2016-09-30": "78.41300", "2016-06-30": "79.41600", "2016-03-31": "78.80500", "2015-12-31": "79.47300", "2015-09-30": "80.54500", "2015-06-30": "81.35300", "2015-03-31": "80.88000", "2014-12-31": "81.43200", "2014-09-30": "82.19500", "2014-06-30": "84.86600", "2014-03-31": "84.98100", "2013-12-31": "85.45000", "2013-09-30": "85.29400", "2013-06-30": "86.04000", "2013-03-31": "86.12000", "2012-12-31": "86.08400", "2012-09-30": "86.10900", "2012-06-30": "86.59900", "2012-03-31": "86.82400", "2011-12-31": "86.57200", "2011-09-30": "86.40300", "2011-06-30": "85.94800", "2011-03-31": "86.21800", "2010-12-31": "85.77000", "2010-09-30": "85.46900", "2010-06-30": "84.55800", "2010-03-31": "84.69400", "2009-12-31": "84.34100", "2009-09-30": "83.87000", "2009-06-30": "84.11800", "2009-03-31": "82.87300", "2008-12-31": "84.31400", "2008-09-30": "85.74400", "2008-06-30": "88.27000", "2008-03-31": "87.61500", "2007-12-31": "89.39300", "2007-09-30": "89.16800", "2007-06-30": "90.15500", "2007-03-31": "89.89300", "2006-12-31": "90.21100", "2006-09-30": "91.05600", "2006-06-30": "91.48400", "2006-03-31": "91.95200", "2005-12-31": "91.35200", "2005-09-30": "91.56200", "2005-06-30": "90.89100", "2005-03-31": "91.21200"}, "Shares Outstanding": {"2020-09-30": "76.71300", "2020-06-30": "76.93400", "2020-03-31": "76.88400", "2019-12-31": "76.93500", "2019-09-30": "77.06700", "2019-06-30": "77.34700", "2019-03-31": "77.28600", "2018-12-31": "77.40900", "2018-09-30": "77.53700", "2018-06-30": "77.58500", "2018-03-31": "77.54600", "2017-12-31": "77.56500", "2017-09-30": "77.64600", "2017-06-30": "78.25500", "2017-03-31": "77.93200", "2016-12-31": "78.18000", "2016-09-30": "78.84400", "2016-06-30": "79.73400", "2016-03-31": "79.16700", "2015-12-31": "79.77000", "2015-09-30": "80.73500", "2015-06-30": "81.60100", "2015-03-31": "81.09400", "2014-12-31": "81.63400", "2014-09-30": "82.58900", "2014-06-30": "85.39600", "2014-03-31": "85.46700", "2013-12-31": "85.98600", "2013-09-30": "85.85400", "2013-06-30": "86.61900", "2013-03-31": "86.70500", "2012-12-31": "86.63900", "2012-09-30": "86.60500", "2012-06-30": "87.28700", "2012-03-31": "87.59200", "2011-12-31": "87.37100", "2011-09-30": "87.13400", "2011-06-30": "86.68700", "2011-03-31": "86.97200", "2010-12-31": "86.52300", "2010-09-30": "86.14700", "2010-06-30": "85.38100", "2010-03-31": "85.48000", "2009-12-31": "85.22400", "2009-09-30": "84.82300", "2009-06-30": "84.83000", "2009-03-31": "83.48000", "2008-12-31": "84.95800", "2008-09-30": "86.62200", "2008-06-30": "89.70200", "2008-03-31": "88.90700", "2007-12-31": "90.92200", "2007-09-30": "90.83300", "2007-06-30": "92.03200", "2007-03-31": "91.75300", "2006-12-31": "92.24600", "2006-09-30": "92.89300", "2006-06-30": "93.78700", "2006-03-31": "94.39000", "2005-12-31": "93.63700", "2005-09-30": "93.99800", "2005-06-30": "92.99800", "2005-03-31": "93.42100"}, "Basic EPS": {"2020-09-30": "1.19000", "2020-06-30": "0.80000", "2020-03-31": "0.96000", "2019-12-31": "0.94000", "2019-09-30": "1.16000", "2019-06-30": "0.79000", "2019-03-31": "0.77000", "2018-12-31": "0.88000", "2018-09-30": "1.08000", "2018-06-30": "0.88000", "2018-03-31": "0.89000", "2017-12-31": "2.09000", "2017-09-30": "0.87000", "2017-06-30": "0.63000", "2017-03-31": "0.77000", "2016-12-31": "0.76000", "2016-09-30": "0.79000", "2016-06-30": "1.06000", "2016-03-31": "0.68000", "2015-12-31": "0.75000", "2015-09-30": "0.64000", "2015-06-30": "0.75000", "2015-03-31": "0.63000", "2014-12-31": "0.66000", "2014-09-30": "0.56000", "2014-06-30": "0.62000", "2014-03-31": "0.50000", "2013-12-31": "0.57000", "2013-09-30": "0.51000", "2013-06-30": "0.46000", "2013-03-31": "0.53000", "2012-12-31": "0.47000", "2012-09-30": "0.49000", "2012-06-30": "0.47000", "2012-03-31": "0.42000", "2011-12-31": "0.45000", "2011-09-30": "0.42000", "2011-06-30": "0.43000", "2011-03-31": "0.38000", "2010-12-31": "0.42000", "2010-09-30": "0.37000", "2010-06-30": "0.35000", "2010-03-31": "0.37000", "2009-12-31": "0.36000", "2009-09-30": "0.31000", "2009-06-30": "0.34000", "2009-03-31": "0.30000", "2008-12-31": "0.33000", "2008-09-30": "0.26000", "2008-06-30": "0.29000", "2008-03-31": "0.30000", "2007-12-31": "0.33000", "2007-09-30": "0.26000", "2007-06-30": "0.32000", "2007-03-31": "0.29000", "2006-12-31": "0.31000", "2006-09-30": "0.24000", "2006-06-30": "0.27000", "2006-03-31": "0.26000", "2005-12-31": "0.24000", "2005-09-30": "0.21000", "2005-06-30": "0.24000", "2005-03-31": "0.21000"}, "EPS - Earnings Per Share": {"2020-09-30": "1.19000", "2020-06-30": "0.80000", "2020-03-31": "0.96000", "2019-12-31": "0.94000", "2019-09-30": "1.16000", "2019-06-30": "0.79000", "2019-03-31": "0.77000", "2018-12-31": "0.88000", "2018-09-30": "1.08000", "2018-06-30": "0.87000", "2018-03-31": "0.89000", "2017-12-31": "2.08000", "2017-09-30": "0.86000", "2017-06-30": "0.62000", "2017-03-31": "0.77000", "2016-12-31": "0.75000", "2016-09-30": "0.79000", "2016-06-30": "1.06380", "2016-03-31": "0.68000", "2015-12-31": "0.74000", "2015-09-30": "0.63620", "2015-06-30": "0.74000", "2015-03-31": "0.63000", "2014-12-31": "0.66000", "2014-09-30": "0.56000", "2014-06-30": "0.63000", "2014-03-31": "0.50000", "2013-12-31": "0.56000", "2013-09-30": "0.50000", "2013-06-30": "0.45000", "2013-03-31": "0.53000", "2012-12-31": "0.47000", "2012-09-30": "0.49000", "2012-06-30": "0.46000", "2012-03-31": "0.42000", "2011-12-31": "0.44000", "2011-09-30": "0.42000", "2011-06-30": "0.42000", "2011-03-31": "0.38000", "2010-12-31": "0.42000", "2010-09-30": "0.37000", "2010-06-30": "0.35000", "2010-03-31": "0.37000", "2009-12-31": "0.35000", "2009-09-30": "0.31000", "2009-06-30": "0.33000", "2009-03-31": "0.30000", "2008-12-31": "0.33000", "2008-09-30": "0.26000", "2008-06-30": "0.28000", "2008-03-31": "0.30000", "2007-12-31": "0.32000", "2007-09-30": "0.26000", "2007-06-30": "0.32000", "2007-03-31": "0.29000", "2006-12-31": "0.30000", "2006-09-30": "0.23000", "2006-06-30": "0.27000", "2006-03-31": "0.25000", "2005-12-31": "0.23000", "2005-09-30": "0.21000", "2005-06-30": "0.23000", "2005-03-31": "0.21000"}}, "balance sheet": {"Cash On Hand": {"2020-06-30": "213.34500", "2019-06-30": "93.62800", "2018-06-30": "31.44000", "2017-06-30": "114.76500", "2016-06-30": "70.31000", "2015-06-30": "148.31300", "2014-06-30": "70.37700", "2013-06-30": "127.90500", "2012-06-30": "157.31300", "2011-06-30": "64.12500", "2010-06-30": "126.51800", "2009-06-30": "119.25100", "2008-06-30": "66.56200", "2007-06-30": "89.60600", "2006-06-30": "76.32000", "2005-06-30": "12.60100"}, "Receivables": {"2020-06-30": "321.99600", "2019-06-30": "327.89700", "2018-06-30": "318.94200", "2017-06-30": "297.05800", "2016-06-30": "269.55900", "2015-06-30": "248.14000", "2014-06-30": "231.97800", "2013-06-30": "237.37000", "2012-06-30": "226.78100", "2011-06-30": "224.62600", "2010-06-30": "215.39000", "2009-06-30": "195.42500", "2008-06-30": "213.94700", "2007-06-30": "209.24200", "2006-06-30": "180.29500", "2005-06-30": "209.92200"}, "Inventory": {"2020-06-30": "", "2019-06-30": "", "2018-06-30": "", "2017-06-30": "", "2016-06-30": "", "2015-06-30": "", "2014-06-30": "", "2013-06-30": "", "2012-06-30": "", "2011-06-30": "", "2010-06-30": "", "2009-06-30": "", "2008-06-30": "", "2007-06-30": "", "2006-06-30": "", "2005-06-30": ""}, "Pre-Paid Expenses": {"2020-06-30": "95.52500", "2019-06-30": "106.46600", "2018-06-30": "96.06900", "2017-06-30": "66.89400", "2016-06-30": "56.58800", "2015-06-30": "69.09600", "2014-06-30": "61.07400", "2013-06-30": "60.84300", "2012-06-30": "84.55500", "2011-06-30": "65.19900", "2010-06-30": "51.19400", "2009-06-30": "44.08800", "2008-06-30": "44.65800", "2007-06-30": "48.27700", "2006-06-30": "46.63000", "2005-06-30": "35.42500"}, "Other Current Assets": {"2020-06-30": "", "2019-06-30": "6.35500", "2018-06-30": "1.30000", "2017-06-30": "", "2016-06-30": "", "2015-06-30": "", "2014-06-30": "", "2013-06-30": "", "2012-06-30": "", "2011-06-30": "", "2010-06-30": "", "2009-06-30": "", "2008-06-30": "", "2007-06-30": "", "2006-06-30": "", "2005-06-30": ""}, "Total Current Assets": {"2020-06-30": "669.10100", "2019-06-30": "569.44800", "2018-06-30": "470.74200", "2017-06-30": "520.03100", "2016-06-30": "431.92900", "2015-06-30": "493.49900", "2014-06-30": "390.50600", "2013-06-30": "456.11900", "2012-06-30": "468.64900", "2011-06-30": "353.95000", "2010-06-30": "393.10200", "2009-06-30": "359.64600", "2008-06-30": "329.75700", "2007-06-30": "350.38500", "2006-06-30": "306.41000", "2005-06-30": "260.29300"}, "Property, Plant, And Equipment": {"2020-06-30": "273.43200", "2019-06-30": "272.47400", "2018-06-30": "285.55000", "2017-06-30": "282.93400", "2016-06-30": "298.56400", "2015-06-30": "296.33200", "2014-06-30": "291.67500", "2013-06-30": "300.51100", "2012-06-30": "276.73000", "2011-06-30": "270.18600", "2010-06-30": "274.67000", "2009-06-30": "237.77800", "2008-06-30": "239.00500", "2007-06-30": "249.88200", "2006-06-30": "251.63200", "2005-06-30": "243.19100"}, "Long-Term Investments": {"2020-06-30": "", "2019-06-30": "", "2018-06-30": "", "2017-06-30": "", "2016-06-30": "", "2015-06-30": "", "2014-06-30": "", "2013-06-30": "", "2012-06-30": "", "2011-06-30": "", "2010-06-30": "", "2009-06-30": "", "2008-06-30": "", "2007-06-30": "", "2006-06-30": "", "2005-06-30": ""}, "Goodwill And Intangible Assets": {"2020-06-30": "1151.82500", "2019-06-30": "1118.08000", "2018-06-30": "1091.60200", "2017-06-30": "926.60800", "2016-06-30": "914.75900", "2015-06-30": "898.14900", "2014-06-30": "875.40700", "2013-06-30": "822.45000", "2012-06-30": "822.24600", "2011-06-30": "834.08610", "2010-06-30": "856.31010", "2009-06-30": "434.52800", "2008-06-30": "432.13400", "2007-06-30": "373.31000", "2006-06-30": "323.54900", "2005-06-30": "293.38800"}, "Other Long-Term Assets": {"2020-06-30": "220.59100", "2019-06-30": "134.74300", "2018-06-30": "110.29900", "2017-06-30": "82.52500", "2016-06-30": "70.46100", "2015-06-30": "52.43200", "2014-06-30": "44.65700", "2013-06-30": "35.47000", "2012-06-30": "51.86700", "2011-06-30": "47.57500", "2010-06-30": "36.47800", "2009-06-30": "18.74800", "2008-06-30": "20.14800", "2007-06-30": "25.76300", "2006-06-30": "24.47600", "2005-06-30": "17.28100"}, "Total Long-Term Assets": {"2020-06-30": "1759.37300", "2019-06-30": "1615.38100", "2018-06-30": "1562.31600", "2017-06-30": "1388.91400", "2016-06-30": "1383.58300", "2015-06-30": "1343.33600", "2014-06-30": "1290.19700", "2013-06-30": "1216.26700", "2012-06-30": "1150.84300", "2011-06-30": "1151.84700", "2010-06-30": "1167.45800", "2009-06-30": "691.05400", "2008-06-30": "691.28700", "2007-06-30": "648.95500", "2006-06-30": "599.65700", "2005-06-30": "553.86000"}, "Total Assets": {"2020-06-30": "2428.47400", "2019-06-30": "2184.82900", "2018-06-30": "2033.05800", "2017-06-30": "1908.94500", "2016-06-30": "1815.51200", "2015-06-30": "1836.83500", "2014-06-30": "1680.70300", "2013-06-30": "1672.38600", "2012-06-30": "1619.49200", "2011-06-30": "1505.79700", "2010-06-30": "1560.56000", "2009-06-30": "1050.70000", "2008-06-30": "1021.04400", "2007-06-30": "999.34000", "2006-06-30": "906.06700", "2005-06-30": "814.15300"}, "Total Current Liabilities": {"2020-06-30": "494.84500", "2019-06-30": "469.96200", "2018-06-30": "448.05500", "2017-06-30": "471.19200", "2016-06-30": "443.73200", "2015-06-30": "443.61100", "2014-06-30": "446.80900", "2013-06-30": "434.20200", "2012-06-30": "402.24300", "2011-06-30": "380.51100", "2010-06-30": "444.38500", "2009-06-30": "344.40700", "2008-06-30": "341.17500", "2007-06-30": "330.47700", "2006-06-30": "263.49200", "2005-06-30": "246.58300"}, "Long Term Debt": {"2020-06-30": "0.20800", "2019-06-30": "", "2018-06-30": "", "2017-06-30": "50.00000", "2016-06-30": "", "2015-06-30": "50.10200", "2014-06-30": "3.72900", "2013-06-30": "7.36600", "2012-06-30": "106.16600", "2011-06-30": "127.93900", "2010-06-30": "272.73200", "2009-06-30": "", "2008-06-30": "", "2007-06-30": "", "2006-06-30": "", "2005-06-30": ""}, "Other Non-Current Liabilities": {"2020-06-30": "68.27400", "2019-06-30": "14.29000", "2018-06-30": "12.87200", "2017-06-30": "7.55400", "2016-06-30": "9.44000", "2015-06-30": "8.92200", "2014-06-30": "9.68300", "2013-06-30": "5.58600", "2012-06-30": "7.00200", "2011-06-30": "10.00000", "2010-06-30": "8.07000", "2009-06-30": "6.74000", "2008-06-30": "5.48900", "2007-06-30": "0.34300", "2006-06-30": "0.61600", "2005-06-30": ""}, "Total Long Term Liabilities": {"2020-06-30": "383.94100", "2019-06-30": "285.85400", "2018-06-30": "262.15900", "2017-06-30": "405.70200", "2016-06-30": "375.57000", "2015-06-30": "401.69000", "2014-06-30": "266.50700", "2013-06-30": "222.36800", "2012-06-30": "234.19300", "2011-06-30": "245.51000", "2010-06-30": "365.80300", "2009-06-30": "79.78700", "2008-06-30": "78.41800", "2007-06-30": "70.49800", "2006-06-30": "67.36300", "2005-06-30": "50.41600"}, "Total Liabilities": {"2020-06-30": "878.78600", "2019-06-30": "755.81600", "2018-06-30": "710.21400", "2017-06-30": "876.89400", "2016-06-30": "819.30200", "2015-06-30": "845.30100", "2014-06-30": "713.31600", "2013-06-30": "656.57000", "2012-06-30": "636.43600", "2011-06-30": "626.02100", "2010-06-30": "810.18800", "2009-06-30": "424.19400", "2008-06-30": "419.59300", "2007-06-30": "400.97500", "2006-06-30": "330.85500", "2005-06-30": "296.99900"}, "Common Stock Net": {"2020-06-30": "1.03600", "2019-06-30": "1.03500", "2018-06-30": "1.03300", "2017-06-30": "1.03100", "2016-06-30": "1.02900", "2015-06-30": "1.02700", "2014-06-30": "1.02400", "2013-06-30": "1.02000", "2012-06-30": "1.01500", "2011-06-30": "1.00800", "2010-06-30": "0.99800", "2009-06-30": "0.98000", "2008-06-30": "0.97700", "2007-06-30": "0.96200", "2006-06-30": "0.93900", "2005-06-30": "0.92000"}, "Retained Earnings (Accumulated Deficit)": {"2020-06-30": "2235.32000", "2019-06-30": "2066.07300", "2018-06-30": "1912.93300", "2017-06-30": "1585.27800", "2016-06-30": "1431.19200", "2015-06-30": "1266.44300", "2014-06-30": "1131.63200", "2013-06-30": "1016.16800", "2012-06-30": "944.07800", "2011-06-30": "827.22200", "2010-06-30": "724.14200", "2009-06-30": "636.73300", "2008-06-30": "560.53400", "2007-06-30": "484.84500", "2006-06-30": "401.84900", "2005-06-30": "330.30800"}, "Comprehensive Income": {"2020-06-30": "", "2019-06-30": "", "2018-06-30": "", "2017-06-30": "", "2016-06-30": "", "2015-06-30": "", "2014-06-30": "", "2013-06-30": "", "2012-06-30": "", "2011-06-30": "", "2010-06-30": "", "2009-06-30": "", "2008-06-30": "", "2007-06-30": "", "2006-06-30": "", "2005-06-30": ""}, "Other Share Holders Equity": {"2020-06-30": "", "2019-06-30": "", "2018-06-30": "", "2017-06-30": "", "2016-06-30": "", "2015-06-30": "", "2014-06-30": "", "2013-06-30": "", "2012-06-30": "", "2011-06-30": "", "2010-06-30": "", "2009-06-30": "", "2008-06-30": "", "2007-06-30": "", "2006-06-30": "", "2005-06-30": ""}, "Share Holder Equity": {"2020-06-30": "1549.68800", "2019-06-30": "1429.01300", "2018-06-30": "1322.84400", "2017-06-30": "1032.05100", "2016-06-30": "996.21000", "2015-06-30": "991.53400", "2014-06-30": "967.38700", "2013-06-30": "1015.81600", "2012-06-30": "983.05600", "2011-06-30": "879.77600", "2010-06-30": "750.37200", "2009-06-30": "626.50600", "2008-06-30": "601.45100", "2007-06-30": "598.36500", "2006-06-30": "575.21200", "2005-06-30": "517.15400"}, "Total Liabilities And Share Holders Equity": {"2020-06-30": "2428.47400", "2019-06-30": "2184.82900", "2018-06-30": "2033.05800", "2017-06-30": "1908.94500", "2016-06-30": "1815.51200", "2015-06-30": "1836.83500", "2014-06-30": "1680.70300", "2013-06-30": "1672.38600", "2012-06-30": "1619.49200", "2011-06-30": "1505.79700", "2010-06-30": "1560.56000", "2009-06-30": "1050.70000", "2008-06-30": "1021.04400", "2007-06-30": "999.34000", "2006-06-30": "906.06700", "2005-06-30": "814.15300"}}, "balance sheet, quarterly": {"Cash On Hand": {"2020-09-30": "195.32000", "2020-06-30": "213.34500", "2020-03-31": "109.51400", "2019-12-31": "72.51300", "2019-09-30": "96.67900", "2019-06-30": "93.62800", "2019-03-31": "35.39800", "2018-12-31": "26.15600", "2018-09-30": "114.87200", "2018-06-30": "31.44000", "2018-03-31": "57.40200", "2017-12-31": "57.71900", "2017-09-30": "104.04000", "2017-06-30": "114.76500", "2017-03-31": "42.91600", "2016-12-31": "64.18800", "2016-09-30": "84.51900", "2016-06-30": "70.31000", "2016-03-31": "54.00100", "2015-12-31": "55.12600", "2015-09-30": "84.48500", "2015-06-30": "148.31300", "2015-03-31": "52.80000", "2014-12-31": "49.33200", "2014-09-30": "39.40200", "2014-06-30": "70.37700", "2014-03-31": "52.24400", "2013-12-31": "155.50100", "2013-09-30": "181.78700", "2013-06-30": "127.90500", "2013-03-31": "182.05100", "2012-12-31": "192.85400", "2012-09-30": "223.68800", "2012-06-30": "157.31300", "2012-03-31": "89.77100", "2011-12-31": "96.20200", "2011-09-30": "109.05500", "2011-06-30": "64.12500", "2011-03-31": "55.38300", "2010-12-31": "47.87100", "2010-09-30": "47.76600", "2010-06-30": "126.51800", "2010-03-31": "36.77900", "2009-12-31": "25.94300", "2009-09-30": "109.01800", "2009-06-30": "119.25100", "2009-03-31": "27.41500", "2008-12-31": "41.60000", "2008-09-30": "25.83100", "2008-06-30": "66.56200", "2008-03-31": "41.57300", "2007-12-31": "29.12700", "2007-09-30": "55.50800", "2007-06-30": "89.60600", "2007-03-31": "28.79400", "2006-12-31": "28.75500", "2006-09-30": "51.56500", "2006-06-30": "76.32000", "2006-03-31": "40.91400", "2005-12-31": "40.91000", "2005-09-30": "56.55000", "2005-06-30": "12.60100", "2005-03-31": "16.94500"}, "Receivables": {"2020-09-30": "223.01300", "2020-06-30": "321.99600", "2020-03-31": "219.12300", "2019-12-31": "204.70300", "2019-09-30": "234.36200", "2019-06-30": "327.89700", "2019-03-31": "207.98300", "2018-12-31": "194.22500", "2018-09-30": "202.70600", "2018-06-30": "318.94200", "2018-03-31": "182.31500", "2017-12-31": "190.45700", "2017-09-30": "175.45700", "2017-06-30": "297.05800", "2017-03-31": "148.09600", "2016-12-31": "155.90500", "2016-09-30": "151.41700", "2016-06-30": "269.55900", "2016-03-31": "145.64200", "2015-12-31": "150.20700", "2015-09-30": "149.45400", "2015-06-30": "248.14000", "2015-03-31": "137.42500", "2014-12-31": "149.99600", "2014-09-30": "161.72800", "2014-06-30": "231.97800", "2014-03-31": "141.07100", "2013-12-31": "137.71100", "2013-09-30": "155.31500", "2013-06-30": "237.37000", "2013-03-31": "129.59100", "2012-12-31": "132.15000", "2012-09-30": "138.53800", "2012-06-30": "226.78100", "2012-03-31": "125.65500", "2011-12-31": "133.46800", "2011-09-30": "139.98500", "2011-06-30": "224.62600", "2011-03-31": "121.69900", "2010-12-31": "134.67900", "2010-09-30": "139.71600", "2010-06-30": "215.39000", "2010-03-31": "122.45700", "2009-12-31": "122.07900", "2009-09-30": "124.63300", "2009-06-30": "195.42500", "2009-03-31": "104.52400", "2008-12-31": "122.66600", "2008-09-30": "125.95800", "2008-06-30": "213.94700", "2008-03-31": "125.87900", "2007-12-31": "128.07600", "2007-09-30": "132.15300", "2007-06-30": "209.24200", "2007-03-31": "114.49900", "2006-12-31": "113.25800", "2006-09-30": "118.76800", "2006-06-30": "180.29500", "2006-03-31": "99.71700", "2005-12-31": "102.84100", "2005-09-30": "88.90800", "2005-06-30": "209.92200", "2005-03-31": "80.02600"}, "Inventory": {"2020-09-30": "", "2020-06-30": "", "2020-03-31": "", "2019-12-31": "", "2019-09-30": "", "2019-06-30": "", "2019-03-31": "", "2018-12-31": "", "2018-09-30": "", "2018-06-30": "", "2018-03-31": "", "2017-12-31": "", "2017-09-30": "", "2017-06-30": "", "2017-03-31": "", "2016-12-31": "", "2016-09-30": "", "2016-06-30": "", "2016-03-31": "", "2015-12-31": "", "2015-09-30": "", "2015-06-30": "", "2015-03-31": "", "2014-12-31": "", "2014-09-30": "", "2014-06-30": "", "2014-03-31": "", "2013-12-31": "", "2013-09-30": "", "2013-06-30": "", "2013-03-31": "", "2012-12-31": "", "2012-09-30": "", "2012-06-30": "", "2012-03-31": "", "2011-12-31": "", "2011-09-30": "", "2011-06-30": "", "2011-03-31": "", "2010-12-31": "", "2010-09-30": "", "2010-06-30": "", "2010-03-31": "", "2009-12-31": "", "2009-09-30": "", "2009-06-30": "", "2009-03-31": "", "2008-12-31": "", "2008-09-30": "", "2008-06-30": "", "2008-03-31": "", "2007-12-31": "", "2007-09-30": "", "2007-06-30": "", "2007-03-31": "", "2006-12-31": "", "2006-09-30": "", "2006-06-30": "", "2006-03-31": "", "2005-12-31": "", "2005-09-30": "", "2005-06-30": "", "2005-03-31": ""}, "Pre-Paid Expenses": {"2020-09-30": "103.09800", "2020-06-30": "95.52500", "2020-03-31": "109.44900", "2019-12-31": "99.29800", "2019-09-30": "102.18900", "2019-06-30": "106.46600", "2019-03-31": "106.03200", "2018-12-31": "99.05300", "2018-09-30": "102.42500", "2018-06-30": "96.06900", "2018-03-31": "76.30600", "2017-12-31": "71.42700", "2017-09-30": "70.80900", "2017-06-30": "66.89400", "2017-03-31": "65.22800", "2016-12-31": "60.84500", "2016-09-30": "61.65600", "2016-06-30": "56.58800", "2016-03-31": "70.07500", "2015-12-31": "74.94100", "2015-09-30": "71.81400", "2015-06-30": "69.09600", "2015-03-31": "73.54900", "2014-12-31": "73.69100", "2014-09-30": "73.92800", "2014-06-30": "61.07400", "2014-03-31": "85.67000", "2013-12-31": "89.49900", "2013-09-30": "93.35700", "2013-06-30": "60.84300", "2013-03-31": "81.12200", "2012-12-31": "83.93200", "2012-09-30": "88.50300", "2012-06-30": "84.55500", "2012-03-31": "77.53700", "2011-12-31": "79.10300", "2011-09-30": "73.93400", "2011-06-30": "65.19900", "2011-03-31": "54.67200", "2010-12-31": "56.51300", "2010-09-30": "61.27200", "2010-06-30": "51.19400", "2010-03-31": "50.02000", "2009-12-31": "54.68800", "2009-09-30": "51.55700", "2009-06-30": "44.08800", "2009-03-31": "45.50300", "2008-12-31": "51.60600", "2008-09-30": "54.61400", "2008-06-30": "44.65800", "2008-03-31": "45.25100", "2007-12-31": "48.14700", "2007-09-30": "46.74800", "2007-06-30": "48.27700", "2007-03-31": "43.34000", "2006-12-31": "42.35700", "2006-09-30": "44.15200", "2006-06-30": "46.63000", "2006-03-31": "30.24000", "2005-12-31": "33.37100", "2005-09-30": "35.91600", "2005-06-30": "35.42500", "2005-03-31": "30.32400"}, "Other Current Assets": {"2020-09-30": "", "2020-06-30": "", "2020-03-31": "", "2019-12-31": "6.35500", "2019-09-30": "6.54600", "2019-06-30": "6.35500", "2019-03-31": "", "2018-12-31": "", "2018-09-30": "", "2018-06-30": "1.30000", "2018-03-31": "", "2017-12-31": "", "2017-09-30": "", "2017-06-30": "", "2017-03-31": "", "2016-12-31": "", "2016-09-30": "", "2016-06-30": "", "2016-03-31": "", "2015-12-31": "", "2015-09-30": "", "2015-06-30": "", "2015-03-31": "", "2014-12-31": "", "2014-09-30": "", "2014-06-30": "", "2014-03-31": "", "2013-12-31": "", "2013-09-30": "", "2013-06-30": "", "2013-03-31": "", "2012-12-31": "", "2012-09-30": "", "2012-06-30": "", "2012-03-31": "", "2011-12-31": "", "2011-09-30": "", "2011-06-30": "", "2011-03-31": "", "2010-12-31": "", "2010-09-30": "", "2010-06-30": "", "2010-03-31": "", "2009-12-31": "", "2009-09-30": "", "2009-06-30": "", "2009-03-31": "", "2008-12-31": "", "2008-09-30": "", "2008-06-30": "", "2008-03-31": "", "2007-12-31": "", "2007-09-30": "", "2007-06-30": "", "2007-03-31": "", "2006-12-31": "", "2006-09-30": "", "2006-06-30": "", "2006-03-31": "", "2005-12-31": "", "2005-09-30": "", "2005-06-30": "", "2005-03-31": ""}, "Total Current Assets": {"2020-09-30": "574.53900", "2020-06-30": "669.10100", "2020-03-31": "479.65000", "2019-12-31": "427.73100", "2019-09-30": "484.12300", "2019-06-30": "569.44800", "2019-03-31": "388.55600", "2018-12-31": "362.63900", "2018-09-30": "457.83900", "2018-06-30": "470.74200", "2018-03-31": "362.03000", "2017-12-31": "369.60000", "2017-09-30": "403.87100", "2017-06-30": "520.03100", "2017-03-31": "299.15400", "2016-12-31": "323.73700", "2016-09-30": "342.90000", "2016-06-30": "431.92900", "2016-03-31": "309.97000", "2015-12-31": "320.01700", "2015-09-30": "345.42500", "2015-06-30": "493.49900", "2015-03-31": "294.53200", "2014-12-31": "306.78100", "2014-09-30": "310.32300", "2014-06-30": "390.50600", "2014-03-31": "278.98500", "2013-12-31": "382.71100", "2013-09-30": "430.45900", "2013-06-30": "456.11900", "2013-03-31": "392.76400", "2012-12-31": "408.93600", "2012-09-30": "450.72900", "2012-06-30": "468.64900", "2012-03-31": "292.96300", "2011-12-31": "308.77300", "2011-09-30": "322.97400", "2011-06-30": "353.95000", "2011-03-31": "231.75400", "2010-12-31": "239.06300", "2010-09-30": "248.75400", "2010-06-30": "393.10200", "2010-03-31": "210.13800", "2009-12-31": "203.59200", "2009-09-30": "286.09000", "2009-06-30": "359.64600", "2009-03-31": "182.02600", "2008-12-31": "220.32400", "2008-09-30": "210.85600", "2008-06-30": "329.75700", "2008-03-31": "215.96300", "2007-12-31": "208.61000", "2007-09-30": "237.66900", "2007-06-30": "350.38500", "2007-03-31": "189.75300", "2006-12-31": "187.74500", "2006-09-30": "217.79500", "2006-06-30": "306.41000", "2006-03-31": "173.52100", "2005-12-31": "179.66200", "2005-09-30": "183.73900", "2005-06-30": "260.29300", "2005-03-31": "129.67000"}, "Property, Plant, And Equipment": {"2020-09-30": "263.71000", "2020-06-30": "273.43200", "2020-03-31": "277.09100", "2019-12-31": "278.69500", "2019-09-30": "274.53100", "2019-06-30": "272.47400", "2019-03-31": "279.94800", "2018-12-31": "283.45400", "2018-09-30": "286.49700", "2018-06-30": "285.55000", "2018-03-31": "261.22000", "2017-12-31": "272.08600", "2017-09-30": "273.83400", "2017-06-30": "282.93400", "2017-03-31": "285.01800", "2016-12-31": "289.27300", "2016-09-30": "293.23700", "2016-06-30": "298.56400", "2016-03-31": "298.02300", "2015-12-31": "302.09100", "2015-09-30": "295.94100", "2015-06-30": "296.33200", "2015-03-31": "290.72000", "2014-12-31": "295.48300", "2014-09-30": "301.13200", "2014-06-30": "291.67500", "2014-03-31": "299.15300", "2013-12-31": "299.01600", "2013-09-30": "295.63500", "2013-06-30": "300.51100", "2013-03-31": "291.32900", "2012-12-31": "286.42000", "2012-09-30": "279.05500", "2012-06-30": "276.73000", "2012-03-31": "273.10600", "2011-12-31": "278.23300", "2011-09-30": "279.74500", "2011-06-30": "270.18600", "2011-03-31": "270.12400", "2010-12-31": "270.98400", "2010-09-30": "274.47100", "2010-06-30": "274.67000", "2010-03-31": "256.69200", "2009-12-31": "250.25500", "2009-09-30": "241.41100", "2009-06-30": "237.77800", "2009-03-31": "236.16900", "2008-12-31": "240.83200", "2008-09-30": "234.17900", "2008-06-30": "239.00500", "2008-03-31": "246.23300", "2007-12-31": "250.23600", "2007-09-30": "248.48600", "2007-06-30": "249.88200", "2007-03-31": "246.20100", "2006-12-31": "249.31600", "2006-09-30": "250.68500", "2006-06-30": "251.63200", "2006-03-31": "250.87600", "2005-12-31": "246.16700", "2005-09-30": "243.16700", "2005-06-30": "243.19100", "2005-03-31": "226.53700"}, "Long-Term Investments": {"2020-09-30": "", "2020-06-30": "", "2020-03-31": "", "2019-12-31": "", "2019-09-30": "", "2019-06-30": "", "2019-03-31": "", "2018-12-31": "", "2018-09-30": "", "2018-06-30": "", "2018-03-31": "", "2017-12-31": "", "2017-09-30": "", "2017-06-30": "", "2017-03-31": "", "2016-12-31": "", "2016-09-30": "", "2016-06-30": "", "2016-03-31": "", "2015-12-31": "", "2015-09-30": "", "2015-06-30": "", "2015-03-31": "", "2014-12-31": "", "2014-09-30": "", "2014-06-30": "", "2014-03-31": "", "2013-12-31": "", "2013-09-30": "", "2013-06-30": "", "2013-03-31": "", "2012-12-31": "", "2012-09-30": "", "2012-06-30": "", "2012-03-31": "", "2011-12-31": "", "2011-09-30": "", "2011-06-30": "", "2011-03-31": "", "2010-12-31": "", "2010-09-30": "", "2010-06-30": "", "2010-03-31": "", "2009-12-31": "", "2009-09-30": "", "2009-06-30": "", "2009-03-31": "", "2008-12-31": "", "2008-09-30": "", "2008-06-30": "", "2008-03-31": "", "2007-12-31": "", "2007-09-30": "", "2007-06-30": "", "2007-03-31": "", "2006-12-31": "", "2006-09-30": "", "2006-06-30": "", "2006-03-31": "", "2005-12-31": "", "2005-09-30": "", "2005-06-30": "", "2005-03-31": ""}, "Goodwill And Intangible Assets": {"2020-09-30": "1154.67900", "2020-06-30": "1151.82500", "2020-03-31": "1153.17800", "2019-12-31": "1161.14500", "2019-09-30": "1158.25800", "2019-06-30": "1118.08000", "2019-03-31": "1115.53100", "2018-12-31": "1113.79400", "2018-09-30": "1091.72700", "2018-06-30": "1091.60200", "2018-03-31": "1088.49300", "2017-12-31": "1090.31100", "2017-09-30": "940.14800", "2017-06-30": "926.60800", "2017-03-31": "926.75400", "2016-12-31": "924.15800", "2016-09-30": "918.44600", "2016-06-30": "914.75900", "2016-03-31": "936.96800", "2015-12-31": "928.11690", "2015-09-30": "918.24690", "2015-06-30": "898.14900", "2015-03-31": "890.76600", "2014-12-31": "883.46200", "2014-09-30": "881.04390", "2014-06-30": "875.40700", "2014-03-31": "868.19300", "2013-12-31": "835.04400", "2013-09-30": "829.61400", "2013-06-30": "822.45000", "2013-03-31": "822.40100", "2012-12-31": "821.41100", "2012-09-30": "821.36710", "2012-06-30": "822.24600", "2012-03-31": "823.51100", "2011-12-31": "825.11400", "2011-09-30": "829.64800", "2011-06-30": "834.08610", "2011-03-31": "839.37900", "2010-12-31": "844.28410", "2010-09-30": "854.11100", "2010-06-30": "856.31010", "2010-03-31": "556.97500", "2009-12-31": "560.02400", "2009-09-30": "432.92000", "2009-06-30": "434.52800", "2009-03-31": "435.34500", "2008-12-31": "435.66800", "2008-09-30": "435.19300", "2008-06-30": "432.13400", "2008-03-31": "431.49800", "2007-12-31": "426.91000", "2007-09-30": "392.10100", "2007-06-30": "373.31000", "2007-03-31": "372.58400", "2006-12-31": "368.01300", "2006-09-30": "327.43600", "2006-06-30": "323.54900", "2006-03-31": "321.77200", "2005-12-31": "319.19500", "2005-09-30": "294.76700", "2005-06-30": "293.38800", "2005-03-31": "288.52500"}, "Other Long-Term Assets": {"2020-09-30": "225.15400", "2020-06-30": "220.59100", "2020-03-31": "213.11000", "2019-12-31": "218.56400", "2019-09-30": "212.25300", "2019-06-30": "134.74300", "2019-03-31": "133.63900", "2018-12-31": "129.56200", "2018-09-30": "119.50000", "2018-06-30": "110.29900", "2018-03-31": "99.89100", "2017-12-31": "90.64100", "2017-09-30": "84.69900", "2017-06-30": "82.52500", "2017-03-31": "76.98300", "2016-12-31": "76.77300", "2016-09-30": "75.10400", "2016-06-30": "70.46100", "2016-03-31": "58.94400", "2015-12-31": "57.36400", "2015-09-30": "52.65400", "2015-06-30": "52.43200", "2015-03-31": "48.21400", "2014-12-31": "46.41100", "2014-09-30": "128.29800", "2014-06-30": "44.65700", "2014-03-31": "68.14100", "2013-12-31": "65.37300", "2013-09-30": "59.43400", "2013-06-30": "35.47000", "2013-03-31": "56.94700", "2012-12-31": "52.74100", "2012-09-30": "51.53300", "2012-06-30": "51.86700", "2012-03-31": "54.45500", "2011-12-31": "51.48200", "2011-09-30": "49.41100", "2011-06-30": "47.57500", "2011-03-31": "43.52900", "2010-12-31": "43.31500", "2010-09-30": "38.16900", "2010-06-30": "36.47800", "2010-03-31": "24.43300", "2009-12-31": "23.08300", "2009-09-30": "19.23800", "2009-06-30": "18.74800", "2009-03-31": "19.17800", "2008-12-31": "19.72700", "2008-09-30": "20.66400", "2008-06-30": "20.14800", "2008-03-31": "21.90100", "2007-12-31": "22.04900", "2007-09-30": "23.59600", "2007-06-30": "25.76300", "2007-03-31": "26.11300", "2006-12-31": "25.24900", "2006-09-30": "25.18800", "2006-06-30": "24.47600", "2006-03-31": "23.20500", "2005-12-31": "20.85400", "2005-09-30": "16.63300", "2005-06-30": "17.28100", "2005-03-31": "15.36800"}, "Total Long-Term Assets": {"2020-09-30": "1760.53700", "2020-06-30": "1759.37300", "2020-03-31": "1749.76900", "2019-12-31": "1759.70800", "2019-09-30": "1741.85500", "2019-06-30": "1615.38100", "2019-03-31": "1614.32300", "2018-12-31": "1609.13800", "2018-09-30": "1575.26300", "2018-06-30": "1562.31600", "2018-03-31": "1543.33800", "2017-12-31": "1547.47600", "2017-09-30": "1392.47400", "2017-06-30": "1388.91400", "2017-03-31": "1387.82900", "2016-12-31": "1394.35800", "2016-09-30": "1389.35200", "2016-06-30": "1383.58300", "2016-03-31": "1392.65200", "2015-12-31": "1388.84800", "2015-09-30": "1368.77200", "2015-06-30": "1343.33600", "2015-03-31": "1323.60700", "2014-12-31": "1314.19000", "2014-09-30": "1310.47400", "2014-06-30": "1290.19700", "2014-03-31": "1235.48700", "2013-12-31": "1199.43300", "2013-09-30": "1184.68300", "2013-06-30": "1216.26700", "2013-03-31": "1170.67700", "2012-12-31": "1160.57200", "2012-09-30": "1151.95500", "2012-06-30": "1150.84300", "2012-03-31": "1151.07200", "2011-12-31": "1154.82900", "2011-09-30": "1158.80400", "2011-06-30": "1151.84700", "2011-03-31": "1153.03200", "2010-12-31": "1158.58300", "2010-09-30": "1166.75100", "2010-06-30": "1167.45800", "2010-03-31": "838.10000", "2009-12-31": "833.36200", "2009-09-30": "693.56900", "2009-06-30": "691.05400", "2009-03-31": "690.69200", "2008-12-31": "696.22700", "2008-09-30": "690.03600", "2008-06-30": "691.28700", "2008-03-31": "699.63200", "2007-12-31": "699.19500", "2007-09-30": "664.18300", "2007-06-30": "648.95500", "2007-03-31": "644.89790", "2006-12-31": "642.57800", "2006-09-30": "603.30900", "2006-06-30": "599.65700", "2006-03-31": "595.85300", "2005-12-31": "586.21600", "2005-09-30": "554.56700", "2005-06-30": "553.86000", "2005-03-31": "530.43000"}, "Total Assets": {"2020-09-30": "2335.07600", "2020-06-30": "2428.47400", "2020-03-31": "2229.41900", "2019-12-31": "2187.43900", "2019-09-30": "2225.97800", "2019-06-30": "2184.82900", "2019-03-31": "2002.87900", "2018-12-31": "1971.77700", "2018-09-30": "2033.10200", "2018-06-30": "2033.05800", "2018-03-31": "1905.36800", "2017-12-31": "1917.07600", "2017-09-30": "1796.34500", "2017-06-30": "1908.94500", "2017-03-31": "1686.98300", "2016-12-31": "1718.09500", "2016-09-30": "1732.25200", "2016-06-30": "1815.51200", "2016-03-31": "1702.62200", "2015-12-31": "1708.86500", "2015-09-30": "1714.19700", "2015-06-30": "1836.83500", "2015-03-31": "1618.13900", "2014-12-31": "1620.97100", "2014-09-30": "1620.79700", "2014-06-30": "1680.70300", "2014-03-31": "1514.47200", "2013-12-31": "1582.14400", "2013-09-30": "1615.14200", "2013-06-30": "1672.38600", "2013-03-31": "1563.44100", "2012-12-31": "1569.50800", "2012-09-30": "1602.68400", "2012-06-30": "1619.49200", "2012-03-31": "1444.03500", "2011-12-31": "1463.60200", "2011-09-30": "1481.77800", "2011-06-30": "1505.79700", "2011-03-31": "1384.78600", "2010-12-31": "1397.64600", "2010-09-30": "1415.50500", "2010-06-30": "1560.56000", "2010-03-31": "1048.23800", "2009-12-31": "1036.95400", "2009-09-30": "979.65900", "2009-06-30": "1050.70000", "2009-03-31": "872.71800", "2008-12-31": "916.55100", "2008-09-30": "900.89200", "2008-06-30": "1021.04400", "2008-03-31": "915.59500", "2007-12-31": "907.80500", "2007-09-30": "901.85200", "2007-06-30": "999.34000", "2007-03-31": "834.65100", "2006-12-31": "830.32300", "2006-09-30": "821.10400", "2006-06-30": "906.06700", "2006-03-31": "769.37400", "2005-12-31": "765.87800", "2005-09-30": "738.30600", "2005-06-30": "814.15300", "2005-03-31": "660.10000"}, "Total Current Liabilities": {"2020-09-30": "407.37700", "2020-06-30": "494.84500", "2020-03-31": "298.40800", "2019-12-31": "343.15400", "2019-09-30": "393.07800", "2019-06-30": "469.96200", "2019-03-31": "330.86500", "2018-12-31": "340.07400", "2018-09-30": "420.22600", "2018-06-30": "448.05500", "2018-03-31": "289.23800", "2017-12-31": "353.75400", "2017-09-30": "414.74000", "2017-06-30": "471.19200", "2017-03-31": "269.87600", "2016-12-31": "328.58800", "2016-09-30": "379.37100", "2016-06-30": "443.73200", "2016-03-31": "279.26400", "2015-12-31": "333.75100", "2015-09-30": "397.22600", "2015-06-30": "443.61100", "2015-03-31": "287.60500", "2014-12-31": "405.25900", "2014-09-30": "404.72400", "2014-06-30": "446.80900", "2014-03-31": "254.44800", "2013-12-31": "289.54600", "2013-09-30": "365.24300", "2013-06-30": "434.20200", "2013-03-31": "260.79100", "2012-12-31": "299.75600", "2012-09-30": "355.37100", "2012-06-30": "402.24300", "2012-03-31": "221.70700", "2011-12-31": "277.36100", "2011-09-30": "327.79900", "2011-06-30": "380.51100", "2011-03-31": "207.15200", "2010-12-31": "249.25800", "2010-09-30": "305.04000", "2010-06-30": "444.38500", "2010-03-31": "230.27400", "2009-12-31": "267.06900", "2009-09-30": "240.70900", "2009-06-30": "344.40700", "2009-03-31": "189.47000", "2008-12-31": "241.65500", "2008-09-30": "232.57400", "2008-06-30": "341.17500", "2008-03-31": "223.45900", "2007-12-31": "204.16200", "2007-09-30": "210.18900", "2007-06-30": "330.47700", "2007-03-31": "161.87500", "2006-12-31": "177.51700", "2006-09-30": "175.74300", "2006-06-30": "263.49200", "2006-03-31": "125.73600", "2005-12-31": "160.38500", "2005-09-30": "156.90300", "2005-06-30": "246.58300", "2005-03-31": "113.47100"}, "Long Term Debt": {"2020-09-30": "0.16900", "2020-06-30": "0.20800", "2020-03-31": "55.16600", "2019-12-31": "", "2019-09-30": "", "2019-06-30": "", "2019-03-31": "", "2018-12-31": "", "2018-09-30": "", "2018-06-30": "", "2018-03-31": "105.00000", "2017-12-31": "100.00000", "2017-09-30": "", "2017-06-30": "50.00000", "2017-03-31": "50.00000", "2016-12-31": "50.00000", "2016-09-30": "", "2016-06-30": "", "2016-03-31": "100.00000", "2015-12-31": "100.00000", "2015-09-30": "", "2015-06-30": "50.10200", "2015-03-31": "70.20000", "2014-12-31": "0.92300", "2014-09-30": "1.04100", "2014-06-30": "3.72900", "2014-03-31": "3.62200", "2013-12-31": "5.68900", "2013-09-30": "6.54300", "2013-06-30": "7.36600", "2013-03-31": "95.05500", "2012-12-31": "98.92700", "2012-09-30": "101.23100", "2012-06-30": "106.16600", "2012-03-31": "112.48300", "2011-12-31": "118.10700", "2011-09-30": "124.14800", "2011-06-30": "127.93900", "2011-03-31": "224.58700", "2010-12-31": "229.88900", "2010-09-30": "235.42200", "2010-06-30": "272.73200", "2010-03-31": "", "2009-12-31": "", "2009-09-30": "", "2009-06-30": "", "2009-03-31": "", "2008-12-31": "", "2008-09-30": "", "2008-06-30": "", "2008-03-31": "", "2007-12-31": "", "2007-09-30": "", "2007-06-30": "", "2007-03-31": "", "2006-12-31": "", "2006-09-30": "", "2006-06-30": "", "2006-03-31": "", "2005-12-31": "", "2005-09-30": "", "2005-06-30": "", "2005-03-31": ""}, "Other Non-Current Liabilities": {"2020-09-30": "69.64400", "2020-06-30": "68.27400", "2020-03-31": "67.18700", "2019-12-31": "72.22300", "2019-09-30": "75.55500", "2019-06-30": "14.29000", "2019-03-31": "14.49400", "2018-12-31": "14.48600", "2018-09-30": "14.19000", "2018-06-30": "12.87200", "2018-03-31": "12.30100", "2017-12-31": "12.06700", "2017-09-30": "7.84300", "2017-06-30": "7.55400", "2017-03-31": "7.63400", "2016-12-31": "8.47800", "2016-09-30": "9.95100", "2016-06-30": "9.44000", "2016-03-31": "9.70900", "2015-12-31": "10.34800", "2015-09-30": "9.22800", "2015-06-30": "8.92200", "2015-03-31": "10.07600", "2014-12-31": "11.51900", "2014-09-30": "10.34900", "2014-06-30": "9.68300", "2014-03-31": "6.68400", "2013-12-31": "6.32200", "2013-09-30": "5.83300", "2013-06-30": "5.58600", "2013-03-31": "5.47600", "2012-12-31": "4.33300", "2012-09-30": "7.15900", "2012-06-30": "7.00200", "2012-03-31": "11.41900", "2011-12-31": "10.54700", "2011-09-30": "10.27800", "2011-06-30": "10.00000", "2011-03-31": "9.61000", "2010-12-31": "9.56900", "2010-09-30": "8.39500", "2010-06-30": "8.07000", "2010-03-31": "10.56000", "2009-12-31": "10.97700", "2009-09-30": "7.98000", "2009-06-30": "6.74000", "2009-03-31": "5.83900", "2008-12-31": "8.78800", "2008-09-30": "5.41300", "2008-06-30": "5.48900", "2008-03-31": "7.78000", "2007-12-31": "7.89100", "2007-09-30": "7.81900", "2007-06-30": "0.34300", "2007-03-31": "0.39100", "2006-12-31": "0.60100", "2006-09-30": "0.59800", "2006-06-30": "0.61600", "2006-03-31": "", "2005-12-31": "", "2005-09-30": "", "2005-06-30": "", "2005-03-31": ""}, "Total Long Term Liabilities": {"2020-09-30": "383.94900", "2020-06-30": "383.94100", "2020-03-31": "417.14800", "2019-12-31": "357.53900", "2019-09-30": "356.24000", "2019-06-30": "285.85400", "2019-03-31": "246.01100", "2018-12-31": "239.74800", "2018-09-30": "244.31200", "2018-06-30": "262.15900", "2018-03-31": "393.04500", "2017-12-31": "389.32200", "2017-09-30": "343.79200", "2017-06-30": "405.70200", "2017-03-31": "404.99500", "2016-12-31": "418.09500", "2016-09-30": "380.29200", "2016-06-30": "375.57000", "2016-03-31": "474.49100", "2015-12-31": "462.64000", "2015-09-30": "362.68700", "2015-06-30": "401.69000", "2015-03-31": "373.92400", "2014-12-31": "293.65000", "2014-09-30": "281.60200", "2014-06-30": "266.50700", "2014-03-31": "145.48400", "2013-12-31": "147.15100", "2013-09-30": "145.11800", "2013-06-30": "222.36800", "2013-03-31": "222.81000", "2012-12-31": "223.18900", "2012-09-30": "231.29800", "2012-06-30": "234.19300", "2012-03-31": "243.53700", "2011-12-31": "241.79400", "2011-09-30": "244.81600", "2011-06-30": "245.51000", "2011-03-31": "328.11200", "2010-12-31": "329.24100", "2010-09-30": "333.30100", "2010-06-30": "365.80300", "2010-03-31": "94.37600", "2009-12-31": "85.07400", "2009-09-30": "82.19600", "2009-06-30": "79.78700", "2009-03-31": "79.94700", "2008-12-31": "82.94000", "2008-09-30": "80.42200", "2008-06-30": "78.41800", "2008-03-31": "83.36100", "2007-12-31": "73.44000", "2007-09-30": "75.05700", "2007-06-30": "70.49800", "2007-03-31": "80.74300", "2006-12-31": "73.93200", "2006-09-30": "69.59500", "2006-06-30": "67.36300", "2006-03-31": "63.74000", "2005-12-31": "58.13100", "2005-09-30": "50.49000", "2005-06-30": "50.41600", "2005-03-31": "43.75500"}, "Total Liabilities": {"2020-09-30": "791.32600", "2020-06-30": "878.78600", "2020-03-31": "715.55600", "2019-12-31": "700.69300", "2019-09-30": "749.31800", "2019-06-30": "755.81600", "2019-03-31": "576.87600", "2018-12-31": "579.82200", "2018-09-30": "664.53800", "2018-06-30": "710.21400", "2018-03-31": "682.28300", "2017-12-31": "743.07600", "2017-09-30": "758.53200", "2017-06-30": "876.89400", "2017-03-31": "674.87100", "2016-12-31": "746.68300", "2016-09-30": "759.66300", "2016-06-30": "819.30200", "2016-03-31": "753.75500", "2015-12-31": "796.39100", "2015-09-30": "759.91300", "2015-06-30": "845.30100", "2015-03-31": "661.52900", "2014-12-31": "698.90900", "2014-09-30": "686.32600", "2014-06-30": "713.31600", "2014-03-31": "399.93200", "2013-12-31": "436.69700", "2013-09-30": "510.36100", "2013-06-30": "656.57000", "2013-03-31": "483.60100", "2012-12-31": "522.94500", "2012-09-30": "586.66900", "2012-06-30": "636.43600", "2012-03-31": "465.24400", "2011-12-31": "519.15500", "2011-09-30": "572.61500", "2011-06-30": "626.02100", "2011-03-31": "535.26400", "2010-12-31": "578.49900", "2010-09-30": "638.34100", "2010-06-30": "810.18800", "2010-03-31": "324.65000", "2009-12-31": "352.14300", "2009-09-30": "322.90500", "2009-06-30": "424.19400", "2009-03-31": "269.41700", "2008-12-31": "324.59500", "2008-09-30": "312.99600", "2008-06-30": "419.59300", "2008-03-31": "306.82000", "2007-12-31": "277.60200", "2007-09-30": "285.24600", "2007-06-30": "400.97500", "2007-03-31": "242.61800", "2006-12-31": "251.44900", "2006-09-30": "245.33800", "2006-06-30": "330.85500", "2006-03-31": "189.47600", "2005-12-31": "218.51600", "2005-09-30": "207.39300", "2005-06-30": "296.99900", "2005-03-31": "157.22600"}, "Common Stock Net": {"2020-09-30": "1.03700", "2020-06-30": "1.03600", "2020-03-31": "1.03600", "2019-12-31": "1.03600", "2019-09-30": "1.03500", "2019-06-30": "1.03500", "2019-03-31": "1.03500", "2018-12-31": "1.03400", "2018-09-30": "1.03400", "2018-06-30": "1.03300", "2018-03-31": "1.03200", "2017-12-31": "1.03200", "2017-09-30": "1.03200", "2017-06-30": "1.03100", "2017-03-31": "1.03100", "2016-12-31": "1.03000", "2016-09-30": "1.03000", "2016-06-30": "1.02900", "2016-03-31": "1.02800", "2015-12-31": "1.02800", "2015-09-30": "1.02800", "2015-06-30": "1.02700", "2015-03-31": "1.02600", "2014-12-31": "1.02600", "2014-09-30": "1.02600", "2014-06-30": "1.02400", "2014-03-31": "1.02400", "2013-12-31": "1.02400", "2013-09-30": "1.02300", "2013-06-30": "1.02000", "2013-03-31": "1.01900", "2012-12-31": "1.01800", "2012-09-30": "1.01700", "2012-06-30": "1.01500", "2012-03-31": "1.01300", "2011-12-31": "1.01100", "2011-09-30": "1.00900", "2011-06-30": "1.00800", "2011-03-31": "1.00700", "2010-12-31": "1.00500", "2010-09-30": "1.00000", "2010-06-30": "0.99800", "2010-03-31": "0.99600", "2009-12-31": "0.98900", "2009-09-30": "0.98600", "2009-06-30": "0.98000", "2009-03-31": "0.97900", "2008-12-31": "0.97900", "2008-09-30": "0.97800", "2008-06-30": "0.97700", "2008-03-31": "0.97300", "2007-12-31": "0.97100", "2007-09-30": "0.96700", "2007-06-30": "0.96200", "2007-03-31": "0.95700", "2006-12-31": "0.94700", "2006-09-30": "0.94200", "2006-06-30": "0.93900", "2006-03-31": "0.93700", "2005-12-31": "0.92700", "2005-09-30": "0.92400", "2005-06-30": "0.92000", "2005-03-31": "0.91400"}, "Retained Earnings (Accumulated Deficit)": {"2020-09-30": "2293.22800", "2020-06-30": "2235.32000", "2020-03-31": "2206.91000", "2019-12-31": "2166.03900", "2019-09-30": "2124.67200", "2019-06-30": "2066.07300", "2019-03-31": "2035.85500", "2018-12-31": "2007.46900", "2018-09-30": "1967.92100", "2018-06-30": "1912.93300", "2018-03-31": "1800.22900", "2017-12-31": "1756.41900", "2017-09-30": "1624.78500", "2017-06-30": "1585.27800", "2017-03-31": "1544.65300", "2016-12-31": "1508.66800", "2016-09-30": "1471.57900", "2016-06-30": "1431.19200", "2016-03-31": "1369.00300", "2015-12-31": "1337.18500", "2015-09-30": "1297.60900", "2015-06-30": "1266.44300", "2015-03-31": "1226.12800", "2014-12-31": "1195.63800", "2014-09-30": "1159.67800", "2014-06-30": "1131.63200", "2014-03-31": "1170.27800", "2013-12-31": "1142.14500", "2013-09-30": "1105.25500", "2013-06-30": "1016.16800", "2013-03-31": "1042.05400", "2012-12-31": "1007.24600", "2012-09-30": "976.64200", "2012-06-30": "944.07800", "2012-03-31": "910.71500", "2011-12-31": "884.05400", "2011-09-30": "854.62300", "2011-06-30": "827.22200", "2011-03-31": "799.71500", "2010-12-31": "775.69000", "2010-09-30": "747.79100", "2010-06-30": "724.14200", "2010-03-31": "702.26600", "2009-12-31": "678.67000", "2009-09-30": "655.86500", "2009-06-30": "636.73300", "2009-03-31": "616.00100", "2008-12-31": "598.33800", "2008-09-30": "576.65400", "2008-06-30": "560.53400", "2008-03-31": "542.13400", "2007-12-31": "522.07000", "2007-09-30": "498.72600", "2007-06-30": "484.84500", "2007-03-31": "461.57400", "2006-12-31": "441.06300", "2006-09-30": "418.25000", "2006-06-30": "401.84900", "2006-03-31": "381.54100", "2005-12-31": "363.14100", "2005-09-30": "345.60800", "2005-06-30": "330.30800", "2005-03-31": "312.71200"}, "Comprehensive Income": {"2020-09-30": "", "2020-06-30": "", "2020-03-31": "", "2019-12-31": "", "2019-09-30": "", "2019-06-30": "", "2019-03-31": "", "2018-12-31": "", "2018-09-30": "", "2018-06-30": "", "2018-03-31": "", "2017-12-31": "", "2017-09-30": "", "2017-06-30": "", "2017-03-31": "", "2016-12-31": "", "2016-09-30": "", "2016-06-30": "", "2016-03-31": "", "2015-12-31": "", "2015-09-30": "", "2015-06-30": "", "2015-03-31": "", "2014-12-31": "", "2014-09-30": "", "2014-06-30": "", "2014-03-31": "", "2013-12-31": "", "2013-09-30": "", "2013-06-30": "", "2013-03-31": "", "2012-12-31": "", "2012-09-30": "", "2012-06-30": "", "2012-03-31": "", "2011-12-31": "", "2011-09-30": "", "2011-06-30": "", "2011-03-31": "", "2010-12-31": "", "2010-09-30": "", "2010-06-30": "", "2010-03-31": "", "2009-12-31": "", "2009-09-30": "", "2009-06-30": "", "2009-03-31": "", "2008-12-31": "", "2008-09-30": "", "2008-06-30": "", "2008-03-31": "", "2007-12-31": "", "2007-09-30": "", "2007-06-30": "", "2007-03-31": "", "2006-12-31": "", "2006-09-30": "", "2006-06-30": "", "2006-03-31": "", "2005-12-31": "", "2005-09-30": "", "2005-06-30": "", "2005-03-31": ""}, "Other Share Holders Equity": {"2020-09-30": "", "2020-06-30": "", "2020-03-31": "", "2019-12-31": "", "2019-09-30": "", "2019-06-30": "", "2019-03-31": "", "2018-12-31": "", "2018-09-30": "", "2018-06-30": "", "2018-03-31": "", "2017-12-31": "", "2017-09-30": "", "2017-06-30": "", "2017-03-31": "", "2016-12-31": "", "2016-09-30": "", "2016-06-30": "", "2016-03-31": "", "2015-12-31": "", "2015-09-30": "", "2015-06-30": "", "2015-03-31": "", "2014-12-31": "", "2014-09-30": "", "2014-06-30": "", "2014-03-31": "", "2013-12-31": "", "2013-09-30": "", "2013-06-30": "", "2013-03-31": "", "2012-12-31": "", "2012-09-30": "", "2012-06-30": "", "2012-03-31": "", "2011-12-31": "", "2011-09-30": "", "2011-06-30": "", "2011-03-31": "", "2010-12-31": "", "2010-09-30": "", "2010-06-30": "", "2010-03-31": "", "2009-12-31": "", "2009-09-30": "", "2009-06-30": "", "2009-03-31": "", "2008-12-31": "", "2008-09-30": "", "2008-06-30": "", "2008-03-31": "", "2007-12-31": "", "2007-09-30": "", "2007-06-30": "", "2007-03-31": "", "2006-12-31": "", "2006-09-30": "", "2006-06-30": "", "2006-03-31": "", "2005-12-31": "", "2005-09-30": "", "2005-06-30": "", "2005-03-31": ""}, "Share Holder Equity": {"2020-09-30": "1543.75000", "2020-06-30": "1549.68800", "2020-03-31": "1513.86300", "2019-12-31": "1486.74600", "2019-09-30": "1476.66000", "2019-06-30": "1429.01300", "2019-03-31": "1426.00300", "2018-12-31": "1391.95500", "2018-09-30": "1368.56400", "2018-06-30": "1322.84400", "2018-03-31": "1223.08500", "2017-12-31": "1174.00000", "2017-09-30": "1037.81300", "2017-06-30": "1032.05100", "2017-03-31": "1012.11200", "2016-12-31": "971.41200", "2016-09-30": "972.58900", "2016-06-30": "996.21000", "2016-03-31": "948.86700", "2015-12-31": "912.47400", "2015-09-30": "954.28400", "2015-06-30": "991.53400", "2015-03-31": "956.61000", "2014-12-31": "922.06200", "2014-09-30": "934.47100", "2014-06-30": "967.38700", "2014-03-31": "1114.54000", "2013-12-31": "1145.44700", "2013-09-30": "1104.78100", "2013-06-30": "1015.81600", "2013-03-31": "1079.84000", "2012-12-31": "1046.56300", "2012-09-30": "1016.01500", "2012-06-30": "983.05600", "2012-03-31": "978.79100", "2011-12-31": "944.44700", "2011-09-30": "909.16300", "2011-06-30": "879.77600", "2011-03-31": "849.52200", "2010-12-31": "819.14700", "2010-09-30": "777.16400", "2010-06-30": "750.37200", "2010-03-31": "723.58800", "2009-12-31": "684.81100", "2009-09-30": "656.75400", "2009-06-30": "626.50600", "2009-03-31": "603.30100", "2008-12-31": "591.95600", "2008-09-30": "587.89600", "2008-06-30": "601.45100", "2008-03-31": "608.77500", "2007-12-31": "630.20300", "2007-09-30": "616.60600", "2007-06-30": "598.36500", "2007-03-31": "592.03300", "2006-12-31": "578.87400", "2006-09-30": "575.76600", "2006-06-30": "575.21200", "2006-03-31": "579.89800", "2005-12-31": "547.36200", "2005-09-30": "530.91300", "2005-06-30": "517.15400", "2005-03-31": "502.87400"}, "Total Liabilities And Share Holders Equity": {"2020-09-30": "2335.07600", "2020-06-30": "2428.47400", "2020-03-31": "2229.41900", "2019-12-31": "2187.43900", "2019-09-30": "2225.97800", "2019-06-30": "2184.82900", "2019-03-31": "2002.87900", "2018-12-31": "1971.77700", "2018-09-30": "2033.10200", "2018-06-30": "2033.05800", "2018-03-31": "1905.36800", "2017-12-31": "1917.07600", "2017-09-30": "1796.34500", "2017-06-30": "1908.94500", "2017-03-31": "1686.98300", "2016-12-31": "1718.09500", "2016-09-30": "1732.25200", "2016-06-30": "1815.51200", "2016-03-31": "1702.62200", "2015-12-31": "1708.86500", "2015-09-30": "1714.19700", "2015-06-30": "1836.83500", "2015-03-31": "1618.13900", "2014-12-31": "1620.97100", "2014-09-30": "1620.79700", "2014-06-30": "1680.70300", "2014-03-31": "1514.47200", "2013-12-31": "1582.14400", "2013-09-30": "1615.14200", "2013-06-30": "1672.38600", "2013-03-31": "1563.44100", "2012-12-31": "1569.50800", "2012-09-30": "1602.68400", "2012-06-30": "1619.49200", "2012-03-31": "1444.03500", "2011-12-31": "1463.60200", "2011-09-30": "1481.77800", "2011-06-30": "1505.79700", "2011-03-31": "1384.78600", "2010-12-31": "1397.64600", "2010-09-30": "1415.50500", "2010-06-30": "1560.56000", "2010-03-31": "1048.23800", "2009-12-31": "1036.95400", "2009-09-30": "979.65900", "2009-06-30": "1050.70000", "2009-03-31": "872.71800", "2008-12-31": "916.55100", "2008-09-30": "900.89200", "2008-06-30": "1021.04400", "2008-03-31": "915.59500", "2007-12-31": "907.80500", "2007-09-30": "901.85200", "2007-06-30": "999.34000", "2007-03-31": "834.65100", "2006-12-31": "830.32300", "2006-09-30": "821.10400", "2006-06-30": "906.06700", "2006-03-31": "769.37400", "2005-12-31": "765.87800", "2005-09-30": "738.30600", "2005-06-30": "814.15300", "2005-03-31": "660.10000"}}, "cash flow statement": {"Net Income/Loss": {"2020-06-30": "296.66800", "2019-06-30": "271.88500", "2018-06-30": "365.03400", "2017-06-30": "229.56100", "2016-06-30": "248.86700", "2015-06-30": "211.22100", "2014-06-30": "186.71500", "2013-06-30": "167.61000", "2012-06-30": "152.04000", "2011-06-30": "137.47100", "2010-06-30": "117.87000", "2009-06-30": "103.10200", "2008-06-30": "104.22200", "2007-06-30": "104.68100", "2006-06-30": "89.92300", "2005-06-30": "75.50100"}, "Total Depreciation And Amortization - Cash Flow": {"2020-06-30": "171.80500", "2019-06-30": "160.63300", "2018-06-30": "151.98600", "2017-06-30": "139.78600", "2016-06-30": "129.64800", "2015-06-30": "118.99600", "2014-06-30": "107.77100", "2013-06-30": "100.34100", "2012-06-30": "94.61900", "2011-06-30": "90.51400", "2010-06-30": "71.50800", "2009-06-30": "64.14700", "2008-06-30": "62.00600", "2007-06-30": "50.95400", "2006-06-30": "43.77400", "2005-06-30": "38.91100"}, "Other Non-Cash Items": {"2020-06-30": "46.19900", "2019-06-30": "20.35400", "2018-06-30": "-64.08000", "2017-06-30": "37.08700", "2016-06-30": "31.35600", "2015-06-30": "34.50900", "2014-06-30": "18.65300", "2013-06-30": "27.23800", "2012-06-30": "25.59400", "2011-06-30": "26.27400", "2010-06-30": "20.80900", "2009-06-30": "10.25700", "2008-06-30": "8.44700", "2007-06-30": "5.40900", "2006-06-30": "9.01400", "2005-06-30": "6.33300"}, "Total Non-Cash Items": {"2020-06-30": "218.00400", "2019-06-30": "180.98700", "2018-06-30": "87.90600", "2017-06-30": "176.87300", "2016-06-30": "161.00400", "2015-06-30": "153.50500", "2014-06-30": "126.42400", "2013-06-30": "127.57900", "2012-06-30": "120.21300", "2011-06-30": "116.78800", "2010-06-30": "92.31700", "2009-06-30": "74.40400", "2008-06-30": "70.45300", "2007-06-30": "56.36300", "2006-06-30": "52.78800", "2005-06-30": "45.24400"}, "Change In Accounts Receivable": {"2020-06-30": "10.54000", "2019-06-30": "-11.77700", "2018-06-30": "21.48900", "2017-06-30": "-33.09600", "2016-06-30": "-13.73500", "2015-06-30": "-21.34600", "2014-06-30": "7.49800", "2013-06-30": "-12.73900", "2012-06-30": "-10.79500", "2011-06-30": "0.94000", "2010-06-30": "-1.53900", "2009-06-30": "21.21400", "2008-06-30": "-2.91300", "2007-06-30": "-28.85300", "2006-06-30": "30.41300", "2005-06-30": "-35.01700"}, "Change In Inventories": {"2020-06-30": "", "2019-06-30": "", "2018-06-30": "", "2017-06-30": "", "2016-06-30": "", "2015-06-30": "", "2014-06-30": "", "2013-06-30": "", "2012-06-30": "", "2011-06-30": "", "2010-06-30": "", "2009-06-30": "", "2008-06-30": "", "2007-06-30": "", "2006-06-30": "", "2005-06-30": ""}, "Change In Accounts Payable": {"2020-06-30": "-0.04700", "2019-06-30": "-7.52600", "2018-06-30": "6.92200", "2017-06-30": "-7.81200", "2016-06-30": "4.66300", "2015-06-30": "-0.58300", "2014-06-30": "-1.25200", "2013-06-30": "-4.58200", "2012-06-30": "3.48800", "2011-06-30": "-0.67100", "2010-06-30": "0.63000", "2009-06-30": "1.26000", "2008-06-30": "-4.95100", "2007-06-30": "-3.05000", "2006-06-30": "-1.63600", "2005-06-30": "5.16000"}, "Change In Assets/Liabilities": {"2020-06-30": "-30.63000", "2019-06-30": "-38.50900", "2018-06-30": "-81.40800", "2017-06-30": "10.20600", "2016-06-30": "-25.21300", "2015-06-30": "6.70700", "2014-06-30": "23.38700", "2013-06-30": "18.95700", "2012-06-30": "-17.42300", "2011-06-30": "-5.05600", "2010-06-30": "4.31700", "2009-06-30": "23.91200", "2008-06-30": "14.77000", "2007-06-30": "21.58900", "2006-06-30": "-8.06300", "2005-06-30": "9.89400"}, "Total Change In Assets/Liabilities": {"2020-06-30": "-4.14000", "2019-06-30": "-21.74400", "2018-06-30": "-40.79800", "2017-06-30": "-49.11200", "2016-06-30": "-43.44900", "2015-06-30": "13.40700", "2014-06-30": "28.52000", "2013-06-30": "13.98500", "2012-06-30": "-7.70300", "2011-06-30": "-14.12700", "2010-06-30": "8.51100", "2009-06-30": "29.08900", "2008-06-30": "6.35900", "2007-06-30": "13.21800", "2006-06-30": "26.72700", "2005-06-30": "-12.47000"}, "Cash Flow From Operating Activities": {"2020-06-30": "510.53200", "2019-06-30": "431.12800", "2018-06-30": "412.14200", "2017-06-30": "357.32200", "2016-06-30": "366.42200", "2015-06-30": "373.79000", "2014-06-30": "341.65900", "2013-06-30": "309.17400", "2012-06-30": "264.55000", "2011-06-30": "240.13200", "2010-06-30": "218.69800", "2009-06-30": "206.58800", "2008-06-30": "181.00100", "2007-06-30": "174.24700", "2006-06-30": "169.43800", "2005-06-30": "108.27500"}, "Net Change In Property, Plant, And Equipment": {"2020-06-30": "-159.67000", "2019-06-30": "-164.58500", "2018-06-30": "-136.47600", "2017-06-30": "-40.97900", "2016-06-30": "-53.48100", "2015-06-30": "-131.09900", "2014-06-30": "-87.59800", "2013-06-30": "-97.05800", "2012-06-30": "-76.54200", "2011-06-30": "-59.03900", "2010-06-30": "-79.06300", "2009-06-30": "-56.20400", "2008-06-30": "-52.74300", "2007-06-30": "-54.92000", "2006-06-30": "-57.22000", "2005-06-30": "-65.72200"}, "Net Change In Intangible Assets": {"2020-06-30": "-6.71000", "2019-06-30": "-6.06900", "2018-06-30": "-13.13800", "2017-06-30": "-106.23900", "2016-06-30": "-108.23700", "2015-06-30": "-14.02000", "2014-06-30": "-16.28800", "2013-06-30": "-0.18600", "2012-06-30": "-0.72000", "2011-06-30": "", "2010-06-30": "", "2009-06-30": "", "2008-06-30": "", "2007-06-30": "", "2006-06-30": "", "2005-06-30": ""}, "Net Acquisitions/Divestitures": {"2020-06-30": "-30.37600", "2019-06-30": "-19.98100", "2018-06-30": "-137.21200", "2017-06-30": "5.63200", "2016-06-30": "25.75500", "2015-06-30": "8.13500", "2014-06-30": "-27.89400", "2013-06-30": "", "2012-06-30": "", "2011-06-30": "", "2010-06-30": "-426.65300", "2009-06-30": "-3.02700", "2008-06-30": "-49.32400", "2007-06-30": "-39.30700", "2006-06-30": "-20.74500", "2005-06-30": "-119.50100"}, "Net Change In Short-term Investments": {"2020-06-30": "", "2019-06-30": "", "2018-06-30": "", "2017-06-30": "", "2016-06-30": "", "2015-06-30": "", "2014-06-30": "", "2013-06-30": "", "2012-06-30": "", "2011-06-30": "", "2010-06-30": "", "2009-06-30": "", "2008-06-30": "", "2007-06-30": "", "2006-06-30": "", "2005-06-30": ""}, "Net Change In Long-Term Investments": {"2020-06-30": "-1.15000", "2019-06-30": "", "2018-06-30": "-5.00000", "2017-06-30": "", "2016-06-30": "", "2015-06-30": "", "2014-06-30": "", "2013-06-30": "", "2012-06-30": "1.00000", "2011-06-30": "0.00100", "2010-06-30": "0.00100", "2009-06-30": "0.00400", "2008-06-30": "0.02500", "2007-06-30": "1.20700", "2006-06-30": "0.51800", "2005-06-30": "0.02400"}, "Net Change In Investments - Total": {"2020-06-30": "-1.15000", "2019-06-30": "", "2018-06-30": "-5.00000", "2017-06-30": "", "2016-06-30": "", "2015-06-30": "", "2014-06-30": "", "2013-06-30": "", "2012-06-30": "1.00000", "2011-06-30": "0.00100", "2010-06-30": "0.00100", "2009-06-30": "0.00400", "2008-06-30": "0.02500", "2007-06-30": "1.20700", "2006-06-30": "0.51800", "2005-06-30": "0.02400"}, "Investing Activities - Other": {"2020-06-30": "", "2019-06-30": "", "2018-06-30": "", "2017-06-30": "", "2016-06-30": "", "2015-06-30": "", "2014-06-30": "", "2013-06-30": "", "2012-06-30": "", "2011-06-30": "", "2010-06-30": "", "2009-06-30": "", "2008-06-30": "-0.10600", "2007-06-30": "0.10900", "2006-06-30": "0.25700", "2005-06-30": "0.13700"}, "Cash Flow From Investing Activities": {"2020-06-30": "-197.90600", "2019-06-30": "-190.63500", "2018-06-30": "-291.82600", "2017-06-30": "-141.58600", "2016-06-30": "-135.96300", "2015-06-30": "-136.98400", "2014-06-30": "-131.78000", "2013-06-30": "-97.24400", "2012-06-30": "-76.26200", "2011-06-30": "-59.03800", "2010-06-30": "-505.71500", "2009-06-30": "-59.22700", "2008-06-30": "-102.14800", "2007-06-30": "-92.91100", "2006-06-30": "-77.19000", "2005-06-30": "-185.06200"}, "Net Long-Term Debt": {"2020-06-30": "", "2019-06-30": "", "2018-06-30": "", "2017-06-30": "", "2016-06-30": "", "2015-06-30": "", "2014-06-30": "", "2013-06-30": "", "2012-06-30": "", "2011-06-30": "", "2010-06-30": "", "2009-06-30": "", "2008-06-30": "", "2007-06-30": "", "2006-06-30": "", "2005-06-30": ""}, "Net Current Debt": {"2020-06-30": "-0.03300", "2019-06-30": "", "2018-06-30": "-50.00000", "2017-06-30": "49.80000", "2016-06-30": "-52.50000", "2015-06-30": "39.21700", "2014-06-30": "-22.15800", "2013-06-30": "-145.18000", "2012-06-30": "-35.28000", "2011-06-30": "-229.45500", "2010-06-30": "303.16000", "2009-06-30": "-13.48900", "2008-06-30": "-0.42900", "2007-06-30": "19.38800", "2006-06-30": "5.12000", "2005-06-30": "45.00000"}, "Debt Issuance/Retirement Net - Total": {"2020-06-30": "-0.03300", "2019-06-30": "", "2018-06-30": "-50.00000", "2017-06-30": "49.80000", "2016-06-30": "-52.50000", "2015-06-30": "39.21700", "2014-06-30": "-22.15800", "2013-06-30": "-145.18000", "2012-06-30": "-35.28000", "2011-06-30": "-229.45500", "2010-06-30": "303.16000", "2009-06-30": "-13.48900", "2008-06-30": "-0.42900", "2007-06-30": "19.38800", "2006-06-30": "5.12000", "2005-06-30": "45.00000"}, "Net Common Equity Issued/Repurchased": {"2020-06-30": "-61.71600", "2019-06-30": "-45.58700", "2018-06-30": "-41.28700", "2017-06-30": "-123.89400", "2016-06-30": "-169.25400", "2015-06-30": "-117.16800", "2014-06-30": "-170.80600", "2013-06-30": "-47.65100", "2012-06-30": "-20.04500", "2011-06-30": "21.83200", "2010-06-30": "33.15700", "2009-06-30": "-53.79600", "2008-06-30": "-80.60200", "2007-06-30": "-69.20100", "2006-06-30": "-21.19700", "2005-06-30": "5.09300"}, "Net Total Equity Issued/Repurchased": {"2020-06-30": "-61.71600", "2019-06-30": "-45.58700", "2018-06-30": "-41.28700", "2017-06-30": "-123.89400", "2016-06-30": "-169.25400", "2015-06-30": "-117.16800", "2014-06-30": "-170.80600", "2013-06-30": "-47.65100", "2012-06-30": "-20.04500", "2011-06-30": "21.83200", "2010-06-30": "33.15700", "2009-06-30": "-53.79600", "2008-06-30": "-80.60200", "2007-06-30": "-69.20100", "2006-06-30": "-21.19700", "2005-06-30": "5.09300"}, "Total Common And Preferred Stock Dividends Paid": {"2020-06-30": "-127.42100", "2019-06-30": "-118.74500", "2018-06-30": "-105.02100", "2017-06-30": "-91.70700", "2016-06-30": "-84.11800", "2015-06-30": "-76.41000", "2014-06-30": "-71.25100", "2013-06-30": "-48.20200", "2012-06-30": "-38.12800", "2011-06-30": "-34.39100", "2010-06-30": "-30.46100", "2009-06-30": "-26.90300", "2008-06-30": "-24.68300", "2007-06-30": "-21.68500", "2006-06-30": "-18.38300", "2005-06-30": "-15.45600"}, "Financial Activities - Other": {"2020-06-30": "-3.73900", "2019-06-30": "-13.97300", "2018-06-30": "-7.33300", "2017-06-30": "-5.48000", "2016-06-30": "-2.59000", "2015-06-30": "-4.50900", "2014-06-30": "-3.19200", "2013-06-30": "-0.30500", "2012-06-30": "-0.64700", "2011-06-30": "-1.47300", "2010-06-30": "-11.57200", "2009-06-30": "-0.48700", "2008-06-30": "3.80900", "2007-06-30": "4.64000", "2006-06-30": "4.74300", "2005-06-30": ""}, "Cash Flow From Financial Activities": {"2020-06-30": "-192.90900", "2019-06-30": "-178.30500", "2018-06-30": "-203.64100", "2017-06-30": "-171.28100", "2016-06-30": "-308.46200", "2015-06-30": "-158.87000", "2014-06-30": "-267.40700", "2013-06-30": "-241.33800", "2012-06-30": "-94.10000", "2011-06-30": "-243.48700", "2010-06-30": "294.28400", "2009-06-30": "-94.67500", "2008-06-30": "-101.90500", "2007-06-30": "-66.85800", "2006-06-30": "-29.71700", "2005-06-30": "34.63700"}, "Net Cash Flow": {"2020-06-30": "119.71700", "2019-06-30": "62.18800", "2018-06-30": "-83.32500", "2017-06-30": "44.45500", "2016-06-30": "-78.00300", "2015-06-30": "77.93600", "2014-06-30": "-57.52800", "2013-06-30": "-29.40800", "2012-06-30": "94.18800", "2011-06-30": "-62.39300", "2010-06-30": "7.26700", "2009-06-30": "52.68600", "2008-06-30": "-23.05200", "2007-06-30": "14.47800", "2006-06-30": "62.53100", "2005-06-30": "-42.15000"}, "Stock-Based Compensation": {"2020-06-30": "16.88300", "2019-06-30": "12.58900", "2018-06-30": "11.75800", "2017-06-30": "11.12900", "2016-06-30": "10.72000", "2015-06-30": "10.11200", "2014-06-30": "10.09100", "2013-06-30": "8.61500", "2012-06-30": "6.95000", "2011-06-30": "4.72300", "2010-06-30": "3.25100", "2009-06-30": "2.27200", "2008-06-30": "1.44400", "2007-06-30": "1.00300", "2006-06-30": "0.45400", "2005-06-30": ""}, "Common Stock Dividends Paid": {"2020-06-30": "-127.42100", "2019-06-30": "-118.74500", "2018-06-30": "-105.02100", "2017-06-30": "-91.70700", "2016-06-30": "-84.11800", "2015-06-30": "-76.41000", "2014-06-30": "-71.25100", "2013-06-30": "-48.20200", "2012-06-30": "-38.12800", "2011-06-30": "-34.39100", "2010-06-30": "-30.46100", "2009-06-30": "-26.90300", "2008-06-30": "-24.68300", "2007-06-30": "-21.68500", "2006-06-30": "-18.38300", "2005-06-30": "-15.45600"}}, "cash flow statement, quarterly": {"Net Income/Loss": {"2020-09-30": "91.21600", "2020-06-30": 61.345, "2020-03-31": 73.855, "2019-12-31": 72.098, "2019-09-30": "89.37000", "2019-06-30": 60.993, "2019-03-31": 59.252, "2018-12-31": 68.089, "2018-09-30": "83.55100", "2018-06-30": 67.835, "2018-03-31": 69.086, "2017-12-31": 161.243, "2017-09-30": "66.87000", "2017-06-30": 48.459, "2017-03-31": 60.044, "2016-12-31": 58.814, "2016-09-30": "62.24400", "2016-06-30": 84.27, "2016-03-31": 53.883, "2015-12-31": 59.348, "2015-09-30": "51.36600", "2015-06-30": 60.542, "2015-03-31": 50.71, "2014-12-31": 53.881, "2014-09-30": "46.08800", "2014-06-30": 52.527, "2014-03-31": 42.605, "2013-12-31": 48.362, "2013-09-30": "43.22100", "2013-06-30": 38.634, "2013-03-31": 45.995, "2012-12-31": 40.506, "2012-09-30": "42.47500", "2012-06-30": 40.383, "2012-03-31": 36.658, "2011-12-31": 38.524, "2011-09-30": "36.47500", "2011-06-30": 36.574, "2011-03-31": 33.081, "2010-12-31": 36.045, "2010-09-30": "31.77100", "2010-06-30": 29.984, "2010-03-31": 31.635, "2009-12-31": 29.977, "2009-09-30": "26.27400", "2009-06-30": 27.806, "2009-03-31": 24.802, "2008-12-31": 27.985, "2008-09-30": "22.50900", "2008-06-30": 24.92, "2008-03-31": 26.612, "2007-12-31": 29.151, "2007-09-30": "23.53900", "2007-06-30": 29.101, "2007-03-31": 26.38, "2006-12-31": 27.788, "2006-09-30": "21.41200", "2006-06-30": 25.405, "2006-03-31": 23.46, "2005-12-31": 21.636, "2005-09-30": "19.42200", "2005-06-30": 21.706, "2005-03-31": 53.795}, "Total Depreciation And Amortization - Cash Flow": {"2020-09-30": "43.74300", "2020-06-30": 43.833, "2020-03-31": 43.735, "2019-12-31": 42.149, "2019-09-30": "42.08800", "2019-06-30": 41.306, "2019-03-31": 40.711, "2018-12-31": 39.886, "2018-09-30": "38.73000", "2018-06-30": 39.729, "2018-03-31": 38.944, "2017-12-31": 37.038, "2017-09-30": "36.27500", "2017-06-30": 35.35, "2017-03-31": 34.976, "2016-12-31": 35.324, "2016-09-30": "34.13600", "2016-06-30": 34.529, "2016-03-31": 32.134, "2015-12-31": 31.781, "2015-09-30": "31.20400", "2015-06-30": 29.91, "2015-03-31": 29.67, "2014-12-31": 29.968, "2014-09-30": "29.44800", "2014-06-30": 28.254, "2014-03-31": 27.395, "2013-12-31": 26.266, "2013-09-30": "25.85600", "2013-06-30": 25.711, "2013-03-31": 26.173, "2012-12-31": 24.239, "2012-09-30": "24.21800", "2012-06-30": 24.154, "2012-03-31": 23.052, "2011-12-31": 23.719, "2011-09-30": "23.69400", "2011-06-30": 22.897, "2011-03-31": 22.575, "2010-12-31": 22.871, "2010-09-30": "22.17100", "2010-06-30": 19.479, "2010-03-31": 18.374, "2009-12-31": 17.826, "2009-09-30": "15.82900", "2009-06-30": 15.888, "2009-03-31": 16.311, "2008-12-31": 16.121, "2008-09-30": "15.82700", "2008-06-30": 15.761, "2008-03-31": 16.123, "2007-12-31": 15.717, "2007-09-30": "14.40500", "2007-06-30": 13.587, "2007-03-31": 13.509, "2006-12-31": 11.94, "2006-09-30": "11.91800", "2006-06-30": 11.242, "2006-03-31": 11.222, "2005-12-31": 10.657, "2005-09-30": "10.65300", "2005-06-30": 10.463, "2005-03-31": 28.448}, "Other Non-Cash Items": {"2020-09-30": "6.85900", "2020-06-30": 22.334, "2020-03-31": 12.836, "2019-12-31": 5.809, "2019-09-30": "5.22000", "2019-06-30": 8.233, "2019-03-31": 5.741, "2018-12-31": 3.849, "2018-09-30": "2.53100", "2018-06-30": 16.352, "2018-03-31": 3.84, "2017-12-31": -87.555, "2017-09-30": "3.28300", "2017-06-30": 13.453, "2017-03-31": 9.988, "2016-12-31": 4.472, "2016-09-30": "9.17400", "2016-06-30": -1.504, "2016-03-31": 21.771, "2015-12-31": 7.305, "2015-09-30": "3.78400", "2015-06-30": 36.75, "2015-03-31": 7.024, "2014-12-31": -4.794, "2014-09-30": "-4.47100", "2014-06-30": 24.319, "2014-03-31": -3.114, "2013-12-31": 0.79, "2013-09-30": "-3.34200", "2013-06-30": 13.649, "2013-03-31": 5.844, "2012-12-31": 2.308, "2012-09-30": "5.43700", "2012-06-30": 10.526, "2012-03-31": 8.326, "2011-12-31": 3.551, "2011-09-30": "3.19100", "2011-06-30": 17.386, "2011-03-31": 5.424, "2010-12-31": 1.98, "2010-09-30": "1.48400", "2010-06-30": 8.425, "2010-03-31": 10.285, "2009-12-31": 1.076, "2009-09-30": "1.02300", "2009-06-30": 5.303, "2009-03-31": 2.309, "2008-12-31": 1.07, "2008-09-30": "1.57500", "2008-06-30": -1.66, "2008-03-31": 8.545, "2007-12-31": 0.37, "2007-09-30": "1.19200", "2007-06-30": -7.765, "2007-03-31": 7.524, "2006-12-31": 3.506, "2006-09-30": "2.14400", "2006-06-30": 2.765, "2006-03-31": 2.755, "2005-12-31": 1.785, "2005-09-30": "1.70900", "2005-06-30": 0.272, "2005-03-31": 6.061}, "Total Non-Cash Items": {"2020-09-30": "50.60200", "2020-06-30": 66.167, "2020-03-31": 56.571, "2019-12-31": 47.958, "2019-09-30": "47.30800", "2019-06-30": 49.539, "2019-03-31": 46.452, "2018-12-31": 43.735, "2018-09-30": "41.26100", "2018-06-30": 56.081, "2018-03-31": 42.784, "2017-12-31": -50.517, "2017-09-30": "39.55800", "2017-06-30": 48.803, "2017-03-31": 44.964, "2016-12-31": 39.796, "2016-09-30": "43.31000", "2016-06-30": 33.025, "2016-03-31": 53.905, "2015-12-31": 39.086, "2015-09-30": "34.98800", "2015-06-30": 66.66, "2015-03-31": 36.694, "2014-12-31": 25.174, "2014-09-30": "24.97700", "2014-06-30": 52.573, "2014-03-31": 24.281, "2013-12-31": 27.056, "2013-09-30": "22.51400", "2013-06-30": 39.36, "2013-03-31": 32.017, "2012-12-31": 26.547, "2012-09-30": "29.65500", "2012-06-30": 34.68, "2012-03-31": 31.378, "2011-12-31": 27.27, "2011-09-30": "26.88500", "2011-06-30": 40.283, "2011-03-31": 27.999, "2010-12-31": 24.851, "2010-09-30": "23.65500", "2010-06-30": 27.904, "2010-03-31": 28.659, "2009-12-31": 18.902, "2009-09-30": "16.85200", "2009-06-30": 21.191, "2009-03-31": 18.62, "2008-12-31": 17.191, "2008-09-30": "17.40200", "2008-06-30": 14.101, "2008-03-31": 24.668, "2007-12-31": 16.087, "2007-09-30": "15.59700", "2007-06-30": 5.822, "2007-03-31": 21.033, "2006-12-31": 15.446, "2006-09-30": "14.06200", "2006-06-30": 14.007, "2006-03-31": 13.977, "2005-12-31": 12.442, "2005-09-30": "12.36200", "2005-06-30": 10.735, "2005-03-31": 34.509}, "Change In Accounts Receivable": {"2020-09-30": "77.43900", "2020-06-30": -88.885, "2020-03-31": -7.357, "2019-12-31": 29.659, "2019-09-30": "77.12300", "2019-06-30": -119.312, "2019-03-31": -6.028, "2018-12-31": 14.855, "2018-09-30": "98.70800", "2018-06-30": -120.31, "2018-03-31": -2.115, "2017-12-31": 41.981, "2017-09-30": "101.93300", "2017-06-30": -147.516, "2017-03-31": 6.753, "2016-12-31": 2.172, "2016-09-30": "105.49500", "2016-06-30": -121.907, "2016-03-31": 9.685, "2015-12-31": 0.561, "2015-09-30": "97.92600", "2015-06-30": -107.972, "2015-03-31": 10.475, "2014-12-31": 11.22, "2014-09-30": "64.93100", "2014-06-30": -84.031, "2014-03-31": -3.165, "2013-12-31": 16.205, "2013-09-30": "78.48900", "2013-06-30": -104.474, "2013-03-31": 2.542, "2012-12-31": 7.715, "2012-09-30": "81.47800", "2012-06-30": -99.934, "2012-03-31": 8.229, "2011-12-31": 8.048, "2011-09-30": "72.86200", "2011-06-30": -91.981, "2011-03-31": 11.298, "2010-12-31": 6.672, "2010-09-30": "74.95100", "2010-06-30": -88.82, "2010-03-31": -0.273, "2009-12-31": 16.676, "2009-09-30": "70.87800", "2009-06-30": -88.209, "2009-03-31": 18.142, "2008-12-31": 3.292, "2008-09-30": "87.98900", "2008-06-30": -88.068, "2008-03-31": 2.196, "2007-12-31": 5.226, "2007-09-30": "77.73300", "2007-06-30": -94.743, "2007-03-31": -1.241, "2006-12-31": 5.604, "2006-09-30": "61.52700", "2006-06-30": -80.459, "2006-03-31": 3.53, "2005-12-31": -13.672, "2005-09-30": "121.01400", "2005-06-30": -129.896, "2005-03-31": 94.879}, "Change In Inventories": {"2020-09-30": "", "2020-06-30": 0, "2020-03-31": 0, "2019-12-31": 0, "2019-09-30": "", "2019-06-30": 0, "2019-03-31": 0, "2018-12-31": 0, "2018-09-30": "", "2018-06-30": 0, "2018-03-31": 0, "2017-12-31": 0, "2017-09-30": "", "2017-06-30": 0, "2017-03-31": 0, "2016-12-31": 0, "2016-09-30": "", "2016-06-30": 0, "2016-03-31": 0, "2015-12-31": 0, "2015-09-30": "", "2015-06-30": 0, "2015-03-31": 0, "2014-12-31": 0, "2014-09-30": "", "2014-06-30": 0, "2014-03-31": 0, "2013-12-31": 0, "2013-09-30": "", "2013-06-30": 0, "2013-03-31": 0, "2012-12-31": 0, "2012-09-30": "", "2012-06-30": 0, "2012-03-31": 0, "2011-12-31": 0, "2011-09-30": "", "2011-06-30": 0, "2011-03-31": 0, "2010-12-31": 0, "2010-09-30": "", "2010-06-30": 0, "2010-03-31": 0, "2009-12-31": 0, "2009-09-30": "", "2009-06-30": 0, "2009-03-31": 0, "2008-12-31": 0, "2008-09-30": "", "2008-06-30": 0, "2008-03-31": 0, "2007-12-31": 0, "2007-09-30": "", "2007-06-30": 0, "2007-03-31": 0, "2006-12-31": 0, "2006-09-30": "", "2006-06-30": 0, "2006-03-31": 0, "2005-12-31": 0, "2005-09-30": "", "2005-06-30": 0, "2005-03-31": 0}, "Change In Accounts Payable": {"2020-09-30": "-2.24400", "2020-06-30": 2.082, "2020-03-31": -1.867, "2019-12-31": -2.127, "2019-09-30": "1.86500", "2019-06-30": -1.422, "2019-03-31": 4.431, "2018-12-31": -4.753, "2018-09-30": "-5.78200", "2018-06-30": 7.354, "2018-03-31": -5.803, "2017-12-31": 3.371, "2017-09-30": "2.00000", "2017-06-30": 1.576, "2017-03-31": -10.609, "2016-12-31": 8.725, "2016-09-30": "-7.50400", "2016-06-30": 7.536, "2016-03-31": 1.407, "2015-12-31": -2.463, "2015-09-30": "-1.81700", "2015-06-30": 3.294, "2015-03-31": -1.25, "2014-12-31": -0.427, "2014-09-30": "-2.20000", "2014-06-30": 3.418, "2014-03-31": -3.7, "2013-12-31": -3.183, "2013-09-30": "2.21300", "2013-06-30": 0.404, "2013-03-31": -0.276, "2012-12-31": 1.089, "2012-09-30": "-5.79900", "2012-06-30": 6.081, "2012-03-31": 2.709, "2011-12-31": -2.789, "2011-09-30": "-2.51300", "2011-06-30": 4.075, "2011-03-31": 0.729, "2010-12-31": -0.608, "2010-09-30": "-4.86700", "2010-06-30": 5.563, "2010-03-31": -4.066, "2009-12-31": -1.831, "2009-09-30": "0.96400", "2009-06-30": 2.826, "2009-03-31": -3.952, "2008-12-31": 2.235, "2008-09-30": "0.15100", "2008-06-30": -0.469, "2008-03-31": 1.453, "2007-12-31": -0.628, "2007-09-30": "-5.30700", "2007-06-30": 7.001, "2007-03-31": -3.681, "2006-12-31": 2.804, "2006-09-30": "-9.17400", "2006-06-30": 8.27, "2006-03-31": -1.418, "2005-12-31": 1.676, "2005-09-30": "-10.16400", "2005-06-30": 7.979, "2005-03-31": -2.819}, "Change In Assets/Liabilities": {"2020-09-30": "-97.63500", "2020-06-30": 165.832, "2020-03-31": -57.062, "2019-12-31": -56.975, "2019-09-30": "-82.42500", "2019-06-30": 184.022, "2019-03-31": -57.599, "2018-12-31": -79.705, "2018-09-30": "-85.22700", "2018-06-30": 162.126, "2018-03-31": -65.41, "2017-12-31": -87.146, "2017-09-30": "-90.97800", "2017-06-30": 214.668, "2017-03-31": -68.609, "2016-12-31": -62.354, "2016-09-30": "-73.49900", "2016-06-30": 147.25, "2016-03-31": -51.639, "2015-12-31": -60.955, "2015-09-30": "-59.86900", "2015-06-30": 162.034, "2015-03-31": -45.44, "2014-12-31": -49.59, "2014-09-30": "-60.29700", "2014-06-30": 161.821, "2014-03-31": -39.413, "2013-12-31": -44.981, "2013-09-30": "-54.04000", "2013-06-30": 173.592, "2013-03-31": -54.503, "2012-12-31": -48.126, "2012-09-30": "-52.00600", "2012-06-30": 158.037, "2012-03-31": -54.481, "2011-12-31": -54.41, "2011-09-30": "-66.56900", "2011-06-30": 142.585, "2011-03-31": -50.313, "2010-12-31": -45.803, "2010-09-30": "-51.52500", "2010-06-30": 145.191, "2010-03-31": -41.344, "2009-12-31": -44.519, "2009-09-30": "-55.01100", "2009-06-30": 146.551, "2009-03-31": -40.115, "2008-12-31": -36.644, "2008-09-30": "-45.88000", "2008-06-30": 116.319, "2008-03-31": -35.468, "2007-12-31": -31.185, "2007-09-30": "-34.89600", "2007-06-30": 109.367, "2007-03-31": -33.326, "2006-12-31": -26.345, "2006-09-30": "-28.10700", "2006-06-30": 75.808, "2006-03-31": -30.364, "2005-12-31": -20.011, "2005-09-30": "-33.49600", "2005-06-30": 81.168, "2005-03-31": -71.274}, "Total Change In Assets/Liabilities": {"2020-09-30": "-27.34100", "2020-06-30": 106.567, "2020-03-31": -68.986, "2019-12-31": -28.095, "2019-09-30": "-13.62600", "2019-06-30": 87.227, "2019-03-31": -64.379, "2018-12-31": -66.514, "2018-09-30": "21.92200", "2018-06-30": 53.354, "2018-03-31": -53.906, "2017-12-31": -72.54, "2017-09-30": "32.29400", "2017-06-30": 61.193, "2017-03-31": -70.008, "2016-12-31": -68.114, "2016-09-30": "27.81700", "2016-06-30": 41.756, "2016-03-31": -47.697, "2015-12-31": -77.964, "2015-09-30": "40.45600", "2015-06-30": 68.444, "2015-03-31": -31.815, "2014-12-31": -45.305, "2014-09-30": "22.08300", "2014-06-30": 75.122, "2014-03-31": -36.765, "2013-12-31": -41.792, "2013-09-30": "31.95500", "2013-06-30": 78.755, "2013-03-31": -44.755, "2012-12-31": -49.734, "2012-09-30": "29.71900", "2012-06-30": 71.47, "2012-03-31": -46.28, "2011-12-31": -47.996, "2011-09-30": "15.10300", "2011-06-30": 48.117, "2011-03-31": -31.751, "2010-12-31": -50.43, "2010-09-30": "19.93700", "2010-06-30": 68.979, "2010-03-31": -44.319, "2009-12-31": -38.68, "2009-09-30": "22.53100", "2009-06-30": 66.397, "2009-03-31": -27.935, "2008-12-31": -28.618, "2008-09-30": "19.24500", "2008-06-30": 44.514, "2008-03-31": -37.221, "2007-12-31": -30.937, "2007-09-30": "30.00300", "2007-06-30": 47.91, "2007-03-31": -42.119, "2006-12-31": -18.564, "2006-09-30": "25.99100", "2006-06-30": 16.642, "2006-03-31": -31.281, "2005-12-31": -34.764, "2005-09-30": "76.13000", "2005-06-30": -29.282, "2005-03-31": 16.812}, "Cash Flow From Operating Activities": {"2020-09-30": "114.47700", "2020-06-30": 234.079, "2020-03-31": 61.44, "2019-12-31": 91.961, "2019-09-30": "123.05200", "2019-06-30": 197.759, "2019-03-31": 41.325, "2018-12-31": 45.31, "2018-09-30": "146.73400", "2018-06-30": 177.27, "2018-03-31": 57.964, "2017-12-31": 38.186, "2017-09-30": "138.72200", "2017-06-30": 158.455, "2017-03-31": 35, "2016-12-31": 30.496, "2016-09-30": "133.37100", "2016-06-30": 159.051, "2016-03-31": 60.091, "2015-12-31": 20.47, "2015-09-30": "126.81000", "2015-06-30": 191.303, "2015-03-31": 55.589, "2014-12-31": 33.75, "2014-09-30": "93.14800", "2014-06-30": 180.222, "2014-03-31": 30.121, "2013-12-31": 33.626, "2013-09-30": "97.69000", "2013-06-30": 156.749, "2013-03-31": 33.257, "2012-12-31": 17.319, "2012-09-30": "101.84900", "2012-06-30": 146.533, "2012-03-31": 21.756, "2011-12-31": 17.798, "2011-09-30": "78.46300", "2011-06-30": 124.974, "2011-03-31": 29.329, "2010-12-31": 10.466, "2010-09-30": "75.36300", "2010-06-30": 126.867, "2010-03-31": 15.975, "2009-12-31": 10.199, "2009-09-30": "65.65700", "2009-06-30": 115.395, "2009-03-31": 15.485, "2008-12-31": 16.556, "2008-09-30": "59.15200", "2008-06-30": 83.531, "2008-03-31": 14.049, "2007-12-31": 14.293, "2007-09-30": "69.12800", "2007-06-30": 82.822, "2007-03-31": 5.347, "2006-12-31": 24.613, "2006-09-30": "61.46500", "2006-06-30": 56.054, "2006-03-31": 6.156, "2005-12-31": -0.679, "2005-09-30": "107.90700", "2005-06-30": 3.159, "2005-03-31": 105.116}, "Net Change In Property, Plant, And Equipment": {"2020-09-30": "-4.47800", "2020-06-30": -43.929, "2020-03-31": -85.309, "2019-12-31": -17.331, "2019-09-30": "-13.10100", "2019-06-30": -40.825, "2019-03-31": -90.868, "2018-12-31": -8.924, "2018-09-30": "-23.96800", "2018-06-30": -118.876, "2018-03-31": -5.556, "2017-12-31": -8.442, "2017-09-30": "-3.60200", "2017-06-30": -13.778, "2017-03-31": -10.626, "2016-12-31": 10.998, "2016-09-30": "-27.57300", "2016-06-30": 61.684, "2016-03-31": -38.503, "2015-12-31": -40.777, "2015-09-30": "-35.88500", "2015-06-30": -47.033, "2015-03-31": -28.099, "2014-12-31": -16.541, "2014-09-30": "-39.42600", "2014-06-30": -20.782, "2014-03-31": -18.744, "2013-12-31": -29.347, "2013-09-30": "-18.72500", "2013-06-30": -31.213, "2013-03-31": -23.327, "2012-12-31": -24.209, "2012-09-30": "-18.30900", "2012-06-30": -26.904, "2012-03-31": -17.671, "2011-12-31": -13.798, "2011-09-30": "-18.16900", "2011-06-30": -15.544, "2011-03-31": -15.91, "2010-12-31": -11.403, "2010-09-30": "-16.18200", "2010-06-30": -23.505, "2010-03-31": -16.793, "2009-12-31": -21.466, "2009-09-30": "-17.29900", "2009-06-30": -16.737, "2009-03-31": -12.515, "2008-12-31": -16.685, "2008-09-30": "-10.26700", "2008-06-30": -9.55, "2008-03-31": -12.54, "2007-12-31": -17.397, "2007-09-30": "-13.25600", "2007-06-30": -18.227, "2007-03-31": -11.103, "2006-12-31": -12.705, "2006-09-30": "-12.88500", "2006-06-30": -13.113, "2006-03-31": -17.027, "2005-12-31": -15.064, "2005-09-30": "-12.01600", "2005-06-30": -27.837, "2005-03-31": -37.885}, "Net Change In Intangible Assets": {"2020-09-30": "-32.82500", "2020-06-30": -0.577, "2020-03-31": 57.304, "2019-12-31": -32.538, "2019-09-30": "-30.89900", "2019-06-30": -1.783, "2019-03-31": 52.494, "2018-12-31": -28.485, "2018-09-30": "-28.29500", "2018-06-30": 66.013, "2018-03-31": -26.19, "2017-12-31": -26.533, "2017-09-30": "-26.42800", "2017-06-30": -27.655, "2017-03-31": -25.456, "2016-12-31": -48.8, "2016-09-30": "-4.32800", "2016-06-30": -98.08, "2016-03-31": -1.974, "2015-12-31": -3.781, "2015-09-30": "-4.40200", "2015-06-30": -3.754, "2015-03-31": -2.834, "2014-12-31": -3.977, "2014-09-30": "-3.45500", "2014-06-30": -4.923, "2014-03-31": -4.385, "2013-12-31": -3.797, "2013-09-30": "-3.18300", "2013-06-30": 0, "2013-03-31": 0, "2012-12-31": 0, "2012-09-30": "-0.18600", "2012-06-30": 0, "2012-03-31": -0.05, "2011-12-31": 0, "2011-09-30": "-0.67000", "2011-06-30": 0, "2011-03-31": 0, "2010-12-31": 0, "2010-09-30": "0.00000", "2010-06-30": 0, "2010-03-31": 0, "2009-12-31": 0, "2009-09-30": "0.00000", "2009-06-30": 0, "2009-03-31": 0, "2008-12-31": 0, "2008-09-30": "0.00000", "2008-06-30": 0, "2008-03-31": 0, "2007-12-31": 0, "2007-09-30": "0.00000", "2007-06-30": 0, "2007-03-31": 0, "2006-12-31": 0, "2006-09-30": "0.00000", "2006-06-30": 0, "2006-03-31": 0, "2005-12-31": 0, "2005-09-30": "0.00000", "2005-06-30": 0, "2005-03-31": 0}, "Net Acquisitions/Divestitures": {"2020-09-30": "", "2020-06-30": 0, "2020-03-31": 0, "2019-12-31": -0.091, "2019-09-30": "-30.28500", "2019-06-30": 0, "2019-03-31": 0, "2018-12-31": -19.981, "2018-09-30": "", "2018-06-30": 0.092, "2018-03-31": 0, "2017-12-31": -127.049, "2017-09-30": "-10.25500", "2017-06-30": 3.346, "2017-03-31": 2.286, "2016-12-31": 0, "2016-09-30": "", "2016-06-30": 34.03, "2016-03-31": 0, "2015-12-31": 0, "2015-09-30": "-8.27500", "2015-06-30": 8.135, "2015-03-31": 0, "2014-12-31": 0, "2014-09-30": "", "2014-06-30": 0, "2014-03-31": -27.894, "2013-12-31": 0, "2013-09-30": "", "2013-06-30": 0, "2013-03-31": 0, "2012-12-31": 0, "2012-09-30": "", "2012-06-30": 0, "2012-03-31": 0, "2011-12-31": 0, "2011-09-30": "", "2011-06-30": 0, "2011-03-31": 0, "2010-12-31": 0, "2010-09-30": "", "2010-06-30": -300.789, "2010-03-31": 0, "2009-12-31": -125.864, "2009-09-30": "", "2009-06-30": 0, "2009-03-31": -0.015, "2008-12-31": 0, "2008-09-30": "-3.01200", "2008-06-30": -0.298, "2008-03-31": 0, "2007-12-31": -31.661, "2007-09-30": "-17.36500", "2007-06-30": 0.082, "2007-03-31": -3.409, "2006-12-31": -34.006, "2006-09-30": "-1.97400", "2006-06-30": -0.001, "2006-03-31": -1.567, "2005-12-31": -19.177, "2005-09-30": "", "2005-06-30": 0.115, "2005-03-31": -119.616}, "Net Change In Short-term Investments": {"2020-09-30": "6.11500", "2020-06-30": 0, "2020-03-31": 0, "2019-12-31": -0.01, "2019-09-30": "0.01000", "2019-06-30": 0, "2019-03-31": 0, "2018-12-31": 0, "2018-09-30": "", "2018-06-30": 0, "2018-03-31": 0, "2017-12-31": 0, "2017-09-30": "", "2017-06-30": 0, "2017-03-31": 0, "2016-12-31": 0, "2016-09-30": "", "2016-06-30": 0, "2016-03-31": 0, "2015-12-31": 0, "2015-09-30": "", "2015-06-30": 0, "2015-03-31": 0, "2014-12-31": 0, "2014-09-30": "", "2014-06-30": 0, "2014-03-31": 0, "2013-12-31": 0, "2013-09-30": "", "2013-06-30": 0, "2013-03-31": 0, "2012-12-31": 0, "2012-09-30": "", "2012-06-30": 0, "2012-03-31": 0, "2011-12-31": 0, "2011-09-30": "", "2011-06-30": 0, "2011-03-31": 0, "2010-12-31": 0, "2010-09-30": "", "2010-06-30": 0, "2010-03-31": 0, "2009-12-31": 0, "2009-09-30": "", "2009-06-30": 0, "2009-03-31": 0, "2008-12-31": 0, "2008-09-30": "", "2008-06-30": 0, "2008-03-31": 0, "2007-12-31": 0, "2007-09-30": "", "2007-06-30": 0, "2007-03-31": 0, "2006-12-31": 0, "2006-09-30": "", "2006-06-30": 0, "2006-03-31": 0, "2005-12-31": 0, "2005-09-30": "", "2005-06-30": 0, "2005-03-31": 0}, "Net Change In Long-Term Investments": {"2020-09-30": "", "2020-06-30": 0, "2020-03-31": 0, "2019-12-31": 0, "2019-09-30": "-1.15000", "2019-06-30": 0, "2019-03-31": 0, "2018-12-31": 0, "2018-09-30": "", "2018-06-30": 0, "2018-03-31": -5, "2017-12-31": 0, "2017-09-30": "", "2017-06-30": 0, "2017-03-31": 0, "2016-12-31": 0, "2016-09-30": "", "2016-06-30": 0, "2016-03-31": 0, "2015-12-31": 0, "2015-09-30": "", "2015-06-30": 0, "2015-03-31": 0, "2014-12-31": 0, "2014-09-30": "", "2014-06-30": 0, "2014-03-31": 0, "2013-12-31": 0, "2013-09-30": "", "2013-06-30": 0, "2013-03-31": 0, "2012-12-31": 0, "2012-09-30": "", "2012-06-30": 0, "2012-03-31": 1, "2011-12-31": -0.001, "2011-09-30": "0.00100", "2011-06-30": 0, "2011-03-31": 0.001, "2010-12-31": -0.001, "2010-09-30": "0.00100", "2010-06-30": 0, "2010-03-31": 0.001, "2009-12-31": 0, "2009-09-30": "", "2009-06-30": 0, "2009-03-31": 0, "2008-12-31": 0, "2008-09-30": "0.00400", "2008-06-30": -0.001, "2008-03-31": 0.007, "2007-12-31": 0, "2007-09-30": "0.01900", "2007-06-30": 0.086, "2007-03-31": 0.013, "2006-12-31": 0.636, "2006-09-30": "0.47200", "2006-06-30": -0.063, "2006-03-31": 0.563, "2005-12-31": 0.01, "2005-09-30": "0.00800", "2005-06-30": 0.007, "2005-03-31": 0.017}, "Net Change In Investments - Total": {"2020-09-30": "6.11500", "2020-06-30": 0, "2020-03-31": 0, "2019-12-31": -0.01, "2019-09-30": "-1.14000", "2019-06-30": 0, "2019-03-31": 0, "2018-12-31": 0, "2018-09-30": "", "2018-06-30": 0, "2018-03-31": -5, "2017-12-31": 0, "2017-09-30": "", "2017-06-30": 0, "2017-03-31": 0, "2016-12-31": 0, "2016-09-30": "", "2016-06-30": 0, "2016-03-31": 0, "2015-12-31": 0, "2015-09-30": "", "2015-06-30": 0, "2015-03-31": 0, "2014-12-31": 0, "2014-09-30": "", "2014-06-30": 0, "2014-03-31": 0, "2013-12-31": 0, "2013-09-30": "", "2013-06-30": 0, "2013-03-31": 0, "2012-12-31": 0, "2012-09-30": "", "2012-06-30": 0, "2012-03-31": 1, "2011-12-31": -0.001, "2011-09-30": "0.00100", "2011-06-30": 0, "2011-03-31": 0.001, "2010-12-31": -0.001, "2010-09-30": "0.00100", "2010-06-30": 0, "2010-03-31": 0.001, "2009-12-31": 0, "2009-09-30": "", "2009-06-30": 0, "2009-03-31": 0, "2008-12-31": 0, "2008-09-30": "0.00400", "2008-06-30": -0.001, "2008-03-31": 0.007, "2007-12-31": 0, "2007-09-30": "0.01900", "2007-06-30": 0.086, "2007-03-31": 0.013, "2006-12-31": 0.636, "2006-09-30": "0.47200", "2006-06-30": -0.063, "2006-03-31": 0.563, "2005-12-31": 0.01, "2005-09-30": "0.00800", "2005-06-30": 0.007, "2005-03-31": 0.017}, "Investing Activities - Other": {"2020-09-30": "", "2020-06-30": 0, "2020-03-31": 0, "2019-12-31": 0, "2019-09-30": "", "2019-06-30": 0, "2019-03-31": 0, "2018-12-31": 0, "2018-09-30": "", "2018-06-30": 0, "2018-03-31": 0, "2017-12-31": 0, "2017-09-30": "", "2017-06-30": 0, "2017-03-31": 0, "2016-12-31": 0, "2016-09-30": "", "2016-06-30": 0, "2016-03-31": 0, "2015-12-31": 0, "2015-09-30": "", "2015-06-30": 0, "2015-03-31": 0, "2014-12-31": 0, "2014-09-30": "", "2014-06-30": 0, "2014-03-31": 0, "2013-12-31": 0, "2013-09-30": "", "2013-06-30": 0, "2013-03-31": 0, "2012-12-31": 0, "2012-09-30": "", "2012-06-30": 0, "2012-03-31": 0, "2011-12-31": 0, "2011-09-30": "", "2011-06-30": 0, "2011-03-31": 0, "2010-12-31": 0, "2010-09-30": "", "2010-06-30": 0, "2010-03-31": 0, "2009-12-31": 0, "2009-09-30": "", "2009-06-30": 0, "2009-03-31": 0, "2008-12-31": -0.012, "2008-09-30": "0.01200", "2008-06-30": 0, "2008-03-31": -0.034, "2007-12-31": 0, "2007-09-30": "-0.07200", "2007-06-30": 0.008, "2007-03-31": 0.101, "2006-12-31": -0.034, "2006-09-30": "0.03400", "2006-06-30": 0.034, "2006-03-31": 0.011, "2005-12-31": 0.178, "2005-09-30": "0.03400", "2005-06-30": 0.032, "2005-03-31": 0.105}, "Cash Flow From Investing Activities": {"2020-09-30": "-31.18800", "2020-06-30": -44.506, "2020-03-31": -28.005, "2019-12-31": -49.97, "2019-09-30": "-75.42500", "2019-06-30": -42.608, "2019-03-31": -38.374, "2018-12-31": -57.39, "2018-09-30": "-52.26300", "2018-06-30": -52.771, "2018-03-31": -36.746, "2017-12-31": -162.024, "2017-09-30": "-40.28500", "2017-06-30": -38.087, "2017-03-31": -33.796, "2016-12-31": -37.802, "2016-09-30": "-31.90100", "2016-06-30": -2.366, "2016-03-31": -40.477, "2015-12-31": -44.558, "2015-09-30": "-48.56200", "2015-06-30": -42.652, "2015-03-31": -30.933, "2014-12-31": -20.518, "2014-09-30": "-42.88100", "2014-06-30": -25.705, "2014-03-31": -51.023, "2013-12-31": -33.144, "2013-09-30": "-21.90800", "2013-06-30": -31.213, "2013-03-31": -23.327, "2012-12-31": -24.209, "2012-09-30": "-18.49500", "2012-06-30": -26.904, "2012-03-31": -16.721, "2011-12-31": -13.799, "2011-09-30": "-18.83800", "2011-06-30": -15.544, "2011-03-31": -15.909, "2010-12-31": -11.404, "2010-09-30": "-16.18100", "2010-06-30": -324.294, "2010-03-31": -16.792, "2009-12-31": -147.33, "2009-09-30": "-17.29900", "2009-06-30": -16.737, "2009-03-31": -12.53, "2008-12-31": -16.697, "2008-09-30": "-13.26300", "2008-06-30": -9.849, "2008-03-31": -12.567, "2007-12-31": -49.058, "2007-09-30": "-30.67400", "2007-06-30": -18.051, "2007-03-31": -14.398, "2006-12-31": -46.109, "2006-09-30": "-14.35300", "2006-06-30": -13.143, "2006-03-31": -18.02, "2005-12-31": -34.053, "2005-09-30": "-11.97400", "2005-06-30": -27.683, "2005-03-31": -157.379}, "Net Long-Term Debt": {"2020-09-30": "-0.02800", "2020-06-30": 0, "2020-03-31": 0, "2019-12-31": 0, "2019-09-30": "", "2019-06-30": 0, "2019-03-31": 0, "2018-12-31": 0, "2018-09-30": "", "2018-06-30": 0, "2018-03-31": 0, "2017-12-31": 0, "2017-09-30": "", "2017-06-30": 0, "2017-03-31": 0, "2016-12-31": 0, "2016-09-30": "", "2016-06-30": 0, "2016-03-31": 0, "2015-12-31": 0, "2015-09-30": "", "2015-06-30": 0, "2015-03-31": 0, "2014-12-31": 0, "2014-09-30": "", "2014-06-30": 0, "2014-03-31": 0, "2013-12-31": 0, "2013-09-30": "", "2013-06-30": 0, "2013-03-31": 0, "2012-12-31": 0, "2012-09-30": "", "2012-06-30": 0, "2012-03-31": 0, "2011-12-31": 0, "2011-09-30": "", "2011-06-30": 0, "2011-03-31": 0, "2010-12-31": 0, "2010-09-30": "", "2010-06-30": 0, "2010-03-31": 0, "2009-12-31": 0, "2009-09-30": "", "2009-06-30": 0, "2009-03-31": 0, "2008-12-31": 0, "2008-09-30": "", "2008-06-30": 0, "2008-03-31": 0, "2007-12-31": 0, "2007-09-30": "", "2007-06-30": 0, "2007-03-31": 0, "2006-12-31": 0, "2006-09-30": "", "2006-06-30": 0, "2006-03-31": 0, "2005-12-31": 0, "2005-09-30": "", "2005-06-30": 0, "2005-03-31": 0}, "Net Current Debt": {"2020-09-30": "", "2020-06-30": -55.027, "2020-03-31": 54.994, "2019-12-31": 0, "2019-09-30": "", "2019-06-30": -35, "2019-03-31": 35, "2018-12-31": 0, "2018-09-30": "", "2018-06-30": -105, "2018-03-31": 5, "2017-12-31": 100, "2017-09-30": "-50.00000", "2017-06-30": 0, "2017-03-31": 0, "2016-12-31": 50, "2016-09-30": "-0.20000", "2016-06-30": -100.016, "2016-03-31": -0.11, "2015-12-31": 99.216, "2015-09-30": "-51.59000", "2015-06-30": -24.75, "2015-03-31": -1.364, "2014-12-31": 65.501, "2014-09-30": "-0.17000", "2014-06-30": -6.602, "2014-03-31": -1.926, "2013-12-31": -10.832, "2013-09-30": "-2.79800", "2013-06-30": -121.856, "2013-03-31": -5.988, "2012-12-31": -11.61, "2012-09-30": "-5.72600", "2012-06-30": -10.965, "2012-03-31": -6.268, "2011-12-31": -11.707, "2011-09-30": "-6.34000", "2011-06-30": -92.933, "2011-03-31": -1.628, "2010-12-31": -3.04, "2010-09-30": "-131.85400", "2010-06-30": 299.15, "2010-03-31": 7.203, "2009-12-31": 57.352, "2009-09-30": "-60.54500", "2009-06-30": -1.305, "2009-03-31": -2.601, "2008-12-31": 40.456, "2008-09-30": "-50.03900", "2008-06-30": -15.37, "2008-03-31": 59.861, "2007-12-31": 25.005, "2007-09-30": "-69.92500", "2007-06-30": 19.928, "2007-03-31": 24.549, "2006-12-31": 24.948, "2006-09-30": "-50.03700", "2006-06-30": 25.12, "2006-03-31": 0, "2005-12-31": 25, "2005-09-30": "-45.00000", "2005-06-30": 31, "2005-03-31": 14}, "Debt Issuance/Retirement Net - Total": {"2020-09-30": "-0.02800", "2020-06-30": -55.027, "2020-03-31": 54.994, "2019-12-31": 0, "2019-09-30": "", "2019-06-30": -35, "2019-03-31": 35, "2018-12-31": 0, "2018-09-30": "", "2018-06-30": -105, "2018-03-31": 5, "2017-12-31": 100, "2017-09-30": "-50.00000", "2017-06-30": 0, "2017-03-31": 0, "2016-12-31": 50, "2016-09-30": "-0.20000", "2016-06-30": -100.016, "2016-03-31": -0.11, "2015-12-31": 99.216, "2015-09-30": "-51.59000", "2015-06-30": -24.75, "2015-03-31": -1.364, "2014-12-31": 65.501, "2014-09-30": "-0.17000", "2014-06-30": -6.602, "2014-03-31": -1.926, "2013-12-31": -10.832, "2013-09-30": "-2.79800", "2013-06-30": -121.856, "2013-03-31": -5.988, "2012-12-31": -11.61, "2012-09-30": "-5.72600", "2012-06-30": -10.965, "2012-03-31": -6.268, "2011-12-31": -11.707, "2011-09-30": "-6.34000", "2011-06-30": -92.933, "2011-03-31": -1.628, "2010-12-31": -3.04, "2010-09-30": "-131.85400", "2010-06-30": 299.15, "2010-03-31": 7.203, "2009-12-31": 57.352, "2009-09-30": "-60.54500", "2009-06-30": -1.305, "2009-03-31": -2.601, "2008-12-31": 40.456, "2008-09-30": "-50.03900", "2008-06-30": -15.37, "2008-03-31": 59.861, "2007-12-31": 25.005, "2007-09-30": "-69.92500", "2007-06-30": 19.928, "2007-03-31": 24.549, "2006-12-31": 24.948, "2006-09-30": "-50.03700", "2006-06-30": 25.12, "2006-03-31": 0, "2005-12-31": 25, "2005-09-30": "-45.00000", "2005-06-30": 31, "2005-03-31": 14}, "Net Common Equity Issued/Repurchased": {"2020-09-30": "-62.96600", "2020-06-30": 2.632, "2020-03-31": -17.741, "2019-12-31": -34.874, "2019-09-30": "-11.73300", "2019-06-30": -30.971, "2019-03-31": 2.47, "2018-12-31": -19.304, "2018-09-30": "2.21800", "2018-06-30": -16.815, "2018-03-31": 2.185, "2017-12-31": 1.568, "2017-09-30": "-28.22500", "2017-06-30": -24.416, "2017-03-31": 1.632, "2016-12-31": -41.243, "2016-09-30": "-59.86700", "2016-06-30": -18.25, "2016-03-31": 1.496, "2015-12-31": -84.654, "2015-09-30": "-67.84600", "2015-06-30": -8.345, "2015-03-31": 1.417, "2014-12-31": -51.011, "2014-09-30": "-59.22900", "2014-06-30": -111.3, "2014-03-31": -61.701, "2013-12-31": 1.014, "2013-09-30": "1.18100", "2013-06-30": -40.725, "2013-03-31": -3.597, "2012-12-31": -2.444, "2012-09-30": "-0.88500", "2012-06-30": -31.271, "2012-03-31": 5.913, "2011-12-31": 3.957, "2011-09-30": "1.35600", "2011-06-30": 1.355, "2011-03-31": 5.168, "2010-12-31": 12.718, "2010-09-30": "2.59100", "2010-06-30": 4.029, "2010-03-31": 14.259, "2009-12-31": 4.342, "2009-09-30": "10.52700", "2009-06-30": 1.666, "2009-03-31": -7.344, "2008-12-31": -18.222, "2008-09-30": "-29.89600", "2008-06-30": -27.789, "2008-03-31": -42.492, "2007-12-31": -12.368, "2007-09-30": "2.04700", "2007-06-30": -19.267, "2007-03-31": -11.224, "2006-12-31": -21.929, "2006-09-30": "-16.78100", "2006-06-30": -25.871, "2006-03-31": 11.009, "2005-12-31": -3.473, "2005-09-30": "-2.86200", "2005-06-30": -6.71, "2005-03-31": 11.803}, "Net Total Equity Issued/Repurchased": {"2020-09-30": "-62.96600", "2020-06-30": 2.632, "2020-03-31": -17.741, "2019-12-31": -34.874, "2019-09-30": "-11.73300", "2019-06-30": -30.971, "2019-03-31": 2.47, "2018-12-31": -19.304, "2018-09-30": "2.21800", "2018-06-30": -16.815, "2018-03-31": 2.185, "2017-12-31": 1.568, "2017-09-30": "-28.22500", "2017-06-30": -24.416, "2017-03-31": 1.632, "2016-12-31": -41.243, "2016-09-30": "-59.86700", "2016-06-30": -18.25, "2016-03-31": 1.496, "2015-12-31": -84.654, "2015-09-30": "-67.84600", "2015-06-30": -8.345, "2015-03-31": 1.417, "2014-12-31": -51.011, "2014-09-30": "-59.22900", "2014-06-30": -111.3, "2014-03-31": -61.701, "2013-12-31": 1.014, "2013-09-30": "1.18100", "2013-06-30": -40.725, "2013-03-31": -3.597, "2012-12-31": -2.444, "2012-09-30": "-0.88500", "2012-06-30": -31.271, "2012-03-31": 5.913, "2011-12-31": 3.957, "2011-09-30": "1.35600", "2011-06-30": 1.355, "2011-03-31": 5.168, "2010-12-31": 12.718, "2010-09-30": "2.59100", "2010-06-30": 4.029, "2010-03-31": 14.259, "2009-12-31": 4.342, "2009-09-30": "10.52700", "2009-06-30": 1.666, "2009-03-31": -7.344, "2008-12-31": -18.222, "2008-09-30": "-29.89600", "2008-06-30": -27.789, "2008-03-31": -42.492, "2007-12-31": -12.368, "2007-09-30": "2.04700", "2007-06-30": -19.267, "2007-03-31": -11.224, "2006-12-31": -21.929, "2006-09-30": "-16.78100", "2006-06-30": -25.871, "2006-03-31": 11.009, "2005-12-31": -3.473, "2005-09-30": "-2.86200", "2005-06-30": -6.71, "2005-03-31": 11.803}, "Total Common And Preferred Stock Dividends Paid": {"2020-09-30": "-32.81500", "2020-06-30": -32.935, "2020-03-31": -32.984, "2019-12-31": -30.731, "2019-09-30": "-30.77100", "2019-06-30": -30.775, "2019-03-31": -30.866, "2018-12-31": -57.104, "2018-09-30": "", "2018-06-30": -28.592, "2018-03-31": -28.585, "2017-12-31": -23.94, "2017-09-30": "-23.90400", "2017-06-30": -24.066, "2017-03-31": -24.059, "2016-12-31": -21.725, "2016-09-30": "-21.85700", "2016-06-30": -22.081, "2016-03-31": -22.065, "2015-12-31": -19.772, "2015-09-30": "-20.20000", "2015-06-30": -20.227, "2015-03-31": -20.222, "2014-12-31": -17.919, "2014-09-30": "-18.04200", "2014-06-30": -18.481, "2014-03-31": -18.624, "2013-12-31": -17.092, "2013-09-30": "-17.05400", "2013-06-30": -17.202, "2013-03-31": -11.187, "2012-12-31": -9.902, "2012-09-30": "-9.91100", "2012-06-30": -9.964, "2012-03-31": -9.997, "2011-12-31": -9.093, "2011-09-30": "-9.07400", "2011-06-30": -9.067, "2011-03-31": -9.058, "2010-12-31": -8.145, "2010-09-30": "-8.12100", "2010-06-30": -8.109, "2010-03-31": -8.039, "2009-12-31": -7.17, "2009-09-30": "-7.14300", "2009-06-30": -7.076, "2009-03-31": -7.139, "2008-12-31": -6.3, "2008-09-30": "-6.38800", "2008-06-30": -6.517, "2008-03-31": -6.549, "2007-12-31": -5.81, "2007-09-30": "-5.80700", "2007-06-30": -5.83, "2007-03-31": -5.869, "2006-12-31": -4.976, "2006-09-30": "-5.01000", "2006-06-30": -5.098, "2006-03-31": -5.06, "2005-12-31": -4.104, "2005-09-30": "-4.12100", "2005-06-30": -4.11, "2005-03-31": -11.346}, "Financial Activities - Other": {"2020-09-30": "-5.50500", "2020-06-30": -0.412, "2020-03-31": -0.703, "2019-12-31": -0.552, "2019-09-30": "-2.07200", "2019-06-30": -0.175, "2019-03-31": -0.313, "2018-12-31": -0.228, "2018-09-30": "-13.25700", "2018-06-30": -0.054, "2018-03-31": -0.135, "2017-12-31": -0.111, "2017-09-30": "-7.03300", "2017-06-30": -0.037, "2017-03-31": -0.049, "2016-12-31": -0.057, "2016-09-30": "-5.33700", "2016-06-30": -0.029, "2016-03-31": -0.06, "2015-12-31": -0.061, "2015-09-30": "-2.44000", "2015-06-30": 0.184, "2015-03-31": -1.019, "2014-12-31": 0.127, "2014-09-30": "-3.80100", "2014-06-30": -0.001, "2014-03-31": -0.104, "2013-12-31": 0.142, "2013-09-30": "-3.22900", "2013-06-30": 0.101, "2013-03-31": 0.039, "2012-12-31": 0.012, "2012-09-30": "-0.45700", "2012-06-30": 0.113, "2012-03-31": -0.114, "2011-12-31": -0.009, "2011-09-30": "-0.63700", "2011-06-30": -0.043, "2011-03-31": -0.39, "2010-12-31": -0.49, "2010-09-30": "-0.55000", "2010-06-30": -7.904, "2010-03-31": -1.77, "2009-12-31": -0.468, "2009-09-30": "-1.43000", "2009-06-30": -0.107, "2009-03-31": -0.058, "2008-12-31": -0.026, "2008-09-30": "-0.29600", "2008-06-30": 0.981, "2008-03-31": 0.14, "2007-12-31": 1.547, "2007-09-30": "1.14100", "2007-06-30": 1.285, "2007-03-31": 1.7, "2006-12-31": 1.236, "2006-09-30": "0.41900", "2006-06-30": -1.728, "2006-03-31": 6.471, "2005-12-31": 0, "2005-09-30": "", "2005-06-30": 0, "2005-03-31": 0}, "Cash Flow From Financial Activities": {"2020-09-30": "-101.31400", "2020-06-30": -85.742, "2020-03-31": 3.566, "2019-12-31": -66.157, "2019-09-30": "-44.57600", "2019-06-30": -96.921, "2019-03-31": 6.291, "2018-12-31": -76.636, "2018-09-30": "-11.03900", "2018-06-30": -150.461, "2018-03-31": -21.535, "2017-12-31": 77.517, "2017-09-30": "-109.16200", "2017-06-30": -48.519, "2017-03-31": -22.476, "2016-12-31": -13.025, "2016-09-30": "-87.26100", "2016-06-30": -140.376, "2016-03-31": -20.739, "2015-12-31": -5.271, "2015-09-30": "-142.07600", "2015-06-30": -53.138, "2015-03-31": -21.188, "2014-12-31": -3.302, "2014-09-30": "-81.24200", "2014-06-30": -136.384, "2014-03-31": -82.355, "2013-12-31": -26.768, "2013-09-30": "-21.90000", "2013-06-30": -179.682, "2013-03-31": -20.733, "2012-12-31": -23.944, "2012-09-30": "-16.97900", "2012-06-30": -52.087, "2012-03-31": -10.466, "2011-12-31": -16.852, "2011-09-30": "-14.69500", "2011-06-30": -100.688, "2011-03-31": -5.908, "2010-12-31": 1.043, "2010-09-30": "-137.93400", "2010-06-30": 287.166, "2010-03-31": 11.653, "2009-12-31": 54.056, "2009-09-30": "-58.59100", "2009-06-30": -6.822, "2009-03-31": -17.142, "2008-12-31": 15.908, "2008-09-30": "-86.61900", "2008-06-30": -48.695, "2008-03-31": 10.96, "2007-12-31": 8.374, "2007-09-30": "-72.54400", "2007-06-30": -3.884, "2007-03-31": 9.156, "2006-12-31": -0.721, "2006-09-30": "-71.40900", "2006-06-30": -7.577, "2006-03-31": 12.42, "2005-12-31": 17.423, "2005-09-30": "-51.98300", "2005-06-30": 20.18, "2005-03-31": 14.457}, "Net Cash Flow": {"2020-09-30": "-18.02500", "2020-06-30": 103.831, "2020-03-31": 37.001, "2019-12-31": -24.166, "2019-09-30": "3.05100", "2019-06-30": 58.23, "2019-03-31": 9.242, "2018-12-31": -88.716, "2018-09-30": "83.43200", "2018-06-30": -25.962, "2018-03-31": -0.317, "2017-12-31": -46.321, "2017-09-30": "-10.72500", "2017-06-30": 71.849, "2017-03-31": -21.272, "2016-12-31": -20.331, "2016-09-30": "14.20900", "2016-06-30": 16.309, "2016-03-31": -1.125, "2015-12-31": -29.359, "2015-09-30": "-63.82800", "2015-06-30": 95.513, "2015-03-31": 3.468, "2014-12-31": 9.93, "2014-09-30": "-30.97500", "2014-06-30": 18.133, "2014-03-31": -103.257, "2013-12-31": -26.286, "2013-09-30": "53.88200", "2013-06-30": -54.146, "2013-03-31": -10.803, "2012-12-31": -30.834, "2012-09-30": "66.37500", "2012-06-30": 67.542, "2012-03-31": -5.431, "2011-12-31": -12.853, "2011-09-30": "44.93000", "2011-06-30": 8.742, "2011-03-31": 7.512, "2010-12-31": 0.105, "2010-09-30": "-78.75200", "2010-06-30": 89.739, "2010-03-31": 10.836, "2009-12-31": -83.075, "2009-09-30": "-10.23300", "2009-06-30": 91.836, "2009-03-31": -14.187, "2008-12-31": 15.767, "2008-09-30": "-40.73000", "2008-06-30": 24.987, "2008-03-31": 12.442, "2007-12-31": -26.391, "2007-09-30": "-34.09000", "2007-06-30": 60.887, "2007-03-31": 0.105, "2006-12-31": -22.217, "2006-09-30": "-24.29700", "2006-06-30": 35.334, "2006-03-31": 0.556, "2005-12-31": -17.309, "2005-09-30": "43.95000", "2005-06-30": -4.344, "2005-03-31": -37.806}, "Stock-Based Compensation": {"2020-09-30": "4.62500", "2020-06-30": 5.195, "2020-03-31": 4.69, "2019-12-31": 4.145, "2019-09-30": "2.85300", "2019-06-30": 3.938, "2019-03-31": 3.505, "2018-12-31": 3.375, "2018-09-30": "1.77100", "2018-06-30": 3.924, "2018-03-31": 3.225, "2017-12-31": 4.609, "2017-09-30": "", "2017-06-30": 3.767, "2017-03-31": 3.132, "2016-12-31": 3.033, "2016-09-30": "1.19700", "2016-06-30": 2.507, "2016-03-31": 3.101, "2015-12-31": 3.142, "2015-09-30": "1.97000", "2015-06-30": 2.77, "2015-03-31": 2.759, "2014-12-31": 2.515, "2014-09-30": "2.06800", "2014-06-30": 2.788, "2014-03-31": 2.762, "2013-12-31": 2.619, "2013-09-30": "1.92200", "2013-06-30": 2.494, "2013-03-31": 2.012, "2012-12-31": 2.375, "2012-09-30": "1.73400", "2012-06-30": 2.064, "2012-03-31": 1.872, "2011-12-31": 1.77, "2011-09-30": "1.24400", "2011-06-30": 1.285, "2011-03-31": 1.232, "2010-12-31": 1.273, "2010-09-30": "0.93300", "2010-06-30": 0.843, "2010-03-31": 0.912, "2009-12-31": 0.856, "2009-09-30": "0.64000", "2009-06-30": 0.703, "2009-03-31": 0.587, "2008-12-31": 0.59, "2008-09-30": "0.39200", "2008-06-30": 0.453, "2008-03-31": 0.512, "2007-12-31": 0.368, "2007-09-30": "0.11100", "2007-06-30": 0.106, "2007-03-31": 0.484, "2006-12-31": 0.265, "2006-09-30": "0.14800", "2006-06-30": 0.09, "2006-03-31": 0.107, "2005-12-31": 0.108, "2005-09-30": "0.14900", "2005-06-30": 0, "2005-03-31": 0}, "Common Stock Dividends Paid": {"2020-09-30": "-32.81500", "2020-06-30": -32.935, "2020-03-31": -32.984, "2019-12-31": -30.731, "2019-09-30": "-30.77100", "2019-06-30": -30.775, "2019-03-31": -30.866, "2018-12-31": -57.104, "2018-09-30": "0.00000", "2018-06-30": -28.592, "2018-03-31": -28.585, "2017-12-31": -23.94, "2017-09-30": "-23.90400", "2017-06-30": -24.066, "2017-03-31": -24.059, "2016-12-31": -21.725, "2016-09-30": "-21.85700", "2016-06-30": -22.081, "2016-03-31": -22.065, "2015-12-31": -19.772, "2015-09-30": "-20.20000", "2015-06-30": -20.227, "2015-03-31": -20.222, "2014-12-31": -17.919, "2014-09-30": "-18.04200", "2014-06-30": -18.481, "2014-03-31": -18.624, "2013-12-31": -17.092, "2013-09-30": "-17.05400", "2013-06-30": -17.202, "2013-03-31": -11.187, "2012-12-31": -9.902, "2012-09-30": "-9.91100", "2012-06-30": -9.964, "2012-03-31": -9.997, "2011-12-31": -9.093, "2011-09-30": "-9.07400", "2011-06-30": -9.067, "2011-03-31": -9.058, "2010-12-31": -8.145, "2010-09-30": "-8.12100", "2010-06-30": -8.109, "2010-03-31": -8.039, "2009-12-31": -7.17, "2009-09-30": "-7.14300", "2009-06-30": -7.076, "2009-03-31": -7.139, "2008-12-31": -6.3, "2008-09-30": "-6.38800", "2008-06-30": -6.517, "2008-03-31": -6.549, "2007-12-31": -5.81, "2007-09-30": "-5.80700", "2007-06-30": -5.83, "2007-03-31": -5.869, "2006-12-31": -4.976, "2006-09-30": "-5.01000", "2006-06-30": -5.098, "2006-03-31": -5.06, "2005-12-31": -4.104, "2005-09-30": "-4.12100", "2005-06-30": -4.11, "2005-03-31": -11.346}}, "financial ratios": {"Current Ratio": {"2020-06-30": "1.35210", "2019-06-30": "1.21170", "2018-06-30": "1.05060", "2017-06-30": "1.10370", "2016-06-30": "0.97340", "2015-06-30": "1.11250", "2014-06-30": "0.87400", "2013-06-30": "1.05050", "2012-06-30": "1.16510", "2011-06-30": "0.93020", "2010-06-30": "0.88460", "2009-06-30": "1.04420", "2008-06-30": "0.96650", "2007-06-30": "1.06020", "2006-06-30": "1.16290", "2005-06-30": "1.05560"}, "Long-term Debt / Capital": {"2020-06-30": "0.00010", "2019-06-30": "", "2018-06-30": "", "2017-06-30": "0.04620", "2016-06-30": "", "2015-06-30": "0.04810", "2014-06-30": "0.00380", "2013-06-30": "0.00720", "2012-06-30": "0.09750", "2011-06-30": "0.12700", "2010-06-30": "0.26660", "2009-06-30": "", "2008-06-30": "", "2007-06-30": "", "2006-06-30": "", "2005-06-30": ""}, "Debt/Equity Ratio": {"2020-06-30": "0.00020", "2019-06-30": "", "2018-06-30": "", "2017-06-30": "0.04840", "2016-06-30": "0.00020", "2015-06-30": "0.05310", "2014-06-30": "0.00940", "2013-06-30": "0.01510", "2012-06-30": "0.13390", "2011-06-30": "0.17510", "2010-06-30": "0.50470", "2009-06-30": "0.10130", "2008-06-30": "0.11670", "2007-06-30": "0.11780", "2006-06-30": "0.08730", "2005-06-30": "0.08700"}, "Gross Margin": {"2020-06-30": "40.57610", "2019-06-30": "40.55290", "2018-06-30": "41.99490", "2017-06-30": "41.95340", "2016-06-30": "42.88910", "2015-06-30": "42.65710", "2014-06-30": "42.09110", "2013-06-30": "41.66000", "2012-06-30": "41.15520", "2011-06-30": "41.30060", "2010-06-30": "41.25340", "2009-06-30": "40.15580", "2008-06-30": "41.35350", "2007-06-30": "43.03320", "2006-06-30": "43.49750", "2005-06-30": "41.51250"}, "Operating Margin": {"2020-06-30": "22.42850", "2019-06-30": "22.36670", "2018-06-30": "24.30680", "2017-06-30": "24.61420", "2016-06-30": "26.69770", "2015-06-30": "25.30390", "2014-06-30": "24.57420", "2013-06-30": "22.64120", "2012-06-30": "22.75720", "2011-06-30": "22.37230", "2010-06-30": "21.78530", "2009-06-30": "21.17590", "2008-06-30": "22.10300", "2007-06-30": "24.01140", "2006-06-30": "23.83260", "2005-06-30": "22.22000"}, "EBIT Margin": {"2020-06-30": "22.42850", "2019-06-30": "22.36670", "2018-06-30": "24.30680", "2017-06-30": "24.61420", "2016-06-30": "26.69770", "2015-06-30": "25.30390", "2014-06-30": "24.57420", "2013-06-30": "22.64120", "2012-06-30": "22.75720", "2011-06-30": "22.37230", "2010-06-30": "21.78530", "2009-06-30": "21.17590", "2008-06-30": "22.10300", "2007-06-30": "24.01140", "2006-06-30": "23.83260", "2005-06-30": "22.22000"}, "EBITDA Margin": {"2020-06-30": "32.55220", "2019-06-30": "32.71210", "2018-06-30": "34.64030", "2017-06-30": "34.68320", "2016-06-30": "36.26830", "2015-06-30": "34.77670", "2014-06-30": "33.76050", "2013-06-30": "31.70120", "2012-06-30": "32.05480", "2011-06-30": "31.73360", "2010-06-30": "30.33290", "2009-06-30": "29.77940", "2008-06-30": "30.44920", "2007-06-30": "31.65680", "2006-06-30": "31.24090", "2005-06-30": "29.48140"}, "Pre-Tax Profit Margin": {"2020-06-30": "22.45500", "2019-06-30": "22.36340", "2018-06-30": "24.21530", "2017-06-30": "24.56040", "2016-06-30": "26.61480", "2015-06-30": "25.19050", "2014-06-30": "24.51220", "2013-06-30": "22.12680", "2012-06-30": "22.30840", "2011-06-30": "21.46170", "2010-06-30": "21.61120", "2009-06-30": "21.09860", "2008-06-30": "22.13220", "2007-06-30": "24.25880", "2006-06-30": "23.95290", "2005-06-30": "22.36450"}, "Net Profit Margin": {"2020-06-30": "17.48120", "2019-06-30": "17.51060", "2018-06-30": "24.81880", "2017-06-30": "16.53550", "2016-06-30": "18.37140", "2015-06-30": "16.81440", "2014-06-30": "15.91540", "2013-06-30": "15.13380", "2012-06-30": "14.94010", "2011-06-30": "14.21780", "2010-06-30": "14.08940", "2009-06-30": "13.82820", "2008-06-30": "14.02860", "2007-06-30": "15.70690", "2006-06-30": "15.21860", "2005-06-30": "14.08960"}, "Asset Turnover": {"2020-06-30": "0.69880", "2019-06-30": "0.71070", "2018-06-30": "0.72340", "2017-06-30": "0.72730", "2016-06-30": "0.74620", "2015-06-30": "0.68390", "2014-06-30": "0.69800", "2013-06-30": "0.66220", "2012-06-30": "0.62840", "2011-06-30": "0.64210", "2010-06-30": "0.53610", "2009-06-30": "0.70960", "2008-06-30": "0.72760", "2007-06-30": "0.66690", "2006-06-30": "0.65210", "2005-06-30": "0.65820"}, "Inventory Turnover Ratio": {"2020-06-30": "", "2019-06-30": "", "2018-06-30": "", "2017-06-30": "", "2016-06-30": "", "2015-06-30": "", "2014-06-30": "", "2013-06-30": "", "2012-06-30": "", "2011-06-30": "", "2010-06-30": "", "2009-06-30": "", "2008-06-30": "", "2007-06-30": "", "2006-06-30": "", "2005-06-30": ""}, "Receiveable Turnover": {"2020-06-30": "5.27050", "2019-06-30": "4.73530", "2018-06-30": "4.61150", "2017-06-30": "4.67350", "2016-06-30": "5.02540", "2015-06-30": "5.06240", "2014-06-30": "5.05730", "2013-06-30": "4.66580", "2012-06-30": "4.48740", "2011-06-30": "4.30450", "2010-06-30": "3.88410", "2009-06-30": "3.81520", "2008-06-30": "3.47250", "2007-06-30": "3.18510", "2006-06-30": "3.27730", "2005-06-30": "2.55270"}, "Days Sales In Receivables": {"2020-06-30": "69.25390", "2019-06-30": "77.08060", "2018-06-30": "79.15020", "2017-06-30": "78.10050", "2016-06-30": "72.63080", "2015-06-30": "72.09990", "2014-06-30": "72.17350", "2013-06-30": "78.22860", "2012-06-30": "81.33810", "2011-06-30": "84.79550", "2010-06-30": "93.97400", "2009-06-30": "95.66900", "2008-06-30": "105.11230", "2007-06-30": "114.59430", "2006-06-30": "111.37290", "2005-06-30": "142.98720"}, "ROE - Return On Equity": {"2020-06-30": "19.14370", "2019-06-30": "19.02610", "2018-06-30": "27.59460", "2017-06-30": "22.24320", "2016-06-30": "24.98140", "2015-06-30": "21.30250", "2014-06-30": "19.30100", "2013-06-30": "16.50000", "2012-06-30": "15.46610", "2011-06-30": "15.62570", "2010-06-30": "15.70820", "2009-06-30": "16.45670", "2008-06-30": "17.50550", "2007-06-30": "17.65550", "2006-06-30": "15.79640", "2005-06-30": "14.59930"}, "Return On Tangible Equity": {"2020-06-30": "74.56530", "2019-06-30": "87.44160", "2018-06-30": "157.85800", "2017-06-30": "217.71100", "2016-06-30": "305.54230", "2015-06-30": "226.18330", "2014-06-30": "202.99510", "2013-06-30": "86.68020", "2012-06-30": "94.54640", "2011-06-30": "300.87800", "2010-06-30": "-111.26320", "2009-06-30": "53.70510", "2008-06-30": "62.18330", "2007-06-30": "46.94140", "2006-06-30": "36.10500", "2005-06-30": "33.74100"}, "ROA - Return On Assets": {"2020-06-30": "12.21620", "2019-06-30": "12.44420", "2018-06-30": "17.95490", "2017-06-30": "12.02550", "2016-06-30": "13.70780", "2015-06-30": "11.49920", "2014-06-30": "11.10930", "2013-06-30": "10.02220", "2012-06-30": "9.38810", "2011-06-30": "9.12950", "2010-06-30": "7.55310", "2009-06-30": "9.81270", "2008-06-30": "10.31170", "2007-06-30": "10.57140", "2006-06-30": "10.02830", "2005-06-30": "9.27360"}, "ROI - Return On Investment": {"2020-06-30": "19.14120", "2019-06-30": "19.02610", "2018-06-30": "27.59460", "2017-06-30": "21.21540", "2016-06-30": "24.98140", "2015-06-30": "20.27780", "2014-06-30": "19.22690", "2013-06-30": "16.38130", "2012-06-30": "13.95860", "2011-06-30": "13.64190", "2010-06-30": "11.52080", "2009-06-30": "16.45670", "2008-06-30": "17.50550", "2007-06-30": "17.65550", "2006-06-30": "15.79640", "2005-06-30": "14.59930"}, "Book Value Per Share": {"2020-06-30": "20.22300", "2019-06-30": "18.56150", "2018-06-30": "17.14170", "2017-06-30": "13.33000", "2016-06-30": "12.65910", "2015-06-30": "12.26340", "2014-06-30": "11.70680", "2013-06-30": "11.91710", "2012-06-30": "11.42690", "2011-06-30": "10.18730", "2010-06-30": "8.78640", "2009-06-30": "7.49280", "2008-06-30": "6.96120", "2007-06-30": "6.71550", "2006-06-30": "6.30780", "2005-06-30": "5.65210"}, "Operating Cash Flow Per Share": {"2020-06-30": 1.0621, "2019-06-30": 0.2618, "2018-06-30": 0.746, "2017-06-30": -0.0295, "2016-06-30": 0.0149, "2015-06-30": 0.5798, "2014-06-30": 0.4315, "2013-06-30": 0.5386, "2012-06-30": 0.2607, "2011-06-30": 0.2087, "2010-06-30": 0.1261, "2009-06-30": 0.4175, "2008-06-30": 0.1245, "2007-06-30": 0.0867, "2006-06-30": 0.6423, "2005-06-30": 1.1643}, "Free Cash Flow Per Share": {"2020-06-30": 1.1145, "2019-06-30": -0.107, "2018-06-30": -0.4894, "2017-06-30": 0.1177, "2016-06-30": 0.9507, "2015-06-30": -0.001, "2014-06-30": 0.5263, "2013-06-30": 0.2949, "2012-06-30": 0.0649, "2011-06-30": 0.4536, "2010-06-30": -0.1374, "2009-06-30": 0.343, "2008-06-30": 0.1332, "2007-06-30": 0.1001, "2006-06-30": 0.7389, "2005-06-30": 0.4576}}, "financial ratios, quarterly": {"Current Ratio": {"2020-09-30": "1.41030", "2020-06-30": "1.35210", "2020-03-31": "1.60740", "2019-12-31": "1.24650", "2019-09-30": "1.23160", "2019-06-30": "1.21170", "2019-03-31": "1.17440", "2018-12-31": "1.06640", "2018-09-30": "1.08950", "2018-06-30": "1.05060", "2018-03-31": "1.25170", "2017-12-31": "1.04480", "2017-09-30": "0.97380", "2017-06-30": "1.10370", "2017-03-31": "1.10850", "2016-12-31": "0.98520", "2016-09-30": "0.90390", "2016-06-30": "0.97340", "2016-03-31": "1.11000", "2015-12-31": "0.95880", "2015-09-30": "0.86960", "2015-06-30": "1.11250", "2015-03-31": "1.02410", "2014-12-31": "0.75700", "2014-09-30": "0.76680", "2014-06-30": "0.87400", "2014-03-31": "1.09640", "2013-12-31": "1.32180", "2013-09-30": "1.17860", "2013-06-30": "1.05050", "2013-03-31": "1.50600", "2012-12-31": "1.36420", "2012-09-30": "1.26830", "2012-06-30": "1.16510", "2012-03-31": "1.32140", "2011-12-31": "1.11330", "2011-09-30": "0.98530", "2011-06-30": "0.93020", "2011-03-31": "1.11880", "2010-12-31": "0.95910", "2010-09-30": "0.81550", "2010-06-30": "0.88460", "2010-03-31": "0.91260", "2009-12-31": "0.76230", "2009-09-30": "1.18850", "2009-06-30": "1.04420", "2009-03-31": "0.96070", "2008-12-31": "0.91170", "2008-09-30": "0.90660", "2008-06-30": "0.96650", "2008-03-31": "0.96650", "2007-12-31": "1.02180", "2007-09-30": "1.13070", "2007-06-30": "1.06020", "2007-03-31": "1.17220", "2006-12-31": "1.05760", "2006-09-30": "1.23930", "2006-06-30": "1.16290", "2006-03-31": "1.38000", "2005-12-31": "1.12020", "2005-09-30": "1.17100", "2005-06-30": "1.05560", "2005-03-31": "1.14280"}, "Long-term Debt / Capital": {"2020-09-30": "0.00010", "2020-06-30": "0.00010", "2020-03-31": "0.03520", "2019-12-31": "", "2019-09-30": "", "2019-06-30": "", "2019-03-31": "", "2018-12-31": "", "2018-09-30": "", "2018-06-30": "", "2018-03-31": "0.07910", "2017-12-31": "0.07850", "2017-09-30": "", "2017-06-30": "0.04620", "2017-03-31": "0.04710", "2016-12-31": "0.04900", "2016-09-30": "", "2016-06-30": "", "2016-03-31": "0.09530", "2015-12-31": "0.09880", "2015-09-30": "", "2015-06-30": "0.04810", "2015-03-31": "0.06840", "2014-12-31": "0.00100", "2014-09-30": "0.00110", "2014-06-30": "0.00380", "2014-03-31": "0.00320", "2013-12-31": "0.00490", "2013-09-30": "0.00590", "2013-06-30": "0.00720", "2013-03-31": "0.08090", "2012-12-31": "0.08640", "2012-09-30": "0.09060", "2012-06-30": "0.09750", "2012-03-31": "0.10310", "2011-12-31": "0.11120", "2011-09-30": "0.12010", "2011-06-30": "0.12700", "2011-03-31": "0.20910", "2010-12-31": "0.21910", "2010-09-30": "0.23250", "2010-06-30": "0.26660", "2010-03-31": "", "2009-12-31": "", "2009-09-30": "", "2009-06-30": "", "2009-03-31": "", "2008-12-31": "", "2008-09-30": "", "2008-06-30": "", "2008-03-31": "", "2007-12-31": "", "2007-09-30": "", "2007-06-30": "", "2007-03-31": "", "2006-12-31": "", "2006-09-30": "", "2006-06-30": "", "2006-03-31": "", "2005-12-31": "", "2005-09-30": "", "2005-06-30": "", "2005-03-31": ""}, "Debt/Equity Ratio": {"2020-09-30": "0.00020", "2020-06-30": "0.00020", "2020-03-31": "0.03650", "2019-12-31": "", "2019-09-30": "", "2019-06-30": "", "2019-03-31": "0.02450", "2018-12-31": "", "2018-09-30": "", "2018-06-30": "", "2018-03-31": "0.08580", "2017-12-31": "0.08520", "2017-09-30": "", "2017-06-30": "0.04840", "2017-03-31": "0.04940", "2016-12-31": "0.05150", "2016-09-30": "", "2016-06-30": "0.00020", "2016-03-31": "0.10560", "2015-12-31": "0.10990", "2015-09-30": "0.00120", "2015-06-30": "0.05310", "2015-03-31": "0.08100", "2014-12-31": "0.08550", "2014-09-30": "0.01180", "2014-06-30": "0.00940", "2014-03-31": "0.01390", "2013-12-31": "0.00840", "2013-09-30": "0.01630", "2013-06-30": "0.01510", "2013-03-31": "0.12280", "2012-12-31": "0.12360", "2012-09-30": "0.13060", "2012-06-30": "0.13390", "2012-03-31": "0.14410", "2011-12-31": "0.15570", "2011-09-30": "0.17300", "2011-06-30": "0.17510", "2011-03-31": "0.28800", "2010-12-31": "0.29900", "2010-09-30": "0.31710", "2010-06-30": "0.50470", "2010-03-31": "0.10200", "2009-12-31": "0.09010", "2009-09-30": "0.00440", "2009-06-30": "0.10130", "2009-03-31": "0.10730", "2008-12-31": "0.10770", "2008-09-30": "0.03430", "2008-06-30": "0.11670", "2008-03-31": "0.13990", "2007-12-31": "0.04000", "2007-09-30": "0.00050", "2007-06-30": "0.11780", "2007-03-31": "0.08530", "2006-12-31": "0.04370", "2006-09-30": "0.00040", "2006-06-30": "0.08730", "2006-03-31": "0.04310", "2005-12-31": "0.04570", "2005-09-30": "", "2005-06-30": "0.08700", "2005-03-31": "0.02780"}, "Gross Margin": {"2020-09-30": "41.80410", "2020-06-30": "37.92640", "2020-03-31": "39.78400", "2019-12-31": "40.52600", "2019-09-30": "43.88400", "2019-06-30": "39.00010", "2019-03-31": "38.06090", "2018-12-31": "41.16010", "2018-09-30": "43.92670", "2018-06-30": "40.88470", "2018-03-31": "41.58080", "2017-12-31": "42.02270", "2017-09-30": "43.55830", "2017-06-30": "39.51490", "2017-03-31": "41.56410", "2016-12-31": "43.15180", "2016-09-30": "43.55150", "2016-06-30": "44.06360", "2016-03-31": "41.69230", "2015-12-31": "42.78730", "2015-09-30": "42.89410", "2015-06-30": "43.87420", "2015-03-31": "42.56090", "2014-12-31": "42.09370", "2014-09-30": "41.99040", "2014-06-30": "43.18910", "2014-03-31": "40.27500", "2013-12-31": "42.59050", "2013-09-30": "42.23130", "2013-06-30": "39.32120", "2013-03-31": "40.70070", "2012-12-31": "43.86070", "2012-09-30": "42.77770", "2012-06-30": "40.28700", "2012-03-31": "40.33610", "2011-12-31": "41.97990", "2011-09-30": "42.05000", "2011-06-30": "41.80140", "2011-03-31": "39.67360", "2010-12-31": "42.37600", "2010-09-30": "41.32190", "2010-06-30": "41.75470", "2010-03-31": "40.13610", "2009-12-31": "42.24580", "2009-09-30": "40.80000", "2009-06-30": "41.30590", "2009-03-31": "38.93290", "2008-12-31": "40.67900", "2008-09-30": "39.61210", "2008-06-30": "40.09680", "2008-03-31": "41.06840", "2007-12-31": "44.28330", "2007-09-30": "39.80080", "2007-06-30": "43.86250", "2007-03-31": "42.44090", "2006-12-31": "43.64160", "2006-09-30": "42.03230", "2006-06-30": "44.28880", "2006-03-31": "43.76920", "2005-12-31": "44.42030", "2005-09-30": "41.28620", "2005-06-30": "42.32780", "2005-03-31": "42.62250"}, "Operating Margin": {"2020-09-30": "26.02660", "2020-06-30": "18.70670", "2020-03-31": "21.41050", "2019-12-31": "22.35740", "2019-09-30": "26.98300", "2019-06-30": "20.18200", "2019-03-31": "20.09680", "2018-12-31": "22.83450", "2018-09-30": "26.29570", "2018-06-30": "22.45810", "2018-03-31": "24.25010", "2017-12-31": "23.73680", "2017-09-30": "26.86450", "2017-06-30": "21.40040", "2017-03-31": "25.08180", "2016-12-31": "25.42110", "2016-09-30": "26.49550", "2016-06-30": "31.74780", "2016-03-31": "23.95960", "2015-12-31": "25.47140", "2015-09-30": "25.04120", "2015-06-30": "26.78110", "2015-03-31": "24.92730", "2014-12-31": "25.59160", "2014-09-30": "23.75860", "2014-06-30": "26.29920", "2014-03-31": "22.14600", "2013-12-31": "25.70350", "2013-09-30": "23.99020", "2013-06-30": "21.03040", "2013-03-31": "23.33890", "2012-12-31": "21.32380", "2012-09-30": "24.91360", "2012-06-30": "21.97410", "2012-03-31": "22.04300", "2011-12-31": "23.75850", "2011-09-30": "23.27350", "2011-06-30": "23.28940", "2011-03-31": "21.02670", "2010-12-31": "22.66330", "2010-09-30": "22.47450", "2010-06-30": "21.63490", "2010-03-31": "20.25480", "2009-12-31": "22.46170", "2009-09-30": "23.00050", "2009-06-30": "22.72530", "2009-03-31": "20.55120", "2008-12-31": "21.87760", "2008-09-30": "19.43880", "2008-06-30": "20.78100", "2008-03-31": "22.69260", "2007-12-31": "24.12900", "2007-09-30": "20.67470", "2007-06-30": "25.99530", "2007-03-31": "24.14110", "2006-12-31": "23.68940", "2006-09-30": "21.85640", "2006-06-30": "25.77560", "2006-03-31": "23.86060", "2005-12-31": "23.09780", "2005-09-30": "22.31010", "2005-06-30": "23.94130", "2005-03-31": "23.08790"}, "EBIT Margin": {"2020-09-30": "26.02660", "2020-06-30": "18.70670", "2020-03-31": "21.41050", "2019-12-31": "22.35740", "2019-09-30": "26.98300", "2019-06-30": "20.18200", "2019-03-31": "20.09680", "2018-12-31": "22.83450", "2018-09-30": "26.29570", "2018-06-30": "22.45810", "2018-03-31": "24.25010", "2017-12-31": "23.73680", "2017-09-30": "26.86450", "2017-06-30": "21.40040", "2017-03-31": "25.08180", "2016-12-31": "25.42110", "2016-09-30": "26.49550", "2016-06-30": "31.74780", "2016-03-31": "23.95960", "2015-12-31": "25.47140", "2015-09-30": "25.04120", "2015-06-30": "26.78110", "2015-03-31": "24.92730", "2014-12-31": "25.59160", "2014-09-30": "23.75860", "2014-06-30": "26.29920", "2014-03-31": "22.14600", "2013-12-31": "25.70350", "2013-09-30": "23.99020", "2013-06-30": "21.03040", "2013-03-31": "23.33890", "2012-12-31": "21.32380", "2012-09-30": "24.91360", "2012-06-30": "21.97410", "2012-03-31": "22.04300", "2011-12-31": "23.75850", "2011-09-30": "23.27350", "2011-06-30": "23.28940", "2011-03-31": "21.02670", "2010-12-31": "22.66330", "2010-09-30": "22.47450", "2010-06-30": "21.63490", "2010-03-31": "20.25480", "2009-12-31": "22.46170", "2009-09-30": "23.00050", "2009-06-30": "22.72530", "2009-03-31": "20.55120", "2008-12-31": "21.87760", "2008-09-30": "19.43880", "2008-06-30": "20.78100", "2008-03-31": "22.69260", "2007-12-31": "24.12900", "2007-09-30": "20.67470", "2007-06-30": "25.99540", "2007-03-31": "24.14110", "2006-12-31": "23.68940", "2006-09-30": "21.85640", "2006-06-30": "25.77560", "2006-03-31": "23.86060", "2005-12-31": "23.09780", "2005-09-30": "22.31010", "2005-06-30": "23.94130", "2005-03-31": "23.08790"}, "EBITDA Margin": {"2020-09-30": "", "2020-06-30": "", "2020-03-31": "", "2019-12-31": "", "2019-09-30": "", "2019-06-30": "", "2019-03-31": "", "2018-12-31": "", "2018-09-30": "", "2018-06-30": "", "2018-03-31": "", "2017-12-31": "", "2017-09-30": "", "2017-06-30": "", "2017-03-31": "", "2016-12-31": "", "2016-09-30": "", "2016-06-30": "", "2016-03-31": "", "2015-12-31": "", "2015-09-30": "", "2015-06-30": "", "2015-03-31": "", "2014-12-31": "", "2014-09-30": "", "2014-06-30": "", "2014-03-31": "", "2013-12-31": "", "2013-09-30": "", "2013-06-30": "", "2013-03-31": "", "2012-12-31": "", "2012-09-30": "", "2012-06-30": "", "2012-03-31": "", "2011-12-31": "", "2011-09-30": "", "2011-06-30": "", "2011-03-31": "", "2010-12-31": "", "2010-09-30": "", "2010-06-30": "", "2010-03-31": "", "2009-12-31": "", "2009-09-30": "", "2009-06-30": "", "2009-03-31": "", "2008-12-31": "", "2008-09-30": "", "2008-06-30": "", "2008-03-31": "", "2007-12-31": "", "2007-09-30": "", "2007-06-30": "", "2007-03-31": "", "2006-12-31": "", "2006-09-30": "", "2006-06-30": "", "2006-03-31": "", "2005-12-31": "", "2005-09-30": "", "2005-06-30": "", "2005-03-31": ""}, "Pre-Tax Profit Margin": {"2020-09-30": "26.01570", "2020-06-30": "18.67630", "2020-03-31": "21.41800", "2019-12-31": "22.40270", "2019-09-30": "27.06340", "2019-06-30": "20.12380", "2019-03-31": "20.07870", "2018-12-31": "22.86140", "2018-09-30": "26.33240", "2018-06-30": "22.30080", "2018-03-31": "24.08860", "2017-12-31": "23.70770", "2017-09-30": "26.85280", "2017-06-30": "21.29660", "2017-03-31": "25.01510", "2016-12-31": "25.38550", "2016-09-30": "26.48570", "2016-06-30": "31.63910", "2016-03-31": "23.82990", "2015-12-31": "25.41580", "2015-09-30": "25.00790", "2015-06-30": "26.69990", "2015-03-31": "24.72190", "2014-12-31": "25.49230", "2014-09-30": "23.68930", "2014-06-30": "26.21580", "2014-03-31": "22.08490", "2013-12-31": "25.65570", "2013-09-30": "23.93660", "2013-06-30": "20.09980", "2013-03-31": "23.01890", "2012-12-31": "20.93950", "2012-09-30": "24.48770", "2012-06-30": "21.77220", "2012-03-31": "21.50490", "2011-12-31": "23.23400", "2011-09-30": "22.73920", "2011-06-30": "22.55680", "2011-03-31": "20.34020", "2010-12-31": "21.65150", "2010-09-30": "21.25010", "2010-06-30": "21.15560", "2010-03-31": "20.17270", "2009-12-31": "22.39580", "2009-09-30": "22.97360", "2009-06-30": "22.64770", "2009-03-31": "20.44870", "2008-12-31": "21.67880", "2008-09-30": "19.51310", "2008-06-30": "20.26800", "2008-03-31": "22.52400", "2007-12-31": "24.25140", "2007-09-30": "21.39860", "2007-06-30": "25.98590", "2007-03-31": "24.27070", "2006-12-31": "23.75330", "2006-09-30": "22.74610", "2006-06-30": "25.78110", "2006-03-31": "23.95750", "2005-12-31": "23.29650", "2005-09-30": "22.50570", "2005-06-30": "23.87910", "2005-03-31": "23.13330"}, "Net Profit Margin": {"2020-09-30": "20.18950", "2020-06-30": "14.94260", "2020-03-31": "17.19930", "2019-12-31": "17.20230", "2019-09-30": "20.40390", "2019-06-30": "15.49980", "2019-03-31": "15.57770", "2018-12-31": "17.62710", "2018-09-30": "21.28460", "2018-06-30": "17.93360", "2018-03-31": "18.46980", "2017-12-31": "45.13970", "2017-09-30": "18.50900", "2017-06-30": "14.21330", "2017-03-31": "16.97280", "2016-12-31": "16.87380", "2016-09-30": "18.04030", "2016-06-30": "22.96370", "2016-03-31": "16.17210", "2015-12-31": "17.82910", "2015-09-30": "15.97110", "2015-06-30": "18.14100", "2015-03-31": "16.37410", "2014-12-31": "17.30900", "2014-09-30": "15.28760", "2014-06-30": "16.66650", "2014-03-31": "14.61940", "2013-12-31": "16.74300", "2013-09-30": "15.56220", "2013-06-30": "13.98330", "2013-03-31": "16.33710", "2012-12-31": "14.53390", "2012-09-30": "15.67340", "2012-06-30": "15.70300", "2012-03-31": "14.30220", "2011-12-31": "15.05720", "2011-09-30": "14.68760", "2011-06-30": "14.67330", "2011-03-31": "13.77310", "2010-12-31": "14.85570", "2010-09-30": "13.52980", "2010-06-30": "13.15980", "2010-03-31": "14.67650", "2009-12-31": "14.21650", "2009-09-30": "14.41010", "2009-06-30": "14.49110", "2009-03-31": "13.74770", "2008-12-31": "14.71320", "2008-09-30": "12.29340", "2008-06-30": "13.20610", "2008-03-31": "14.19460", "2007-12-31": "15.19320", "2007-09-30": "13.46040", "2007-06-30": "16.19380", "2007-03-31": "15.61840", "2006-12-31": "16.61520", "2006-09-30": "14.21640", "2006-06-30": "15.78130", "2006-03-31": "16.12430", "2005-12-31": "14.67670", "2005-09-30": "14.17840", "2005-06-30": "15.34810", "2005-03-31": "14.45800"}, "Asset Turnover": {"2020-09-30": "0.19350", "2020-06-30": "0.16910", "2020-03-31": "0.19260", "2019-12-31": "0.19160", "2019-09-30": "0.19680", "2019-06-30": "0.18010", "2019-03-31": "0.18990", "2018-12-31": "0.19590", "2018-09-30": "0.19310", "2018-06-30": "0.18610", "2018-03-31": "0.19630", "2017-12-31": "0.18630", "2017-09-30": "0.20110", "2017-06-30": "0.17860", "2017-03-31": "0.20970", "2016-12-31": "0.20290", "2016-09-30": "0.19920", "2016-06-30": "0.20210", "2016-03-31": "0.19570", "2015-12-31": "0.19480", "2015-09-30": "0.18760", "2015-06-30": "0.18170", "2015-03-31": "0.19140", "2014-12-31": "0.19200", "2014-09-30": "0.18600", "2014-06-30": "0.18750", "2014-03-31": "0.19240", "2013-12-31": "0.18260", "2013-09-30": "0.17200", "2013-06-30": "0.16520", "2013-03-31": "0.18010", "2012-12-31": "0.17760", "2012-09-30": "0.16910", "2012-06-30": "0.15880", "2012-03-31": "0.17750", "2011-12-31": "0.17480", "2011-09-30": "0.16760", "2011-06-30": "0.16550", "2011-03-31": "0.17340", "2010-12-31": "0.17360", "2010-09-30": "0.16590", "2010-06-30": "0.14600", "2010-03-31": "0.20560", "2009-12-31": "0.20330", "2009-09-30": "0.18610", "2009-06-30": "0.18260", "2009-03-31": "0.20670", "2008-12-31": "0.20750", "2008-09-30": "0.20320", "2008-06-30": "0.18480", "2008-03-31": "0.20480", "2007-12-31": "0.21140", "2007-09-30": "0.19390", "2007-06-30": "0.17980", "2007-03-31": "0.20240", "2006-12-31": "0.20140", "2006-09-30": "0.18340", "2006-06-30": "0.17770", "2006-03-31": "0.18910", "2005-12-31": "0.19250", "2005-09-30": "0.18550", "2005-06-30": "0.17370", "2005-03-31": "0.20360"}, "Inventory Turnover Ratio": {"2020-09-30": "", "2020-06-30": "", "2020-03-31": "", "2019-12-31": "", "2019-09-30": "", "2019-06-30": "", "2019-03-31": "", "2018-12-31": "", "2018-09-30": "", "2018-06-30": "", "2018-03-31": "", "2017-12-31": "", "2017-09-30": "", "2017-06-30": "", "2017-03-31": "", "2016-12-31": "", "2016-09-30": "", "2016-06-30": "", "2016-03-31": "", "2015-12-31": "", "2015-09-30": "", "2015-06-30": "", "2015-03-31": "", "2014-12-31": "", "2014-09-30": "", "2014-06-30": "", "2014-03-31": "", "2013-12-31": "", "2013-09-30": "", "2013-06-30": "", "2013-03-31": "", "2012-12-31": "", "2012-09-30": "", "2012-06-30": "", "2012-03-31": "", "2011-12-31": "", "2011-09-30": "", "2011-06-30": "", "2011-03-31": "", "2010-12-31": "", "2010-09-30": "", "2010-06-30": "", "2010-03-31": "", "2009-12-31": "", "2009-09-30": "", "2009-06-30": "", "2009-03-31": "", "2008-12-31": "", "2008-09-30": "", "2008-06-30": "", "2008-03-31": "", "2007-12-31": "", "2007-09-30": "", "2007-06-30": "", "2007-03-31": "", "2006-12-31": "", "2006-09-30": "", "2006-06-30": "", "2006-03-31": "", "2005-12-31": "", "2005-09-30": "", "2005-06-30": "", "2005-03-31": ""}, "Receiveable Turnover": {"2020-09-30": "2.02590", "2020-06-30": "1.27500", "2020-03-31": "1.95970", "2019-12-31": "2.04740", "2019-09-30": "1.86890", "2019-06-30": "1.20010", "2019-03-31": "1.82880", "2018-12-31": "1.98880", "2018-09-30": "1.93650", "2018-06-30": "1.18600", "2018-03-31": "2.05170", "2017-12-31": "1.87550", "2017-09-30": "2.05910", "2017-06-30": "1.14770", "2017-03-31": "2.38880", "2016-12-31": "2.23570", "2016-09-30": "2.27870", "2016-06-30": "1.36140", "2016-03-31": "2.28770", "2015-12-31": "2.21610", "2015-09-30": "2.15200", "2015-06-30": "1.34490", "2015-03-31": "2.25370", "2014-12-31": "2.07530", "2014-09-30": "1.86410", "2014-06-30": "1.35860", "2014-03-31": "2.06590", "2013-12-31": "2.09750", "2013-09-30": "1.78820", "2013-06-30": "1.16390", "2013-03-31": "2.17260", "2012-12-31": "2.10890", "2012-09-30": "1.95610", "2012-06-30": "1.13400", "2012-03-31": "2.03970", "2011-12-31": "1.91700", "2011-09-30": "1.77400", "2011-06-30": "1.10960", "2011-03-31": "1.97360", "2010-12-31": "1.80160", "2010-09-30": "1.68070", "2010-06-30": "1.05780", "2010-03-31": "1.76020", "2009-12-31": "1.72730", "2009-09-30": "1.46290", "2009-06-30": "0.98190", "2009-03-31": "1.72600", "2008-12-31": "1.55060", "2008-09-30": "1.45360", "2008-06-30": "0.88200", "2008-03-31": "1.48940", "2007-12-31": "1.49810", "2007-09-30": "1.32330", "2007-06-30": "0.85880", "2007-03-31": "1.47510", "2006-12-31": "1.47670", "2006-09-30": "1.26810", "2006-06-30": "0.89290", "2006-03-31": "1.45910", "2005-12-31": "1.43340", "2005-09-30": "1.54070", "2005-06-30": "0.67370", "2005-03-31": "1.67920"}, "Days Sales In Receivables": {"2020-09-30": "44.42490", "2020-06-30": "70.58960", "2020-03-31": "45.92640", "2019-12-31": "43.95710", "2019-09-30": "48.15600", "2019-06-30": "74.99380", "2019-03-31": "49.21200", "2018-12-31": "45.25340", "2018-09-30": "46.47530", "2018-06-30": "75.88720", "2018-03-31": "43.86700", "2017-12-31": "47.98630", "2017-09-30": "43.70840", "2017-06-30": "78.41570", "2017-03-31": "37.67630", "2016-12-31": "40.25630", "2016-09-30": "39.49690", "2016-06-30": "66.10980", "2016-03-31": "39.34070", "2015-12-31": "40.61210", "2015-09-30": "41.82250", "2015-06-30": "66.92160", "2015-03-31": "39.93510", "2014-12-31": "43.36620", "2014-09-30": "48.28120", "2014-06-30": "66.24470", "2014-03-31": "43.56520", "2013-12-31": "42.90890", "2013-09-30": "50.33070", "2013-06-30": "77.32310", "2013-03-31": "41.42600", "2012-12-31": "42.67580", "2012-09-30": "46.00880", "2012-06-30": "79.36590", "2012-03-31": "44.12320", "2011-12-31": "46.94840", "2011-09-30": "50.73190", "2011-06-30": "81.10710", "2011-03-31": "45.60200", "2010-12-31": "49.95620", "2010-09-30": "53.54880", "2010-06-30": "85.08020", "2010-03-31": "51.13050", "2009-12-31": "52.10590", "2009-09-30": "61.51980", "2009-06-30": "91.66130", "2009-03-31": "52.14380", "2008-12-31": "58.04260", "2008-09-30": "61.91340", "2008-06-30": "102.04090", "2008-03-31": "60.42840", "2007-12-31": "60.07660", "2007-09-30": "68.01260", "2007-06-30": "104.79280", "2007-03-31": "61.01080", "2006-12-31": "60.94820", "2006-09-30": "70.96980", "2006-06-30": "100.79730", "2006-03-31": "61.68270", "2005-12-31": "62.78580", "2005-09-30": "58.41400", "2005-06-30": "133.59020", "2005-03-31": "53.59600"}, "ROE - Return On Equity": {"2020-09-30": "5.90870", "2020-06-30": "3.95850", "2020-03-31": "4.87860", "2019-12-31": "4.84940", "2019-09-30": "6.05220", "2019-06-30": "4.26820", "2019-03-31": "4.15510", "2018-12-31": "4.89160", "2018-09-30": "6.10500", "2018-06-30": "5.12800", "2018-03-31": "5.64850", "2017-12-31": "13.73450", "2017-09-30": "6.44340", "2017-06-30": "4.69540", "2017-03-31": "5.93250", "2016-12-31": "6.05450", "2016-09-30": "6.39980", "2016-06-30": "8.45910", "2016-03-31": "5.67870", "2015-12-31": "6.50410", "2015-09-30": "5.38270", "2015-06-30": "6.10560", "2015-03-31": "5.30120", "2014-12-31": "5.84360", "2014-09-30": "4.93200", "2014-06-30": "5.42980", "2014-03-31": "3.82270", "2013-12-31": "4.22200", "2013-09-30": "3.91220", "2013-06-30": "3.80320", "2013-03-31": "4.25950", "2012-12-31": "3.87030", "2012-09-30": "4.18050", "2012-06-30": "4.10790", "2012-03-31": "3.74510", "2011-12-31": "4.07910", "2011-09-30": "4.01190", "2011-06-30": "4.15720", "2011-03-31": "3.89410", "2010-12-31": "4.40030", "2010-09-30": "4.08810", "2010-06-30": "3.99590", "2010-03-31": "4.37200", "2009-12-31": "4.37740", "2009-09-30": "4.00060", "2009-06-30": "4.43830", "2009-03-31": "4.11100", "2008-12-31": "4.72750", "2008-09-30": "3.82870", "2008-06-30": "4.20580", "2008-03-31": "4.40200", "2007-12-31": "4.66990", "2007-09-30": "3.85380", "2007-06-30": "5.02440", "2007-03-31": "4.45580", "2006-12-31": "4.80040", "2006-09-30": "3.71890", "2006-06-30": "4.58010", "2006-03-31": "4.04550", "2005-12-31": "3.95280", "2005-09-30": "3.65820", "2005-06-30": "4.19720", "2005-03-31": "3.86360"}, "Return On Tangible Equity": {"2020-09-30": "23.44460", "2020-06-30": "15.41860", "2020-03-31": "20.47630", "2019-12-31": "22.14310", "2019-09-30": "28.06830", "2019-06-30": "19.61610", "2019-03-31": "19.08450", "2018-12-31": "24.47830", "2018-09-30": "30.18060", "2018-06-30": "29.33510", "2018-03-31": "51.32990", "2017-12-31": "192.66940", "2017-09-30": "68.46880", "2017-06-30": "45.95750", "2017-03-31": "70.34370", "2016-12-31": "124.46360", "2016-09-30": "114.96250", "2016-06-30": "103.46110", "2016-03-31": "452.83920", "2015-12-31": "-379.39150", "2015-09-30": "142.53670", "2015-06-30": "64.82740", "2015-03-31": "77.01830", "2014-12-31": "139.59100", "2014-09-30": "86.26340", "2014-06-30": "57.10690", "2014-03-31": "17.29510", "2013-12-31": "15.58010", "2013-09-30": "15.70720", "2013-06-30": "19.97970", "2013-03-31": "17.86680", "2012-12-31": "17.99010", "2012-09-30": "21.82150", "2012-06-30": "25.11220", "2012-03-31": "23.60700", "2011-12-31": "32.28360", "2011-09-30": "45.87190", "2011-06-30": "80.04820", "2011-03-31": "326.14600", "2010-12-31": "-143.39370", "2010-09-30": "-41.28950", "2010-06-30": "-28.30340", "2010-03-31": "18.98710", "2009-12-31": "24.02250", "2009-09-30": "11.73820", "2009-06-30": "14.48400", "2009-03-31": "14.76700", "2008-12-31": "17.90600", "2008-09-30": "14.74040", "2008-06-30": "14.94000", "2008-03-31": "15.11650", "2007-12-31": "14.47660", "2007-09-30": "10.58460", "2007-06-30": "13.35850", "2007-03-31": "12.02100", "2006-12-31": "13.17840", "2006-09-30": "8.62240", "2006-06-30": "10.46840", "2006-03-31": "9.08860", "2005-12-31": "9.48250", "2005-09-30": "8.22460", "2005-06-30": "9.70030", "2005-03-31": "9.06420"}, "ROA - Return On Assets": {"2020-09-30": "3.90630", "2020-06-30": "2.52610", "2020-03-31": "3.31270", "2019-12-31": "3.29600", "2019-09-30": "4.01490", "2019-06-30": "2.79170", "2019-03-31": "2.95830", "2018-12-31": "3.45320", "2018-09-30": "4.10950", "2018-06-30": "3.33660", "2018-03-31": "3.62590", "2017-12-31": "8.41090", "2017-09-30": "3.72260", "2017-06-30": "2.53850", "2017-03-31": "3.55930", "2016-12-31": "3.42320", "2016-09-30": "3.59320", "2016-06-30": "4.64170", "2016-03-31": "3.16470", "2015-12-31": "3.47290", "2015-09-30": "2.99650", "2015-06-30": "3.29580", "2015-03-31": "3.13400", "2014-12-31": "3.32410", "2014-09-30": "2.84350", "2014-06-30": "3.12530", "2014-03-31": "2.81330", "2013-12-31": "3.05670", "2013-09-30": "2.67600", "2013-06-30": "2.31010", "2013-03-31": "2.94200", "2012-12-31": "2.58070", "2012-09-30": "2.65020", "2012-06-30": "2.49360", "2012-03-31": "2.53850", "2011-12-31": "2.63220", "2011-09-30": "2.46160", "2011-06-30": "2.42890", "2011-03-31": "2.38890", "2010-12-31": "2.57900", "2010-09-30": "2.24450", "2010-06-30": "1.92140", "2010-03-31": "3.01790", "2009-12-31": "2.89090", "2009-09-30": "2.68200", "2009-06-30": "2.64640", "2009-03-31": "2.84190", "2008-12-31": "3.05330", "2008-09-30": "2.49850", "2008-06-30": "2.47750", "2008-03-31": "2.92680", "2007-12-31": "3.24190", "2007-09-30": "2.63490", "2007-06-30": "3.00840", "2007-03-31": "3.16060", "2006-12-31": "3.34670", "2006-09-30": "2.60770", "2006-06-30": "2.90760", "2006-03-31": "3.04920", "2005-12-31": "2.82500", "2005-09-30": "2.63060", "2005-06-30": "2.66610", "2005-03-31": "2.94330"}, "ROI - Return On Investment": {"2020-09-30": "5.90810", "2020-06-30": "3.95800", "2020-03-31": "4.70710", "2019-12-31": "4.84940", "2019-09-30": "6.05220", "2019-06-30": "4.26820", "2019-03-31": "4.15510", "2018-12-31": "4.89160", "2018-09-30": "6.10500", "2018-06-30": "5.12800", "2018-03-31": "5.20190", "2017-12-31": "12.65640", "2017-09-30": "6.44340", "2017-06-30": "4.47840", "2017-03-31": "5.65330", "2016-12-31": "5.75810", "2016-09-30": "6.39980", "2016-06-30": "8.45910", "2016-03-31": "5.13730", "2015-12-31": "5.86170", "2015-09-30": "5.38270", "2015-06-30": "5.81190", "2015-03-31": "4.93880", "2014-12-31": "5.83780", "2014-09-30": "4.92650", "2014-06-30": "5.40890", "2014-03-31": "3.81040", "2013-12-31": "4.20120", "2013-09-30": "3.88910", "2013-06-30": "3.77590", "2013-03-31": "3.91490", "2012-12-31": "3.53600", "2012-09-30": "3.80180", "2012-06-30": "3.70750", "2012-03-31": "3.35910", "2011-12-31": "3.62570", "2011-09-30": "3.52990", "2011-06-30": "3.62940", "2011-03-31": "3.07990", "2010-12-31": "3.43600", "2010-09-30": "3.13760", "2010-06-30": "2.93070", "2010-03-31": "4.37200", "2009-12-31": "4.37740", "2009-09-30": "4.00060", "2009-06-30": "4.43830", "2009-03-31": "4.11100", "2008-12-31": "4.72750", "2008-09-30": "3.82870", "2008-06-30": "4.20580", "2008-03-31": "4.40200", "2007-12-31": "4.66990", "2007-09-30": "3.85380", "2007-06-30": "5.02440", "2007-03-31": "4.45580", "2006-12-31": "4.80040", "2006-09-30": "3.71890", "2006-06-30": "4.58010", "2006-03-31": "4.04550", "2005-12-31": "3.95280", "2005-09-30": "3.65820", "2005-06-30": "4.19720", "2005-03-31": "3.86360"}, "Book Value Per Share": {"2020-09-30": "20.23160", "2020-06-30": "20.22300", "2020-03-31": "19.76140", "2019-12-31": "19.38040", "2019-09-30": "19.19540", "2019-06-30": "18.56150", "2019-03-31": "18.47230", "2018-12-31": "18.03730", "2018-09-30": "17.70660", "2018-06-30": "17.14170", "2018-03-31": "15.82520", "2017-12-31": "15.19620", "2017-09-30": "13.43870", "2017-06-30": "13.33000", "2017-03-31": "13.03530", "2016-12-31": "12.51430", "2016-09-30": "12.45380", "2016-06-30": "12.65910", "2016-03-31": "12.02970", "2015-12-31": "11.57150", "2015-09-30": "11.93870", "2015-06-30": "12.26340", "2015-03-31": "11.81510", "2014-12-31": "11.39150", "2014-09-30": "11.42830", "2014-06-30": "11.70680", "2014-03-31": "13.18280", "2013-12-31": "13.37890", "2013-09-30": "12.91010", "2013-06-30": "11.91710", "2013-03-31": "12.54240", "2012-12-31": "12.15100", "2012-09-30": "11.79400", "2012-06-30": "11.42690", "2012-03-31": "11.25900", "2011-12-31": "10.89780", "2011-09-30": "10.51240", "2011-06-30": "10.18730", "2011-03-31": "9.84280", "2010-12-31": "9.51490", "2010-09-30": "9.08320", "2010-06-30": "8.78640", "2010-03-31": "8.49200", "2009-12-31": "8.10880", "2009-09-30": "7.79930", "2009-06-30": "7.49280", "2009-03-31": "7.22440", "2008-12-31": "7.05130", "2008-09-30": "6.91840", "2008-06-30": "6.96120", "2008-03-31": "6.96530", "2007-12-31": "7.07030", "2007-09-30": "6.89720", "2007-06-30": "6.71550", "2007-03-31": "6.60320", "2006-12-31": "6.45290", "2006-09-30": "6.36350", "2006-06-30": "6.30780", "2006-03-31": "6.27070", "2005-12-31": "5.98530", "2005-09-30": "5.80230", "2005-06-30": "5.65210", "2005-03-31": "5.50340"}, "Operating Cash Flow Per Share": {"2020-09-30": "1.49230", "2020-06-30": 3.0403, "2020-03-31": 0.801, "2019-12-31": 1.198, "2019-09-30": "1.59670", "2019-06-30": 2.5543, "2019-03-31": 0.5387, "2018-12-31": 0.5885, "2018-09-30": "1.89240", "2018-06-30": 2.2833, "2018-03-31": 0.748, "2017-12-31": 0.4942, "2017-09-30": "1.78660", "2017-06-30": 2.0143, "2017-03-31": 0.4558, "2016-12-31": 0.4044, "2016-09-30": "1.69160", "2016-06-30": 1.9762, "2016-03-31": 0.7731, "2015-12-31": 0.2756, "2015-09-30": "1.57070", "2015-06-30": 2.3304, "2015-03-31": 0.6958, "2014-12-31": 0.4266, "2014-09-30": "1.12790", "2014-06-30": 2.112, "2014-03-31": 0.3617, "2013-12-31": 0.3893, "2013-09-30": "1.13790", "2013-06-30": 1.8114, "2013-03-31": 0.3825, "2012-12-31": 0.1995, "2012-09-30": "1.17600", "2012-06-30": 1.6835, "2012-03-31": 0.2455, "2011-12-31": 0.2013, "2011-09-30": "0.90050", "2011-06-30": 1.446, "2011-03-31": 0.3321, "2010-12-31": 0.1172, "2010-09-30": "0.87480", "2010-06-30": 1.4871, "2010-03-31": 0.1842, "2009-12-31": 0.1161, "2009-09-30": "0.77400", "2009-06-30": 1.3429, "2009-03-31": 0.2013, "2008-12-31": 0.2082, "2008-09-30": "0.68290", "2008-06-30": 0.9215, "2008-03-31": 0.1788, "2007-12-31": 0.1565, "2007-09-30": "0.76100", "2007-06-30": 0.8969, "2007-03-31": 0.0633, "2006-12-31": 0.2714, "2006-09-30": "0.66170", "2006-06-30": 0.6054, "2006-03-31": 0.0561, "2005-12-31": -0.0029, "2005-09-30": "1.14800", "2005-06-30": 0.0391, "2005-03-31": 1.1252}, "Free Cash Flow Per Share": {"2020-09-30": "1.43390", "2020-06-30": 2.4703, "2020-03-31": -0.3089, "2019-12-31": 0.9725, "2019-09-30": "1.42670", "2019-06-30": 2.0279, "2019-03-31": -0.6378, "2018-12-31": 0.4727, "2018-09-30": "1.58330", "2018-06-30": 0.7513, "2018-03-31": 0.6763, "2017-12-31": 0.3853, "2017-09-30": "1.74020", "2017-06-30": 1.8397, "2017-03-31": 0.3188, "2016-12-31": 0.5421, "2016-09-30": "1.34190", "2016-06-30": 2.7601, "2016-03-31": 0.2794, "2015-12-31": -0.2409, "2015-09-30": "1.12620", "2015-06-30": 1.7604, "2015-03-31": 0.3448, "2014-12-31": 0.2184, "2014-09-30": "0.65050", "2014-06-30": 1.868, "2014-03-31": 0.139, "2013-12-31": 0.0483, "2013-09-30": "0.91980", "2013-06-30": 1.4502, "2013-03-31": 0.1139, "2012-12-31": -0.0799, "2012-09-30": "0.96460", "2012-06-30": 1.3732, "2012-03-31": 0.0448, "2011-12-31": 0.0439, "2011-09-30": "0.69200", "2011-06-30": 1.265, "2011-03-31": 0.1508, "2010-12-31": -0.0138, "2010-09-30": "0.68700", "2010-06-30": 1.2111, "2010-03-31": -0.0109, "2009-12-31": -0.1349, "2009-09-30": "0.57010", "2009-06-30": 1.1532, "2009-03-31": 0.0457, "2008-12-31": 0.0096, "2008-09-30": "0.56430", "2008-06-30": 0.8193, "2008-03-31": 0.0301, "2007-12-31": -0.0347, "2007-09-30": "0.61510", "2007-06-30": 0.7001, "2007-03-31": -0.0592, "2006-12-31": 0.1327, "2006-09-30": "0.52300", "2006-06-30": 0.4626, "2006-03-31": -0.122, "2005-12-31": -0.1642, "2005-09-30": "1.02010", "2005-06-30": -0.2621, "2005-03-31": 0.7197}}, "revenue": {"Jack Henry & Associates Annual Revenue (Millions of US $)": {"2020": "$1,697", "2019": "$1,553", "2018": "$1,471", "2017": "$1,388", "2016": "$1,355", "2015": "$1,256", "2014": "$1,173", "2013": "$1,108", "2012": "$1,018", "2011": "$967", "2010": "$837", "2009": "$746", "2008": "$743", "2007": "$666", "2006": "$591", "2005": "$536"}, "Jack Henry & Associates Quarterly Revenue (Millions of US $)": {"2020-09-30": "$452", "2020-06-30": "$411", "2020-03-31": "$429", "2019-12-31": "$419", "2019-09-30": "$438", "2019-06-30": "$394", "2019-03-31": "$380", "2018-12-31": "$386", "2018-09-30": "$393", "2018-06-30": "$378", "2018-03-31": "$374", "2017-12-31": "$357", "2017-09-30": "$361", "2017-06-30": "$341", "2017-03-31": "$354", "2016-12-31": "$349", "2016-09-30": "$345", "2016-06-30": "$367", "2016-03-31": "$333", "2015-12-31": "$333", "2015-09-30": "$322", "2015-06-30": "$334", "2015-03-31": "$310", "2014-12-31": "$311", "2014-09-30": "$301", "2014-06-30": "$315", "2014-03-31": "$291", "2013-12-31": "$289", "2013-09-30": "$278", "2013-06-30": "$276", "2013-03-31": "$282", "2012-12-31": "$279", "2012-09-30": "$271", "2012-06-30": "$257", "2012-03-31": "$256", "2011-12-31": "$256", "2011-09-30": "$248", "2011-06-30": "$249", "2011-03-31": "$240", "2010-12-31": "$243", "2010-09-30": "$235", "2010-06-30": "$228", "2010-03-31": "$216", "2009-12-31": "$211", "2009-09-30": "$182", "2009-06-30": "$192", "2009-03-31": "$180", "2008-12-31": "$190", "2008-09-30": "$183", "2008-06-30": "$189", "2008-03-31": "$187", "2007-12-31": "$192", "2007-09-30": "$175", "2007-06-30": "$180", "2007-03-31": "$169", "2006-12-31": "$167", "2006-09-30": "$151", "2006-06-30": "$161", "2006-03-31": "$145", "2005-12-31": "$147", "2005-09-30": "$137", "2005-06-30": "$141", "2005-03-31": "$134"}}, "gross-profit": {"Jack Henry & Associates Annual Gross Profit (Millions of US $)": {"2020": "$689", "2019": "$630", "2018": "$618", "2017": "$582", "2016": "$581", "2015": "$536", "2014": "$494", "2013": "$461", "2012": "$419", "2011": "$399", "2010": "$345", "2009": "$299", "2008": "$307", "2007": "$287", "2006": "$257", "2005": "$222"}, "Jack Henry & Associates Quarterly Gross Profit (Millions of US $)": {"2020-09-30": "$189", "2020-06-30": "$156", "2020-03-31": "$171", "2019-12-31": "$170", "2019-09-30": "$192", "2019-06-30": "$153", "2019-03-31": "$145", "2018-12-31": "$159", "2018-09-30": "$172", "2018-06-30": "$155", "2018-03-31": "$156", "2017-12-31": "$150", "2017-09-30": "$157", "2017-06-30": "$135", "2017-03-31": "$147", "2016-12-31": "$150", "2016-09-30": "$150", "2016-06-30": "$162", "2016-03-31": "$139", "2015-12-31": "$142", "2015-09-30": "$138", "2015-06-30": "$146", "2015-03-31": "$132", "2014-12-31": "$131", "2014-09-30": "$127", "2014-06-30": "$136", "2014-03-31": "$117", "2013-12-31": "$123", "2013-09-30": "$117", "2013-06-30": "$109", "2013-03-31": "$115", "2012-12-31": "$122", "2012-09-30": "$116", "2012-06-30": "$104", "2012-03-31": "$103", "2011-12-31": "$107", "2011-09-30": "$104", "2011-06-30": "$104", "2011-03-31": "$95", "2010-12-31": "$103", "2010-09-30": "$97", "2010-06-30": "$95", "2010-03-31": "$87", "2009-12-31": "$89", "2009-09-30": "$74", "2009-06-30": "$79", "2009-03-31": "$70", "2008-12-31": "$77", "2008-09-30": "$73", "2008-06-30": "$76", "2008-03-31": "$77", "2007-12-31": "$85", "2007-09-30": "$70", "2007-06-30": "$79", "2007-03-31": "$72", "2006-12-31": "$73", "2006-09-30": "$63", "2006-06-30": "$71", "2006-03-31": "$64", "2005-12-31": "$65", "2005-09-30": "$57", "2005-06-30": "$60", "2005-03-31": "$57"}}, "operating-income": {"Jack Henry & Associates Annual Operating Income (Millions of US $)": {"2020": "$381", "2019": "$347", "2018": "$358", "2017": "$342", "2016": "$362", "2015": "$318", "2014": "$288", "2013": "$251", "2012": "$232", "2011": "$216", "2010": "$182", "2009": "$158", "2008": "$164", "2007": "$160", "2006": "$141", "2005": "$119"}, "Jack Henry & Associates Quarterly Operating Income (Millions of US $)": {"2020-09-30": "$118", "2020-06-30": "$77", "2020-03-31": "$92", "2019-12-31": "$94", "2019-09-30": "$118", "2019-06-30": "$79", "2019-03-31": "$76", "2018-12-31": "$88", "2018-09-30": "$103", "2018-06-30": "$85", "2018-03-31": "$91", "2017-12-31": "$85", "2017-09-30": "$97", "2017-06-30": "$73", "2017-03-31": "$89", "2016-12-31": "$89", "2016-09-30": "$91", "2016-06-30": "$117", "2016-03-31": "$80", "2015-12-31": "$85", "2015-09-30": "$81", "2015-06-30": "$89", "2015-03-31": "$77", "2014-12-31": "$80", "2014-09-30": "$72", "2014-06-30": "$83", "2014-03-31": "$65", "2013-12-31": "$74", "2013-09-30": "$67", "2013-06-30": "$58", "2013-03-31": "$66", "2012-12-31": "$59", "2012-09-30": "$68", "2012-06-30": "$57", "2012-03-31": "$56", "2011-12-31": "$61", "2011-09-30": "$58", "2011-06-30": "$58", "2011-03-31": "$51", "2010-12-31": "$55", "2010-09-30": "$53", "2010-06-30": "$49", "2010-03-31": "$44", "2009-12-31": "$47", "2009-09-30": "$42", "2009-06-30": "$44", "2009-03-31": "$37", "2008-12-31": "$42", "2008-09-30": "$36", "2008-06-30": "$39", "2008-03-31": "$43", "2007-12-31": "$46", "2007-09-30": "$36", "2007-06-30": "$47", "2007-03-31": "$41", "2006-12-31": "$40", "2006-09-30": "$33", "2006-06-30": "$41", "2006-03-31": "$35", "2005-12-31": "$34", "2005-09-30": "$31", "2005-06-30": "$34", "2005-03-31": "$31"}}, "ebitda": {"Jack Henry & Associates Annual EBITDA (Millions of US $)": {"2020": "$552", "2019": "$508", "2018": "$509", "2017": "$482", "2016": "$491", "2015": "$437", "2014": "$396", "2013": "$351", "2012": "$326", "2011": "$307", "2010": "$254", "2009": "$222", "2008": "$226", "2007": "$211", "2006": "$185", "2005": "$158"}, "Jack Henry & Associates Quarterly EBITDA (Millions of US $)": {"2020-09-30": "$161", "2020-06-30": "$121", "2020-03-31": "$136", "2019-12-31": "$136", "2019-09-30": "$160", "2019-06-30": "$121", "2019-03-31": "$117", "2018-12-31": "$128", "2018-09-30": "$142", "2018-06-30": "$125", "2018-03-31": "$130", "2017-12-31": "$122", "2017-09-30": "$133", "2017-06-30": "$108", "2017-03-31": "$124", "2016-12-31": "$124", "2016-09-30": "$126", "2016-06-30": "$151", "2016-03-31": "$112", "2015-12-31": "$117", "2015-09-30": "$112", "2015-06-30": "$119", "2015-03-31": "$107", "2014-12-31": "$110", "2014-09-30": "$101", "2014-06-30": "$111", "2014-03-31": "$92", "2013-12-31": "$101", "2013-09-30": "$92", "2013-06-30": "$84", "2013-03-31": "$92", "2012-12-31": "$84", "2012-09-30": "$92", "2012-06-30": "$81", "2012-03-31": "$80", "2011-12-31": "$85", "2011-09-30": "$81", "2011-06-30": "$81", "2011-03-31": "$73", "2010-12-31": "$78", "2010-09-30": "$75", "2010-06-30": "$69", "2010-03-31": "$62", "2009-12-31": "$65", "2009-09-30": "$58", "2009-06-30": "$59", "2009-03-31": "$53", "2008-12-31": "$58", "2008-09-30": "$51", "2008-06-30": "$55", "2008-03-31": "$59", "2007-12-31": "$62", "2007-09-30": "$51", "2007-06-30": "$60", "2007-03-31": "$54", "2006-12-31": "$52", "2006-09-30": "$45", "2006-06-30": "$53", "2006-03-31": "$46", "2005-12-31": "$45", "2005-09-30": "$41", "2005-06-30": "$44", "2005-03-31": "$41"}}, "net-income": {"Jack Henry & Associates Annual Net Income (Millions of US $)": {"2020": "$297", "2019": "$272", "2018": "$365", "2017": "$230", "2016": "$249", "2015": "$211", "2014": "$187", "2013": "$168", "2012": "$152", "2011": "$137", "2010": "$118", "2009": "$103", "2008": "$104", "2007": "$105", "2006": "$90", "2005": "$76"}, "Jack Henry & Associates Quarterly Net Income (Millions of US $)": {"2020-09-30": "$91", "2020-06-30": "$61", "2020-03-31": "$74", "2019-12-31": "$72", "2019-09-30": "$89", "2019-06-30": "$61", "2019-03-31": "$59", "2018-12-31": "$68", "2018-09-30": "$84", "2018-06-30": "$68", "2018-03-31": "$69", "2017-12-31": "$161", "2017-09-30": "$67", "2017-06-30": "$48", "2017-03-31": "$60", "2016-12-31": "$59", "2016-09-30": "$62", "2016-06-30": "$84", "2016-03-31": "$54", "2015-12-31": "$59", "2015-09-30": "$51", "2015-06-30": "$61", "2015-03-31": "$51", "2014-12-31": "$54", "2014-09-30": "$46", "2014-06-30": "$53", "2014-03-31": "$43", "2013-12-31": "$48", "2013-09-30": "$43", "2013-06-30": "$39", "2013-03-31": "$46", "2012-12-31": "$41", "2012-09-30": "$42", "2012-06-30": "$40", "2012-03-31": "$37", "2011-12-31": "$39", "2011-09-30": "$36", "2011-06-30": "$37", "2011-03-31": "$33", "2010-12-31": "$36", "2010-09-30": "$32", "2010-06-30": "$30", "2010-03-31": "$32", "2009-12-31": "$30", "2009-09-30": "$26", "2009-06-30": "$28", "2009-03-31": "$25", "2008-12-31": "$28", "2008-09-30": "$23", "2008-06-30": "$25", "2008-03-31": "$27", "2007-12-31": "$29", "2007-09-30": "$24", "2007-06-30": "$29", "2007-03-31": "$26", "2006-12-31": "$28", "2006-09-30": "$21", "2006-06-30": "$25", "2006-03-31": "$23", "2005-12-31": "$22", "2005-09-30": "$19", "2005-06-30": "$22", "2005-03-31": "$19"}}, "eps-earnings-per-share-diluted": {"Jack Henry & Associates Annual EPS": {"2020": "$3.86", "2019": "$3.52", "2018": "$4.70", "2017": "$2.93", "2016": "$3.12", "2015": "$2.59", "2014": "$2.19", "2013": "$1.94", "2012": "$1.74", "2011": "$1.59", "2010": "$1.38", "2009": "$1.22", "2008": "$1.16", "2007": "$1.14", "2006": "$0.96", "2005": "$0.81"}, "Jack Henry & Associates Quarterly EPS": {"2020-09-30": "$1.19", "2020-06-30": "$0.80", "2020-03-31": "$0.96", "2019-12-31": "$0.94", "2019-09-30": "$1.16", "2019-06-30": "$0.79", "2019-03-31": "$0.77", "2018-12-31": "$0.88", "2018-09-30": "$1.08", "2018-06-30": "$0.87", "2018-03-31": "$0.89", "2017-12-31": "$2.08", "2017-09-30": "$0.86", "2017-06-30": "$0.62", "2017-03-31": "$0.77", "2016-12-31": "$0.75", "2016-09-30": "$0.79", "2016-06-30": "$1.06", "2016-03-31": "$0.68", "2015-12-31": "$0.74", "2015-09-30": "$0.64", "2015-06-30": "$0.74", "2015-03-31": "$0.63", "2014-12-31": "$0.66", "2014-09-30": "$0.56", "2014-06-30": "$0.63", "2014-03-31": "$0.50", "2013-12-31": "$0.56", "2013-09-30": "$0.50", "2013-06-30": "$0.45", "2013-03-31": "$0.53", "2012-12-31": "$0.47", "2012-09-30": "$0.49", "2012-06-30": "$0.46", "2012-03-31": "$0.42", "2011-12-31": "$0.44", "2011-09-30": "$0.42", "2011-06-30": "$0.42", "2011-03-31": "$0.38", "2010-12-31": "$0.42", "2010-09-30": "$0.37", "2010-06-30": "$0.35", "2010-03-31": "$0.37", "2009-12-31": "$0.35", "2009-09-30": "$0.31", "2009-06-30": "$0.33", "2009-03-31": "$0.30", "2008-12-31": "$0.33", "2008-09-30": "$0.26", "2008-06-30": "$0.28", "2008-03-31": "$0.30", "2007-12-31": "$0.32", "2007-09-30": "$0.26", "2007-06-30": "$0.32", "2007-03-31": "$0.29", "2006-12-31": "$0.30", "2006-09-30": "$0.23", "2006-06-30": "$0.27", "2006-03-31": "$0.25", "2005-12-31": "$0.23", "2005-09-30": "$0.21", "2005-06-30": "$0.23", "2005-03-31": "$0.21"}}, "shares-outstanding": {"Jack Henry & Associates Annual Shares Outstanding (Millions of Shares)": {"2020": "77", "2019": "77", "2018": "78", "2017": "78", "2016": "80", "2015": "82", "2014": "85", "2013": "87", "2012": "87", "2011": "87", "2010": "85", "2009": "85", "2008": "90", "2007": "92", "2006": "94", "2005": "93"}, "Jack Henry & Associates Quarterly Shares Outstanding (Millions of Shares)": {"2020-09-30": "77", "2020-06-30": "77", "2020-03-31": "77", "2019-12-31": "77", "2019-09-30": "77", "2019-06-30": "77", "2019-03-31": "77", "2018-12-31": "77", "2018-09-30": "78", "2018-06-30": "78", "2018-03-31": "78", "2017-12-31": "78", "2017-09-30": "78", "2017-06-30": "78", "2017-03-31": "78", "2016-12-31": "78", "2016-09-30": "79", "2016-06-30": "80", "2016-03-31": "79", "2015-12-31": "80", "2015-09-30": "81", "2015-06-30": "82", "2015-03-31": "81", "2014-12-31": "82", "2014-09-30": "83", "2014-06-30": "85", "2014-03-31": "85", "2013-12-31": "86", "2013-09-30": "86", "2013-06-30": "87", "2013-03-31": "87", "2012-12-31": "87", "2012-09-30": "87", "2012-06-30": "87", "2012-03-31": "88", "2011-12-31": "87", "2011-09-30": "87", "2011-06-30": "87", "2011-03-31": "87", "2010-12-31": "87", "2010-09-30": "86", "2010-06-30": "85", "2010-03-31": "85", "2009-12-31": "85", "2009-09-30": "85", "2009-06-30": "85", "2009-03-31": "83", "2008-12-31": "85", "2008-09-30": "87", "2008-06-30": "90", "2008-03-31": "89", "2007-12-31": "91", "2007-09-30": "91", "2007-06-30": "92", "2007-03-31": "92", "2006-12-31": "92", "2006-09-30": "93", "2006-06-30": "94", "2006-03-31": "94", "2005-12-31": "94", "2005-09-30": "94", "2005-06-30": "93", "2005-03-31": "93"}}, "total-assets": {"Jack Henry & Associates Annual Total Assets (Millions of US $)": {"2020": "$2,428", "2019": "$2,185", "2018": "$2,033", "2017": "$1,909", "2016": "$1,816", "2015": "$1,837", "2014": "$1,681", "2013": "$1,672", "2012": "$1,619", "2011": "$1,506", "2010": "$1,561", "2009": "$1,051", "2008": "$1,021", "2007": "$999", "2006": "$906", "2005": "$814"}, "Jack Henry & Associates Quarterly Total Assets (Millions of US $)": {"2020-09-30": "$2,335", "2020-06-30": "$2,428", "2020-03-31": "$2,229", "2019-12-31": "$2,187", "2019-09-30": "$2,226", "2019-06-30": "$2,185", "2019-03-31": "$2,003", "2018-12-31": "$1,972", "2018-09-30": "$2,033", "2018-06-30": "$2,033", "2018-03-31": "$1,905", "2017-12-31": "$1,917", "2017-09-30": "$1,796", "2017-06-30": "$1,909", "2017-03-31": "$1,687", "2016-12-31": "$1,718", "2016-09-30": "$1,732", "2016-06-30": "$1,816", "2016-03-31": "$1,703", "2015-12-31": "$1,709", "2015-09-30": "$1,714", "2015-06-30": "$1,837", "2015-03-31": "$1,618", "2014-12-31": "$1,621", "2014-09-30": "$1,621", "2014-06-30": "$1,681", "2014-03-31": "$1,514", "2013-12-31": "$1,582", "2013-09-30": "$1,615", "2013-06-30": "$1,672", "2013-03-31": "$1,563", "2012-12-31": "$1,570", "2012-09-30": "$1,603", "2012-06-30": "$1,619", "2012-03-31": "$1,444", "2011-12-31": "$1,464", "2011-09-30": "$1,482", "2011-06-30": "$1,506", "2011-03-31": "$1,385", "2010-12-31": "$1,398", "2010-09-30": "$1,416", "2010-06-30": "$1,561", "2010-03-31": "$1,048", "2009-12-31": "$1,037", "2009-09-30": "$980", "2009-06-30": "$1,051", "2009-03-31": "$873", "2008-12-31": "$917", "2008-09-30": "$901", "2008-06-30": "$1,021", "2008-03-31": "$916", "2007-12-31": "$908", "2007-09-30": "$902", "2007-06-30": "$999", "2007-03-31": "$835", "2006-12-31": "$830", "2006-09-30": "$821", "2006-06-30": "$906", "2006-03-31": "$769", "2005-12-31": "$766", "2005-09-30": "$738", "2005-06-30": "$814", "2005-03-31": "$660"}}, "cash-on-hand": {"Jack Henry & Associates Annual Cash on Hand (Millions of US $)": {"2020": "$213", "2019": "$94", "2018": "$31", "2017": "$115", "2016": "$70", "2015": "$148", "2014": "$70", "2013": "$128", "2012": "$157", "2011": "$64", "2010": "$127", "2009": "$119", "2008": "$67", "2007": "$90", "2006": "$76", "2005": "$13"}, "Jack Henry & Associates Quarterly Cash on Hand (Millions of US $)": {"2020-09-30": "$195", "2020-06-30": "$213", "2020-03-31": "$110", "2019-12-31": "$73", "2019-09-30": "$97", "2019-06-30": "$94", "2019-03-31": "$35", "2018-12-31": "$26", "2018-09-30": "$115", "2018-06-30": "$31", "2018-03-31": "$57", "2017-12-31": "$58", "2017-09-30": "$104", "2017-06-30": "$115", "2017-03-31": "$43", "2016-12-31": "$64", "2016-09-30": "$85", "2016-06-30": "$70", "2016-03-31": "$54", "2015-12-31": "$55", "2015-09-30": "$84", "2015-06-30": "$148", "2015-03-31": "$53", "2014-12-31": "$49", "2014-09-30": "$39", "2014-06-30": "$70", "2014-03-31": "$52", "2013-12-31": "$156", "2013-09-30": "$182", "2013-06-30": "$128", "2013-03-31": "$182", "2012-12-31": "$193", "2012-09-30": "$224", "2012-06-30": "$157", "2012-03-31": "$90", "2011-12-31": "$96", "2011-09-30": "$109", "2011-06-30": "$64", "2011-03-31": "$55", "2010-12-31": "$48", "2010-09-30": "$48", "2010-06-30": "$127", "2010-03-31": "$37", "2009-12-31": "$26", "2009-09-30": "$109", "2009-06-30": "$119", "2009-03-31": "$27", "2008-12-31": "$42", "2008-09-30": "$26", "2008-06-30": "$67", "2008-03-31": "$42", "2007-12-31": "$29", "2007-09-30": "$56", "2007-06-30": "$90", "2007-03-31": "$29", "2006-12-31": "$29", "2006-09-30": "$52", "2006-06-30": "$76", "2006-03-31": "$41", "2005-12-31": "$41", "2005-09-30": "$57", "2005-06-30": "$13", "2005-03-31": "$17"}}, "long-term-debt": {"Jack Henry & Associates Annual Long Term Debt (Millions of US $)": {"2020": "$0", "2019": "$", "2018": "$", "2017": "$50", "2016": "$", "2015": "$50", "2014": "$4", "2013": "$7", "2012": "$106", "2011": "$128", "2010": "$273", "2009": "$", "2008": "$", "2007": "$", "2006": "$", "2005": "$"}, "Jack Henry & Associates Quarterly Long Term Debt (Millions of US $)": {"2020-09-30": "$0", "2020-06-30": "$0", "2020-03-31": "$55", "2019-12-31": "", "2019-09-30": "", "2019-06-30": "", "2019-03-31": "", "2018-12-31": "", "2018-09-30": "", "2018-06-30": "", "2018-03-31": "$105", "2017-12-31": "$100", "2017-09-30": "", "2017-06-30": "$50", "2017-03-31": "$50", "2016-12-31": "$50", "2016-09-30": "", "2016-06-30": "", "2016-03-31": "$100", "2015-12-31": "$100", "2015-09-30": "", "2015-06-30": "$50", "2015-03-31": "$70", "2014-12-31": "$1", "2014-09-30": "$1", "2014-06-30": "$4", "2014-03-31": "$4", "2013-12-31": "$6", "2013-09-30": "$7", "2013-06-30": "$7", "2013-03-31": "$95", "2012-12-31": "$99", "2012-09-30": "$101", "2012-06-30": "$106", "2012-03-31": "$112", "2011-12-31": "$118", "2011-09-30": "$124", "2011-06-30": "$128", "2011-03-31": "$225", "2010-12-31": "$230", "2010-09-30": "$235", "2010-06-30": "$273", "2010-03-31": "", "2009-12-31": "", "2009-09-30": "", "2009-06-30": "", "2009-03-31": "", "2008-12-31": "", "2008-09-30": "", "2008-06-30": "", "2008-03-31": "", "2007-12-31": "", "2007-09-30": "", "2007-06-30": "", "2007-03-31": "", "2006-12-31": "", "2006-09-30": "", "2006-06-30": "", "2006-03-31": "", "2005-12-31": "", "2005-09-30": "", "2005-06-30": "", "2005-03-31": ""}}, "total-liabilities": {"Jack Henry & Associates Annual Total Liabilities (Millions of US $)": {"2020": "$879", "2019": "$756", "2018": "$710", "2017": "$877", "2016": "$819", "2015": "$845", "2014": "$713", "2013": "$657", "2012": "$636", "2011": "$626", "2010": "$810", "2009": "$424", "2008": "$420", "2007": "$401", "2006": "$331", "2005": "$297"}, "Jack Henry & Associates Quarterly Total Liabilities (Millions of US $)": {"2020-09-30": "$791", "2020-06-30": "$879", "2020-03-31": "$716", "2019-12-31": "$701", "2019-09-30": "$749", "2019-06-30": "$756", "2019-03-31": "$577", "2018-12-31": "$580", "2018-09-30": "$665", "2018-06-30": "$710", "2018-03-31": "$682", "2017-12-31": "$743", "2017-09-30": "$759", "2017-06-30": "$877", "2017-03-31": "$675", "2016-12-31": "$747", "2016-09-30": "$760", "2016-06-30": "$819", "2016-03-31": "$754", "2015-12-31": "$796", "2015-09-30": "$760", "2015-06-30": "$845", "2015-03-31": "$662", "2014-12-31": "$699", "2014-09-30": "$686", "2014-06-30": "$713", "2014-03-31": "$400", "2013-12-31": "$437", "2013-09-30": "$510", "2013-06-30": "$657", "2013-03-31": "$484", "2012-12-31": "$523", "2012-09-30": "$587", "2012-06-30": "$636", "2012-03-31": "$465", "2011-12-31": "$519", "2011-09-30": "$573", "2011-06-30": "$626", "2011-03-31": "$535", "2010-12-31": "$578", "2010-09-30": "$638", "2010-06-30": "$810", "2010-03-31": "$325", "2009-12-31": "$352", "2009-09-30": "$323", "2009-06-30": "$424", "2009-03-31": "$269", "2008-12-31": "$325", "2008-09-30": "$313", "2008-06-30": "$420", "2008-03-31": "$307", "2007-12-31": "$278", "2007-09-30": "$285", "2007-06-30": "$401", "2007-03-31": "$243", "2006-12-31": "$251", "2006-09-30": "$245", "2006-06-30": "$331", "2006-03-31": "$189", "2005-12-31": "$219", "2005-09-30": "$207", "2005-06-30": "$297", "2005-03-31": "$157"}}, "total-share-holder-equity": {"Jack Henry & Associates Annual Share Holder Equity (Millions of US $)": {"2020": "$1,550", "2019": "$1,429", "2018": "$1,323", "2017": "$1,032", "2016": "$996", "2015": "$992", "2014": "$967", "2013": "$1,016", "2012": "$983", "2011": "$880", "2010": "$750", "2009": "$627", "2008": "$601", "2007": "$598", "2006": "$575", "2005": "$517"}, "Jack Henry & Associates Quarterly Share Holder Equity (Millions of US $)": {"2020-09-30": "$1,544", "2020-06-30": "$1,550", "2020-03-31": "$1,514", "2019-12-31": "$1,487", "2019-09-30": "$1,477", "2019-06-30": "$1,429", "2019-03-31": "$1,426", "2018-12-31": "$1,392", "2018-09-30": "$1,369", "2018-06-30": "$1,323", "2018-03-31": "$1,223", "2017-12-31": "$1,174", "2017-09-30": "$1,038", "2017-06-30": "$1,032", "2017-03-31": "$1,012", "2016-12-31": "$971", "2016-09-30": "$973", "2016-06-30": "$996", "2016-03-31": "$949", "2015-12-31": "$912", "2015-09-30": "$954", "2015-06-30": "$992", "2015-03-31": "$957", "2014-12-31": "$922", "2014-09-30": "$934", "2014-06-30": "$967", "2014-03-31": "$1,115", "2013-12-31": "$1,145", "2013-09-30": "$1,105", "2013-06-30": "$1,016", "2013-03-31": "$1,080", "2012-12-31": "$1,047", "2012-09-30": "$1,016", "2012-06-30": "$983", "2012-03-31": "$979", "2011-12-31": "$944", "2011-09-30": "$909", "2011-06-30": "$880", "2011-03-31": "$850", "2010-12-31": "$819", "2010-09-30": "$777", "2010-06-30": "$750", "2010-03-31": "$724", "2009-12-31": "$685", "2009-09-30": "$657", "2009-06-30": "$627", "2009-03-31": "$603", "2008-12-31": "$592", "2008-09-30": "$588", "2008-06-30": "$601", "2008-03-31": "$609", "2007-12-31": "$630", "2007-09-30": "$617", "2007-06-30": "$598", "2007-03-31": "$592", "2006-12-31": "$579", "2006-09-30": "$576", "2006-06-30": "$575", "2006-03-31": "$580", "2005-12-31": "$547", "2005-09-30": "$531", "2005-06-30": "$517", "2005-03-31": "$503"}}, "profit-margins": {"current": "17.41%"}, "gross margin": {"2020-09-30": "40.09%", "2020-06-30": "40.60%", "2020-03-31": "40.83%", "2019-12-31": "40.47%", "2019-09-30": "40.61%", "2019-06-30": "40.50%", "2019-03-31": "41.05%", "2018-12-31": "41.93%", "2018-09-30": "42.14%", "2018-06-30": "42.04%", "2018-03-31": "41.73%", "2017-12-31": "41.68%", "2017-09-30": "41.92%", "2017-06-30": "41.90%", "2017-03-31": "43.04%", "2016-12-31": "43.11%", "2016-09-30": "43.03%", "2016-06-30": "42.88%", "2016-03-31": "42.74%", "2015-12-31": "42.96%", "2015-09-30": "42.83%", "2015-06-30": "42.68%", "2015-03-31": "42.52%", "2014-12-31": "41.95%", "2014-09-30": "42.06%", "2014-06-30": "42.03%", "2014-03-31": "41.09%", "2013-12-31": "41.24%", "2013-09-30": "41.52%", "2013-06-30": "41.70%", "2013-03-31": "41.97%", "2012-12-31": "41.86%", "2012-09-30": "41.35%", "2012-06-30": "41.10%", "2012-03-31": "41.43%", "2011-12-31": "41.29%", "2011-09-30": "41.43%", "2011-06-30": "41.26%", "2011-03-31": "41.23%", "2010-12-31": "41.43%", "2010-09-30": "41.35%", "2010-06-30": "41.22%", "2010-03-31": "41.07%", "2009-12-31": "40.78%", "2009-09-30": "40.32%", "2009-06-30": "40.13%", "2009-03-31": "39.89%", "2008-12-31": "40.45%", "2008-09-30": "41.41%", "2008-06-30": "41.45%", "2008-03-31": "42.37%", "2007-12-31": "42.74%", "2007-09-30": "42.55%", "2007-06-30": "43.03%", "2007-03-31": "43.06%", "2006-12-31": "43.43%", "2006-09-30": "43.54%", "2006-06-30": "43.56%", "2006-03-31": "43.16%", "2005-12-31": "42.75%"}, "operating margin": {"2020-09-30": "22.27%", "2020-06-30": "22.45%", "2020-03-31": "22.80%", "2019-12-31": "22.50%", "2019-09-30": "22.59%", "2019-06-30": "22.28%", "2019-03-31": "22.90%", "2018-12-31": "23.97%", "2018-09-30": "24.23%", "2018-06-30": "24.35%", "2018-03-31": "24.15%", "2017-12-31": "24.35%", "2017-09-30": "24.77%", "2017-06-30": "24.62%", "2017-03-31": "27.28%", "2016-12-31": "27.04%", "2016-09-30": "27.07%", "2016-06-30": "26.79%", "2016-03-31": "25.34%", "2015-12-31": "25.56%", "2015-09-30": "25.61%", "2015-06-30": "25.32%", "2015-03-31": "25.22%", "2014-12-31": "24.63%", "2014-09-30": "24.58%", "2014-06-30": "24.64%", "2014-03-31": "23.28%", "2013-12-31": "23.56%", "2013-09-30": "22.42%", "2013-06-30": "22.65%", "2013-03-31": "22.96%", "2012-12-31": "22.58%", "2012-09-30": "23.27%", "2012-06-30": "22.81%", "2012-03-31": "23.09%", "2011-12-31": "22.96%", "2011-09-30": "22.65%", "2011-06-30": "22.44%", "2011-03-31": "21.99%", "2010-12-31": "21.80%", "2010-09-30": "21.69%", "2010-06-30": "21.74%", "2010-03-31": "22.10%", "2009-12-31": "22.22%", "2009-09-30": "22.18%", "2009-06-30": "21.34%", "2009-03-31": "20.75%", "2008-12-31": "21.36%", "2008-09-30": "21.84%", "2008-06-30": "22.07%", "2008-03-31": "23.43%", "2007-12-31": "23.74%", "2007-09-30": "23.73%", "2007-06-30": "24.14%", "2007-03-31": "23.92%", "2006-12-31": "23.88%", "2006-09-30": "23.68%", "2006-06-30": "23.90%", "2006-03-31": "23.51%", "2005-12-31": "23.26%"}, "ebitda margin": {"2020-09-30": "32.38%", "2020-06-30": "32.59%", "2020-03-31": "32.92%", "2019-12-31": "32.74%", "2019-09-30": "32.92%", "2019-06-30": "32.71%", "2019-03-31": "33.31%", "2018-12-31": "34.29%", "2018-09-30": "34.55%", "2018-06-30": "34.69%", "2018-03-31": "34.40%", "2017-12-31": "34.47%", "2017-09-30": "34.80%", "2017-06-30": "34.70%", "2017-03-31": "37.10%", "2016-12-31": "36.80%", "2016-09-30": "36.72%", "2016-06-30": "36.31%", "2016-03-31": "34.80%", "2015-12-31": "35.03%", "2015-09-30": "35.08%", "2015-06-30": "34.79%", "2015-03-31": "34.68%", "2014-12-31": "33.99%", "2014-09-30": "33.86%", "2014-06-30": "33.76%", "2014-03-31": "32.54%", "2013-12-31": "32.80%", "2013-09-30": "31.57%", "2013-06-30": "31.77%", "2013-03-31": "32.05%", "2012-12-31": "31.70%", "2012-09-30": "32.50%", "2012-06-30": "32.15%", "2012-03-31": "32.41%", "2011-12-31": "32.23%", "2011-09-30": "31.94%", "2011-06-30": "31.75%", "2011-03-31": "31.18%", "2010-12-31": "30.80%", "2010-09-30": "30.45%", "2010-06-30": "30.35%", "2010-03-31": "30.46%", "2009-12-31": "30.72%", "2009-09-30": "30.65%", "2009-06-30": "29.66%", "2009-03-31": "29.25%", "2008-12-31": "29.77%", "2008-09-30": "30.23%", "2008-06-30": "30.55%", "2008-03-31": "31.61%", "2007-12-31": "31.70%", "2007-09-30": "31.40%", "2007-06-30": "31.63%", "2007-03-31": "31.48%", "2006-12-31": "31.41%", "2006-09-30": "31.29%", "2006-06-30": "31.36%", "2006-03-31": "30.88%", "2005-12-31": "30.59%"}, "pre tax profit margin": {"2020-09-30": "22.27%", "2020-06-30": "22.51%", "2020-03-31": "22.86%", "2019-12-31": "22.56%", "2019-09-30": "22.65%", "2019-06-30": "22.28%", "2019-03-31": "22.84%", "2018-12-31": "23.84%", "2018-09-30": "24.10%", "2018-06-30": "24.22%", "2018-03-31": "24.08%", "2017-12-31": "24.27%", "2017-09-30": "24.63%", "2017-06-30": "24.48%", "2017-03-31": "27.07%", "2016-12-31": "26.83%", "2016-09-30": "26.92%", "2016-06-30": "26.57%", "2016-03-31": "25.19%", "2015-12-31": "25.48%", "2015-09-30": "25.45%", "2015-06-30": "25.16%", "2015-03-31": "25.06%", "2014-12-31": "24.38%", "2014-09-30": "24.41%", "2014-06-30": "24.47%", "2014-03-31": "22.93%", "2013-12-31": "23.20%", "2013-09-30": "21.97%", "2013-06-30": "22.11%", "2013-03-31": "22.50%", "2012-12-31": "22.11%", "2012-09-30": "22.69%", "2012-06-30": "22.22%", "2012-03-31": "22.40%", "2011-12-31": "22.16%", "2011-09-30": "21.84%", "2011-06-30": "21.51%", "2011-03-31": "21.14%", "2010-12-31": "21.04%", "2010-09-30": "21.12%", "2010-06-30": "21.51%", "2010-03-31": "21.85%", "2009-12-31": "22.09%", "2009-09-30": "21.91%", "2009-06-30": "21.07%", "2009-03-31": "20.49%", "2008-12-31": "20.96%", "2008-09-30": "21.70%", "2008-06-30": "22.07%", "2008-03-31": "23.57%", "2007-12-31": "24.02%", "2007-09-30": "23.88%", "2007-06-30": "24.29%", "2007-03-31": "24.23%", "2006-12-31": "24.20%", "2006-09-30": "24.01%", "2006-06-30": "24.07%", "2006-03-31": "23.51%", "2005-12-31": "23.26%"}, "net profit margin": {"2020-09-30": "17.42%", "2020-06-30": "17.44%", "2020-03-31": "17.62%", "2019-12-31": "17.23%", "2019-09-30": "17.33%", "2019-06-30": "17.51%", "2019-03-31": "18.15%", "2018-12-31": "18.88%", "2018-09-30": "25.43%", "2018-06-30": "24.83%", "2018-03-31": "24.08%", "2017-12-31": "23.78%", "2017-09-30": "16.65%", "2017-06-30": "16.49%", "2017-03-31": "18.73%", "2016-12-31": "18.58%", "2016-09-30": "18.80%", "2016-06-30": "18.30%", "2016-03-31": "17.02%", "2015-12-31": "17.09%", "2015-09-30": "16.99%", "2015-06-30": "16.88%", "2015-03-31": "16.49%", "2014-12-31": "16.09%", "2014-09-30": "15.89%", "2014-06-30": "15.94%", "2014-03-31": "15.26%", "2013-12-31": "15.64%", "2013-09-30": "15.16%", "2013-06-30": "15.16%", "2013-03-31": "15.52%", "2012-12-31": "15.05%", "2012-09-30": "15.19%", "2012-06-30": "14.95%", "2012-03-31": "14.77%", "2011-12-31": "14.60%", "2011-09-30": "14.49%", "2011-06-30": "14.27%", "2011-03-31": "13.85%", "2010-12-31": "14.10%", "2010-09-30": "13.93%", "2010-06-30": "14.10%", "2010-03-31": "14.48%", "2009-12-31": "14.25%", "2009-09-30": "14.38%", "2009-06-30": "13.96%", "2009-03-31": "13.61%", "2008-12-31": "13.75%", "2008-09-30": "13.85%", "2008-06-30": "14.13%", "2008-03-31": "14.85%", "2007-12-31": "15.08%", "2007-09-30": "15.48%", "2007-06-30": "15.59%", "2007-03-31": "15.43%", "2006-12-31": "15.54%", "2006-09-30": "15.07%", "2006-06-30": "15.08%", "2006-03-31": "15.09%", "2005-12-31": "14.67%"}, "pe ratio": {"current": "38.43", "2021-02-11": "38.21", "2020-09-30": "41.69", "2020-06-30": "47.42", "2020-03-31": "40.01", "2019-12-31": "39.38", "2019-09-30": "40.01", "2019-06-30": "37.44", "2019-03-31": "35.55", "2018-12-31": "31.02", "2018-09-30": "30.51", "2018-06-30": "26.11", "2018-03-31": "25.57", "2017-12-31": "25.54", "2017-09-30": "31.29", "2017-06-30": "31.82", "2017-03-31": "26.49", "2016-12-31": "25.87", "2016-09-30": "24.93", "2016-06-30": "26.57", "2016-03-31": "28.49", "2015-12-31": "26.68", "2015-09-30": "23.89", "2015-06-30": "22.12", "2015-03-31": "25.18", "2014-12-31": "23.02", "2014-09-30": "21.31", "2014-06-30": "23.24", "2014-03-31": "22.19", "2013-12-31": "23.68", "2013-09-30": "22.14", "2013-06-30": "21.00", "2013-03-31": "21.02", "2012-12-31": "18.85", "2012-09-30": "18.41", "2012-06-30": "17.40", "2012-03-31": "17.94", "2011-12-31": "18.04", "2011-09-30": "15.70", "2011-06-30": "16.70", "2011-03-31": "19.66", "2010-12-31": "16.97", "2010-09-30": "15.51", "2010-06-30": "15.10", "2010-03-31": "15.38", "2009-12-31": "15.53", "2009-09-30": "15.94", "2009-06-30": "14.62", "2009-03-31": "11.93", "2008-12-31": "14.11", "2008-09-30": "14.85", "2008-06-30": "15.74", "2008-03-31": "17.30", "2007-12-31": "17.16", "2007-09-30": "18.49", "2007-06-30": "18.85", "2007-03-31": "18.37", "2006-12-31": "16.92"}, "price sales": {"2021-02-11": "6.68", "2020-09-30": "7.29", "2020-06-30": "8.30", "2020-03-31": "7.06", "2019-12-31": "6.82", "2019-09-30": "6.96", "2019-06-30": "6.57", "2019-03-31": "6.86", "2018-12-31": "6.27", "2018-09-30": "8.07", "2018-06-30": "6.69", "2018-03-31": "6.37", "2017-12-31": "6.23", "2017-09-30": "5.51", "2017-06-30": "5.63", "2017-03-31": "4.97", "2016-12-31": "4.81", "2016-09-30": "4.70", "2016-06-30": "4.89", "2016-03-31": "4.87", "2015-12-31": "4.58", "2015-09-30": "4.17", "2015-06-30": "3.94", "2015-03-31": "4.36", "2014-12-31": "3.97", "2014-09-30": "3.65", "2014-06-30": "4.01", "2014-03-31": "3.89", "2013-12-31": "4.16", "2013-09-30": "3.66", "2013-06-30": "3.35", "2013-03-31": "3.34", "2012-12-31": "2.90", "2012-09-30": "2.86", "2012-06-30": "2.66", "2012-03-31": "2.63", "2011-12-31": "2.62", "2011-09-30": "2.28", "2011-06-30": "2.38", "2011-03-31": "2.73", "2010-12-31": "2.39", "2010-09-30": "2.15", "2010-06-30": "2.12", "2010-03-31": "2.22", "2009-12-31": "2.21", "2009-09-30": "2.30", "2009-06-30": "2.03", "2009-03-31": "1.62", "2008-12-31": "1.93", "2008-09-30": "2.04", "2008-06-30": "2.21", "2008-03-31": "2.56", "2007-12-31": "2.61", "2007-09-30": "2.87", "2007-06-30": "2.97", "2007-03-31": "2.86", "2006-12-31": "2.65"}, "price book": {"current": "7.39", "2021-02-11": "7.35", "2020-09-30": "8.02", "2020-06-30": "9.05", "2020-03-31": "7.79", "2019-12-31": "7.44", "2019-09-30": "7.50", "2019-06-30": "7.10", "2019-03-31": "7.37", "2018-12-31": "6.86", "2018-09-30": "8.82", "2018-06-30": "7.40", "2018-03-31": "7.42", "2017-12-31": "7.45", "2017-09-30": "7.38", "2017-06-30": "7.50", "2017-03-31": "6.85", "2016-12-31": "6.78", "2016-09-30": "6.55", "2016-06-30": "6.55", "2016-03-31": "6.65", "2015-12-31": "6.36", "2015-09-30": "5.48", "2015-06-30": "4.94", "2015-03-31": "5.52", "2014-12-31": "5.07", "2014-09-30": "4.51", "2014-06-30": "4.69", "2014-03-31": "3.89", "2013-12-31": "4.05", "2013-09-30": "3.65", "2013-06-30": "3.60", "2013-03-31": "3.34", "2012-12-31": "2.92", "2012-09-30": "2.89", "2012-06-30": "2.71", "2012-03-31": "2.71", "2011-12-31": "2.75", "2011-09-30": "2.45", "2011-06-30": "2.61", "2011-03-31": "3.04", "2010-12-31": "2.69", "2010-09-30": "2.46", "2010-06-30": "2.37", "2010-03-31": "2.46", "2009-12-31": "2.47", "2009-09-30": "2.60", "2009-06-30": "2.38", "2009-03-31": "1.93", "2008-12-31": "2.34", "2008-09-30": "2.49", "2008-06-30": "2.62", "2008-03-31": "2.98", "2007-12-31": "2.89", "2007-09-30": "3.14", "2007-06-30": "3.20", "2007-03-31": "3.03", "2006-12-31": "2.75", "2006-09-30": "2.84", "2006-06-30": "2.57", "2006-03-31": "3.00"}, "price fcf": {"2021-02-11": "", "2020-09-30": "$4.57", "2020-06-30": "$4.56", "2020-03-31": "$4.12", "2019-12-31": "$3.79", "2019-09-30": "$3.29", "2019-06-30": "$3.45", "2019-03-31": "$2.17", "2018-12-31": "$3.48", "2018-09-30": "$3.40", "2018-06-30": "$3.55", "2018-03-31": "$4.64", "2017-12-31": "$4.28", "2017-09-30": "$4.44", "2017-06-30": "$4.04", "2017-03-31": "$4.96", "2016-12-31": "$4.92", "2016-09-30": "$4.14", "2016-06-30": "$3.92", "2016-03-31": "$2.93", "2015-12-31": "$2.99", "2015-09-30": "$3.45", "2015-06-30": "$2.97", "2015-03-31": "$3.08", "2014-12-31": "$2.88", "2014-09-30": "$2.71", "2014-06-30": "$2.98", "2014-03-31": "$2.56", "2013-12-31": "$2.53", "2013-09-30": "$2.40", "2013-06-30": "$2.45", "2013-03-31": "$2.37", "2012-12-31": "$2.30", "2012-09-30": "$2.43", "2012-06-30": "$2.15", "2012-03-31": "$2.05", "2011-12-31": "$2.15", "2011-09-30": "$2.09", "2011-06-30": "$2.09", "2011-03-31": "$2.04", "2010-12-31": "$1.87", "2010-09-30": "$1.75", "2010-06-30": "$1.64", "2010-03-31": "$1.58", "2009-12-31": "$1.63", "2009-09-30": "$1.78", "2009-06-30": "$1.77", "2009-03-31": "$1.44", "2008-12-31": "$1.42", "2008-09-30": "$1.38", "2008-06-30": "$1.43", "2008-03-31": "$1.31", "2007-12-31": "$1.22", "2007-09-30": "$1.39", "2007-06-30": "$1.30", "2007-03-31": "$1.06", "2006-12-31": "$1.85"}, "net worth": {"value": "$11.41B"}, "current ratio": {"current": "1.41", "2020-09-30": "1.41", "2020-06-30": "1.35", "2020-03-31": "1.61", "2019-12-31": "1.25", "2019-09-30": "1.23", "2019-06-30": "1.21", "2019-03-31": "1.17", "2018-12-31": "1.07", "2018-09-30": "1.09", "2018-06-30": "1.05", "2018-03-31": "1.25", "2017-12-31": "1.05", "2017-09-30": "0.97", "2017-06-30": "1.10", "2017-03-31": "1.11", "2016-12-31": "0.99", "2016-09-30": "0.90", "2016-06-30": "0.97", "2016-03-31": "1.11", "2015-12-31": "0.96", "2015-09-30": "0.87", "2015-06-30": "1.11", "2015-03-31": "1.02", "2014-12-31": "0.76", "2014-09-30": "0.77", "2014-06-30": "0.87", "2014-03-31": "1.10", "2013-12-31": "1.32", "2013-09-30": "1.18", "2013-06-30": "1.05", "2013-03-31": "1.51", "2012-12-31": "1.36", "2012-09-30": "1.27", "2012-06-30": "1.17", "2012-03-31": "1.32", "2011-12-31": "1.11", "2011-09-30": "0.99", "2011-06-30": "0.93", "2011-03-31": "1.12", "2010-12-31": "0.96", "2010-09-30": "0.82", "2010-06-30": "0.89", "2010-03-31": "0.91", "2009-12-31": "0.76", "2009-09-30": "1.19", "2009-06-30": "1.04", "2009-03-31": "0.96", "2008-12-31": "0.91", "2008-09-30": "0.91", "2008-06-30": "0.97", "2008-03-31": "0.97", "2007-12-31": "1.02", "2007-09-30": "1.13", "2007-06-30": "1.06", "2007-03-31": "1.17", "2006-12-31": "1.06", "2006-09-30": "1.24", "2006-06-30": "1.16", "2006-03-31": "1.38", "2005-12-31": "1.12", "2005-09-30": "1.17", "2005-06-30": "1.06", "2005-03-31": "1.14"}, "quick ratio": {"2020-09-30": "0.00", "2020-06-30": "0.00", "2020-03-31": "0.00", "2019-12-31": "0.00", "2019-09-30": "0.00", "2019-06-30": "0.00", "2019-03-31": "0.00", "2018-12-31": "0.00", "2018-09-30": "0.00", "2018-06-30": "0.00", "2018-03-31": "0.00", "2017-12-31": "0.00", "2017-09-30": "0.00", "2017-06-30": "0.00", "2017-03-31": "0.00", "2016-12-31": "0.00", "2016-09-30": "0.00", "2016-06-30": "0.00", "2016-03-31": "0.00", "2015-12-31": "0.00", "2015-09-30": "0.00", "2015-06-30": "0.00", "2015-03-31": "0.00", "2014-12-31": "0.00", "2014-09-30": "0.00", "2014-06-30": "0.00", "2014-03-31": "0.00", "2013-12-31": "0.00", "2013-09-30": "0.00", "2013-06-30": "0.00", "2013-03-31": "0.00", "2012-12-31": "0.00", "2012-09-30": "0.00", "2012-06-30": "0.00", "2012-03-31": "0.00", "2011-12-31": "0.00", "2011-09-30": "0.00", "2011-06-30": "0.00", "2011-03-31": "0.00", "2010-12-31": "0.00", "2010-09-30": "0.00", "2010-06-30": "0.00", "2010-03-31": "0.00", "2009-12-31": "0.00", "2009-09-30": "0.00", "2009-06-30": "0.00", "2009-03-31": "0.00", "2008-12-31": "0.00", "2008-09-30": "0.00", "2008-06-30": "0.00", "2008-03-31": "0.00", "2007-12-31": "0.00", "2007-09-30": "0.00", "2007-06-30": "0.00", "2007-03-31": "0.00", "2006-12-31": "0.00", "2006-09-30": "0.00", "2006-06-30": "0.00", "2006-03-31": "0.00", "2005-12-31": "0.00", "2005-09-30": "0.00", "2005-06-30": "0.00", "2005-03-31": "0.00"}, "debt equity ratio": {"current": "0.00", "2020-09-30": "0.51", "2020-06-30": "0.57", "2020-03-31": "0.47", "2019-12-31": "0.47", "2019-09-30": "0.51", "2019-06-30": "0.53", "2019-03-31": "0.41", "2018-12-31": "0.42", "2018-09-30": "0.49", "2018-06-30": "0.54", "2018-03-31": "0.56", "2017-12-31": "0.63", "2017-09-30": "0.73", "2017-06-30": "0.85", "2017-03-31": "0.67", "2016-12-31": "0.77", "2016-09-30": "0.78", "2016-06-30": "0.82", "2016-03-31": "0.79", "2015-12-31": "0.87", "2015-09-30": "0.80", "2015-06-30": "0.85", "2015-03-31": "0.69", "2014-12-31": "0.76", "2014-09-30": "0.73", "2014-06-30": "0.74", "2014-03-31": "0.36", "2013-12-31": "0.38", "2013-09-30": "0.46", "2013-06-30": "0.65", "2013-03-31": "0.45", "2012-12-31": "0.50", "2012-09-30": "0.58", "2012-06-30": "0.65", "2012-03-31": "0.48", "2011-12-31": "0.55", "2011-09-30": "0.63", "2011-06-30": "0.71", "2011-03-31": "0.63", "2010-12-31": "0.71", "2010-09-30": "0.82", "2010-06-30": "1.08", "2010-03-31": "0.45", "2009-12-31": "0.51", "2009-09-30": "0.49", "2009-06-30": "0.68", "2009-03-31": "0.45", "2008-12-31": "0.55", "2008-09-30": "0.53", "2008-06-30": "0.70", "2008-03-31": "0.50", "2007-12-31": "0.44", "2007-09-30": "0.46", "2007-06-30": "0.67", "2007-03-31": "0.41", "2006-12-31": "0.43", "2006-09-30": "0.43", "2006-06-30": "0.58", "2006-03-31": "0.33", "2005-12-31": "0.40", "2005-09-30": "0.39", "2005-06-30": "0.57", "2005-03-31": "0.31"}, "return on equity": {"2020-09-30": "19.56%", "2020-06-30": "19.64%", "2020-03-31": "20.04%", "2019-12-31": "19.32%", "2019-09-30": "19.36%", "2019-06-30": "19.37%", "2019-03-31": "20.25%", "2018-12-31": "21.78%", "2018-09-30": "30.03%", "2018-06-30": "30.69%", "2018-03-31": "30.89%", "2017-12-31": "31.58%", "2017-09-30": "23.09%", "2017-06-30": "22.97%", "2017-03-31": "26.82%", "2016-12-31": "26.64%", "2016-09-30": "27.05%", "2016-06-30": "26.03%", "2016-03-31": "23.64%", "2015-12-31": "23.28%", "2015-09-30": "22.69%", "2015-06-30": "22.29%", "2015-03-31": "21.59%", "2014-12-31": "19.91%", "2014-09-30": "18.26%", "2014-06-30": "17.27%", "2014-03-31": "15.80%", "2013-12-31": "16.20%", "2013-09-30": "15.91%", "2013-06-30": "16.16%", "2013-03-31": "16.38%", "2012-12-31": "15.90%", "2012-09-30": "16.11%", "2012-06-30": "15.94%", "2012-03-31": "16.06%", "2011-12-31": "16.19%", "2011-09-30": "16.43%", "2011-06-30": "16.60%", "2011-03-31": "16.40%", "2010-12-31": "16.94%", "2010-09-30": "16.89%", "2010-06-30": "16.76%", "2010-03-31": "17.23%", "2009-12-31": "16.95%", "2009-09-30": "17.27%", "2009-06-30": "17.26%", "2009-03-31": "16.95%", "2008-12-31": "17.24%", "2008-09-30": "17.13%", "2008-06-30": "17.09%", "2008-03-31": "17.77%", "2007-12-31": "17.73%", "2007-09-30": "17.94%", "2007-06-30": "17.74%", "2007-03-31": "17.23%", "2006-12-31": "16.80%", "2006-09-30": "15.98%", "2006-06-30": "15.94%", "2006-03-31": "15.82%", "2005-12-31": "15.63%"}, "return on assets": {"2020-09-30": "12.99%", "2020-06-30": "13.05%", "2020-03-31": "13.41%", "2019-12-31": "13.07%", "2019-09-30": "13.21%", "2019-06-30": "13.28%", "2019-03-31": "13.88%", "2018-12-31": "14.55%", "2018-09-30": "19.37%", "2018-06-30": "19.08%", "2018-03-31": "18.33%", "2017-12-31": "18.39%", "2017-09-30": "13.16%", "2017-06-30": "13.00%", "2017-03-31": "15.25%", "2016-12-31": "14.87%", "2016-09-30": "14.89%", "2016-06-30": "14.29%", "2016-03-31": "12.93%", "2015-12-31": "12.91%", "2015-09-30": "12.78%", "2015-06-30": "12.66%", "2015-03-31": "12.48%", "2014-12-31": "12.18%", "2014-09-30": "11.88%", "2014-06-30": "11.70%", "2014-03-31": "10.84%", "2013-12-31": "10.95%", "2013-09-30": "10.53%", "2013-06-30": "10.49%", "2013-03-31": "10.64%", "2012-12-31": "10.26%", "2012-09-30": "10.31%", "2012-06-30": "10.12%", "2012-03-31": "10.11%", "2011-12-31": "9.94%", "2011-09-30": "9.84%", "2011-06-30": "9.68%", "2011-03-31": "9.10%", "2010-12-31": "9.59%", "2010-09-30": "9.80%", "2010-06-30": "10.20%", "2010-03-31": "11.27%", "2009-12-31": "11.06%", "2009-09-30": "11.20%", "2009-06-30": "11.12%", "2009-03-31": "10.88%", "2008-12-31": "10.97%", "2008-09-30": "11.11%", "2008-06-30": "11.21%", "2008-03-31": "11.70%", "2007-12-31": "11.86%", "2007-09-30": "12.00%", "2007-06-30": "11.94%", "2007-03-31": "11.79%", "2006-12-31": "11.67%", "2006-09-30": "11.16%", "2006-06-30": "11.20%", "2006-03-31": "11.14%", "2005-12-31": "11.01%"}, "return on investments": {"2020-09-30": "32.68%", "2020-06-30": "48.86%", "2020-03-31": "97.64%", "2019-12-31": "inf%", "2019-09-30": "inf%", "2019-06-30": "inf%", "2019-03-31": "inf%", "2018-12-31": "110.54%", "2018-09-30": "55.96%", "2018-06-30": "55.03%", "2018-03-31": "37.57%", "2017-12-31": "40.26%", "2017-09-30": "43.98%", "2017-06-30": "43.22%", "2017-03-31": "74.12%", "2016-12-31": "72.85%", "2016-09-30": "72.39%", "2016-06-30": "70.45%", "2016-03-31": "43.18%", "2015-12-31": "43.10%", "2015-09-30": "43.72%", "2015-06-30": "32.38%", "2015-03-31": "32.36%", "2014-12-31": "30.40%", "2014-09-30": "28.16%", "2014-06-30": "26.57%", "2014-03-31": "23.98%", "2013-12-31": "23.77%", "2013-09-30": "22.45%", "2013-06-30": "22.51%", "2013-03-31": "22.09%", "2012-12-31": "21.61%", "2012-09-30": "22.20%", "2012-06-30": "21.70%", "2012-03-31": "22.22%", "2011-12-31": "21.83%", "2011-09-30": "21.33%", "2011-06-30": "20.95%", "2011-03-31": "20.00%", "2010-12-31": "26.06%", "2010-09-30": "37.92%", "2010-06-30": "71.16%", "2010-03-31": "inf%", "2009-12-31": "inf%", "2009-09-30": "inf%", "2009-06-30": "inf%", "2009-03-31": "inf%", "2008-12-31": "inf%", "2008-09-30": "inf%", "2008-06-30": "inf%", "2008-03-31": "inf%", "2007-12-31": "inf%", "2007-09-30": "inf%", "2007-06-30": "inf%", "2007-03-31": "inf%", "2006-12-31": "inf%", "2006-09-30": "inf%", "2006-06-30": "inf%", "2006-03-31": "inf%", "2005-12-31": "inf%"}, "return on tangible equity": {"2020-09-30": "80.87%", "2020-06-30": "84.39%", "2020-03-31": "89.97%", "2019-12-31": "88.85%", "2019-09-30": "91.04%", "2019-06-30": "92.52%", "2019-03-31": "101.82%", "2018-12-31": "125.52%", "2018-09-30": "210.18%", "2018-06-30": "266.42%", "2018-03-31": "327.01%", "2017-12-31": "361.29%", "2017-09-30": "279.40%", "2017-06-30": "314.78%", "2017-03-31": "397.00%", "2016-12-31": "534.02%", "2016-09-30": "790.84%", "2016-06-30": "877.88%", "2016-03-31": "720.00%", "2015-12-31": "496.09%", "2015-09-30": "370.94%", "2015-06-30": "337.85%", "2015-03-31": "326.40%", "2014-12-31": "182.33%", "2014-09-30": "108.42%", "2014-06-30": "81.04%", "2014-03-31": "67.58%", "2013-12-31": "68.02%", "2013-09-30": "71.16%", "2013-06-30": "77.24%", "2013-03-31": "80.67%", "2012-12-31": "86.96%", "2012-09-30": "100.32%", "2012-06-30": "118.06%", "2012-03-31": "149.00%", "2011-12-31": "227.45%", "2011-09-30": "511.71%", "2011-06-30": "-1200.00%", "2011-03-31": "-264.65%", "2010-12-31": "-1268.29%", "2010-09-30": "455.05%", "2010-06-30": "115.12%", "2010-03-31": "65.54%", "2009-12-31": "61.50%", "2009-09-30": "57.84%", "2009-06-30": "62.18%", "2009-03-31": "62.54%", "2008-12-31": "62.90%", "2008-09-30": "59.26%", "2008-06-30": "54.26%", "2008-03-31": "52.53%", "2007-12-31": "49.54%", "2007-09-30": "48.64%", "2007-06-30": "46.07%", "2007-03-31": "43.01%", "2006-12-31": "40.04%", "2006-09-30": "36.92%", "2006-06-30": "36.55%", "2006-03-31": "36.36%", "2005-12-31": "36.36%"}, "dividend yield history": {"last payout": "$1.72", "last yield": "1.15%"}}