{"ticker": "JLL", "price": {"title": "Jones Lang LaSalle Historical Annual Stock Price Data", "value": 154.26, "historical": {"2021": {"Average Stock Price": "150.9121", "Year Open": "142.3300", "Year High": "159.9000", "Year Low": "142.3300", "Year Close": "154.2600", "Annual % Change": "3.97%"}, "2020": {"Average Stock Price": "120.4208", "Year Open": "175.3200", "Year High": "177.1600", "Year Low": "81.4800", "Year Close": "148.3700", "Annual % Change": "-14.77%"}, "2019": {"Average Stock Price": "147.0589", "Year Open": "128.1300", "Year High": "174.0900", "Year Low": "121.8900", "Year Close": "174.0900", "Annual % Change": "37.51%"}, "2018": {"Average Stock Price": "155.7676", "Year Open": "153.9400", "Year High": "177.3000", "Year Low": "123.1900", "Year Close": "126.6000", "Annual % Change": "-14.99%"}, "2017": {"Average Stock Price": "122.2014", "Year Open": "102.3900", "Year High": "153.0300", "Year Low": "99.2100", "Year Close": "148.9300", "Annual % Change": "47.40%"}, "2016": {"Average Stock Price": "111.9662", "Year Open": "155.0300", "Year High": "160.1900", "Year Low": "88.6500", "Year Close": "101.0400", "Annual % Change": "-36.79%"}, "2015": {"Average Stock Price": "162.0891", "Year Open": "151.3600", "Year High": "179.3500", "Year Low": "142.6900", "Year Close": "159.8600", "Annual % Change": "6.62%"}, "2014": {"Average Stock Price": "126.1012", "Year Open": "101.9500", "Year High": "153.4300", "Year Low": "101.9500", "Year Close": "149.9300", "Annual % Change": "46.43%"}, "2013": {"Average Stock Price": "92.8238", "Year Open": "86.1000", "Year High": "102.8000", "Year Low": "82.1500", "Year Close": "102.3900", "Annual % Change": "21.98%"}, "2012": {"Average Stock Price": "76.1424", "Year Open": "63.4400", "Year High": "87.0800", "Year Low": "63.2100", "Year Close": "83.9400", "Annual % Change": "37.02%"}, "2011": {"Average Stock Price": "81.0830", "Year Open": "86.2500", "Year High": "107.7200", "Year Low": "47.0400", "Year Close": "61.2600", "Annual % Change": "-27.00%"}, "2010": {"Average Stock Price": "74.6316", "Year Open": "61.5300", "Year High": "88.5100", "Year Low": "57.0100", "Year Close": "83.9200", "Annual % Change": "38.94%"}, "2009": {"Average Stock Price": "37.9161", "Year Open": "30.5500", "Year High": "61.5700", "Year Low": "16.9400", "Year Close": "60.4000", "Annual % Change": "118.05%"}, "2008": {"Average Stock Price": "55.8979", "Year Open": "71.3800", "Year High": "90.1900", "Year Low": "19.1800", "Year Close": "27.7000", "Annual % Change": "-61.07%"}, "2007": {"Average Stock Price": "101.9185", "Year Open": "92.0000", "Year High": "123.1700", "Year Low": "70.4800", "Year Close": "71.1600", "Annual % Change": "-22.79%"}, "2006": {"Average Stock Price": "79.6733", "Year Open": "52.7500", "Year High": "93.2100", "Year Low": "52.7500", "Year Close": "92.1700", "Annual % Change": "83.06%"}, "2005": {"Average Stock Price": "45.2105", "Year Open": "37.5800", "Year High": "52.4800", "Year Low": "34.5400", "Year Close": "50.3500", "Annual % Change": "34.59%"}, "2004": {"Average Stock Price": "28.1621", "Year Open": "20.8900", "Year High": "37.9700", "Year Low": "20.4600", "Year Close": "37.4100", "Annual % Change": "80.46%"}, "2003": {"Average Stock Price": "16.7022", "Year Open": "15.8900", "Year High": "21.2700", "Year Low": "12.9800", "Year Close": "20.7300", "Annual % Change": "34.79%"}, "2002": {"Average Stock Price": "20.0338", "Year Open": "17.8000", "Year High": "24.7000", "Year Low": "14.2000", "Year Close": "15.3800", "Annual % Change": "-14.79%"}, "2001": {"Average Stock Price": "14.1952", "Year Open": "13.5000", "Year High": "18.0500", "Year Low": "12.2500", "Year Close": "18.0500", "Annual % Change": "30.04%"}, "2000": {"Average Stock Price": "13.6294", "Year Open": "11.3100", "Year High": "15.9400", "Year Low": "10.0600", "Year Close": "13.8800", "Annual % Change": "16.84%"}, "1999": {"Average Stock Price": "21.7461", "Year Open": "28.6900", "Year High": "35.3800", "Year Low": "9.3130", "Year Close": "11.8800", "Annual % Change": "-59.65%"}, "1998": {"Average Stock Price": "34.0214", "Year Open": "35.6200", "Year High": "45.7500", "Year Low": "22.2500", "Year Close": "29.4400", "Annual % Change": "-17.35%"}}}, "market cap": {"value": "$7.89B"}, "income statement": {"Revenue": {"2019-12-31": "17983.20000", "2018-12-31": "16318.40000", "2017-12-31": "14453.20000", "2016-12-31": "12991.20000", "2015-12-31": "5965.70000", "2014-12-31": "5429.60000", "2013-12-31": "4461.59100", "2012-12-31": "3932.83000", "2011-12-31": "3584.54400", "2010-12-31": "2925.61300", "2009-12-31": "2480.73600", "2008-12-31": "2697.58600", "2007-12-31": "2652.07500", "2006-12-31": "2013.57800", "2005-12-31": "1390.61000"}, "Cost Of Goods Sold": {"2019-12-31": "13765.30000", "2018-12-31": "12435.70000", "2017-12-31": "11108.20000", "2016-12-31": "10121.10000", "2015-12-31": "3564.60000", "2014-12-31": "3258.70000", "2013-12-31": "2817.05900", "2012-12-31": "2546.96500", "2011-12-31": "2330.52000", "2010-12-31": "1899.18100", "2009-12-31": "1623.79500", "2008-12-31": "1771.67300", "2007-12-31": "1724.17400", "2006-12-31": "1313.29400", "2005-12-31": "902.71200"}, "Gross Profit": {"2019-12-31": "4217.89900", "2018-12-31": "3882.70000", "2017-12-31": "3345.00000", "2016-12-31": "2870.10100", "2015-12-31": "2401.10000", "2014-12-31": "2170.90000", "2013-12-31": "1644.53200", "2012-12-31": "1385.86500", "2011-12-31": "1254.02400", "2010-12-31": "1026.43200", "2009-12-31": "856.94100", "2008-12-31": "925.91300", "2007-12-31": "927.90100", "2006-12-31": "700.28410", "2005-12-31": "487.89800"}, "Research And Development Expenses": {"2019-12-31": "", "2018-12-31": "", "2017-12-31": "", "2016-12-31": "", "2015-12-31": "", "2014-12-31": "", "2013-12-31": "", "2012-12-31": "", "2011-12-31": "", "2010-12-31": "", "2009-12-31": "", "2008-12-31": "", "2007-12-31": "", "2006-12-31": "", "2005-12-31": ""}, "SG&A Expenses": {"2019-12-31": "3115.70000", "2018-12-31": "2950.90000", "2017-12-31": "2601.20000", "2016-12-31": "2204.10000", "2015-12-31": "1729.10000", "2014-12-31": "1568.40000", "2013-12-31": "1177.54500", "2012-12-31": "972.23100", "2011-12-31": "863.86000", "2010-12-31": "687.81500", "2009-12-31": "609.77900", "2008-12-31": "653.46500", "2007-12-31": "530.41200", "2006-12-31": "407.98500", "2005-12-31": "320.93400"}, "Other Operating Income Or Expenses": {"2019-12-31": "", "2018-12-31": "", "2017-12-31": "", "2016-12-31": "", "2015-12-31": "", "2014-12-31": "", "2013-12-31": "", "2012-12-31": "", "2011-12-31": "", "2010-12-31": "", "2009-12-31": "", "2008-12-31": "", "2007-12-31": "", "2006-12-31": "", "2005-12-31": ""}, "Operating Expenses": {"2019-12-31": "17267.80000", "2018-12-31": "15611.50000", "2017-12-31": "13907.30000", "2016-12-31": "12535.50000", "2015-12-31": "5435.90000", "2014-12-31": "4964.00000", "2013-12-31": "4092.77200", "2012-12-31": "3643.42700", "2011-12-31": "3333.33900", "2010-12-31": "2664.95500", "2009-12-31": "2364.33200", "2008-12-31": "2546.12300", "2007-12-31": "2309.75500", "2006-12-31": "1769.49900", "2005-12-31": "1258.85900"}, "Operating Income": {"2019-12-31": "715.39840", "2018-12-31": "706.90140", "2017-12-31": "545.89940", "2016-12-31": "455.70020", "2015-12-31": "529.79980", "2014-12-31": "465.60010", "2013-12-31": "368.81880", "2012-12-31": "289.40310", "2011-12-31": "251.20510", "2010-12-31": "260.65800", "2009-12-31": "116.40410", "2008-12-31": "151.46310", "2007-12-31": "342.31980", "2006-12-31": "244.07910", "2005-12-31": "131.75110"}, "Total Non-Operating Income/Expense": {"2019-12-31": "-17.80000", "2018-12-31": "-0.90000", "2017-12-31": "-10.10000", "2016-12-31": "8.00000", "2015-12-31": "49.30000", "2014-12-31": "20.00000", "2013-12-31": "-3.37500", "2012-12-31": "-11.31600", "2011-12-31": "-29.20600", "2010-12-31": "-57.18100", "2009-12-31": "-113.88500", "2008-12-31": "-36.03000", "2007-12-31": "5.28100", "2006-12-31": "-5.03300", "2005-12-31": "8.15700"}, "Pre-Tax Income": {"2019-12-31": "697.60000", "2018-12-31": "706.00000", "2017-12-31": "535.80000", "2016-12-31": "463.70000", "2015-12-31": "579.10000", "2014-12-31": "485.60000", "2013-12-31": "365.44400", "2012-12-31": "278.08700", "2011-12-31": "221.99900", "2010-12-31": "203.47700", "2009-12-31": "2.51900", "2008-12-31": "115.43300", "2007-12-31": "347.60100", "2006-12-31": "239.04600", "2005-12-31": "139.90800"}, "Income Taxes": {"2019-12-31": "159.70000", "2018-12-31": "214.30000", "2017-12-31": "256.30000", "2016-12-31": "117.80000", "2015-12-31": "132.80000", "2014-12-31": "97.60000", "2013-12-31": "92.09200", "2012-12-31": "69.24400", "2011-12-31": "56.38700", "2010-12-31": "49.03800", "2009-12-31": "5.67700", "2008-12-31": "28.74300", "2007-12-31": "87.59500", "2006-12-31": "63.82500", "2005-12-31": "36.23600"}, "Income After Taxes": {"2019-12-31": "537.90000", "2018-12-31": "491.70000", "2017-12-31": "279.50000", "2016-12-31": "345.90000", "2015-12-31": "446.30000", "2014-12-31": "388.00000", "2013-12-31": "273.35200", "2012-12-31": "208.84300", "2011-12-31": "165.61200", "2010-12-31": "154.43900", "2009-12-31": "-3.15800", "2008-12-31": "86.69000", "2007-12-31": "260.00600", "2006-12-31": "175.22100", "2005-12-31": "103.67200"}, "Other Income": {"2019-12-31": "", "2018-12-31": "", "2017-12-31": "", "2016-12-31": "", "2015-12-31": "", "2014-12-31": "", "2013-12-31": "", "2012-12-31": "", "2011-12-31": "", "2010-12-31": "", "2009-12-31": "", "2008-12-31": "", "2007-12-31": "", "2006-12-31": "", "2005-12-31": ""}, "Income From Continuous Operations": {"2019-12-31": "537.90000", "2018-12-31": "491.70000", "2017-12-31": "279.50000", "2016-12-31": "345.90000", "2015-12-31": "446.30000", "2014-12-31": "388.00000", "2013-12-31": "273.35200", "2012-12-31": "208.84300", "2011-12-31": "165.61200", "2010-12-31": "154.43900", "2009-12-31": "-3.15800", "2008-12-31": "86.69000", "2007-12-31": "260.00600", "2006-12-31": "175.22100", "2005-12-31": "103.67200"}, "Income From Discontinued Operations": {"2019-12-31": "", "2018-12-31": "", "2017-12-31": "", "2016-12-31": "", "2015-12-31": "", "2014-12-31": "", "2013-12-31": "", "2012-12-31": "", "2011-12-31": "", "2010-12-31": "", "2009-12-31": "", "2008-12-31": "", "2007-12-31": "", "2006-12-31": "", "2005-12-31": ""}, "Net Income": {"2019-12-31": "534.40000", "2018-12-31": "484.10000", "2017-12-31": "276.00000", "2016-12-31": "329.30000", "2015-12-31": "438.40000", "2014-12-31": "385.70000", "2013-12-31": "269.45600", "2012-12-31": "207.55600", "2011-12-31": "163.99700", "2010-12-31": "153.52400", "2009-12-31": "-4.10900", "2008-12-31": "83.51500", "2007-12-31": "256.49000", "2006-12-31": "175.34400", "2005-12-31": "103.28700"}, "EBITDA": {"2019-12-31": "991.99840", "2018-12-31": "919.80140", "2017-12-31": "737.99940", "2016-12-31": "627.60020", "2015-12-31": "667.59980", "2014-12-31": "589.10010", "2013-12-31": "475.81180", "2012-12-31": "404.86410", "2011-12-31": "372.42310", "2010-12-31": "379.20790", "2009-12-31": "250.71600", "2008-12-31": "307.73010", "2007-12-31": "456.41080", "2006-12-31": "338.26710", "2005-12-31": "198.02710"}, "EBIT": {"2019-12-31": "715.39840", "2018-12-31": "706.90140", "2017-12-31": "545.89940", "2016-12-31": "455.70020", "2015-12-31": "529.79980", "2014-12-31": "465.60010", "2013-12-31": "368.81880", "2012-12-31": "289.40310", "2011-12-31": "251.20510", "2010-12-31": "260.65800", "2009-12-31": "116.40410", "2008-12-31": "151.46310", "2007-12-31": "342.31980", "2006-12-31": "244.07910", "2005-12-31": "131.75110"}, "Basic Shares Outstanding": {"2019-12-31": "48.64700", "2018-12-31": "45.51700", "2017-12-31": "45.31600", "2016-12-31": "45.15400", "2015-12-31": "44.94000", "2014-12-31": "44.68400", "2013-12-31": "44.25900", "2012-12-31": "43.84900", "2011-12-31": "43.17000", "2010-12-31": "42.29600", "2009-12-31": "38.54300", "2008-12-31": "33.09800", "2007-12-31": "32.02100", "2006-12-31": "31.87200", "2005-12-31": "31.38400"}, "Shares Outstanding": {"2019-12-31": "49.15400", "2018-12-31": "45.93100", "2017-12-31": "45.75800", "2016-12-31": "45.52800", "2015-12-31": "45.41500", "2014-12-31": "45.26100", "2013-12-31": "45.07200", "2012-12-31": "44.79900", "2011-12-31": "44.36700", "2010-12-31": "44.08400", "2009-12-31": "38.54300", "2008-12-31": "34.20500", "2007-12-31": "33.57800", "2006-12-31": "33.44800", "2005-12-31": "33.10900"}, "Basic EPS": {"2019-12-31": "10.98000", "2018-12-31": "10.64000", "2017-12-31": "6.09000", "2016-12-31": "7.29000", "2015-12-31": "9.75000", "2014-12-31": "8.63000", "2013-12-31": "6.09000", "2012-12-31": "4.73000", "2011-12-31": "3.80000", "2010-12-31": "3.63000", "2009-12-31": "-0.11000", "2008-12-31": "2.52000", "2007-12-31": "8.01000", "2006-12-31": "5.50000", "2005-12-31": "3.29000"}, "EPS - Earnings Per Share": {"2019-12-31": "10.87000", "2018-12-31": "10.54000", "2017-12-31": "6.03000", "2016-12-31": "7.23000", "2015-12-31": "9.65000", "2014-12-31": "8.52000", "2013-12-31": "5.98000", "2012-12-31": "4.63000", "2011-12-31": "3.70000", "2010-12-31": "3.48000", "2009-12-31": "-0.11000", "2008-12-31": "2.44000", "2007-12-31": "7.64000", "2006-12-31": "5.24000", "2005-12-31": "3.12000"}}, "income statement, quarterly": {"Revenue": {"2020-09-30": "3978.10000", "2020-06-30": "3670.40000", "2020-03-31": "4096.00000", "2019-12-31": "5400.50000", "2019-09-30": "4495.60000", "2019-06-30": "4266.50000", "2019-03-31": "3820.60000", "2018-12-31": "4889.70000", "2018-09-30": "3969.80000", "2018-06-30": "3903.70000", "2018-03-31": "3555.20000", "2017-12-31": "4343.00000", "2017-09-30": "3522.20000", "2017-06-30": "3470.30000", "2017-03-31": "3117.70000", "2016-12-31": "8345.60100", "2016-09-30": "1705.20000", "2016-06-30": "1603.60000", "2016-03-31": "1336.80000", "2015-12-31": "1887.40000", "2015-09-30": "1501.30000", "2015-06-30": "1373.50000", "2015-03-31": "1203.50000", "2014-12-31": "1748.97900", "2014-09-30": "1365.97500", "2014-06-30": "1277.20400", "2014-03-31": "1037.44200", "2013-12-31": "1509.41800", "2013-09-30": "1106.80200", "2013-06-30": "989.38300", "2013-03-31": "855.98800", "2012-12-31": "1248.70400", "2012-09-30": "949.49100", "2012-06-30": "921.34100", "2012-03-31": "813.29400", "2011-12-31": "1148.17500", "2011-09-30": "903.21000", "2011-06-30": "845.29500", "2011-03-31": "687.86400", "2010-12-31": "956.25290", "2010-09-30": "708.37900", "2010-06-30": "680.31900", "2010-03-31": "580.66200", "2009-12-31": "815.08510", "2009-09-30": "595.30200", "2009-06-30": "576.13800", "2009-03-31": "494.21100", "2008-12-31": "797.06700", "2008-09-30": "677.08400", "2008-06-30": "659.51500", "2008-03-31": "563.92000", "2007-12-31": "861.78390", "2007-09-30": "624.15100", "2007-06-30": "676.08600", "2007-03-31": "490.05400", "2006-12-31": "704.37390", "2006-09-30": "462.31700", "2006-06-30": "509.78900", "2006-03-31": "337.09800", "2005-12-31": "498.96190", "2005-09-30": "326.38400", "2005-06-30": "325.08800", "2005-03-31": "240.17600"}, "Cost Of Goods Sold": {"2020-09-30": "3085.40000", "2020-06-30": "3017.20000", "2020-03-31": "3187.50000", "2019-12-31": "4031.00000", "2019-09-30": "3438.40000", "2019-06-30": "3273.10000", "2019-03-31": "3022.80000", "2018-12-31": "3650.40000", "2018-09-30": "3043.10000", "2018-06-30": "2980.90000", "2018-03-31": "2761.30000", "2017-12-31": "3270.10100", "2017-09-30": "2696.90000", "2017-06-30": "2662.20000", "2017-03-31": "2479.00000", "2016-12-31": "7370.70000", "2016-09-30": "1012.00000", "2016-06-30": "928.00000", "2016-03-31": "810.40000", "2015-12-31": "1105.60000", "2015-09-30": "896.00000", "2015-06-30": "825.10000", "2015-03-31": "737.90000", "2014-12-31": "1031.89500", "2014-09-30": "828.24100", "2014-06-30": "761.22400", "2014-03-31": "637.34000", "2013-12-31": "919.70810", "2013-09-30": "699.03100", "2013-06-30": "634.60000", "2013-03-31": "563.72000", "2012-12-31": "794.16110", "2012-09-30": "622.36000", "2012-06-30": "592.92800", "2012-03-31": "537.51600", "2011-12-31": "722.46800", "2011-09-30": "602.47300", "2011-06-30": "544.22200", "2011-03-31": "461.35700", "2010-12-31": "610.32700", "2010-09-30": "463.06500", "2010-06-30": "438.40800", "2010-03-31": "387.38100", "2009-12-31": "519.83510", "2009-09-30": "380.02900", "2009-06-30": "381.37600", "2009-03-31": "342.55500", "2008-12-31": "512.44010", "2008-09-30": "449.18500", "2008-06-30": "431.17500", "2008-03-31": "378.87300", "2007-12-31": "549.33190", "2007-09-30": "412.92000", "2007-06-30": "436.26500", "2007-03-31": "325.65700", "2006-12-31": "449.96800", "2006-09-30": "313.71100", "2006-06-30": "318.36900", "2006-03-31": "231.24600", "2005-12-31": "309.91200", "2005-09-30": "211.03500", "2005-06-30": "209.63900", "2005-03-31": "172.12600"}, "Gross Profit": {"2020-09-30": "892.70020", "2020-06-30": "653.20000", "2020-03-31": "908.50000", "2019-12-31": "1369.49900", "2019-09-30": "1057.20000", "2019-06-30": "993.39990", "2019-03-31": "797.80000", "2018-12-31": "1239.30100", "2018-09-30": "926.70000", "2018-06-30": "922.80000", "2018-03-31": "793.89990", "2017-12-31": "1072.89900", "2017-09-30": "825.30000", "2017-06-30": "808.10010", "2017-03-31": "638.70000", "2016-12-31": "974.90090", "2016-09-30": "693.20000", "2016-06-30": "675.60000", "2016-03-31": "526.40000", "2015-12-31": "781.80030", "2015-09-30": "605.30000", "2015-06-30": "548.40000", "2015-03-31": "465.60000", "2014-12-31": "717.08390", "2014-09-30": "537.73390", "2014-06-30": "515.98000", "2014-03-31": "400.10200", "2013-12-31": "589.70960", "2013-09-30": "407.77100", "2013-06-30": "354.78300", "2013-03-31": "292.26800", "2012-12-31": "454.54300", "2012-09-30": "327.13100", "2012-06-30": "328.41300", "2012-03-31": "275.77800", "2011-12-31": "425.70710", "2011-09-30": "300.73700", "2011-06-30": "301.07300", "2011-03-31": "226.50700", "2010-12-31": "345.92590", "2010-09-30": "245.31400", "2010-06-30": "241.91100", "2010-03-31": "193.28100", "2009-12-31": "295.25000", "2009-09-30": "215.27300", "2009-06-30": "194.76200", "2009-03-31": "151.65600", "2008-12-31": "284.62690", "2008-09-30": "227.89900", "2008-06-30": "228.34000", "2008-03-31": "185.04700", "2007-12-31": "312.45200", "2007-09-30": "211.23100", "2007-06-30": "239.82100", "2007-03-31": "164.39700", "2006-12-31": "254.40590", "2006-09-30": "148.60600", "2006-06-30": "191.42000", "2006-03-31": "105.85200", "2005-12-31": "189.05000", "2005-09-30": "115.34900", "2005-06-30": "115.44900", "2005-03-31": "68.05000"}, "Research And Development Expenses": {"2020-09-30": "", "2020-06-30": "", "2020-03-31": "", "2019-12-31": "", "2019-09-30": "", "2019-06-30": "", "2019-03-31": "", "2018-12-31": "", "2018-09-30": "", "2018-06-30": "", "2018-03-31": "", "2017-12-31": "", "2017-09-30": "", "2017-06-30": "", "2017-03-31": "", "2016-12-31": "", "2016-09-30": "", "2016-06-30": "", "2016-03-31": "", "2015-12-31": "", "2015-09-30": "", "2015-06-30": "", "2015-03-31": "", "2014-12-31": "", "2014-09-30": "", "2014-06-30": "", "2014-03-31": "", "2013-12-31": "", "2013-09-30": "", "2013-06-30": "", "2013-03-31": "", "2012-12-31": "", "2012-09-30": "", "2012-06-30": "", "2012-03-31": "", "2011-12-31": "", "2011-09-30": "", "2011-06-30": "", "2011-03-31": "", "2010-12-31": "", "2010-09-30": "", "2010-06-30": "", "2010-03-31": "", "2009-12-31": "", "2009-09-30": "", "2009-06-30": "", "2009-03-31": "", "2008-12-31": "", "2008-09-30": "", "2008-06-30": "", "2008-03-31": "", "2007-12-31": "", "2007-09-30": "", "2007-06-30": "", "2007-03-31": "", "2006-12-31": "", "2006-09-30": "", "2006-06-30": "", "2006-03-31": "", "2005-12-31": "", "2005-09-30": "", "2005-06-30": "", "2005-03-31": ""}, "SG&A Expenses": {"2020-09-30": "649.40000", "2020-06-30": "557.30000", "2020-03-31": "774.80000", "2019-12-31": "874.30000", "2019-09-30": "762.00000", "2019-06-30": "772.10000", "2019-03-31": "707.30000", "2018-12-31": "826.40000", "2018-09-30": "689.40000", "2018-06-30": "737.80000", "2018-03-31": "697.30000", "2017-12-31": "748.70000", "2017-09-30": "642.30000", "2017-06-30": "630.70000", "2017-03-31": "579.50000", "2016-12-31": "657.60000", "2016-09-30": "568.30000", "2016-06-30": "520.00000", "2016-03-31": "458.20000", "2015-12-31": "483.70000", "2015-09-30": "440.10000", "2015-06-30": "418.10000", "2015-03-31": "387.20000", "2014-12-31": "427.02500", "2014-09-30": "388.29000", "2014-06-30": "396.08600", "2014-03-31": "356.99900", "2013-12-31": "369.42710", "2013-09-30": "296.01200", "2013-06-30": "262.18500", "2013-03-31": "249.92100", "2012-12-31": "270.50000", "2012-09-30": "235.37000", "2012-06-30": "233.76500", "2012-03-31": "232.59600", "2011-12-31": "250.17300", "2011-09-30": "207.51700", "2011-06-30": "210.04400", "2011-03-31": "196.12600", "2010-12-31": "202.98400", "2010-09-30": "165.33600", "2010-06-30": "163.04200", "2010-03-31": "156.45300", "2009-12-31": "183.75900", "2009-09-30": "147.74400", "2009-06-30": "140.65300", "2009-03-31": "137.62300", "2008-12-31": "165.95700", "2008-09-30": "154.76700", "2008-06-30": "171.87500", "2008-03-31": "160.86600", "2007-12-31": "155.38200", "2007-09-30": "132.82800", "2007-06-30": "126.51700", "2007-03-31": "115.68500", "2006-12-31": "123.63200", "2006-09-30": "99.79600", "2006-06-30": "96.89400", "2006-03-31": "87.66300", "2005-12-31": "93.75000", "2005-09-30": "79.70200", "2005-06-30": "77.46000", "2005-03-31": "70.02200"}, "Other Operating Income Or Expenses": {"2020-09-30": "", "2020-06-30": "", "2020-03-31": "", "2019-12-31": "", "2019-09-30": "", "2019-06-30": "", "2019-03-31": "", "2018-12-31": "", "2018-09-30": "", "2018-06-30": "", "2018-03-31": "", "2017-12-31": "", "2017-09-30": "", "2017-06-30": "", "2017-03-31": "", "2016-12-31": "", "2016-09-30": "", "2016-06-30": "", "2016-03-31": "", "2015-12-31": "", "2015-09-30": "", "2015-06-30": "", "2015-03-31": "", "2014-12-31": "", "2014-09-30": "", "2014-06-30": "", "2014-03-31": "", "2013-12-31": "", "2013-09-30": "", "2013-06-30": "", "2013-03-31": "", "2012-12-31": "", "2012-09-30": "", "2012-06-30": "", "2012-03-31": "", "2011-12-31": "", "2011-09-30": "", "2011-06-30": "", "2011-03-31": "", "2010-12-31": "", "2010-09-30": "", "2010-06-30": "", "2010-03-31": "", "2009-12-31": "", "2009-09-30": "", "2009-06-30": "", "2009-03-31": "", "2008-12-31": "", "2008-09-30": "", "2008-06-30": "", "2008-03-31": "", "2007-12-31": "", "2007-09-30": "", "2007-06-30": "", "2007-03-31": "", "2006-12-31": "", "2006-09-30": "", "2006-06-30": "", "2006-03-31": "", "2005-12-31": "", "2005-09-30": "", "2005-06-30": "", "2005-03-31": ""}, "Operating Expenses": {"2020-09-30": "3823.20000", "2020-06-30": "3659.60000", "2020-03-31": "4031.40000", "2019-12-31": "5032.20000", "2019-09-30": "4324.00000", "2019-06-30": "4116.40000", "2019-03-31": "3795.20000", "2018-12-31": "4577.29900", "2018-09-30": "3778.90000", "2018-06-30": "3753.90000", "2018-03-31": "3501.40000", "2017-12-31": "4081.10000", "2017-09-30": "3384.40000", "2017-06-30": "3339.50000", "2017-03-31": "3102.30000", "2016-12-31": "8104.20000", "2016-09-30": "1634.20000", "2016-06-30": "1489.70000", "2016-03-31": "1307.40000", "2015-12-31": "1633.60000", "2015-09-30": "1381.00000", "2015-06-30": "1270.50000", "2015-03-31": "1150.80000", "2014-12-31": "1487.22700", "2014-09-30": "1238.51700", "2014-06-30": "1185.54800", "2014-03-31": "1052.70800", "2013-12-31": "1313.61900", "2013-09-30": "1019.70400", "2013-06-30": "923.56100", "2013-03-31": "835.88800", "2012-12-31": "1097.80600", "2012-09-30": "883.63900", "2012-06-30": "863.25900", "2012-03-31": "798.72300", "2011-12-31": "1028.95700", "2011-09-30": "848.85610", "2011-06-30": "779.72800", "2011-03-31": "675.79800", "2010-12-31": "832.78100", "2010-09-30": "646.52910", "2010-06-30": "622.97800", "2010-03-31": "562.66700", "2009-12-31": "733.13600", "2009-09-30": "550.67400", "2009-06-30": "558.78200", "2009-03-31": "521.74000", "2008-12-31": "725.20090", "2008-09-30": "643.60700", "2008-06-30": "621.31800", "2008-03-31": "555.99690", "2007-12-31": "721.46720", "2007-09-30": "559.64100", "2007-06-30": "575.09100", "2007-03-31": "453.55600", "2006-12-31": "590.61290", "2006-09-30": "425.03000", "2006-06-30": "425.47200", "2006-03-31": "328.38400", "2005-12-31": "413.43680", "2005-09-30": "299.78000", "2005-06-30": "295.18400", "2005-03-31": "250.45800"}, "Operating Income": {"2020-09-30": "154.90040", "2020-06-30": "10.80010", "2020-03-31": "64.59990", "2019-12-31": "368.29930", "2019-09-30": "171.60010", "2019-06-30": "150.09960", "2019-03-31": "25.39990", "2018-12-31": "312.40140", "2018-09-30": "190.89990", "2018-06-30": "149.80000", "2018-03-31": "53.79980", "2017-12-31": "261.89970", "2017-09-30": "137.80000", "2017-06-30": "130.80030", "2017-03-31": "15.39990", "2016-12-31": "241.40090", "2016-09-30": "71.00000", "2016-06-30": "113.89990", "2016-03-31": "29.40000", "2015-12-31": "253.80000", "2015-09-30": "120.30000", "2015-06-30": "103.00000", "2015-03-31": "52.70000", "2014-12-31": "261.75210", "2014-09-30": "127.45790", "2014-06-30": "91.65590", "2014-03-31": "-15.26600", "2013-12-31": "195.79880", "2013-09-30": "87.09800", "2013-06-30": "65.82200", "2013-03-31": "20.10000", "2012-12-31": "150.89810", "2012-09-30": "65.85210", "2012-06-30": "58.08200", "2012-03-31": "14.57100", "2011-12-31": "119.21810", "2011-09-30": "54.35390", "2011-06-30": "65.56700", "2011-03-31": "12.06600", "2010-12-31": "123.47190", "2010-09-30": "61.85000", "2010-06-30": "57.34100", "2010-03-31": "17.99500", "2009-12-31": "81.94920", "2009-09-30": "44.62800", "2009-06-30": "17.35600", "2009-03-31": "-27.52900", "2008-12-31": "71.86600", "2008-09-30": "33.47700", "2008-06-30": "38.19700", "2008-03-31": "7.92300", "2007-12-31": "140.31680", "2007-09-30": "64.51000", "2007-06-30": "100.99500", "2007-03-31": "36.49800", "2006-12-31": "113.76100", "2006-09-30": "37.28700", "2006-06-30": "84.31700", "2006-03-31": "8.71400", "2005-12-31": "85.52510", "2005-09-30": "26.60400", "2005-06-30": "29.90400", "2005-03-31": "-10.28200"}, "Total Non-Operating Income/Expense": {"2020-09-30": "5.40000", "2020-06-30": "5.00000", "2020-03-31": "-42.00000", "2019-12-31": "-10.10000", "2019-09-30": "-0.20000", "2019-06-30": "-2.60000", "2019-03-31": "-4.90000", "2018-12-31": "8.40000", "2018-09-30": "-9.20000", "2018-06-30": "-2.40000", "2018-03-31": "2.30000", "2017-12-31": "-1.00000", "2017-09-30": "-2.60000", "2017-06-30": "-0.10000", "2017-03-31": "-6.40000", "2016-12-31": "-0.80000", "2016-09-30": "-6.90000", "2016-06-30": "11.60000", "2016-03-31": "4.10000", "2015-12-31": "5.90000", "2015-09-30": "18.60000", "2015-06-30": "19.50000", "2015-03-31": "5.30000", "2014-12-31": "0.71600", "2014-09-30": "12.19100", "2014-06-30": "4.82700", "2014-03-31": "2.26600", "2013-12-31": "2.09600", "2013-09-30": "-3.05700", "2013-06-30": "0.02700", "2013-03-31": "-2.44100", "2012-12-31": "-8.97800", "2012-09-30": "0.74600", "2012-06-30": "-7.50600", "2012-03-31": "4.42200", "2011-12-31": "-4.66800", "2011-09-30": "-9.15300", "2011-06-30": "-5.45100", "2011-03-31": "-9.93400", "2010-12-31": "-10.50600", "2010-09-30": "-13.50400", "2010-06-30": "-15.71400", "2010-03-31": "-17.45700", "2009-12-31": "-14.06500", "2009-09-30": "-21.26400", "2009-06-30": "-33.77600", "2009-03-31": "-44.78000", "2008-12-31": "-16.86000", "2008-09-30": "-13.19000", "2008-06-30": "-2.59100", "2008-03-31": "-3.38900", "2007-12-31": "-2.28300", "2007-09-30": "0.60100", "2007-06-30": "6.24100", "2007-03-31": "0.72200", "2006-12-31": "-2.65600", "2006-09-30": "-3.33900", "2006-06-30": "5.11500", "2006-03-31": "-4.15300", "2005-12-31": "5.07200", "2005-09-30": "1.03300", "2005-06-30": "3.27400", "2005-03-31": "-1.22200"}, "Pre-Tax Income": {"2020-09-30": "160.30000", "2020-06-30": "15.80000", "2020-03-31": "22.60000", "2019-12-31": "358.20000", "2019-09-30": "171.40000", "2019-06-30": "147.50000", "2019-03-31": "20.50000", "2018-12-31": "320.80000", "2018-09-30": "181.70000", "2018-06-30": "147.40000", "2018-03-31": "56.10000", "2017-12-31": "260.90000", "2017-09-30": "135.20000", "2017-06-30": "130.70000", "2017-03-31": "9.00000", "2016-12-31": "240.60000", "2016-09-30": "64.10000", "2016-06-30": "125.50000", "2016-03-31": "33.50000", "2015-12-31": "259.70000", "2015-09-30": "138.90000", "2015-06-30": "122.50000", "2015-03-31": "58.00000", "2014-12-31": "262.46800", "2014-09-30": "139.64900", "2014-06-30": "96.48300", "2014-03-31": "-13.00000", "2013-12-31": "197.89500", "2013-09-30": "84.04100", "2013-06-30": "65.84900", "2013-03-31": "17.65900", "2012-12-31": "141.92000", "2012-09-30": "66.59800", "2012-06-30": "50.57600", "2012-03-31": "18.99300", "2011-12-31": "114.55000", "2011-09-30": "45.20100", "2011-06-30": "60.11600", "2011-03-31": "2.13200", "2010-12-31": "112.96600", "2010-09-30": "48.34600", "2010-06-30": "41.62700", "2010-03-31": "0.53800", "2009-12-31": "67.88400", "2009-09-30": "23.36400", "2009-06-30": "-16.42000", "2009-03-31": "-72.30900", "2008-12-31": "55.00600", "2008-09-30": "20.28700", "2008-06-30": "35.60600", "2008-03-31": "4.53400", "2007-12-31": "138.03400", "2007-09-30": "65.11100", "2007-06-30": "107.23600", "2007-03-31": "37.22000", "2006-12-31": "111.10500", "2006-09-30": "33.94800", "2006-06-30": "89.43200", "2006-03-31": "4.56100", "2005-12-31": "90.59700", "2005-09-30": "27.63700", "2005-06-30": "33.17800", "2005-03-31": "-11.50400"}, "Income Taxes": {"2020-09-30": "25.70000", "2020-06-30": "1.50000", "2020-03-31": "5.00000", "2019-12-31": "82.10000", "2019-09-30": "42.10000", "2019-06-30": "36.20000", "2019-03-31": "-0.70000", "2018-12-31": "117.60000", "2018-09-30": "45.60000", "2018-06-30": "37.60000", "2018-03-31": "13.50000", "2017-12-31": "183.20000", "2017-09-30": "36.00000", "2017-06-30": "35.80000", "2017-03-31": "1.30000", "2016-12-31": "62.50000", "2016-09-30": "15.90000", "2016-06-30": "31.10000", "2016-03-31": "8.30000", "2015-12-31": "61.30000", "2015-09-30": "25.70000", "2015-06-30": "31.10000", "2015-03-31": "14.70000", "2014-12-31": "67.71200", "2014-09-30": "34.91200", "2014-06-30": "24.12100", "2014-03-31": "-29.14500", "2013-12-31": "50.37300", "2013-09-30": "20.92500", "2013-06-30": "16.39700", "2013-03-31": "4.39700", "2012-12-31": "34.65800", "2012-09-30": "16.91600", "2012-06-30": "12.84600", "2012-03-31": "4.82400", "2011-12-31": "29.52500", "2011-09-30": "11.30000", "2011-06-30": "15.02900", "2011-03-31": "0.53300", "2010-12-31": "28.22000", "2010-09-30": "11.12000", "2010-06-30": "9.57400", "2010-03-31": "0.12400", "2009-12-31": "15.48100", "2009-09-30": "3.50500", "2009-06-30": "-2.46300", "2009-03-31": "-10.84600", "2008-12-31": "13.51500", "2008-09-30": "5.11200", "2008-06-30": "8.97300", "2008-03-31": "1.14300", "2007-12-31": "31.65500", "2007-09-30": "17.38400", "2007-06-30": "28.63200", "2007-03-31": "9.92400", "2006-12-31": "30.17700", "2006-09-30": "9.25100", "2006-06-30": "23.21600", "2006-03-31": "1.18100", "2005-12-31": "23.71100", "2005-09-30": "7.02000", "2005-06-30": "8.42700", "2005-03-31": "-2.92200"}, "Income After Taxes": {"2020-09-30": "134.60000", "2020-06-30": "14.30000", "2020-03-31": "17.60000", "2019-12-31": "276.10000", "2019-09-30": "129.30000", "2019-06-30": "111.30000", "2019-03-31": "21.20000", "2018-12-31": "203.20000", "2018-09-30": "136.10000", "2018-06-30": "109.80000", "2018-03-31": "42.60000", "2017-12-31": "77.70000", "2017-09-30": "99.20000", "2017-06-30": "94.90000", "2017-03-31": "7.70000", "2016-12-31": "178.10000", "2016-09-30": "48.20000", "2016-06-30": "94.40000", "2016-03-31": "25.20000", "2015-12-31": "198.40000", "2015-09-30": "113.20000", "2015-06-30": "91.40000", "2015-03-31": "43.30000", "2014-12-31": "194.75600", "2014-09-30": "104.73700", "2014-06-30": "72.36200", "2014-03-31": "16.14500", "2013-12-31": "147.52200", "2013-09-30": "63.11600", "2013-06-30": "49.45200", "2013-03-31": "13.26200", "2012-12-31": "107.26200", "2012-09-30": "49.68200", "2012-06-30": "37.73000", "2012-03-31": "14.16900", "2011-12-31": "85.02500", "2011-09-30": "33.90100", "2011-06-30": "45.08700", "2011-03-31": "1.59900", "2010-12-31": "84.74600", "2010-09-30": "37.22600", "2010-06-30": "32.05300", "2010-03-31": "0.41400", "2009-12-31": "52.40300", "2009-09-30": "19.85900", "2009-06-30": "-13.95700", "2009-03-31": "-61.46300", "2008-12-31": "41.49100", "2008-09-30": "15.17500", "2008-06-30": "26.63300", "2008-03-31": "3.39100", "2007-12-31": "106.37900", "2007-09-30": "47.72700", "2007-06-30": "78.60400", "2007-03-31": "27.29600", "2006-12-31": "80.92800", "2006-09-30": "24.69700", "2006-06-30": "66.21600", "2006-03-31": "3.38000", "2005-12-31": "66.88600", "2005-09-30": "20.61700", "2005-06-30": "24.75100", "2005-03-31": "-8.58200"}, "Other Income": {"2020-09-30": "", "2020-06-30": "", "2020-03-31": "", "2019-12-31": "", "2019-09-30": "", "2019-06-30": "", "2019-03-31": "", "2018-12-31": "", "2018-09-30": "", "2018-06-30": "", "2018-03-31": "", "2017-12-31": "", "2017-09-30": "", "2017-06-30": "", "2017-03-31": "", "2016-12-31": "", "2016-09-30": "", "2016-06-30": "", "2016-03-31": "", "2015-12-31": "", "2015-09-30": "", "2015-06-30": "", "2015-03-31": "", "2014-12-31": "", "2014-09-30": "", "2014-06-30": "", "2014-03-31": "", "2013-12-31": "", "2013-09-30": "", "2013-06-30": "", "2013-03-31": "", "2012-12-31": "", "2012-09-30": "", "2012-06-30": "", "2012-03-31": "", "2011-12-31": "", "2011-09-30": "", "2011-06-30": "", "2011-03-31": "", "2010-12-31": "", "2010-09-30": "", "2010-06-30": "", "2010-03-31": "", "2009-12-31": "", "2009-09-30": "", "2009-06-30": "", "2009-03-31": "", "2008-12-31": "", "2008-09-30": "", "2008-06-30": "", "2008-03-31": "", "2007-12-31": "", "2007-09-30": "", "2007-06-30": "", "2007-03-31": "", "2006-12-31": "", "2006-09-30": "", "2006-06-30": "", "2006-03-31": "", "2005-12-31": "", "2005-09-30": "", "2005-06-30": "", "2005-03-31": ""}, "Income From Continuous Operations": {"2020-09-30": "134.60000", "2020-06-30": "14.30000", "2020-03-31": "17.60000", "2019-12-31": "276.10000", "2019-09-30": "129.30000", "2019-06-30": "111.30000", "2019-03-31": "21.20000", "2018-12-31": "203.20000", "2018-09-30": "136.10000", "2018-06-30": "109.80000", "2018-03-31": "42.60000", "2017-12-31": "77.70000", "2017-09-30": "99.20000", "2017-06-30": "94.90000", "2017-03-31": "7.70000", "2016-12-31": "178.10000", "2016-09-30": "48.20000", "2016-06-30": "94.40000", "2016-03-31": "25.20000", "2015-12-31": "198.40000", "2015-09-30": "113.20000", "2015-06-30": "91.40000", "2015-03-31": "43.30000", "2014-12-31": "194.75600", "2014-09-30": "104.73700", "2014-06-30": "72.36200", "2014-03-31": "16.14500", "2013-12-31": "147.52200", "2013-09-30": "63.11600", "2013-06-30": "49.45200", "2013-03-31": "13.26200", "2012-12-31": "107.26200", "2012-09-30": "49.68200", "2012-06-30": "37.73000", "2012-03-31": "14.16900", "2011-12-31": "85.02500", "2011-09-30": "33.90100", "2011-06-30": "45.08700", "2011-03-31": "1.59900", "2010-12-31": "84.74600", "2010-09-30": "37.22600", "2010-06-30": "32.05300", "2010-03-31": "0.41400", "2009-12-31": "52.40300", "2009-09-30": "19.85900", "2009-06-30": "-13.95700", "2009-03-31": "-61.46300", "2008-12-31": "41.49100", "2008-09-30": "15.17500", "2008-06-30": "26.63300", "2008-03-31": "3.39100", "2007-12-31": "107.57600", "2007-09-30": "46.53000", "2007-06-30": "78.60400", "2007-03-31": "27.29600", "2006-12-31": "80.92800", "2006-09-30": "24.69700", "2006-06-30": "66.21600", "2006-03-31": "3.38000", "2005-12-31": "66.88600", "2005-09-30": "20.61700", "2005-06-30": "24.75100", "2005-03-31": "-8.58200"}, "Income From Discontinued Operations": {"2020-09-30": "", "2020-06-30": "", "2020-03-31": "", "2019-12-31": "", "2019-09-30": "", "2019-06-30": "", "2019-03-31": "", "2018-12-31": "", "2018-09-30": "", "2018-06-30": "", "2018-03-31": "", "2017-12-31": "", "2017-09-30": "", "2017-06-30": "", "2017-03-31": "", "2016-12-31": "", "2016-09-30": "", "2016-06-30": "", "2016-03-31": "", "2015-12-31": "", "2015-09-30": "", "2015-06-30": "", "2015-03-31": "", "2014-12-31": "", "2014-09-30": "", "2014-06-30": "", "2014-03-31": "", "2013-12-31": "", "2013-09-30": "", "2013-06-30": "", "2013-03-31": "", "2012-12-31": "", "2012-09-30": "", "2012-06-30": "", "2012-03-31": "", "2011-12-31": "", "2011-09-30": "", "2011-06-30": "", "2011-03-31": "", "2010-12-31": "", "2010-09-30": "", "2010-06-30": "", "2010-03-31": "", "2009-12-31": "", "2009-09-30": "", "2009-06-30": "", "2009-03-31": "", "2008-12-31": "", "2008-09-30": "", "2008-06-30": "", "2008-03-31": "", "2007-12-31": "", "2007-09-30": "", "2007-06-30": "", "2007-03-31": "", "2006-12-31": "", "2006-09-30": "", "2006-06-30": "", "2006-03-31": "", "2005-12-31": "", "2005-09-30": "", "2005-06-30": "", "2005-03-31": ""}, "Net Income": {"2020-09-30": "131.90000", "2020-06-30": "15.20000", "2020-03-31": "5.30000", "2019-12-31": "273.70000", "2019-09-30": "128.90000", "2019-06-30": "110.50000", "2019-03-31": "21.30000", "2018-12-31": "201.10000", "2018-09-30": "134.90000", "2018-06-30": "107.80000", "2018-03-31": "40.30000", "2017-12-31": "76.20000", "2017-09-30": "98.30000", "2017-06-30": "94.30000", "2017-03-31": "7.20000", "2016-12-31": "176.80000", "2016-09-30": "48.00000", "2016-06-30": "78.80000", "2016-03-31": "25.70000", "2015-12-31": "195.90000", "2015-09-30": "110.50000", "2015-06-30": "90.10000", "2015-03-31": "41.90000", "2014-12-31": "193.74800", "2014-09-30": "104.28400", "2014-06-30": "71.76600", "2014-03-31": "15.90200", "2013-12-31": "147.15300", "2013-09-30": "62.85700", "2013-06-30": "46.29000", "2013-03-31": "13.15600", "2012-12-31": "106.83100", "2012-09-30": "49.51300", "2012-06-30": "37.18800", "2012-03-31": "14.02400", "2011-12-31": "84.76700", "2011-09-30": "33.88000", "2011-06-30": "43.86000", "2011-03-31": "1.49000", "2010-12-31": "84.39600", "2010-09-30": "37.12500", "2010-06-30": "31.75700", "2010-03-31": "0.24600", "2009-12-31": "52.02800", "2009-09-30": "19.77100", "2009-06-30": "-14.43300", "2009-03-31": "-61.47500", "2008-12-31": "41.15600", "2008-09-30": "15.00400", "2008-06-30": "24.51600", "2008-03-31": "2.83900", "2007-12-31": "104.73200", "2007-09-30": "46.53000", "2007-06-30": "77.93200", "2007-03-31": "27.29600", "2006-12-31": "80.39300", "2006-09-30": "24.69700", "2006-06-30": "65.69400", "2006-03-31": "4.56000", "2005-12-31": "66.88700", "2005-09-30": "20.23100", "2005-06-30": "24.75100", "2005-03-31": "-8.58200"}, "EBITDA": {"2020-09-30": "154.90040", "2020-06-30": "10.80010", "2020-03-31": "64.59990", "2019-12-31": "368.29930", "2019-09-30": "171.60010", "2019-06-30": "150.09960", "2019-03-31": "25.39990", "2018-12-31": "312.40140", "2018-09-30": "190.89990", "2018-06-30": "149.80000", "2018-03-31": "53.79980", "2017-12-31": "261.89970", "2017-09-30": "137.80000", "2017-06-30": "130.80030", "2017-03-31": "15.39990", "2016-12-31": "241.40090", "2016-09-30": "71.00000", "2016-06-30": "113.89990", "2016-03-31": "29.40000", "2015-12-31": "253.80000", "2015-09-30": "120.30000", "2015-06-30": "103.00000", "2015-03-31": "52.70000", "2014-12-31": "299.39810", "2014-09-30": "155.11890", "2014-06-30": "120.29790", "2014-03-31": "14.28500", "2013-12-31": "222.11780", "2013-09-30": "113.09000", "2013-06-30": "92.71500", "2013-03-31": "47.88900", "2012-12-31": "178.23510", "2012-09-30": "92.16210", "2012-06-30": "85.79700", "2012-03-31": "48.67000", "2011-12-31": "152.48010", "2011-09-30": "84.16390", "2011-06-30": "94.25000", "2011-03-31": "41.52900", "2010-12-31": "157.28590", "2010-09-30": "88.53700", "2010-06-30": "84.47600", "2010-03-31": "48.90900", "2009-12-31": "115.22810", "2009-09-30": "73.00100", "2009-06-30": "50.23900", "2009-03-31": "12.24800", "2008-12-31": "122.35900", "2008-09-30": "72.34000", "2008-06-30": "72.56600", "2008-03-31": "40.46500", "2007-12-31": "184.07380", "2007-09-30": "83.33300", "2007-06-30": "127.12900", "2007-03-31": "61.87500", "2006-12-31": "148.62200", "2006-09-30": "58.91800", "2006-06-30": "103.97800", "2006-03-31": "26.74900", "2005-12-31": "110.95910", "2005-09-30": "39.71600", "2005-06-30": "43.77200", "2005-03-31": "3.58000"}, "EBIT": {"2020-09-30": "154.90040", "2020-06-30": "10.80010", "2020-03-31": "64.59990", "2019-12-31": "368.29880", "2019-09-30": "171.60010", "2019-06-30": "150.09960", "2019-03-31": "25.39990", "2018-12-31": "312.40160", "2018-09-30": "190.89990", "2018-06-30": "149.80000", "2018-03-31": "53.79980", "2017-12-31": "261.89920", "2017-09-30": "137.80000", "2017-06-30": "130.80030", "2017-03-31": "15.39990", "2016-12-31": "241.40030", "2016-09-30": "71.00000", "2016-06-30": "113.89990", "2016-03-31": "29.40000", "2015-12-31": "253.79980", "2015-09-30": "120.30000", "2015-06-30": "103.00000", "2015-03-31": "52.70000", "2014-12-31": "261.75230", "2014-09-30": "127.45790", "2014-06-30": "91.65590", "2014-03-31": "-15.26600", "2013-12-31": "195.79890", "2013-09-30": "87.09800", "2013-06-30": "65.82200", "2013-03-31": "20.10000", "2012-12-31": "150.89800", "2012-09-30": "65.85210", "2012-06-30": "58.08200", "2012-03-31": "14.57100", "2011-12-31": "119.21810", "2011-09-30": "54.35390", "2011-06-30": "65.56700", "2011-03-31": "12.06600", "2010-12-31": "123.47200", "2010-09-30": "61.85000", "2010-06-30": "57.34100", "2010-03-31": "17.99500", "2009-12-31": "81.94900", "2009-09-30": "44.62800", "2009-06-30": "17.35600", "2009-03-31": "-27.52900", "2008-12-31": "71.86610", "2008-09-30": "33.47700", "2008-06-30": "38.19700", "2008-03-31": "7.92300", "2007-12-31": "140.31680", "2007-09-30": "64.51000", "2007-06-30": "100.99500", "2007-03-31": "36.49800", "2006-12-31": "113.76110", "2006-09-30": "37.28700", "2006-06-30": "84.31700", "2006-03-31": "8.71400", "2005-12-31": "85.52520", "2005-09-30": "26.60400", "2005-06-30": "29.90400", "2005-03-31": "-10.28200"}, "Basic Shares Outstanding": {"2020-09-30": "51.76100", "2020-06-30": "51.63500", "2020-03-31": "51.61200", "2019-12-31": "48.64700", "2019-09-30": "51.52800", "2019-06-30": "45.74900", "2019-03-31": "45.67400", "2018-12-31": "45.51700", "2018-09-30": "45.54900", "2018-06-30": "45.49300", "2018-03-31": "45.44300", "2017-12-31": "45.31600", "2017-09-30": "45.34900", "2017-06-30": "45.28800", "2017-03-31": "45.25800", "2016-12-31": "45.15400", "2016-09-30": "45.18800", "2016-06-30": "45.12100", "2016-03-31": "45.09500", "2015-12-31": "44.94000", "2015-09-30": "45.00100", "2015-06-30": "44.86900", "2015-03-31": "44.84400", "2014-12-31": "44.68400", "2014-09-30": "44.80900", "2014-06-30": "44.58600", "2014-03-31": "44.51400", "2013-12-31": "44.25900", "2013-09-30": "44.40700", "2013-06-30": "44.10100", "2013-03-31": "44.08100", "2012-12-31": "43.84900", "2012-09-30": "44.01600", "2012-06-30": "43.71900", "2012-03-31": "43.60500", "2011-12-31": "43.17000", "2011-09-30": "43.42200", "2011-06-30": "42.93400", "2011-03-31": "42.84700", "2010-12-31": "42.29600", "2010-09-30": "42.56900", "2010-06-30": "42.03700", "2010-03-31": "41.91300", "2009-12-31": "38.54300", "2009-09-30": "41.76200", "2009-06-30": "35.83600", "2009-03-31": "34.61800", "2008-12-31": "33.09800", "2008-09-30": "34.21700", "2008-06-30": "31.87600", "2008-03-31": "31.77300", "2007-12-31": "32.02100", "2007-09-30": "32.41700", "2007-06-30": "31.82800", "2007-03-31": "31.93000", "2006-12-31": "31.87200", "2006-09-30": "32.10700", "2006-06-30": "31.68800", "2006-03-31": "31.51200", "2005-12-31": "31.38400", "2005-09-30": "31.57600", "2005-06-30": "31.04000", "2005-03-31": "31.26900"}, "Shares Outstanding": {"2020-09-30": "52.24700", "2020-06-30": "52.17300", "2020-03-31": "52.45800", "2019-12-31": "49.15400", "2019-09-30": "52.10400", "2019-06-30": "46.04000", "2019-03-31": "46.01900", "2018-12-31": "45.93100", "2018-09-30": "45.96500", "2018-06-30": "45.95100", "2018-03-31": "45.90500", "2017-12-31": "45.75800", "2017-09-30": "45.81400", "2017-06-30": "45.78200", "2017-03-31": "45.68900", "2016-12-31": "45.52800", "2016-09-30": "45.61200", "2016-06-30": "45.57400", "2016-03-31": "45.48300", "2015-12-31": "45.41500", "2015-09-30": "45.45300", "2015-06-30": "45.43500", "2015-03-31": "45.37400", "2014-12-31": "45.26100", "2014-09-30": "45.29100", "2014-06-30": "45.27800", "2014-03-31": "45.20200", "2013-12-31": "45.07200", "2013-09-30": "45.06300", "2013-06-30": "45.14100", "2013-03-31": "45.05500", "2012-12-31": "44.79900", "2012-09-30": "44.82600", "2012-06-30": "44.84700", "2012-03-31": "44.68500", "2011-12-31": "44.36700", "2011-09-30": "44.35500", "2011-06-30": "44.47300", "2011-03-31": "44.35900", "2010-12-31": "44.08400", "2010-09-30": "44.08900", "2010-06-30": "44.25000", "2010-03-31": "43.95000", "2009-12-31": "38.54300", "2009-09-30": "43.30000", "2009-06-30": "35.83600", "2009-03-31": "34.61800", "2008-12-31": "34.20500", "2008-09-30": "35.03600", "2008-06-30": "33.45800", "2008-03-31": "33.22900", "2007-12-31": "33.57800", "2007-09-30": "33.61100", "2007-06-30": "33.65500", "2007-03-31": "33.68800", "2006-12-31": "33.44800", "2006-09-30": "33.75100", "2006-06-30": "33.82200", "2006-03-31": "33.68100", "2005-12-31": "33.10900", "2005-09-30": "33.42600", "2005-06-30": "33.51200", "2005-03-31": "31.26900"}, "Basic EPS": {"2020-09-30": "2.55000", "2020-06-30": "0.29000", "2020-03-31": "0.10000", "2019-12-31": "5.59000", "2019-09-30": "2.50000", "2019-06-30": "2.42000", "2019-03-31": "0.47000", "2018-12-31": "4.42000", "2018-09-30": "2.96000", "2018-06-30": "2.37000", "2018-03-31": "0.89000", "2017-12-31": "1.68000", "2017-09-30": "2.17000", "2017-06-30": "2.08000", "2017-03-31": "0.16000", "2016-12-31": "3.91000", "2016-09-30": "1.06000", "2016-06-30": "1.75000", "2016-03-31": "0.57000", "2015-12-31": "4.36000", "2015-09-30": "2.45000", "2015-06-30": "2.01000", "2015-03-31": "0.93000", "2014-12-31": "4.33000", "2014-09-30": "2.33000", "2014-06-30": "1.61000", "2014-03-31": "0.36000", "2013-12-31": "3.32000", "2013-09-30": "1.42000", "2013-06-30": "1.05000", "2013-03-31": "0.30000", "2012-12-31": "2.44000", "2012-09-30": "1.12000", "2012-06-30": "0.85000", "2012-03-31": "0.32000", "2011-12-31": "1.97000", "2011-09-30": "0.78000", "2011-06-30": "1.02000", "2011-03-31": "0.03000", "2010-12-31": "1.99000", "2010-09-30": "0.87000", "2010-06-30": "0.76000", "2010-03-31": "0.01000", "2009-12-31": "1.60000", "2009-09-30": "0.47000", "2009-06-30": "-0.40000", "2009-03-31": "-1.78000", "2008-12-31": "1.22000", "2008-09-30": "0.44000", "2008-06-30": "0.77000", "2008-03-31": "0.09000", "2007-12-31": "3.27000", "2007-09-30": "1.44000", "2007-06-30": "2.45000", "2007-03-31": "0.85000", "2006-12-31": "2.52000", "2006-09-30": "0.77000", "2006-06-30": "2.07000", "2006-03-31": "0.14000", "2005-12-31": "2.12000", "2005-09-30": "0.64000", "2005-06-30": "0.80000", "2005-03-31": "-0.27000"}, "EPS - Earnings Per Share": {"2020-09-30": "2.52000", "2020-06-30": "0.29000", "2020-03-31": "0.10000", "2019-12-31": "5.54000", "2019-09-30": "2.47000", "2019-06-30": "2.40000", "2019-03-31": "0.46000", "2018-12-31": "4.38000", "2018-09-30": "2.93000", "2018-06-30": "2.35000", "2018-03-31": "0.88000", "2017-12-31": "1.66000", "2017-09-30": "2.15000", "2017-06-30": "2.06000", "2017-03-31": "0.16000", "2016-12-31": "3.89000", "2016-09-30": "1.05000", "2016-06-30": "1.73000", "2016-03-31": "0.56000", "2015-12-31": "4.32000", "2015-09-30": "2.43000", "2015-06-30": "1.98000", "2015-03-31": "0.92000", "2014-12-31": "4.29000", "2014-09-30": "2.30000", "2014-06-30": "1.58000", "2014-03-31": "0.35000", "2013-12-31": "3.27000", "2013-09-30": "1.39000", "2013-06-30": "1.03000", "2013-03-31": "0.29000", "2012-12-31": "2.39000", "2012-09-30": "1.10000", "2012-06-30": "0.83000", "2012-03-31": "0.31000", "2011-12-31": "1.92000", "2011-09-30": "0.76000", "2011-06-30": "0.99000", "2011-03-31": "0.03000", "2010-12-31": "1.91000", "2010-09-30": "0.84000", "2010-06-30": "0.72000", "2010-03-31": "0.01000", "2009-12-31": "1.61000", "2009-09-30": "0.46000", "2009-06-30": "-0.40000", "2009-03-31": "-1.78000", "2008-12-31": "1.19000", "2008-09-30": "0.43000", "2008-06-30": "0.73000", "2008-03-31": "0.09000", "2007-12-31": "3.13000", "2007-09-30": "1.38000", "2007-06-30": "2.32000", "2007-03-31": "0.81000", "2006-12-31": "2.43000", "2006-09-30": "0.73000", "2006-06-30": "1.94000", "2006-03-31": "0.14000", "2005-12-31": "2.04000", "2005-09-30": "0.61000", "2005-06-30": "0.74000", "2005-03-31": "-0.27000"}}, "balance sheet": {"Cash On Hand": {"2019-12-31": "451.90000", "2018-12-31": "480.90000", "2017-12-31": "268.00000", "2016-12-31": "258.50000", "2015-12-31": "216.60000", "2014-12-31": "250.41300", "2013-12-31": "152.72600", "2012-12-31": "152.15900", "2011-12-31": "184.45400", "2010-12-31": "251.89700", "2009-12-31": "69.26300", "2008-12-31": "45.89300", "2007-12-31": "78.58000", "2006-12-31": "50.61200", "2005-12-31": "28.65800"}, "Receivables": {"2019-12-31": "4955.60000", "2018-12-31": "4287.70000", "2017-12-31": "3870.20000", "2016-12-31": "2647.80000", "2015-12-31": "2125.00000", "2014-12-31": "1679.34700", "2013-12-31": "1433.68900", "2012-12-31": "1199.81900", "2011-12-31": "962.61200", "2010-12-31": "764.22100", "2009-12-31": "722.93400", "2008-12-31": "770.77800", "2007-12-31": "868.08400", "2006-12-31": "659.90200", "2005-12-31": "436.01800"}, "Inventory": {"2019-12-31": "", "2018-12-31": "", "2017-12-31": "", "2016-12-31": "", "2015-12-31": "", "2014-12-31": "", "2013-12-31": "", "2012-12-31": "", "2011-12-31": "", "2010-12-31": "", "2009-12-31": "", "2008-12-31": "", "2007-12-31": "", "2006-12-31": "", "2005-12-31": ""}, "Pre-Paid Expenses": {"2019-12-31": "", "2018-12-31": "", "2017-12-31": "", "2016-12-31": "", "2015-12-31": "", "2014-12-31": "", "2013-12-31": "", "2012-12-31": "", "2011-12-31": "", "2010-12-31": "", "2009-12-31": "", "2008-12-31": "", "2007-12-31": "", "2006-12-31": "", "2005-12-31": ""}, "Other Current Assets": {"2019-12-31": "", "2018-12-31": "", "2017-12-31": "", "2016-12-31": "", "2015-12-31": "", "2014-12-31": "", "2013-12-31": "", "2012-12-31": "", "2011-12-31": "", "2010-12-31": "", "2009-12-31": "", "2008-12-31": "", "2007-12-31": "", "2006-12-31": "", "2005-12-31": ""}, "Total Current Assets": {"2019-12-31": "5407.50000", "2018-12-31": "4768.60000", "2017-12-31": "4138.20000", "2016-12-31": "3233.00000", "2015-12-31": "2608.90000", "2014-12-31": "2111.13700", "2013-12-31": "1680.93400", "2012-12-31": "1453.93000", "2011-12-31": "1244.38100", "2010-12-31": "1092.49200", "2009-12-31": "866.18100", "2008-12-31": "906.30700", "2007-12-31": "999.35900", "2006-12-31": "740.59300", "2005-12-31": "479.90700"}, "Property, Plant, And Equipment": {"2019-12-31": "701.90000", "2018-12-31": "567.90000", "2017-12-31": "543.90000", "2016-12-31": "501.00000", "2015-12-31": "423.30000", "2014-12-31": "368.36100", "2013-12-31": "295.54700", "2012-12-31": "269.33800", "2011-12-31": "241.41500", "2010-12-31": "198.68500", "2009-12-31": "213.70800", "2008-12-31": "224.84500", "2007-12-31": "193.32900", "2006-12-31": "120.37600", "2005-12-31": "82.18600"}, "Long-Term Investments": {"2019-12-31": "", "2018-12-31": "", "2017-12-31": "", "2016-12-31": "", "2015-12-31": "", "2014-12-31": "", "2013-12-31": "", "2012-12-31": "", "2011-12-31": "", "2010-12-31": "", "2009-12-31": "", "2008-12-31": "", "2007-12-31": "", "2006-12-31": "", "2005-12-31": ""}, "Goodwill And Intangible Assets": {"2019-12-31": "4850.80000", "2018-12-31": "3034.70000", "2017-12-31": "3014.30000", "2016-12-31": "2874.30000", "2015-12-31": "2368.70000", "2014-12-31": "1946.76500", "2013-12-31": "1945.65900", "2012-12-31": "1899.69300", "2011-12-31": "1803.79700", "2010-12-31": "1473.73300", "2009-12-31": "1478.74200", "2008-12-31": "1507.98200", "2007-12-31": "735.67400", "2006-12-31": "558.06100", "2005-12-31": "340.12200"}, "Other Long-Term Assets": {"2019-12-31": "1312.70000", "2018-12-31": "1186.00000", "2017-12-31": "1099.20000", "2016-12-31": "667.20000", "2015-12-31": "564.70000", "2014-12-31": "446.94200", "2013-12-31": "485.51000", "2012-12-31": "479.81500", "2011-12-31": "402.88500", "2010-12-31": "353.19100", "2009-12-31": "316.10300", "2008-12-31": "276.31800", "2007-12-31": "240.05600", "2006-12-31": "224.22300", "2005-12-31": "147.47600"}, "Total Long-Term Assets": {"2019-12-31": "7460.70000", "2018-12-31": "5256.90000", "2017-12-31": "5116.20000", "2016-12-31": "4396.40000", "2015-12-31": "3578.20000", "2014-12-31": "2964.19900", "2013-12-31": "2916.41900", "2012-12-31": "2897.56900", "2011-12-31": "2688.25500", "2010-12-31": "2257.36900", "2009-12-31": "2230.75200", "2008-12-31": "2170.71800", "2007-12-31": "1292.51500", "2006-12-31": "989.35500", "2005-12-31": "664.86200"}, "Total Assets": {"2019-12-31": "13672.60000", "2018-12-31": "10025.50000", "2017-12-31": "9254.40000", "2016-12-31": "7629.40000", "2015-12-31": "6187.10000", "2014-12-31": "5075.33600", "2013-12-31": "4597.35300", "2012-12-31": "4351.49900", "2011-12-31": "3932.63600", "2010-12-31": "3349.86100", "2009-12-31": "3096.93300", "2008-12-31": "3077.02500", "2007-12-31": "2291.87400", "2006-12-31": "1729.94800", "2005-12-31": "1144.76900"}, "Total Current Liabilities": {"2019-12-31": "3138.70000", "2018-12-31": "2898.60000", "2017-12-31": "2489.60000", "2016-12-31": "2029.00000", "2015-12-31": "1905.40000", "2014-12-31": "1640.33800", "2013-12-31": "1363.45200", "2012-12-31": "1215.76800", "2011-12-31": "1187.95800", "2010-12-31": "984.22200", "2009-12-31": "850.67690", "2008-12-31": "864.95400", "2007-12-31": "973.25600", "2006-12-31": "753.68000", "2005-12-31": "474.59900"}, "Long Term Debt": {"2019-12-31": "1177.30000", "2018-12-31": "655.60000", "2017-12-31": "675.30000", "2016-12-31": "1178.10000", "2015-12-31": "511.90000", "2014-12-31": "275.00000", "2013-12-31": "430.00000", "2012-12-31": "444.00000", "2011-12-31": "463.00000", "2010-12-31": "197.50000", "2009-12-31": "175.00000", "2008-12-31": "483.94200", "2007-12-31": "29.20500", "2006-12-31": "32.39800", "2005-12-31": "26.69700"}, "Other Non-Current Liabilities": {"2019-12-31": "3132.70000", "2018-12-31": "2704.10000", "2017-12-31": "2644.30000", "2016-12-31": "1579.30000", "2015-12-31": "986.30000", "2014-12-31": "692.63500", "2013-12-31": "563.12200", "2012-12-31": "699.76700", "2011-12-31": "555.20600", "2010-12-31": "542.69400", "2009-12-31": "651.79300", "2008-12-31": "605.88400", "2007-12-31": "263.30400", "2006-12-31": "191.41600", "2005-12-31": "103.99100"}, "Total Long Term Liabilities": {"2019-12-31": "4424.60000", "2018-12-31": "3392.40000", "2017-12-31": "3386.60000", "2016-12-31": "2785.70000", "2015-12-31": "1563.40000", "2014-12-31": "1025.87800", "2013-12-31": "1043.09200", "2012-12-31": "1176.47500", "2011-12-31": "1050.29800", "2010-12-31": "793.70400", "2009-12-31": "863.64200", "2008-12-31": "1140.26600", "2007-12-31": "308.08500", "2006-12-31": "225.88800", "2005-12-31": "134.16700"}, "Total Liabilities": {"2019-12-31": "8467.90000", "2018-12-31": "6291.00000", "2017-12-31": "5876.20000", "2016-12-31": "4814.70000", "2015-12-31": "3468.80000", "2014-12-31": "2666.21600", "2013-12-31": "2406.54400", "2012-12-31": "2392.24300", "2011-12-31": "2238.25600", "2010-12-31": "1777.92600", "2009-12-31": "1714.31900", "2008-12-31": "2005.22000", "2007-12-31": "1281.34100", "2006-12-31": "979.56800", "2005-12-31": "608.76600"}, "Common Stock Net": {"2019-12-31": "0.50000", "2018-12-31": "0.50000", "2017-12-31": "0.50000", "2016-12-31": "0.50000", "2015-12-31": "0.50000", "2014-12-31": "0.44800", "2013-12-31": "0.44400", "2012-12-31": "0.44100", "2011-12-31": "0.43500", "2010-12-31": "0.42700", "2009-12-31": "0.41800", "2008-12-31": "0.34600", "2007-12-31": "0.31700", "2006-12-31": "0.36600", "2005-12-31": "0.35200"}, "Retained Earnings (Accumulated Deficit)": {"2019-12-31": "3588.30000", "2018-12-31": "3095.70000", "2017-12-31": "2649.00000", "2016-12-31": "2333.00000", "2015-12-31": "2044.20000", "2014-12-31": "1631.14500", "2013-12-31": "1266.96700", "2012-12-31": "1017.12800", "2011-12-31": "827.29700", "2010-12-31": "676.39700", "2009-12-31": "531.45600", "2008-12-31": "543.31800", "2007-12-31": "484.84000", "2006-12-31": "255.91400", "2005-12-31": "100.14200"}, "Comprehensive Income": {"2019-12-31": "-433.50000", "2018-12-31": "-462.00000", "2017-12-31": "-347.00000", "2016-12-31": "-557.10000", "2015-12-31": "-342.50000", "2014-12-31": "-206.64600", "2013-12-31": "-33.25400", "2012-12-31": "1.35900", "2011-12-31": "-41.57100", "2010-12-31": "9.06100", "2009-12-31": "-7.17200", "2008-12-31": "-75.72400", "2007-12-31": "83.42500", "2006-12-31": "-182.17000", "2005-12-31": "-170.49100"}, "Other Share Holders Equity": {"2019-12-31": "", "2018-12-31": "", "2017-12-31": "", "2016-12-31": "", "2015-12-31": "", "2014-12-31": "", "2013-12-31": "", "2012-12-31": "", "2011-12-31": "", "2010-12-31": "", "2009-12-31": "", "2008-12-31": "", "2007-12-31": "", "2006-12-31": "", "2005-12-31": ""}, "Share Holder Equity": {"2019-12-31": "5204.70000", "2018-12-31": "3734.50000", "2017-12-31": "3378.20000", "2016-12-31": "2814.70000", "2015-12-31": "2718.30000", "2014-12-31": "2409.12000", "2013-12-31": "2190.80900", "2012-12-31": "1959.25600", "2011-12-31": "1694.38000", "2010-12-31": "1571.93500", "2009-12-31": "1382.61400", "2008-12-31": "1071.80500", "2007-12-31": "1010.53300", "2006-12-31": "750.38000", "2005-12-31": "536.00300"}, "Total Liabilities And Share Holders Equity": {"2019-12-31": "13672.60000", "2018-12-31": "10025.50000", "2017-12-31": "9254.40000", "2016-12-31": "7629.40000", "2015-12-31": "6187.10000", "2014-12-31": "5075.33600", "2013-12-31": "4597.35300", "2012-12-31": "4351.49900", "2011-12-31": "3932.63600", "2010-12-31": "3349.86100", "2009-12-31": "3096.93300", "2008-12-31": "3077.02500", "2007-12-31": "2291.87400", "2006-12-31": "1729.94800", "2005-12-31": "1144.76900"}}, "balance sheet, quarterly": {"Cash On Hand": {"2020-09-30": "440.00000", "2020-06-30": "413.50000", "2020-03-31": "720.70000", "2019-12-31": "451.90000", "2019-09-30": "402.20000", "2019-06-30": "411.20000", "2019-03-31": "389.50000", "2018-12-31": "480.90000", "2018-09-30": "327.00000", "2018-06-30": "292.80000", "2018-03-31": "292.80000", "2017-12-31": "268.00000", "2017-09-30": "277.90000", "2017-06-30": "250.30000", "2017-03-31": "223.10000", "2016-12-31": "258.50000", "2016-09-30": "228.40000", "2016-06-30": "213.70000", "2016-03-31": "240.40000", "2015-12-31": "216.60000", "2015-09-30": "193.49900", "2015-06-30": "191.03400", "2015-03-31": "198.49100", "2014-12-31": "250.41300", "2014-09-30": "162.56800", "2014-06-30": "150.70800", "2014-03-31": "140.14800", "2013-12-31": "152.72600", "2013-09-30": "119.70400", "2013-06-30": "121.85100", "2013-03-31": "133.47000", "2012-12-31": "152.15900", "2012-09-30": "125.73000", "2012-06-30": "115.49900", "2012-03-31": "101.84600", "2011-12-31": "184.45400", "2011-09-30": "85.67100", "2011-06-30": "95.61500", "2011-03-31": "100.95100", "2010-12-31": "251.89700", "2010-09-30": "71.71700", "2010-06-30": "54.99400", "2010-03-31": "59.72000", "2009-12-31": "69.26300", "2009-09-30": "56.61100", "2009-06-30": "44.32400", "2009-03-31": "46.01900", "2008-12-31": "45.89300", "2008-09-30": "63.56300", "2008-06-30": "67.65000", "2008-03-31": "74.64800", "2007-12-31": "78.58000", "2007-09-30": "48.17200", "2007-06-30": "37.51300", "2007-03-31": "43.25300", "2006-12-31": "50.61200", "2006-09-30": "34.06000", "2006-06-30": "23.87900", "2006-03-31": "30.50300", "2005-12-31": "28.65800", "2005-09-30": "26.02900", "2005-06-30": "21.33900", "2005-03-31": "27.94100"}, "Receivables": {"2020-09-30": "4787.40000", "2020-06-30": "3777.80000", "2020-03-31": "4535.60000", "2019-12-31": "4482.80000", "2019-09-30": "4303.50000", "2019-06-30": "3792.40000", "2019-03-31": "3811.40000", "2018-12-31": "4287.70000", "2018-09-30": "3808.10000", "2018-06-30": "3441.90000", "2018-03-31": "3357.80000", "2017-12-31": "3870.20000", "2017-09-30": "2285.50000", "2017-06-30": "2690.90000", "2017-03-31": "2162.10000", "2016-12-31": "2647.80000", "2016-09-30": "2210.20000", "2016-06-30": "1918.50000", "2016-03-31": "1899.60000", "2015-12-31": "2125.00000", "2015-09-30": "1558.75800", "2015-06-30": "1568.94400", "2015-03-31": "1492.44000", "2014-12-31": "1679.34700", "2014-09-30": "1618.64200", "2014-06-30": "1358.50600", "2014-03-31": "1322.72600", "2013-12-31": "1433.68900", "2013-09-30": "1126.79900", "2013-06-30": "1086.46300", "2013-03-31": "1115.75800", "2012-12-31": "1199.81900", "2012-09-30": "969.61500", "2012-06-30": "871.15800", "2012-03-31": "861.12700", "2011-12-31": "962.61200", "2011-09-30": "913.18000", "2011-06-30": "828.13300", "2011-03-31": "870.81200", "2010-12-31": "764.22100", "2010-09-30": "683.05100", "2010-06-30": "667.89900", "2010-03-31": "645.93510", "2009-12-31": "722.93400", "2009-09-30": "626.99000", "2009-06-30": "644.38800", "2009-03-31": "637.31800", "2008-12-31": "770.77800", "2008-09-30": "738.80900", "2008-06-30": "712.06400", "2008-03-31": "792.03300", "2007-12-31": "868.08400", "2007-09-30": "689.07700", "2007-06-30": "612.01600", "2007-03-31": "593.63200", "2006-12-31": "659.90200", "2006-09-30": "483.86800", "2006-06-30": "542.39500", "2006-03-31": "392.73900", "2005-12-31": "436.01800", "2005-09-30": "315.47600", "2005-06-30": "292.93200", "2005-03-31": "297.62900"}, "Inventory": {"2020-09-30": "", "2020-06-30": "", "2020-03-31": "", "2019-12-31": "", "2019-09-30": "", "2019-06-30": "", "2019-03-31": "", "2018-12-31": "", "2018-09-30": "", "2018-06-30": "", "2018-03-31": "", "2017-12-31": "", "2017-09-30": "", "2017-06-30": "", "2017-03-31": "", "2016-12-31": "", "2016-09-30": "", "2016-06-30": "", "2016-03-31": "", "2015-12-31": "", "2015-09-30": "", "2015-06-30": "", "2015-03-31": "", "2014-12-31": "", "2014-09-30": "", "2014-06-30": "", "2014-03-31": "", "2013-12-31": "", "2013-09-30": "", "2013-06-30": "", "2013-03-31": "", "2012-12-31": "", "2012-09-30": "", "2012-06-30": "", "2012-03-31": "", "2011-12-31": "", "2011-09-30": "", "2011-06-30": "", "2011-03-31": "", "2010-12-31": "", "2010-09-30": "", "2010-06-30": "", "2010-03-31": "", "2009-12-31": "", "2009-09-30": "", "2009-06-30": "", "2009-03-31": "", "2008-12-31": "", "2008-09-30": "", "2008-06-30": "", "2008-03-31": "", "2007-12-31": "", "2007-09-30": "", "2007-06-30": "", "2007-03-31": "", "2006-12-31": "", "2006-09-30": "", "2006-06-30": "", "2006-03-31": "", "2005-12-31": "", "2005-09-30": "", "2005-06-30": "", "2005-03-31": ""}, "Pre-Paid Expenses": {"2020-09-30": "", "2020-06-30": "", "2020-03-31": "", "2019-12-31": "", "2019-09-30": "", "2019-06-30": "", "2019-03-31": "", "2018-12-31": "", "2018-09-30": "", "2018-06-30": "", "2018-03-31": "", "2017-12-31": "", "2017-09-30": "", "2017-06-30": "", "2017-03-31": "", "2016-12-31": "", "2016-09-30": "", "2016-06-30": "", "2016-03-31": "", "2015-12-31": "", "2015-09-30": "", "2015-06-30": "", "2015-03-31": "", "2014-12-31": "", "2014-09-30": "", "2014-06-30": "", "2014-03-31": "", "2013-12-31": "", "2013-09-30": "", "2013-06-30": "", "2013-03-31": "", "2012-12-31": "", "2012-09-30": "", "2012-06-30": "", "2012-03-31": "", "2011-12-31": "", "2011-09-30": "", "2011-06-30": "", "2011-03-31": "", "2010-12-31": "", "2010-09-30": "", "2010-06-30": "", "2010-03-31": "", "2009-12-31": "", "2009-09-30": "", "2009-06-30": "", "2009-03-31": "", "2008-12-31": "", "2008-09-30": "", "2008-06-30": "", "2008-03-31": "", "2007-12-31": "", "2007-09-30": "", "2007-06-30": "", "2007-03-31": "", "2006-12-31": "", "2006-09-30": "", "2006-06-30": "", "2006-03-31": "", "2005-12-31": "", "2005-09-30": "", "2005-06-30": "", "2005-03-31": ""}, "Other Current Assets": {"2020-09-30": "", "2020-06-30": "", "2020-03-31": "", "2019-12-31": "", "2019-09-30": "", "2019-06-30": "", "2019-03-31": "", "2018-12-31": "", "2018-09-30": "", "2018-06-30": "", "2018-03-31": "", "2017-12-31": "", "2017-09-30": "", "2017-06-30": "", "2017-03-31": "", "2016-12-31": "", "2016-09-30": "", "2016-06-30": "", "2016-03-31": "", "2015-12-31": "", "2015-09-30": "", "2015-06-30": "", "2015-03-31": "", "2014-12-31": "", "2014-09-30": "", "2014-06-30": "", "2014-03-31": "", "2013-12-31": "", "2013-09-30": "", "2013-06-30": "", "2013-03-31": "", "2012-12-31": "", "2012-09-30": "", "2012-06-30": "", "2012-03-31": "", "2011-12-31": "", "2011-09-30": "", "2011-06-30": "", "2011-03-31": "", "2010-12-31": "", "2010-09-30": "", "2010-06-30": "", "2010-03-31": "", "2009-12-31": "", "2009-09-30": "", "2009-06-30": "", "2009-03-31": "", "2008-12-31": "", "2008-09-30": "", "2008-06-30": "", "2008-03-31": "", "2007-12-31": "", "2007-09-30": "", "2007-06-30": "", "2007-03-31": "", "2006-12-31": "", "2006-09-30": "", "2006-06-30": "", "2006-03-31": "", "2005-12-31": "", "2005-09-30": "", "2005-06-30": "", "2005-03-31": ""}, "Total Current Assets": {"2020-09-30": "5670.50000", "2020-06-30": "4621.80000", "2020-03-31": "5700.30000", "2019-12-31": "5407.50000", "2019-09-30": "5104.10000", "2019-06-30": "4578.60000", "2019-03-31": "4566.20000", "2018-12-31": "4768.60000", "2018-09-30": "4432.70000", "2018-06-30": "4030.80000", "2018-03-31": "3990.50000", "2017-12-31": "4138.20000", "2017-09-30": "2909.80000", "2017-06-30": "3307.60000", "2017-03-31": "2732.60000", "2016-12-31": "3233.00000", "2016-09-30": "2756.40000", "2016-06-30": "2434.70000", "2016-03-31": "2406.70000", "2015-12-31": "2608.90000", "2015-09-30": "1974.52700", "2015-06-30": "1977.98100", "2015-03-31": "1892.54500", "2014-12-31": "2111.13700", "2014-09-30": "1974.53400", "2014-06-30": "1681.91400", "2014-03-31": "1638.74300", "2013-12-31": "1680.93400", "2013-09-30": "1364.40400", "2013-06-30": "1303.85700", "2013-03-31": "1353.99500", "2012-12-31": "1453.93000", "2012-09-30": "1194.41900", "2012-06-30": "1079.32000", "2012-03-31": "1061.76100", "2011-12-31": "1244.38100", "2011-09-30": "1103.51800", "2011-06-30": "1036.76700", "2011-03-31": "1061.46600", "2010-12-31": "1092.49200", "2010-09-30": "834.37500", "2010-06-30": "802.92800", "2010-03-31": "788.78610", "2009-12-31": "866.18100", "2009-09-30": "761.47500", "2009-06-30": "772.85900", "2009-03-31": "760.09500", "2008-12-31": "906.30700", "2008-09-30": "890.27800", "2008-06-30": "844.86900", "2008-03-31": "935.32300", "2007-12-31": "999.35900", "2007-09-30": "783.68190", "2007-06-30": "709.93700", "2007-03-31": "681.04800", "2006-12-31": "740.59300", "2006-09-30": "549.14500", "2006-06-30": "590.41400", "2006-03-31": "443.39400", "2005-12-31": "479.90700", "2005-09-30": "344.54400", "2005-06-30": "318.97900", "2005-03-31": "330.13800"}, "Property, Plant, And Equipment": {"2020-09-30": "675.40000", "2020-06-30": "675.70000", "2020-03-31": "678.40000", "2019-12-31": "701.90000", "2019-09-30": "671.00000", "2019-06-30": "583.30000", "2019-03-31": "578.50000", "2018-12-31": "567.90000", "2018-09-30": "540.80000", "2018-06-30": "536.40000", "2018-03-31": "561.90000", "2017-12-31": "543.90000", "2017-09-30": "516.60000", "2017-06-30": "512.90000", "2017-03-31": "507.00000", "2016-12-31": "501.00000", "2016-09-30": "468.70000", "2016-06-30": "432.40000", "2016-03-31": "437.60000", "2015-12-31": "423.30000", "2015-09-30": "377.83200", "2015-06-30": "362.98800", "2015-03-31": "353.81800", "2014-12-31": "368.36100", "2014-09-30": "344.76500", "2014-06-30": "331.85000", "2014-03-31": "316.76500", "2013-12-31": "295.54700", "2013-09-30": "259.18400", "2013-06-30": "252.24700", "2013-03-31": "260.96100", "2012-12-31": "269.33800", "2012-09-30": "248.03600", "2012-06-30": "239.20200", "2012-03-31": "244.67200", "2011-12-31": "241.41500", "2011-09-30": "225.14900", "2011-06-30": "226.23100", "2011-03-31": "202.77400", "2010-12-31": "198.68500", "2010-09-30": "192.40500", "2010-06-30": "192.49800", "2010-03-31": "200.67400", "2009-12-31": "213.70800", "2009-09-30": "216.11500", "2009-06-30": "221.78700", "2009-03-31": "214.03100", "2008-12-31": "224.84500", "2008-09-30": "220.06800", "2008-06-30": "220.17400", "2008-03-31": "200.90900", "2007-12-31": "193.32900", "2007-09-30": "165.48400", "2007-06-30": "146.92600", "2007-03-31": "131.02400", "2006-12-31": "120.37600", "2006-09-30": "105.99200", "2006-06-30": "98.50700", "2006-03-31": "83.83400", "2005-12-31": "82.18600", "2005-09-30": "72.98800", "2005-06-30": "71.47500", "2005-03-31": "71.75800"}, "Long-Term Investments": {"2020-09-30": "", "2020-06-30": "", "2020-03-31": "", "2019-12-31": "", "2019-09-30": "", "2019-06-30": "", "2019-03-31": "", "2018-12-31": "", "2018-09-30": "", "2018-06-30": "", "2018-03-31": "", "2017-12-31": "", "2017-09-30": "", "2017-06-30": "", "2017-03-31": "", "2016-12-31": "", "2016-09-30": "", "2016-06-30": "", "2016-03-31": "", "2015-12-31": "", "2015-09-30": "", "2015-06-30": "", "2015-03-31": "", "2014-12-31": "", "2014-09-30": "", "2014-06-30": "", "2014-03-31": "", "2013-12-31": "", "2013-09-30": "", "2013-06-30": "", "2013-03-31": "", "2012-12-31": "", "2012-09-30": "", "2012-06-30": "", "2012-03-31": "", "2011-12-31": "", "2011-09-30": "", "2011-06-30": "", "2011-03-31": "", "2010-12-31": "", "2010-09-30": "", "2010-06-30": "", "2010-03-31": "", "2009-12-31": "", "2009-09-30": "", "2009-06-30": "", "2009-03-31": "", "2008-12-31": "", "2008-09-30": "", "2008-06-30": "", "2008-03-31": "", "2007-12-31": "", "2007-09-30": "", "2007-06-30": "", "2007-03-31": "", "2006-12-31": "", "2006-09-30": "", "2006-06-30": "", "2006-03-31": "", "2005-12-31": "", "2005-09-30": "", "2005-06-30": "", "2005-03-31": ""}, "Goodwill And Intangible Assets": {"2020-09-30": "4817.90000", "2020-06-30": "4773.80000", "2020-03-31": "4763.00000", "2019-12-31": "4850.80000", "2019-09-30": "4758.80000", "2019-06-30": "3066.80000", "2019-03-31": "3077.00000", "2018-12-31": "3034.70000", "2018-09-30": "2981.20000", "2018-06-30": "2975.70000", "2018-03-31": "3046.30000", "2017-12-31": "3014.30000", "2017-09-30": "3008.70000", "2017-06-30": "2970.90000", "2017-03-31": "2932.50000", "2016-12-31": "2874.30000", "2016-09-30": "2846.30000", "2016-06-30": "2496.40000", "2016-03-31": "2498.70000", "2015-12-31": "2368.70000", "2015-09-30": "2043.00700", "2015-06-30": "1971.64700", "2015-03-31": "1906.54800", "2014-12-31": "1946.76500", "2014-09-30": "1951.43300", "2014-06-30": "1990.56000", "2014-03-31": "1947.02300", "2013-12-31": "1945.65900", "2013-09-30": "1930.49700", "2013-06-30": "1878.32300", "2013-03-31": "1880.48900", "2012-12-31": "1899.69300", "2012-09-30": "1864.68900", "2012-06-30": "1812.74000", "2012-03-31": "1833.51600", "2011-12-31": "1803.79700", "2011-09-30": "1810.52200", "2011-06-30": "1834.97600", "2011-03-31": "1508.60700", "2010-12-31": "1473.73300", "2010-09-30": "1469.34400", "2010-06-30": "1430.52400", "2010-03-31": "1456.57800", "2009-12-31": "1478.74200", "2009-09-30": "1487.55800", "2009-06-30": "1524.96400", "2009-03-31": "1483.26700", "2008-12-31": "1507.98200", "2008-09-30": "1552.33300", "2008-06-30": "909.84700", "2008-03-31": "776.17400", "2007-12-31": "735.67400", "2007-09-30": "657.80300", "2007-06-30": "619.05900", "2007-03-31": "567.87100", "2006-12-31": "558.06100", "2006-09-30": "552.61500", "2006-06-30": "541.75400", "2006-03-31": "523.67100", "2005-12-31": "340.12200", "2005-09-30": "344.41000", "2005-06-30": "346.40700", "2005-03-31": "348.11500"}, "Other Long-Term Assets": {"2020-09-30": "1335.50000", "2020-06-30": "1337.40000", "2020-03-31": "1346.00000", "2019-12-31": "1312.70000", "2019-09-30": "1339.20000", "2019-06-30": "1247.20000", "2019-03-31": "1235.80000", "2018-12-31": "1186.00000", "2018-09-30": "1144.10000", "2018-06-30": "1149.90000", "2018-03-31": "1119.00000", "2017-12-31": "1099.20000", "2017-09-30": "709.80000", "2017-06-30": "709.40000", "2017-03-31": "676.90000", "2016-12-31": "667.20000", "2016-09-30": "692.80000", "2016-06-30": "643.10000", "2016-03-31": "681.50000", "2015-12-31": "564.70000", "2015-09-30": "476.21100", "2015-06-30": "501.34000", "2015-03-31": "487.26500", "2014-12-31": "446.94200", "2014-09-30": "599.22200", "2014-06-30": "573.88310", "2014-03-31": "564.36400", "2013-12-31": "485.51000", "2013-09-30": "548.90600", "2013-06-30": "499.20800", "2013-03-31": "498.57600", "2012-12-31": "479.81500", "2012-09-30": "512.78800", "2012-06-30": "416.56600", "2012-03-31": "440.69500", "2011-12-31": "402.88500", "2011-09-30": "410.37700", "2011-06-30": "366.33000", "2011-03-31": "352.34300", "2010-12-31": "353.19100", "2010-09-30": "355.33500", "2010-06-30": "321.92000", "2010-03-31": "316.55600", "2009-12-31": "316.10300", "2009-09-30": "324.35100", "2009-06-30": "264.68500", "2009-03-31": "243.93300", "2008-12-31": "276.31800", "2008-09-30": "277.12100", "2008-06-30": "295.01300", "2008-03-31": "253.35500", "2007-12-31": "240.05600", "2007-09-30": "241.72200", "2007-06-30": "230.97000", "2007-03-31": "233.56900", "2006-12-31": "224.22300", "2006-09-30": "199.42200", "2006-06-30": "183.07200", "2006-03-31": "148.90400", "2005-12-31": "147.47600", "2005-09-30": "139.21700", "2005-06-30": "135.63700", "2005-03-31": "139.08600"}, "Total Long-Term Assets": {"2020-09-30": "7474.80000", "2020-06-30": "7388.50000", "2020-03-31": "7394.00000", "2019-12-31": "7460.70000", "2019-09-30": "7295.30000", "2019-06-30": "5401.20000", "2019-03-31": "5394.20000", "2018-12-31": "5256.90000", "2018-09-30": "5186.40000", "2018-06-30": "5156.90000", "2018-03-31": "5213.70000", "2017-12-31": "5116.20000", "2017-09-30": "4644.50000", "2017-06-30": "4590.30000", "2017-03-31": "4503.40000", "2016-12-31": "4396.40000", "2016-09-30": "4360.20000", "2016-06-30": "3906.60000", "2016-03-31": "3940.10000", "2015-12-31": "3578.20000", "2015-09-30": "3260.49900", "2015-06-30": "3065.32000", "2015-03-31": "3103.87300", "2014-12-31": "2964.19900", "2014-09-30": "2960.25200", "2014-06-30": "3094.34200", "2014-03-31": "2916.89900", "2013-12-31": "2916.41900", "2013-09-30": "2961.54100", "2013-06-30": "2870.84600", "2013-03-31": "2881.25200", "2012-12-31": "2897.56900", "2012-09-30": "2859.59100", "2012-06-30": "2714.75100", "2012-03-31": "2767.16600", "2011-12-31": "2688.25500", "2011-09-30": "2655.92000", "2011-06-30": "2648.18200", "2011-03-31": "2286.16400", "2010-12-31": "2257.36900", "2010-09-30": "2229.68900", "2010-06-30": "2164.21000", "2010-03-31": "2193.00700", "2009-12-31": "2230.75200", "2009-09-30": "2231.93400", "2009-06-30": "2207.93800", "2009-03-31": "2118.94200", "2008-12-31": "2170.71800", "2008-09-30": "2151.38700", "2008-06-30": "1566.89300", "2008-03-31": "1380.35100", "2007-12-31": "1292.51500", "2007-09-30": "1158.90300", "2007-06-30": "1085.95600", "2007-03-31": "1019.70400", "2006-12-31": "989.35500", "2006-09-30": "953.95000", "2006-06-30": "917.82010", "2006-03-31": "850.21800", "2005-12-31": "664.86200", "2005-09-30": "624.30800", "2005-06-30": "621.67100", "2005-03-31": "628.55400"}, "Total Assets": {"2020-09-30": "13902.10000", "2020-06-30": "12810.50000", "2020-03-31": "13900.80000", "2019-12-31": "13672.60000", "2019-09-30": "13077.90000", "2019-06-30": "10580.90000", "2019-03-31": "10552.50000", "2018-12-31": "10025.50000", "2018-09-30": "9619.10000", "2018-06-30": "9187.70000", "2018-03-31": "9204.20000", "2017-12-31": "9254.40000", "2017-09-30": "7554.30000", "2017-06-30": "7897.90000", "2017-03-31": "7236.00000", "2016-12-31": "7629.40000", "2016-09-30": "7116.60000", "2016-06-30": "6341.30000", "2016-03-31": "6346.80000", "2015-12-31": "6187.10000", "2015-09-30": "5235.02600", "2015-06-30": "5043.30100", "2015-03-31": "4996.41800", "2014-12-31": "5075.33600", "2014-09-30": "4934.78600", "2014-06-30": "4776.25600", "2014-03-31": "4555.64200", "2013-12-31": "4597.35300", "2013-09-30": "4325.94500", "2013-06-30": "4174.70300", "2013-03-31": "4235.24700", "2012-12-31": "4351.49900", "2012-09-30": "4054.01000", "2012-06-30": "3794.07100", "2012-03-31": "3828.92700", "2011-12-31": "3932.63600", "2011-09-30": "3759.43800", "2011-06-30": "3684.94900", "2011-03-31": "3347.63000", "2010-12-31": "3349.86100", "2010-09-30": "3064.06400", "2010-06-30": "2967.13800", "2010-03-31": "2981.79300", "2009-12-31": "3096.93300", "2009-09-30": "2993.40900", "2009-06-30": "2980.79700", "2009-03-31": "2879.03700", "2008-12-31": "3077.02500", "2008-09-30": "3041.66500", "2008-06-30": "2411.76200", "2008-03-31": "2315.67400", "2007-12-31": "2291.87400", "2007-09-30": "1942.58500", "2007-06-30": "1795.89300", "2007-03-31": "1700.75200", "2006-12-31": "1729.94800", "2006-09-30": "1503.09500", "2006-06-30": "1508.23400", "2006-03-31": "1293.61200", "2005-12-31": "1144.76900", "2005-09-30": "968.85200", "2005-06-30": "940.65000", "2005-03-31": "958.69200"}, "Total Current Liabilities": {"2020-09-30": "2316.80000", "2020-06-30": "2137.20000", "2020-03-31": "2265.60000", "2019-12-31": "3138.70000", "2019-09-30": "2334.60000", "2019-06-30": "2215.20000", "2019-03-31": "2137.00000", "2018-12-31": "2898.60000", "2018-09-30": "2344.50000", "2018-06-30": "2104.50000", "2018-03-31": "2128.10000", "2017-12-31": "2489.60000", "2017-09-30": "1822.10000", "2017-06-30": "1681.90000", "2017-03-31": "1676.20000", "2016-12-31": "2029.00000", "2016-09-30": "1622.00000", "2016-06-30": "1382.40000", "2016-03-31": "1406.30000", "2015-12-31": "1905.40000", "2015-09-30": "1506.92100", "2015-06-30": "1300.28500", "2015-03-31": "1197.86700", "2014-12-31": "1640.33800", "2014-09-30": "1227.55200", "2014-06-30": "1065.57000", "2014-03-31": "1047.76100", "2013-12-31": "1363.45200", "2013-09-30": "1002.98700", "2013-06-30": "936.86200", "2013-03-31": "970.63700", "2012-12-31": "1215.76800", "2012-09-30": "1069.54800", "2012-06-30": "809.80700", "2012-03-31": "846.90600", "2011-12-31": "1187.95800", "2011-09-30": "815.67100", "2011-06-30": "794.59100", "2011-03-31": "886.18300", "2010-12-31": "984.22200", "2010-09-30": "910.82400", "2010-06-30": "759.37400", "2010-03-31": "719.54900", "2009-12-31": "850.67690", "2009-09-30": "778.66500", "2009-06-30": "642.92200", "2009-03-31": "778.37000", "2008-12-31": "864.95400", "2008-09-30": "766.56700", "2008-06-30": "602.42600", "2008-03-31": "639.14790", "2007-12-31": "973.25600", "2007-09-30": "700.22200", "2007-06-30": "588.29500", "2007-03-31": "488.31400", "2006-12-31": "753.68000", "2006-09-30": "499.07800", "2006-06-30": "404.12000", "2006-03-31": "300.38200", "2005-12-31": "474.59900", "2005-09-30": "290.99000", "2005-06-30": "237.71500", "2005-03-31": "237.73500"}, "Long Term Debt": {"2020-09-30": "1073.30000", "2020-06-30": "1354.90000", "2020-03-31": "2094.70000", "2019-12-31": "1177.30000", "2019-09-30": "1765.00000", "2019-06-30": "1155.50000", "2019-03-31": "1174.10000", "2018-12-31": "655.60000", "2018-09-30": "900.50000", "2018-06-30": "1076.90000", "2018-03-31": "1012.80000", "2017-12-31": "675.30000", "2017-09-30": "1117.80000", "2017-06-30": "1327.10000", "2017-03-31": "1429.30000", "2016-12-31": "1178.10000", "2016-09-30": "1356.90000", "2016-06-30": "1081.00000", "2016-03-31": "1057.90000", "2015-12-31": "511.90000", "2015-09-30": "510.00500", "2015-06-30": "604.99800", "2015-03-31": "610.00000", "2014-12-31": "275.00000", "2014-09-30": "525.00000", "2014-06-30": "685.00000", "2014-03-31": "718.00000", "2013-12-31": "430.00000", "2013-09-30": "720.00000", "2013-06-30": "754.00000", "2013-03-31": "745.00000", "2012-12-31": "444.00000", "2012-09-30": "572.00000", "2012-06-30": "619.00000", "2012-03-31": "632.00000", "2011-12-31": "463.00000", "2011-09-30": "567.00000", "2011-06-30": "444.00000", "2011-03-31": "278.00000", "2010-12-31": "197.50000", "2010-09-30": "253.00000", "2010-06-30": "268.00000", "2010-03-31": "334.99900", "2009-12-31": "175.00000", "2009-09-30": "292.28600", "2009-06-30": "398.07200", "2009-03-31": "496.00800", "2008-12-31": "483.94200", "2008-09-30": "543.20900", "2008-06-30": "441.52900", "2008-03-31": "350.59900", "2007-12-31": "29.20500", "2007-09-30": "83.56100", "2007-06-30": "117.71000", "2007-03-31": "236.77000", "2006-12-31": "32.39800", "2006-09-30": "158.02900", "2006-06-30": "284.95500", "2006-03-31": "267.53200", "2005-12-31": "26.69700", "2005-09-30": "80.21300", "2005-06-30": "139.19400", "2005-03-31": "131.30200"}, "Other Non-Current Liabilities": {"2020-09-30": "4305.90000", "2020-06-30": "3235.30000", "2020-03-31": "3526.60000", "2019-12-31": "3132.70000", "2019-09-30": "3239.50000", "2019-06-30": "2610.20000", "2019-03-31": "2739.40000", "2018-12-31": "2704.10000", "2018-09-30": "2776.80000", "2018-06-30": "2516.20000", "2018-03-31": "2563.70000", "2017-12-31": "2644.30000", "2017-09-30": "1414.70000", "2017-06-30": "1826.80000", "2017-03-31": "1204.00000", "2016-12-31": "1579.30000", "2016-09-30": "1245.40000", "2016-06-30": "1047.70000", "2016-03-31": "1068.00000", "2015-12-31": "986.30000", "2015-09-30": "649.12300", "2015-06-30": "608.89200", "2015-03-31": "781.55600", "2014-12-31": "692.63500", "2014-09-30": "784.83300", "2014-06-30": "644.69200", "2014-03-31": "525.80900", "2013-12-31": "563.12200", "2013-09-30": "536.57600", "2013-06-30": "517.48100", "2013-03-31": "556.17400", "2012-12-31": "699.76700", "2012-09-30": "521.28500", "2012-06-30": "578.12000", "2012-03-31": "563.07100", "2011-12-31": "555.20600", "2011-09-30": "690.37000", "2011-06-30": "728.19300", "2011-03-31": "512.60000", "2010-12-31": "542.69400", "2010-09-30": "377.15500", "2010-06-30": "521.21800", "2010-03-31": "521.13700", "2009-12-31": "651.79300", "2009-09-30": "527.95000", "2009-06-30": "593.23600", "2009-03-31": "565.42100", "2008-12-31": "605.88400", "2008-09-30": "583.62200", "2008-06-30": "243.94200", "2008-03-31": "224.40600", "2007-12-31": "263.30400", "2007-09-30": "231.14800", "2007-06-30": "216.51300", "2007-03-31": "194.97300", "2006-12-31": "191.41600", "2006-09-30": "168.54800", "2006-06-30": "167.64400", "2006-03-31": "157.17300", "2005-12-31": "103.99100", "2005-09-30": "93.83500", "2005-06-30": "77.10000", "2005-03-31": "89.26400"}, "Total Long Term Liabilities": {"2020-09-30": "5430.00000", "2020-06-30": "4669.80000", "2020-03-31": "5717.40000", "2019-12-31": "4424.60000", "2019-09-30": "5126.90000", "2019-06-30": "3804.40000", "2019-03-31": "3952.50000", "2018-12-31": "3392.40000", "2018-09-30": "3701.80000", "2018-06-30": "3617.00000", "2018-03-31": "3600.40000", "2017-12-31": "3386.60000", "2017-09-30": "2560.80000", "2017-06-30": "3182.20000", "2017-03-31": "2664.80000", "2016-12-31": "2785.70000", "2016-09-30": "2647.10000", "2016-06-30": "2149.70000", "2016-03-31": "2149.60000", "2015-12-31": "1563.40000", "2015-09-30": "1202.32200", "2015-06-30": "1258.06100", "2015-03-31": "1450.86000", "2014-12-31": "1025.87800", "2014-09-30": "1364.01500", "2014-06-30": "1383.73400", "2014-03-31": "1283.56800", "2013-12-31": "1043.09200", "2013-09-30": "1289.52800", "2013-06-30": "1304.53800", "2013-03-31": "1334.10000", "2012-12-31": "1176.47500", "2012-09-30": "1125.61100", "2012-06-30": "1229.55300", "2012-03-31": "1227.30300", "2011-12-31": "1050.29800", "2011-09-30": "1302.01300", "2011-06-30": "1213.51500", "2011-03-31": "846.42000", "2010-12-31": "793.70400", "2010-09-30": "673.78200", "2010-06-30": "831.45200", "2010-03-31": "895.72190", "2009-12-31": "863.64200", "2009-09-30": "874.01810", "2009-06-30": "1043.45400", "2009-03-31": "1112.78300", "2008-12-31": "1140.26600", "2008-09-30": "1185.48600", "2008-06-30": "701.87700", "2008-03-31": "599.49300", "2007-12-31": "308.08500", "2007-09-30": "334.16800", "2007-06-30": "337.53900", "2007-03-31": "435.56700", "2006-12-31": "225.88800", "2006-09-30": "330.45100", "2006-06-30": "458.50200", "2006-03-31": "431.10000", "2005-12-31": "134.16700", "2005-09-30": "175.21500", "2005-06-30": "216.93700", "2005-03-31": "223.40600"}, "Total Liabilities": {"2020-09-30": "8615.90000", "2020-06-30": "7701.10000", "2020-03-31": "8871.90000", "2019-12-31": "8467.90000", "2019-09-30": "8219.80000", "2019-06-30": "6705.60000", "2019-03-31": "6757.40000", "2018-12-31": "6291.00000", "2018-09-30": "6046.30000", "2018-06-30": "5721.50000", "2018-03-31": "5728.50000", "2017-12-31": "5876.20000", "2017-09-30": "4382.90000", "2017-06-30": "4864.10000", "2017-03-31": "4341.00000", "2016-12-31": "4814.70000", "2016-09-30": "4269.10000", "2016-06-30": "3532.10000", "2016-03-31": "3555.90000", "2015-12-31": "3468.80000", "2015-09-30": "2709.24300", "2015-06-30": "2558.34600", "2015-03-31": "2648.72700", "2014-12-31": "2666.21600", "2014-09-30": "2591.56700", "2014-06-30": "2449.30400", "2014-03-31": "2331.32900", "2013-12-31": "2406.54400", "2013-09-30": "2292.51500", "2013-06-30": "2241.40000", "2013-03-31": "2304.73700", "2012-12-31": "2392.24300", "2012-09-30": "2195.15900", "2012-06-30": "2039.36000", "2012-03-31": "2074.20900", "2011-12-31": "2238.25600", "2011-09-30": "2117.68400", "2011-06-30": "2008.10600", "2011-03-31": "1732.60300", "2010-12-31": "1777.92600", "2010-09-30": "1584.60600", "2010-06-30": "1590.82600", "2010-03-31": "1615.27100", "2009-12-31": "1714.31900", "2009-09-30": "1652.68300", "2009-06-30": "1686.37600", "2009-03-31": "1891.15300", "2008-12-31": "2005.22000", "2008-09-30": "1952.05300", "2008-06-30": "1304.30300", "2008-03-31": "1238.64100", "2007-12-31": "1281.34100", "2007-09-30": "1034.39000", "2007-06-30": "925.83400", "2007-03-31": "923.88100", "2006-12-31": "979.56800", "2006-09-30": "829.52900", "2006-06-30": "862.62200", "2006-03-31": "731.48200", "2005-12-31": "608.76600", "2005-09-30": "466.20500", "2005-06-30": "454.65200", "2005-03-31": "461.14100"}, "Common Stock Net": {"2020-09-30": "0.50000", "2020-06-30": "0.50000", "2020-03-31": "0.50000", "2019-12-31": "0.50000", "2019-09-30": "0.50000", "2019-06-30": "0.50000", "2019-03-31": "0.50000", "2018-12-31": "0.50000", "2018-09-30": "0.50000", "2018-06-30": "0.50000", "2018-03-31": "0.50000", "2017-12-31": "0.50000", "2017-09-30": "0.50000", "2017-06-30": "0.50000", "2017-03-31": "0.50000", "2016-12-31": "0.50000", "2016-09-30": "0.50000", "2016-06-30": "0.50000", "2016-03-31": "0.50000", "2015-12-31": "0.50000", "2015-09-30": "0.45000", "2015-06-30": "0.44900", "2015-03-31": "0.44900", "2014-12-31": "0.44800", "2014-09-30": "0.44800", "2014-06-30": "0.44600", "2014-03-31": "0.44500", "2013-12-31": "0.44400", "2013-09-30": "0.44400", "2013-06-30": "0.44100", "2013-03-31": "0.44100", "2012-12-31": "0.44100", "2012-09-30": "0.44000", "2012-06-30": "0.43800", "2012-03-31": "0.43600", "2011-12-31": "0.43500", "2011-09-30": "0.43500", "2011-06-30": "0.43000", "2011-03-31": "0.42900", "2010-12-31": "0.42700", "2010-09-30": "0.42600", "2010-06-30": "0.42100", "2010-03-31": "0.42000", "2009-12-31": "0.41800", "2009-09-30": "0.41800", "2009-06-30": "0.41300", "2009-03-31": "0.34700", "2008-12-31": "0.34600", "2008-09-30": "0.34500", "2008-06-30": "0.31900", "2008-03-31": "0.31800", "2007-12-31": "0.31700", "2007-09-30": "0.37000", "2007-06-30": "0.36800", "2007-03-31": "0.36800", "2006-12-31": "0.36600", "2006-09-30": "0.36500", "2006-06-30": "0.35800", "2006-03-31": "0.35800", "2005-12-31": "0.35200", "2005-09-30": "0.35000", "2005-06-30": "0.34100", "2005-03-31": "0.34000"}, "Retained Earnings (Accumulated Deficit)": {"2020-09-30": "3725.90000", "2020-06-30": "3593.90000", "2020-03-31": "3578.70000", "2019-12-31": "3588.30000", "2019-09-30": "3336.70000", "2019-06-30": "3207.80000", "2019-03-31": "3117.00000", "2018-12-31": "3095.70000", "2018-09-30": "2913.30000", "2018-06-30": "2778.40000", "2018-03-31": "2689.30000", "2017-12-31": "2649.00000", "2017-09-30": "2491.40000", "2017-06-30": "2404.80000", "2017-03-31": "2342.50000", "2016-12-31": "2333.00000", "2016-09-30": "2182.70000", "2016-06-30": "2134.70000", "2016-03-31": "2069.90000", "2015-12-31": "2044.20000", "2015-09-30": "1861.42700", "2015-06-30": "1751.01800", "2015-03-31": "1673.03900", "2014-12-31": "1631.14500", "2014-09-30": "1448.60200", "2014-06-30": "1344.31800", "2014-03-31": "1282.86900", "2013-12-31": "1266.96700", "2013-09-30": "1129.64800", "2013-06-30": "1066.79400", "2013-03-31": "1030.28400", "2012-12-31": "1017.12800", "2012-09-30": "919.18400", "2012-06-30": "869.67000", "2012-03-31": "841.32100", "2011-12-31": "827.29700", "2011-09-30": "749.11000", "2011-06-30": "715.22900", "2011-03-31": "677.88700", "2010-12-31": "676.39700", "2010-09-30": "596.31400", "2010-06-30": "559.18800", "2010-03-31": "531.70200", "2009-12-31": "531.45600", "2009-09-30": "483.65400", "2009-06-30": "463.88300", "2009-03-31": "481.84300", "2008-12-31": "543.31800", "2008-09-30": "510.91100", "2008-06-30": "495.90800", "2008-03-31": "487.67900", "2007-12-31": "484.84000", "2007-09-30": "396.23400", "2007-06-30": "349.70500", "2007-03-31": "283.15800", "2006-12-31": "255.91400", "2006-09-30": "186.97900", "2006-06-30": "162.28200", "2006-03-31": "104.70200", "2005-12-31": "100.14200", "2005-09-30": "32.42300", "2005-06-30": "21.06500", "2005-03-31": "-3.68600"}, "Comprehensive Income": {"2020-09-30": "-483.00000", "2020-06-30": "-543.10000", "2020-03-31": "-576.80000", "2019-12-31": "-433.50000", "2019-09-30": "-490.20000", "2019-06-30": "-455.90000", "2019-03-31": "-431.70000", "2018-12-31": "-462.00000", "2018-09-30": "-431.30000", "2018-06-30": "-397.60000", "2018-03-31": "-295.00000", "2017-12-31": "-347.00000", "2017-09-30": "-380.20000", "2017-06-30": "-427.40000", "2017-03-31": "-496.20000", "2016-12-31": "-557.10000", "2016-09-30": "-393.30000", "2016-06-30": "-378.50000", "2016-03-31": "-328.70000", "2015-12-31": "-342.50000", "2015-09-30": "-336.07500", "2015-06-30": "-261.10100", "2015-03-31": "-314.78900", "2014-12-31": "-206.64600", "2014-09-30": "-83.24600", "2014-06-30": "7.50000", "2014-03-31": "-19.44400", "2013-12-31": "-33.25400", "2013-09-30": "-44.46300", "2013-06-30": "-86.36500", "2013-03-31": "-47.23700", "2012-12-31": "1.35900", "2012-09-30": "7.23500", "2012-06-30": "-47.24100", "2012-03-31": "-5.23600", "2011-12-31": "-41.57100", "2011-09-30": "-5.71700", "2011-06-30": "59.18200", "2011-03-31": "44.43900", "2010-12-31": "9.06100", "2010-09-30": "10.77900", "2010-06-30": "-56.53500", "2010-03-31": "-31.16700", "2009-12-31": "-7.17200", "2009-09-30": "11.41200", "2009-06-30": "-18.84300", "2009-03-31": "-116.02400", "2008-12-31": "-75.72400", "2008-09-30": "6.11500", "2008-06-30": "134.92000", "2008-03-31": "130.26000", "2007-12-31": "83.42500", "2007-09-30": "-153.20000", "2007-06-30": "-186.06400", "2007-03-31": "-200.22700", "2006-12-31": "-182.17000", "2006-09-30": "-169.06800", "2006-06-30": "-160.90600", "2006-03-31": "-174.85100", "2005-12-31": "-170.49100", "2005-09-30": "-114.02900", "2005-06-30": "-110.64900", "2005-03-31": "-63.41400"}, "Other Share Holders Equity": {"2020-09-30": "", "2020-06-30": "", "2020-03-31": "", "2019-12-31": "", "2019-09-30": "", "2019-06-30": "", "2019-03-31": "", "2018-12-31": "", "2018-09-30": "", "2018-06-30": "", "2018-03-31": "", "2017-12-31": "", "2017-09-30": "", "2017-06-30": "", "2017-03-31": "", "2016-12-31": "", "2016-09-30": "", "2016-06-30": "", "2016-03-31": "", "2015-12-31": "", "2015-09-30": "", "2015-06-30": "", "2015-03-31": "", "2014-12-31": "", "2014-09-30": "", "2014-06-30": "", "2014-03-31": "", "2013-12-31": "", "2013-09-30": "", "2013-06-30": "", "2013-03-31": "", "2012-12-31": "", "2012-09-30": "", "2012-06-30": "", "2012-03-31": "", "2011-12-31": "", "2011-09-30": "", "2011-06-30": "", "2011-03-31": "", "2010-12-31": "", "2010-09-30": "", "2010-06-30": "", "2010-03-31": "", "2009-12-31": "", "2009-09-30": "", "2009-06-30": "", "2009-03-31": "", "2008-12-31": "", "2008-09-30": "", "2008-06-30": "", "2008-03-31": "", "2007-12-31": "", "2007-09-30": "", "2007-06-30": "", "2007-03-31": "", "2006-12-31": "", "2006-09-30": "", "2006-06-30": "", "2006-03-31": "", "2005-12-31": "", "2005-09-30": "", "2005-06-30": "", "2005-03-31": ""}, "Share Holder Equity": {"2020-09-30": "5286.20000", "2020-06-30": "5109.40000", "2020-03-31": "5028.90000", "2019-12-31": "5204.70000", "2019-09-30": "4858.10000", "2019-06-30": "3875.30000", "2019-03-31": "3795.10000", "2018-12-31": "3734.50000", "2018-09-30": "3572.80000", "2018-06-30": "3466.20000", "2018-03-31": "3475.70000", "2017-12-31": "3378.20000", "2017-09-30": "3171.40000", "2017-06-30": "3033.80000", "2017-03-31": "2895.00000", "2016-12-31": "2814.70000", "2016-09-30": "2847.50000", "2016-06-30": "2809.20000", "2016-03-31": "2790.90000", "2015-12-31": "2718.30000", "2015-09-30": "2525.78300", "2015-06-30": "2484.95500", "2015-03-31": "2347.69100", "2014-12-31": "2409.12000", "2014-09-30": "2343.21900", "2014-06-30": "2326.95200", "2014-03-31": "2224.31300", "2013-12-31": "2190.80900", "2013-09-30": "2033.43000", "2013-06-30": "1933.30300", "2013-03-31": "1930.51000", "2012-12-31": "1959.25600", "2012-09-30": "1858.85100", "2012-06-30": "1754.71100", "2012-03-31": "1754.71800", "2011-12-31": "1694.38000", "2011-09-30": "1641.75400", "2011-06-30": "1676.84300", "2011-03-31": "1615.02700", "2010-12-31": "1571.93500", "2010-09-30": "1479.45800", "2010-06-30": "1376.31200", "2010-03-31": "1366.52200", "2009-12-31": "1382.61400", "2009-09-30": "1340.72600", "2009-06-30": "1294.42100", "2009-03-31": "987.88400", "2008-12-31": "1071.80500", "2008-09-30": "1089.61200", "2008-06-30": "1107.45900", "2008-03-31": "1077.03300", "2007-12-31": "1010.53300", "2007-09-30": "908.19500", "2007-06-30": "870.05900", "2007-03-31": "776.87100", "2006-12-31": "750.38000", "2006-09-30": "673.56600", "2006-06-30": "645.61200", "2006-03-31": "562.13000", "2005-12-31": "536.00300", "2005-09-30": "502.64700", "2005-06-30": "485.99800", "2005-03-31": "497.55100"}, "Total Liabilities And Share Holders Equity": {"2020-09-30": "13902.10000", "2020-06-30": "12810.50000", "2020-03-31": "13900.80000", "2019-12-31": "13672.60000", "2019-09-30": "13077.90000", "2019-06-30": "10580.90000", "2019-03-31": "10552.50000", "2018-12-31": "10025.50000", "2018-09-30": "9619.10000", "2018-06-30": "9187.70000", "2018-03-31": "9204.20000", "2017-12-31": "9254.40000", "2017-09-30": "7554.30000", "2017-06-30": "7897.90000", "2017-03-31": "7236.00000", "2016-12-31": "7629.40000", "2016-09-30": "7116.60000", "2016-06-30": "6341.30000", "2016-03-31": "6346.80000", "2015-12-31": "6187.10000", "2015-09-30": "5235.02600", "2015-06-30": "5043.30100", "2015-03-31": "4996.41800", "2014-12-31": "5075.33600", "2014-09-30": "4934.78600", "2014-06-30": "4776.25600", "2014-03-31": "4555.64200", "2013-12-31": "4597.35300", "2013-09-30": "4325.94500", "2013-06-30": "4174.70300", "2013-03-31": "4235.24700", "2012-12-31": "4351.49900", "2012-09-30": "4054.01000", "2012-06-30": "3794.07100", "2012-03-31": "3828.92700", "2011-12-31": "3932.63600", "2011-09-30": "3759.43800", "2011-06-30": "3684.94900", "2011-03-31": "3347.63000", "2010-12-31": "3349.86100", "2010-09-30": "3064.06400", "2010-06-30": "2967.13800", "2010-03-31": "2981.79300", "2009-12-31": "3096.93300", "2009-09-30": "2993.40900", "2009-06-30": "2980.79700", "2009-03-31": "2879.03700", "2008-12-31": "3077.02500", "2008-09-30": "3041.66500", "2008-06-30": "2411.76200", "2008-03-31": "2315.67400", "2007-12-31": "2291.87400", "2007-09-30": "1942.58500", "2007-06-30": "1795.89300", "2007-03-31": "1700.75200", "2006-12-31": "1729.94800", "2006-09-30": "1503.09500", "2006-06-30": "1508.23400", "2006-03-31": "1293.61200", "2005-12-31": "1144.76900", "2005-09-30": "968.85200", "2005-06-30": "940.65000", "2005-03-31": "958.69200"}}, "cash flow statement": {"Net Income/Loss": {"2019-12-31": "537.90000", "2018-12-31": "491.70000", "2017-12-31": "279.50000", "2016-12-31": "345.90000", "2015-12-31": "446.30000", "2014-12-31": "388.00000", "2013-12-31": "273.35200", "2012-12-31": "208.84300", "2011-12-31": "165.61200", "2010-12-31": "154.43900", "2009-12-31": "-3.15800", "2008-12-31": "86.69000", "2007-12-31": "260.00600", "2006-12-31": "176.40100", "2005-12-31": "103.67200"}, "Total Depreciation And Amortization - Cash Flow": {"2019-12-31": "276.60000", "2018-12-31": "212.90000", "2017-12-31": "192.10000", "2016-12-31": "171.90000", "2015-12-31": "137.80000", "2014-12-31": "123.50000", "2013-12-31": "106.99300", "2012-12-31": "115.46100", "2011-12-31": "121.21800", "2010-12-31": "118.55000", "2009-12-31": "134.31200", "2008-12-31": "156.26700", "2007-12-31": "114.09100", "2006-12-31": "94.18800", "2005-12-31": "66.27600"}, "Other Non-Cash Items": {"2019-12-31": "-58.70000", "2018-12-31": "-84.30000", "2017-12-31": "-89.30000", "2016-12-31": "-31.40000", "2015-12-31": "-71.50000", "2014-12-31": "-29.30000", "2013-12-31": "1.99700", "2012-12-31": "-18.71300", "2011-12-31": "3.84800", "2010-12-31": "41.35300", "2009-12-31": "27.58200", "2008-12-31": "-47.96600", "2007-12-31": "-47.80500", "2006-12-31": "-3.42300", "2005-12-31": "-33.05900"}, "Total Non-Cash Items": {"2019-12-31": "217.90000", "2018-12-31": "128.60000", "2017-12-31": "102.80000", "2016-12-31": "140.50000", "2015-12-31": "66.30000", "2014-12-31": "94.20000", "2013-12-31": "108.99000", "2012-12-31": "96.74800", "2011-12-31": "125.06600", "2010-12-31": "159.90300", "2009-12-31": "161.89400", "2008-12-31": "108.30100", "2007-12-31": "66.28600", "2006-12-31": "90.76500", "2005-12-31": "33.21700"}, "Change In Accounts Receivable": {"2019-12-31": "-299.20000", "2018-12-31": "-210.70000", "2017-12-31": "-177.40000", "2016-12-31": "-217.50000", "2015-12-31": "-386.20000", "2014-12-31": "-255.80000", "2013-12-31": "-258.83500", "2012-12-31": "-83.90900", "2011-12-31": "-180.34700", "2010-12-31": "-47.16300", "2009-12-31": "95.60700", "2008-12-31": "65.49700", "2007-12-31": "-219.87400", "2006-12-31": "-238.73200", "2005-12-31": "-91.85100"}, "Change In Inventories": {"2019-12-31": "", "2018-12-31": "", "2017-12-31": "", "2016-12-31": "", "2015-12-31": "", "2014-12-31": "", "2013-12-31": "", "2012-12-31": "", "2011-12-31": "", "2010-12-31": "", "2009-12-31": "", "2008-12-31": "", "2007-12-31": "", "2006-12-31": "", "2005-12-31": ""}, "Change In Accounts Payable": {"2019-12-31": "", "2018-12-31": "", "2017-12-31": "", "2016-12-31": "", "2015-12-31": "", "2014-12-31": "", "2013-12-31": "", "2012-12-31": "", "2011-12-31": "", "2010-12-31": "", "2009-12-31": "", "2008-12-31": "", "2007-12-31": "", "2006-12-31": "", "2005-12-31": ""}, "Change In Assets/Liabilities": {"2019-12-31": "-83.80000", "2018-12-31": "-444.80000", "2017-12-31": "-149.00000", "2016-12-31": "-111.90000", "2015-12-31": "-44.90000", "2014-12-31": "-48.80000", "2013-12-31": "-45.01400", "2012-12-31": "-33.98600", "2011-12-31": "3.32000", "2010-12-31": "-24.86800", "2009-12-31": "-20.06200", "2008-12-31": "-13.15400", "2007-12-31": "3.66200", "2006-12-31": "-24.00800", "2005-12-31": "-5.46400"}, "Total Change In Assets/Liabilities": {"2019-12-31": "-293.00000", "2018-12-31": "-75.70000", "2017-12-31": "386.10000", "2016-12-31": "-294.70000", "2015-12-31": "-188.00000", "2014-12-31": "-2.80000", "2013-12-31": "-97.20000", "2012-12-31": "12.99000", "2011-12-31": "-61.93400", "2010-12-31": "75.54400", "2009-12-31": "91.66100", "2008-12-31": "-158.67700", "2007-12-31": "97.78100", "2006-12-31": "119.01700", "2005-12-31": "-26.68000"}, "Cash Flow From Operating Activities": {"2019-12-31": "483.80000", "2018-12-31": "604.10000", "2017-12-31": "798.70000", "2016-12-31": "222.60000", "2015-12-31": "375.80000", "2014-12-31": "498.90000", "2013-12-31": "295.23500", "2012-12-31": "325.89900", "2011-12-31": "211.33800", "2010-12-31": "384.27000", "2009-12-31": "250.55400", "2008-12-31": "33.36500", "2007-12-31": "409.41800", "2006-12-31": "377.70300", "2005-12-31": "120.63600"}, "Net Change In Property, Plant, And Equipment": {"2019-12-31": "-187.80000", "2018-12-31": "-161.90000", "2017-12-31": "-151.40000", "2016-12-31": "-282.00000", "2015-12-31": "-141.70000", "2014-12-31": "-155.70000", "2013-12-31": "-97.08000", "2012-12-31": "-94.75800", "2011-12-31": "-91.53800", "2010-12-31": "-47.60900", "2009-12-31": "-44.24900", "2008-12-31": "-103.70200", "2007-12-31": "-113.74300", "2006-12-31": "-70.30700", "2005-12-31": "-39.78500"}, "Net Change In Intangible Assets": {"2019-12-31": "", "2018-12-31": "", "2017-12-31": "", "2016-12-31": "", "2015-12-31": "", "2014-12-31": "", "2013-12-31": "", "2012-12-31": "", "2011-12-31": "", "2010-12-31": "", "2009-12-31": "", "2008-12-31": "", "2007-12-31": "", "2006-12-31": "", "2005-12-31": ""}, "Net Acquisitions/Divestitures": {"2019-12-31": "-801.30000", "2018-12-31": "-101.30000", "2017-12-31": "-18.70000", "2016-12-31": "-483.90000", "2015-12-31": "-391.60000", "2014-12-31": "-38.20000", "2013-12-31": "-57.54400", "2012-12-31": "-27.70600", "2011-12-31": "-251.78700", "2010-12-31": "-24.25000", "2009-12-31": "-2.46100", "2008-12-31": "-299.17200", "2007-12-31": "-134.25900", "2006-12-31": "-191.70600", "2005-12-31": "-4.88500"}, "Net Change In Short-term Investments": {"2019-12-31": "", "2018-12-31": "", "2017-12-31": "", "2016-12-31": "", "2015-12-31": "", "2014-12-31": "", "2013-12-31": "", "2012-12-31": "", "2011-12-31": "", "2010-12-31": "", "2009-12-31": "", "2008-12-31": "", "2007-12-31": "", "2006-12-31": "", "2005-12-31": ""}, "Net Change In Long-Term Investments": {"2019-12-31": "", "2018-12-31": "", "2017-12-31": "", "2016-12-31": "", "2015-12-31": "", "2014-12-31": "", "2013-12-31": "", "2012-12-31": "", "2011-12-31": "", "2010-12-31": "", "2009-12-31": "", "2008-12-31": "", "2007-12-31": "", "2006-12-31": "", "2005-12-31": ""}, "Net Change In Investments - Total": {"2019-12-31": "", "2018-12-31": "", "2017-12-31": "", "2016-12-31": "", "2015-12-31": "", "2014-12-31": "", "2013-12-31": "", "2012-12-31": "", "2011-12-31": "", "2010-12-31": "", "2009-12-31": "", "2008-12-31": "", "2007-12-31": "", "2006-12-31": "", "2005-12-31": ""}, "Investing Activities - Other": {"2019-12-31": "-60.60000", "2018-12-31": "-17.20000", "2017-12-31": "-0.70000", "2016-12-31": "-39.60000", "2015-12-31": "-51.30000", "2014-12-31": "6.00000", "2013-12-31": "-9.58800", "2012-12-31": "-28.78800", "2011-12-31": "-45.99100", "2010-12-31": "-19.01700", "2009-12-31": "-39.01500", "2008-12-31": "-42.33700", "2007-12-31": "-10.50000", "2006-12-31": "-44.34700", "2005-12-31": "-16.36400"}, "Cash Flow From Investing Activities": {"2019-12-31": "-1049.70000", "2018-12-31": "-280.40000", "2017-12-31": "-170.80000", "2016-12-31": "-805.50000", "2015-12-31": "-584.60000", "2014-12-31": "-187.90000", "2013-12-31": "-164.21200", "2012-12-31": "-151.25200", "2011-12-31": "-389.31600", "2010-12-31": "-90.87600", "2009-12-31": "-85.72500", "2008-12-31": "-445.21100", "2007-12-31": "-258.50200", "2006-12-31": "-306.36000", "2005-12-31": "-61.03400"}, "Net Long-Term Debt": {"2019-12-31": "", "2018-12-31": "", "2017-12-31": "", "2016-12-31": "", "2015-12-31": "", "2014-12-31": "", "2013-12-31": "0.94000", "2012-12-31": "13.28200", "2011-12-31": "", "2010-12-31": "", "2009-12-31": "", "2008-12-31": "", "2007-12-31": "", "2006-12-31": "", "2005-12-31": ""}, "Net Current Debt": {"2019-12-31": "611.79980", "2018-12-31": "-41.39990", "2017-12-31": "-545.20000", "2016-12-31": "689.00000", "2015-12-31": "283.80000", "2014-12-31": "-163.80000", "2013-12-31": "-21.70900", "2012-12-31": "-54.46200", "2011-12-31": "301.89000", "2010-12-31": "27.80200", "2009-12-31": "-311.28410", "2008-12-31": "464.92100", "2007-12-31": "-3.79500", "2006-12-31": "5.48500", "2005-12-31": "-14.51800"}, "Debt Issuance/Retirement Net - Total": {"2019-12-31": "611.79980", "2018-12-31": "-41.39990", "2017-12-31": "-545.20000", "2016-12-31": "689.00000", "2015-12-31": "283.80000", "2014-12-31": "-163.80000", "2013-12-31": "-20.76900", "2012-12-31": "-41.18000", "2011-12-31": "301.89000", "2010-12-31": "27.80200", "2009-12-31": "-311.28410", "2008-12-31": "464.92100", "2007-12-31": "-3.79500", "2006-12-31": "5.48500", "2005-12-31": "-14.51800"}, "Net Common Equity Issued/Repurchased": {"2019-12-31": "-9.90000", "2018-12-31": "-9.50000", "2017-12-31": "-3.00000", "2016-12-31": "-4.20000", "2015-12-31": "1.90000", "2014-12-31": "-3.90000", "2013-12-31": "-13.02200", "2012-12-31": "-7.95100", "2011-12-31": "-29.02400", "2010-12-31": "-18.04200", "2009-12-31": "213.48100", "2008-12-31": "-4.07300", "2007-12-31": "-115.92100", "2006-12-31": "-58.44400", "2005-12-31": "-38.14300"}, "Net Total Equity Issued/Repurchased": {"2019-12-31": "-9.90000", "2018-12-31": "-9.50000", "2017-12-31": "-3.00000", "2016-12-31": "-4.20000", "2015-12-31": "1.90000", "2014-12-31": "-3.90000", "2013-12-31": "-13.02200", "2012-12-31": "-7.95100", "2011-12-31": "-29.02400", "2010-12-31": "-18.04200", "2009-12-31": "213.48100", "2008-12-31": "-4.07300", "2007-12-31": "-115.92100", "2006-12-31": "-58.44400", "2005-12-31": "-38.14300"}, "Total Common And Preferred Stock Dividends Paid": {"2019-12-31": "-42.70000", "2018-12-31": "-37.80000", "2017-12-31": "-33.10000", "2016-12-31": "-29.40000", "2015-12-31": "-25.60000", "2014-12-31": "-21.90000", "2013-12-31": "-20.02600", "2012-12-31": "-18.21900", "2011-12-31": "-13.48400", "2010-12-31": "-8.96100", "2009-12-31": "-8.26700", "2008-12-31": "-26.40500", "2007-12-31": "-28.90600", "2006-12-31": "-20.62900", "2005-12-31": "-8.42600"}, "Financial Activities - Other": {"2019-12-31": "25.40000", "2018-12-31": "-52.60000", "2017-12-31": "-42.20000", "2016-12-31": "-19.00000", "2015-12-31": "-68.50000", "2014-12-31": "-13.40000", "2013-12-31": "-74.57100", "2012-12-31": "-141.39100", "2011-12-31": "-148.84700", "2010-12-31": "-111.55900", "2009-12-31": "-35.38900", "2008-12-31": "-55.28400", "2007-12-31": "25.67400", "2006-12-31": "24.19900", "2005-12-31": ""}, "Cash Flow From Financial Activities": {"2019-12-31": "584.60000", "2018-12-31": "-141.30000", "2017-12-31": "-623.50000", "2016-12-31": "636.40000", "2015-12-31": "191.60000", "2014-12-31": "-203.00000", "2013-12-31": "-128.38800", "2012-12-31": "-208.74100", "2011-12-31": "110.53500", "2010-12-31": "-110.76000", "2009-12-31": "-141.45900", "2008-12-31": "379.15900", "2007-12-31": "-122.94800", "2006-12-31": "-49.38900", "2005-12-31": "-61.08700"}, "Net Cash Flow": {"2019-12-31": "17.90000", "2018-12-31": "162.50000", "2017-12-31": "17.70000", "2016-12-31": "46.50000", "2015-12-31": "-33.80000", "2014-12-31": "97.70000", "2013-12-31": "0.56700", "2012-12-31": "-32.29500", "2011-12-31": "-67.44300", "2010-12-31": "182.63400", "2009-12-31": "23.37000", "2008-12-31": "-32.68700", "2007-12-31": "27.96800", "2006-12-31": "21.95400", "2005-12-31": "-1.48500"}, "Stock-Based Compensation": {"2019-12-31": "", "2018-12-31": "", "2017-12-31": "", "2016-12-31": "", "2015-12-31": "", "2014-12-31": "", "2013-12-31": "", "2012-12-31": "", "2011-12-31": "", "2010-12-31": "", "2009-12-31": "", "2008-12-31": "", "2007-12-31": "", "2006-12-31": "", "2005-12-31": ""}, "Common Stock Dividends Paid": {"2019-12-31": "-42.70000", "2018-12-31": "-37.80000", "2017-12-31": "-33.10000", "2016-12-31": "-29.40000", "2015-12-31": "-25.60000", "2014-12-31": "-21.90000", "2013-12-31": "-20.02600", "2012-12-31": "-18.21900", "2011-12-31": "-13.48400", "2010-12-31": "-8.96100", "2009-12-31": "-8.26700", "2008-12-31": "-26.40500", "2007-12-31": "-28.90600", "2006-12-31": "-20.62900", "2005-12-31": "-8.42600"}}, "cash flow statement, quarterly": {"Net Income/Loss": {"2020-09-30": 134.6, "2020-06-30": 14.3, "2020-03-31": "17.60000", "2019-12-31": 276.1, "2019-09-30": 129.3, "2019-06-30": 111.3, "2019-03-31": "21.20000", "2018-12-31": 203.2, "2018-09-30": 136.1, "2018-06-30": 109.8, "2018-03-31": "42.60000", "2017-12-31": 77.7, "2017-09-30": 99.2, "2017-06-30": 94.9, "2017-03-31": "7.70000", "2016-12-31": 178.1, "2016-09-30": 48.2, "2016-06-30": 94.4, "2016-03-31": "25.20000", "2015-12-31": 198.4, "2015-09-30": 113.2, "2015-06-30": 91.4, "2015-03-31": "43.30000", "2014-12-31": 194.756, "2014-09-30": 104.737, "2014-06-30": 72.362, "2014-03-31": "16.14500", "2013-12-31": 147.523, "2013-09-30": 63.116, "2013-06-30": 49.451, "2013-03-31": "13.26200", "2012-12-31": 107.262, "2012-09-30": 49.682, "2012-06-30": 37.73, "2012-03-31": "14.16900", "2011-12-31": 85.025, "2011-09-30": 33.9, "2011-06-30": 45.088, "2011-03-31": "1.59900", "2010-12-31": 84.744, "2010-09-30": 37.23, "2010-06-30": 32.051, "2010-03-31": "0.41400", "2009-12-31": 52.401, "2009-09-30": 19.86, "2009-06-30": -13.956, "2009-03-31": "-61.46300", "2008-12-31": 41.491, "2008-09-30": 15.174, "2008-06-30": 27.186, "2008-03-31": "2.83900", "2007-12-31": 107.63, "2007-09-30": 46.529, "2007-06-30": 78.551, "2007-03-31": "27.29600", "2006-12-31": 80.928, "2006-09-30": 24.697, "2006-06-30": 66.216, "2006-03-31": "4.56000", "2005-12-31": 66.886, "2005-09-30": 20.617, "2005-06-30": 24.751, "2005-03-31": "-8.58200"}, "Total Depreciation And Amortization - Cash Flow": {"2020-09-30": 0, "2020-06-30": 0, "2020-03-31": "", "2019-12-31": 276.6, "2019-09-30": 0, "2019-06-30": 0, "2019-03-31": "", "2018-12-31": 212.9, "2018-09-30": 0, "2018-06-30": 0, "2018-03-31": "", "2017-12-31": 192.1, "2017-09-30": 0, "2017-06-30": 0, "2017-03-31": "", "2016-12-31": 171.9, "2016-09-30": 0, "2016-06-30": 0, "2016-03-31": "", "2015-12-31": 137.8, "2015-09-30": 0, "2015-06-30": 0, "2015-03-31": "", "2014-12-31": 37.646, "2014-09-30": 27.661, "2014-06-30": 28.642, "2014-03-31": "29.55100", "2013-12-31": 26.319, "2013-09-30": 25.992, "2013-06-30": 26.893, "2013-03-31": "27.78900", "2012-12-31": 27.337, "2012-09-30": 26.31, "2012-06-30": 27.715, "2012-03-31": "34.09900", "2011-12-31": 33.262, "2011-09-30": 29.81, "2011-06-30": 28.683, "2011-03-31": "29.46300", "2010-12-31": 33.814, "2010-09-30": 26.687, "2010-06-30": 27.135, "2010-03-31": "30.91400", "2009-12-31": 33.279, "2009-09-30": 28.373, "2009-06-30": 32.883, "2009-03-31": "39.77700", "2008-12-31": 50.493, "2008-09-30": 38.863, "2008-06-30": 34.369, "2008-03-31": "32.54200", "2007-12-31": 43.757, "2007-09-30": 18.823, "2007-06-30": 26.134, "2007-03-31": "25.37700", "2006-12-31": 34.861, "2006-09-30": 21.631, "2006-06-30": 19.661, "2006-03-31": "18.03500", "2005-12-31": 25.434, "2005-09-30": 13.112, "2005-06-30": 13.868, "2005-03-31": "13.86200"}, "Other Non-Cash Items": {"2020-09-30": 49.9, "2020-06-30": 56.7, "2020-03-31": "132.20000", "2019-12-31": -227.9, "2019-09-30": 61.3, "2019-06-30": 70.4, "2019-03-31": "37.50000", "2018-12-31": -198.6, "2018-09-30": 53.6, "2018-06-30": 31, "2018-03-31": "29.70000", "2017-12-31": -211.7, "2017-09-30": 33.8, "2017-06-30": 37, "2017-03-31": "51.60000", "2016-12-31": -142.7, "2016-09-30": 51.2, "2016-06-30": 22.2, "2016-03-31": "37.90000", "2015-12-31": -122, "2015-09-30": 12.8, "2015-06-30": 7, "2015-03-31": "30.70000", "2014-12-31": -40.76, "2014-09-30": -7.626, "2014-06-30": 5.172, "2014-03-31": "13.91400", "2013-12-31": -4.073, "2013-09-30": 12.155, "2013-06-30": -9.985, "2013-03-31": "3.90000", "2012-12-31": -13.831, "2012-09-30": 5.313, "2012-06-30": 5.967, "2012-03-31": "-16.16200", "2011-12-31": -38.09, "2011-09-30": 17.887, "2011-06-30": 5.066, "2011-03-31": "18.98500", "2010-12-31": -3.618, "2010-09-30": 16.309, "2010-06-30": 11.181, "2010-03-31": "17.48100", "2009-12-31": -5.845, "2009-09-30": 5.978, "2009-06-30": 5.357, "2009-03-31": "22.09200", "2008-12-31": -52.399, "2008-09-30": 23.583, "2008-06-30": -3.875, "2008-03-31": "-15.27500", "2007-12-31": -30.595, "2007-09-30": -5.941, "2007-06-30": -12.341, "2007-03-31": "1.07200", "2006-12-31": 7.627, "2006-09-30": -4.236, "2006-06-30": -10.763, "2006-03-31": "3.94900", "2005-12-31": -31.125, "2005-09-30": -1.383, "2005-06-30": -5.384, "2005-03-31": "4.83300"}, "Total Non-Cash Items": {"2020-09-30": 49.9, "2020-06-30": 56.7, "2020-03-31": "132.20000", "2019-12-31": 48.7, "2019-09-30": 61.3, "2019-06-30": 70.4, "2019-03-31": "37.50000", "2018-12-31": 14.3, "2018-09-30": 53.6, "2018-06-30": 31, "2018-03-31": "29.70000", "2017-12-31": -19.6, "2017-09-30": 33.8, "2017-06-30": 37, "2017-03-31": "51.60000", "2016-12-31": 29.2, "2016-09-30": 51.2, "2016-06-30": 22.2, "2016-03-31": "37.90000", "2015-12-31": 15.8, "2015-09-30": 12.8, "2015-06-30": 7, "2015-03-31": "30.70000", "2014-12-31": -3.114, "2014-09-30": 20.035, "2014-06-30": 33.814, "2014-03-31": "43.46500", "2013-12-31": 22.246, "2013-09-30": 38.147, "2013-06-30": 16.908, "2013-03-31": "31.68900", "2012-12-31": 13.506, "2012-09-30": 31.623, "2012-06-30": 33.682, "2012-03-31": "17.93700", "2011-12-31": -4.828, "2011-09-30": 47.697, "2011-06-30": 33.749, "2011-03-31": "48.44800", "2010-12-31": 30.196, "2010-09-30": 42.996, "2010-06-30": 38.316, "2010-03-31": "48.39500", "2009-12-31": 27.434, "2009-09-30": 34.351, "2009-06-30": 38.24, "2009-03-31": "61.86900", "2008-12-31": -1.906, "2008-09-30": 62.446, "2008-06-30": 30.494, "2008-03-31": "17.26700", "2007-12-31": 13.162, "2007-09-30": 12.882, "2007-06-30": 13.793, "2007-03-31": "26.44900", "2006-12-31": 42.488, "2006-09-30": 17.395, "2006-06-30": 8.898, "2006-03-31": "21.98400", "2005-12-31": -5.691, "2005-09-30": 11.729, "2005-06-30": 8.484, "2005-03-31": "18.69500"}, "Change In Accounts Receivable": {"2020-09-30": 0, "2020-06-30": 0, "2020-03-31": "", "2019-12-31": -299.2, "2019-09-30": 0, "2019-06-30": 0, "2019-03-31": "", "2018-12-31": -210.7, "2018-09-30": 0, "2018-06-30": 0, "2018-03-31": "", "2017-12-31": -177.4, "2017-09-30": 0, "2017-06-30": 0, "2017-03-31": "", "2016-12-31": -217.5, "2016-09-30": 0, "2016-06-30": 0, "2016-03-31": "", "2015-12-31": -386.2, "2015-09-30": 0, "2015-06-30": 0, "2015-03-31": "", "2014-12-31": -177.545, "2014-09-30": -114.618, "2014-06-30": -54.608, "2014-03-31": "90.97100", "2013-12-31": -208.769, "2013-09-30": -88.034, "2013-06-30": -14.571, "2013-03-31": "52.53900", "2012-12-31": -142.761, "2012-09-30": -22.696, "2012-06-30": -28.43, "2012-03-31": "109.97800", "2011-12-31": -173.476, "2011-09-30": -7.85, "2011-06-30": -5.475, "2011-03-31": "6.45400", "2010-12-31": -80.284, "2010-09-30": 16.619, "2010-06-30": -37.529, "2010-03-31": "54.03100", "2009-12-31": -92.264, "2009-09-30": 39.35, "2009-06-30": 18.926, "2009-03-31": "129.59500", "2008-12-31": -74.601, "2008-09-30": -40.116, "2008-06-30": 119.034, "2008-03-31": "61.18000", "2007-12-31": -186.443, "2007-09-30": -67.073, "2007-06-30": -18.544, "2007-03-31": "52.18600", "2006-12-31": -174.896, "2006-09-30": 51.449, "2006-06-30": -153.642, "2006-03-31": "38.35700", "2005-12-31": -132.734, "2005-09-30": -20.875, "2005-06-30": 4.557, "2005-03-31": "57.20100"}, "Change In Inventories": {"2020-09-30": 0, "2020-06-30": 0, "2020-03-31": "", "2019-12-31": 0, "2019-09-30": 0, "2019-06-30": 0, "2019-03-31": "", "2018-12-31": 0, "2018-09-30": 0, "2018-06-30": 0, "2018-03-31": "", "2017-12-31": 0, "2017-09-30": 0, "2017-06-30": 0, "2017-03-31": "", "2016-12-31": 0, "2016-09-30": 0, "2016-06-30": 0, "2016-03-31": "", "2015-12-31": 0, "2015-09-30": 0, "2015-06-30": 0, "2015-03-31": "", "2014-12-31": 0, "2014-09-30": 0, "2014-06-30": 0, "2014-03-31": "", "2013-12-31": 0, "2013-09-30": 0, "2013-06-30": 0, "2013-03-31": "", "2012-12-31": 0, "2012-09-30": 0, "2012-06-30": 0, "2012-03-31": "", "2011-12-31": 0, "2011-09-30": 0, "2011-06-30": 0, "2011-03-31": "", "2010-12-31": 0, "2010-09-30": 0, "2010-06-30": 0, "2010-03-31": "", "2009-12-31": 0, "2009-09-30": 0, "2009-06-30": 0, "2009-03-31": "", "2008-12-31": 0, "2008-09-30": 0, "2008-06-30": 0, "2008-03-31": "", "2007-12-31": 0, "2007-09-30": 0, "2007-06-30": 0, "2007-03-31": "", "2006-12-31": 0, "2006-09-30": 0, "2006-06-30": 0, "2006-03-31": "", "2005-12-31": 0, "2005-09-30": 0, "2005-06-30": 0, "2005-03-31": ""}, "Change In Accounts Payable": {"2020-09-30": 0, "2020-06-30": 0, "2020-03-31": "", "2019-12-31": 0, "2019-09-30": 0, "2019-06-30": 0, "2019-03-31": "", "2018-12-31": 0, "2018-09-30": 0, "2018-06-30": 0, "2018-03-31": "", "2017-12-31": 0, "2017-09-30": 0, "2017-06-30": 0, "2017-03-31": "", "2016-12-31": 0, "2016-09-30": 0, "2016-06-30": 0, "2016-03-31": "", "2015-12-31": 0, "2015-09-30": 0, "2015-06-30": 0, "2015-03-31": "", "2014-12-31": 0, "2014-09-30": 0, "2014-06-30": 0, "2014-03-31": "", "2013-12-31": 0, "2013-09-30": 0, "2013-06-30": 0, "2013-03-31": "", "2012-12-31": 0, "2012-09-30": 0, "2012-06-30": 0, "2012-03-31": "", "2011-12-31": 0, "2011-09-30": 0, "2011-06-30": 0, "2011-03-31": "", "2010-12-31": 0, "2010-09-30": 0, "2010-06-30": 0, "2010-03-31": "", "2009-12-31": 0, "2009-09-30": 0, "2009-06-30": 0, "2009-03-31": "", "2008-12-31": 0, "2008-09-30": 0, "2008-06-30": 0, "2008-03-31": "", "2007-12-31": 0, "2007-09-30": 0, "2007-06-30": 0, "2007-03-31": "", "2006-12-31": 0, "2006-09-30": 0, "2006-06-30": 0, "2006-03-31": "", "2005-12-31": 0, "2005-09-30": 0, "2005-06-30": 0, "2005-03-31": ""}, "Change In Assets/Liabilities": {"2020-09-30": 221.6, "2020-06-30": 425.3, "2020-03-31": "-699.50000", "2019-12-31": 610.7, "2019-09-30": 35.1, "2019-06-30": -116.4, "2019-03-31": "-613.20000", "2018-12-31": -11.5, "2018-09-30": 66.8, "2018-06-30": -156.6, "2018-03-31": "-343.50000", "2017-12-31": -78.3, "2017-09-30": 176.2, "2017-06-30": 35.8, "2017-03-31": "-282.70000", "2016-12-31": 343.5, "2016-09-30": 25.1, "2016-06-30": -74.1, "2016-03-31": "-406.40000", "2015-12-31": 312.9, "2015-09-30": 39.8, "2015-06-30": 12.2, "2015-03-31": "-409.80000", "2014-12-31": 13.6, "2014-09-30": -31.174, "2014-06-30": -6.572, "2014-03-31": "-24.65400", "2013-12-31": 4.326, "2013-09-30": -24.703, "2013-06-30": -8.764, "2013-03-31": "-15.87300", "2012-12-31": 8.372, "2012-09-30": -11.389, "2012-06-30": -3.522, "2012-03-31": "-27.44700", "2011-12-31": 9.074, "2011-09-30": -5.133, "2011-06-30": -3.933, "2011-03-31": "3.31200", "2010-12-31": -3.069, "2010-09-30": -7.279, "2010-06-30": -13.526, "2010-03-31": "-0.99400", "2009-12-31": -0.15, "2009-09-30": -9.683, "2009-06-30": -6.777, "2009-03-31": "-3.45200", "2008-12-31": -5.838, "2008-09-30": 18.113, "2008-06-30": -23.428, "2008-03-31": "-2.00100", "2007-12-31": 16.987, "2007-09-30": -5.673, "2007-06-30": 0.635, "2007-03-31": "-8.28700", "2006-12-31": -13.13, "2006-09-30": -4.011, "2006-06-30": -8.761, "2006-03-31": "1.89400", "2005-12-31": -3.439, "2005-09-30": 0.464, "2005-06-30": 7.271, "2005-03-31": "-9.76000"}, "Total Change In Assets/Liabilities": {"2020-09-30": 221.6, "2020-06-30": 425.3, "2020-03-31": "-699.50000", "2019-12-31": 401.5, "2019-09-30": 35.1, "2019-06-30": -116.4, "2019-03-31": "-613.20000", "2018-12-31": 357.6, "2018-09-30": 66.8, "2018-06-30": -156.6, "2018-03-31": "-343.50000", "2017-12-31": 456.8, "2017-09-30": 176.2, "2017-06-30": 35.8, "2017-03-31": "-282.70000", "2016-12-31": 160.7, "2016-09-30": 25.1, "2016-06-30": -74.1, "2016-03-31": "-406.40000", "2015-12-31": 169.8, "2015-09-30": 39.8, "2015-06-30": 12.2, "2015-03-31": "-409.80000", "2014-12-31": 251.824, "2014-09-30": 64.238, "2014-06-30": 2.514, "2014-03-31": "-321.37600", "2013-12-31": 222.59, "2013-09-30": 41.742, "2013-06-30": -11.747, "2013-03-31": "-349.78500", "2012-12-31": 168.083, "2012-09-30": 69.432, "2012-06-30": 4.054, "2012-03-31": "-228.57900", "2011-12-31": 172.753, "2011-09-30": 25.515, "2011-06-30": -18.084, "2011-03-31": "-242.11800", "2010-12-31": 161.482, "2010-09-30": 113.041, "2010-06-30": -4.345, "2010-03-31": "-194.63400", "2009-12-31": 126.701, "2009-09-30": 75.511, "2009-06-30": -106.28, "2009-03-31": "-4.27100", "2008-12-31": 107.605, "2008-09-30": -17.446, "2008-06-30": 42.323, "2008-03-31": "-291.15900", "2007-12-31": 134.648, "2007-09-30": 93.312, "2007-06-30": 101.946, "2007-03-31": "-232.12500", "2006-12-31": 99.351, "2006-09-30": 157.972, "2006-06-30": -33.391, "2006-03-31": "-104.91500", "2005-12-31": 43.336, "2005-09-30": 35.764, "2005-06-30": -8.148, "2005-03-31": "-97.63200"}, "Cash Flow From Operating Activities": {"2020-09-30": 407.8, "2020-06-30": 501.4, "2020-03-31": "-546.10000", "2019-12-31": 735.3, "2019-09-30": 231.6, "2019-06-30": 68.4, "2019-03-31": "-551.50000", "2018-12-31": 604.4, "2018-09-30": 267.6, "2018-06-30": -9.3, "2018-03-31": "-258.60000", "2017-12-31": 521, "2017-09-30": 316.3, "2017-06-30": 173, "2017-03-31": "-211.60000", "2016-12-31": 374.5, "2016-09-30": 130.9, "2016-06-30": 54.1, "2016-03-31": "-336.90000", "2015-12-31": 394, "2015-09-30": 196.7, "2015-06-30": 120.9, "2015-03-31": "-335.80000", "2014-12-31": 456.544, "2014-09-30": 189.364, "2014-06-30": 116.211, "2014-03-31": "-263.21900", "2013-12-31": 395.108, "2013-09-30": 144.685, "2013-06-30": 56.898, "2013-03-31": "-301.45600", "2012-12-31": 291.611, "2012-09-30": 156.906, "2012-06-30": 73.504, "2012-03-31": "-196.12200", "2011-12-31": 252.513, "2011-09-30": 95.137, "2011-06-30": 60.867, "2011-03-31": "-197.17900", "2010-12-31": 276.198, "2010-09-30": 188.435, "2010-06-30": 65.969, "2010-03-31": "-146.33200", "2009-12-31": 206.693, "2009-09-30": 129.722, "2009-06-30": -81.996, "2009-03-31": "-3.86500", "2008-12-31": 146.487, "2008-09-30": 60.083, "2008-06-30": 98.645, "2008-03-31": "-271.85000", "2007-12-31": 256, "2007-09-30": 133.115, "2007-06-30": 202.72, "2007-03-31": "-182.41700", "2006-12-31": 223.519, "2006-09-30": 186.225, "2006-06-30": 54.945, "2006-03-31": "-86.98600", "2005-12-31": 109.39, "2005-09-30": 68.311, "2005-06-30": 29.77, "2005-03-31": "-86.83500"}, "Net Change In Property, Plant, And Equipment": {"2020-09-30": -35.2, "2020-06-30": -32.9, "2020-03-31": "-44.40000", "2019-12-31": -56.7, "2019-09-30": -47.3, "2019-06-30": -39.2, "2019-03-31": "-44.60000", "2018-12-31": -51.8, "2018-09-30": -39.1, "2018-06-30": -29.4, "2018-03-31": "-41.60000", "2017-12-31": -53.3, "2017-09-30": -34.9, "2017-06-30": -31.6, "2017-03-31": "-31.60000", "2016-12-31": -78.9, "2016-09-30": -88.9, "2016-06-30": -46.5, "2016-03-31": "-67.70000", "2015-12-31": -54.1, "2015-09-30": -42.2, "2015-06-30": -26.2, "2015-03-31": "-19.20000", "2014-12-31": -53.35, "2014-09-30": -34.706, "2014-06-30": -34.38, "2014-03-31": "-33.26400", "2013-12-31": -53.126, "2013-09-30": -22.943, "2013-06-30": -8.323, "2013-03-31": "-12.68800", "2012-12-31": -39.921, "2012-09-30": -22.351, "2012-06-30": -20.66, "2012-03-31": "-11.82600", "2011-12-31": -35.636, "2011-09-30": -19.707, "2011-06-30": -19.025, "2011-03-31": "-17.17000", "2010-12-31": -24.812, "2010-09-30": -9.139, "2010-06-30": -9.18, "2010-03-31": "-4.47800", "2009-12-31": -13.015, "2009-09-30": -10.203, "2009-06-30": -14.079, "2009-03-31": "-6.95200", "2008-12-31": -31.459, "2008-09-30": -21.458, "2008-06-30": -31.998, "2008-03-31": "-18.78700", "2007-12-31": -42.423, "2007-09-30": -25.924, "2007-06-30": -26.054, "2007-03-31": "-19.34200", "2006-12-31": -26.181, "2006-09-30": -15.591, "2006-06-30": -20.134, "2006-03-31": "-8.40100", "2005-12-31": -17.877, "2005-09-30": -9.096, "2005-06-30": -8.674, "2005-03-31": "-4.13800"}, "Net Change In Intangible Assets": {"2020-09-30": 0, "2020-06-30": 0, "2020-03-31": "", "2019-12-31": 0, "2019-09-30": 0, "2019-06-30": 0, "2019-03-31": "", "2018-12-31": 0, "2018-09-30": 0, "2018-06-30": 0, "2018-03-31": "", "2017-12-31": 0, "2017-09-30": 0, "2017-06-30": 0, "2017-03-31": "", "2016-12-31": 0, "2016-09-30": 0, "2016-06-30": 0, "2016-03-31": "", "2015-12-31": 0, "2015-09-30": 0, "2015-06-30": 0, "2015-03-31": "", "2014-12-31": 0, "2014-09-30": 0, "2014-06-30": 0, "2014-03-31": "", "2013-12-31": 0, "2013-09-30": 0, "2013-06-30": 0, "2013-03-31": "", "2012-12-31": 0, "2012-09-30": 0, "2012-06-30": 0, "2012-03-31": "", "2011-12-31": 0, "2011-09-30": 0, "2011-06-30": 0, "2011-03-31": "", "2010-12-31": 0, "2010-09-30": 0, "2010-06-30": 0, "2010-03-31": "", "2009-12-31": 0, "2009-09-30": 0, "2009-06-30": 0, "2009-03-31": "", "2008-12-31": 0, "2008-09-30": 0, "2008-06-30": 0, "2008-03-31": "", "2007-12-31": 0, "2007-09-30": 0, "2007-06-30": 0, "2007-03-31": "", "2006-12-31": 0, "2006-09-30": 0, "2006-06-30": 0, "2006-03-31": "", "2005-12-31": 0, "2005-09-30": 0, "2005-06-30": 0, "2005-03-31": ""}, "Net Acquisitions/Divestitures": {"2020-09-30": 0, "2020-06-30": 0, "2020-03-31": "", "2019-12-31": -12.1, "2019-09-30": -760.9, "2019-06-30": -1.6, "2019-03-31": "-26.70000", "2018-12-31": -69.6, "2018-09-30": -20.5, "2018-06-30": -2.5, "2018-03-31": "-8.70000", "2017-12-31": 0, "2017-09-30": -0.2, "2017-06-30": -1.9, "2017-03-31": "-16.60000", "2016-12-31": -65.3, "2016-09-30": -325.6, "2016-06-30": -16.5, "2016-03-31": "-76.50000", "2015-12-31": -287.8, "2015-09-30": -62.1, "2015-06-30": -38, "2015-03-31": "-3.70000", "2014-12-31": -14.039, "2014-09-30": -3.997, "2014-06-30": -10.991, "2014-03-31": "-9.17300", "2013-12-31": -3.012, "2013-09-30": -9.219, "2013-06-30": -43.997, "2013-03-31": "-1.31600", "2012-12-31": -1.516, "2012-09-30": -11.81, "2012-06-30": -9.432, "2012-03-31": "-4.94800", "2011-12-31": -17.786, "2011-09-30": -11.474, "2011-06-30": -210.152, "2011-03-31": "-12.37500", "2010-12-31": -12.404, "2010-09-30": -1.627, "2010-06-30": -1.282, "2010-03-31": "-8.93700", "2009-12-31": 12.384, "2009-09-30": -4.96, "2009-06-30": 3.898, "2009-03-31": "-13.78300", "2008-12-31": -16.222, "2008-09-30": -114.701, "2008-06-30": -127.497, "2008-03-31": "-40.75200", "2007-12-31": -47.275, "2007-09-30": -20.287, "2007-06-30": -62.001, "2007-03-31": "-4.69600", "2006-12-31": -9.043, "2006-09-30": -14.215, "2006-06-30": -16.098, "2006-03-31": "-152.35000", "2005-12-31": 0, "2005-09-30": -0.385, "2005-06-30": -4.5, "2005-03-31": ""}, "Net Change In Short-term Investments": {"2020-09-30": 0, "2020-06-30": 0, "2020-03-31": "", "2019-12-31": 0, "2019-09-30": 0, "2019-06-30": 0, "2019-03-31": "", "2018-12-31": 0, "2018-09-30": 0, "2018-06-30": 0, "2018-03-31": "", "2017-12-31": 0, "2017-09-30": 0, "2017-06-30": 0, "2017-03-31": "", "2016-12-31": 0, "2016-09-30": 0, "2016-06-30": 0, "2016-03-31": "", "2015-12-31": 0, "2015-09-30": 0, "2015-06-30": 0, "2015-03-31": "", "2014-12-31": 0, "2014-09-30": 0, "2014-06-30": 0, "2014-03-31": "", "2013-12-31": 0, "2013-09-30": 0, "2013-06-30": 0, "2013-03-31": "", "2012-12-31": 0, "2012-09-30": 0, "2012-06-30": 0, "2012-03-31": "", "2011-12-31": 0, "2011-09-30": 0, "2011-06-30": 0, "2011-03-31": "", "2010-12-31": 0, "2010-09-30": 0, "2010-06-30": 0, "2010-03-31": "", "2009-12-31": 0, "2009-09-30": 0, "2009-06-30": 0, "2009-03-31": "", "2008-12-31": 0, "2008-09-30": 0, "2008-06-30": 0, "2008-03-31": "", "2007-12-31": 0, "2007-09-30": 0, "2007-06-30": -2.425, "2007-03-31": "2.42500", "2006-12-31": 0, "2006-09-30": 0, "2006-06-30": 0, "2006-03-31": "", "2005-12-31": 0, "2005-09-30": 0, "2005-06-30": 0, "2005-03-31": ""}, "Net Change In Long-Term Investments": {"2020-09-30": 0, "2020-06-30": 0, "2020-03-31": "", "2019-12-31": 0, "2019-09-30": 0, "2019-06-30": 0, "2019-03-31": "", "2018-12-31": 0, "2018-09-30": 0, "2018-06-30": 0, "2018-03-31": "", "2017-12-31": 0, "2017-09-30": 0, "2017-06-30": 0, "2017-03-31": "", "2016-12-31": 0, "2016-09-30": 0, "2016-06-30": 0, "2016-03-31": "", "2015-12-31": 0, "2015-09-30": 0, "2015-06-30": 0, "2015-03-31": "", "2014-12-31": 0, "2014-09-30": 0, "2014-06-30": 0, "2014-03-31": "", "2013-12-31": 0, "2013-09-30": 0, "2013-06-30": 0, "2013-03-31": "", "2012-12-31": 0, "2012-09-30": 0, "2012-06-30": 0, "2012-03-31": "", "2011-12-31": 0, "2011-09-30": 0, "2011-06-30": 0, "2011-03-31": "", "2010-12-31": 0, "2010-09-30": 0, "2010-06-30": 0, "2010-03-31": "", "2009-12-31": 0, "2009-09-30": 0, "2009-06-30": 0, "2009-03-31": "", "2008-12-31": 0, "2008-09-30": 0, "2008-06-30": 0, "2008-03-31": "", "2007-12-31": 0, "2007-09-30": 0, "2007-06-30": 0, "2007-03-31": "", "2006-12-31": 0, "2006-09-30": 0, "2006-06-30": 0, "2006-03-31": "", "2005-12-31": 0, "2005-09-30": 0, "2005-06-30": 0, "2005-03-31": ""}, "Net Change In Investments - Total": {"2020-09-30": 0, "2020-06-30": 0, "2020-03-31": "", "2019-12-31": 0, "2019-09-30": 0, "2019-06-30": 0, "2019-03-31": "", "2018-12-31": 0, "2018-09-30": 0, "2018-06-30": 0, "2018-03-31": "", "2017-12-31": 0, "2017-09-30": 0, "2017-06-30": 0, "2017-03-31": "", "2016-12-31": 0, "2016-09-30": 0, "2016-06-30": 0, "2016-03-31": "", "2015-12-31": 0, "2015-09-30": 0, "2015-06-30": 0, "2015-03-31": "", "2014-12-31": 0, "2014-09-30": 0, "2014-06-30": 0, "2014-03-31": "", "2013-12-31": 0, "2013-09-30": 0, "2013-06-30": 0, "2013-03-31": "", "2012-12-31": 0, "2012-09-30": 0, "2012-06-30": 0, "2012-03-31": "", "2011-12-31": 0, "2011-09-30": 0, "2011-06-30": 0, "2011-03-31": "", "2010-12-31": 0, "2010-09-30": 0, "2010-06-30": 0, "2010-03-31": "", "2009-12-31": 0, "2009-09-30": 0, "2009-06-30": 0, "2009-03-31": "", "2008-12-31": 0, "2008-09-30": 0, "2008-06-30": 0, "2008-03-31": "", "2007-12-31": 0, "2007-09-30": 0, "2007-06-30": -2.425, "2007-03-31": "2.42500", "2006-12-31": 0, "2006-09-30": 0, "2006-06-30": 0, "2006-03-31": "", "2005-12-31": 0, "2005-09-30": 0, "2005-06-30": 0, "2005-03-31": ""}, "Investing Activities - Other": {"2020-09-30": 20.4, "2020-06-30": 14, "2020-03-31": "-46.10000", "2019-12-31": 13.2, "2019-09-30": -44.2, "2019-06-30": -9.9, "2019-03-31": "-19.70000", "2018-12-31": -11.8, "2018-09-30": -3.9, "2018-06-30": 8.2, "2018-03-31": "-9.70000", "2017-12-31": 4.5, "2017-09-30": -3, "2017-06-30": -0.7, "2017-03-31": "-1.50000", "2016-12-31": -43.9, "2016-09-30": -3.8, "2016-06-30": 48.2, "2016-03-31": "-40.10000", "2015-12-31": -58.2, "2015-09-30": 12.1, "2015-06-30": -7.1, "2015-03-31": "1.90000", "2014-12-31": -9.008, "2014-09-30": 11.065, "2014-06-30": 0.803, "2014-03-31": "3.14000", "2013-12-31": 4.085, "2013-09-30": -17.236, "2013-06-30": 10.336, "2013-03-31": "-6.77300", "2012-12-31": 25.742, "2012-09-30": -75.498, "2012-06-30": 20.343, "2012-03-31": "0.62500", "2011-12-31": 0.269, "2011-09-30": -47.055, "2011-06-30": 2.837, "2011-03-31": "-2.04200", "2010-12-31": 5.677, "2010-09-30": -13.464, "2010-06-30": -0.861, "2010-03-31": "-10.36900", "2009-12-31": -13.429, "2009-09-30": -6.857, "2009-06-30": -19.602, "2009-03-31": "0.87300", "2008-12-31": -5.732, "2008-09-30": -12.968, "2008-06-30": -13.243, "2008-03-31": "-10.39400", "2007-12-31": -18.182, "2007-09-30": 4.27, "2007-06-30": 6.346, "2007-03-31": "-2.93400", "2006-12-31": -2.165, "2006-09-30": -16.154, "2006-06-30": -27.438, "2006-03-31": "1.41000", "2005-12-31": -4.086, "2005-09-30": -2.392, "2005-06-30": -6.209, "2005-03-31": "-3.67700"}, "Cash Flow From Investing Activities": {"2020-09-30": -14.8, "2020-06-30": -18.9, "2020-03-31": "-90.50000", "2019-12-31": -55.6, "2019-09-30": -852.4, "2019-06-30": -50.7, "2019-03-31": "-91.00000", "2018-12-31": -133.2, "2018-09-30": -63.5, "2018-06-30": -23.7, "2018-03-31": "-60.00000", "2017-12-31": -48.8, "2017-09-30": -38.1, "2017-06-30": -34.2, "2017-03-31": "-49.70000", "2016-12-31": -188.1, "2016-09-30": -418.3, "2016-06-30": -14.8, "2016-03-31": "-184.30000", "2015-12-31": -400.1, "2015-09-30": -92.2, "2015-06-30": -71.3, "2015-03-31": "-21.00000", "2014-12-31": -76.397, "2014-09-30": -27.638, "2014-06-30": -44.568, "2014-03-31": "-39.29700", "2013-12-31": -52.053, "2013-09-30": -49.398, "2013-06-30": -41.984, "2013-03-31": "-20.77700", "2012-12-31": -15.695, "2012-09-30": -109.659, "2012-06-30": -9.749, "2012-03-31": "-16.14900", "2011-12-31": -53.153, "2011-09-30": -78.236, "2011-06-30": -226.34, "2011-03-31": "-31.58700", "2010-12-31": -31.539, "2010-09-30": -24.23, "2010-06-30": -11.323, "2010-03-31": "-23.78400", "2009-12-31": -14.06, "2009-09-30": -22.02, "2009-06-30": -29.783, "2009-03-31": "-19.86200", "2008-12-31": -53.413, "2008-09-30": -149.127, "2008-06-30": -172.738, "2008-03-31": "-69.93300", "2007-12-31": -107.88, "2007-09-30": -41.941, "2007-06-30": -84.134, "2007-03-31": "-24.54700", "2006-12-31": -37.389, "2006-09-30": -45.96, "2006-06-30": -63.67, "2006-03-31": "-159.34100", "2005-12-31": -21.963, "2005-09-30": -11.873, "2005-06-30": -19.383, "2005-03-31": "-7.81500"}, "Net Long-Term Debt": {"2020-09-30": 0, "2020-06-30": 0, "2020-03-31": "", "2019-12-31": 0, "2019-09-30": 0, "2019-06-30": 0, "2019-03-31": "", "2018-12-31": 0, "2018-09-30": 0, "2018-06-30": 0, "2018-03-31": "", "2017-12-31": 0, "2017-09-30": 0, "2017-06-30": 0, "2017-03-31": "", "2016-12-31": 0, "2016-09-30": 0, "2016-06-30": 0, "2016-03-31": "", "2015-12-31": 0, "2015-09-30": 0, "2015-06-30": 0, "2015-03-31": "", "2014-12-31": -15.089, "2014-09-30": -1.013, "2014-06-30": 2.874, "2014-03-31": "13.22800", "2013-12-31": 6, "2013-09-30": 0, "2013-06-30": -5.06, "2013-03-31": "", "2012-12-31": 0, "2012-09-30": 5.8, "2012-06-30": 7.482, "2012-03-31": "", "2011-12-31": 0, "2011-09-30": 0, "2011-06-30": 0, "2011-03-31": "", "2010-12-31": 0, "2010-09-30": 0, "2010-06-30": 0, "2010-03-31": "", "2009-12-31": 0, "2009-09-30": 0, "2009-06-30": 0, "2009-03-31": "", "2008-12-31": 0, "2008-09-30": 0, "2008-06-30": 0, "2008-03-31": "", "2007-12-31": 0, "2007-09-30": 0, "2007-06-30": 0, "2007-03-31": "", "2006-12-31": 0, "2006-09-30": 0, "2006-06-30": 0, "2006-03-31": "", "2005-12-31": 0, "2005-09-30": 0, "2005-06-30": 0, "2005-03-31": ""}, "Net Current Debt": {"2020-09-30": -312.3001, "2020-06-30": -761.4001, "2020-03-31": "931.60010", "2019-12-31": -581.8002, "2019-09-30": 607.7, "2019-06-30": -25.3001, "2019-03-31": "611.20010", "2018-12-31": -288.5999, "2018-09-30": -184.2, "2018-06-30": 106.4, "2018-03-31": "325.00000", "2017-12-31": -465.8999, "2017-09-30": -225.0001, "2017-06-30": -104.3, "2017-03-31": "250.00000", "2016-12-31": -161, "2016-09-30": 275, "2016-06-30": 55.8, "2016-03-31": "519.20000", "2015-12-31": 38.5, "2015-09-30": -84.5, "2015-06-30": -6.3, "2015-03-31": "336.10000", "2014-12-31": -274.229, "2014-09-30": -141.617, "2014-06-30": -28.251, "2014-03-31": "280.29700", "2013-12-31": -300.955, "2013-09-30": -49.245, "2013-06-30": 21.926, "2013-03-31": "306.56500", "2012-12-31": -129.146, "2012-09-30": -35.823, "2012-06-30": -22.001, "2012-03-31": "132.50800", "2011-12-31": -92.7631, "2011-09-30": 131.6511, "2011-06-30": 168.685, "2011-03-31": "94.31700", "2010-12-31": -55.985, "2010-09-30": -49.551, "2010-06-30": -49.932, "2010-03-31": "183.27000", "2009-12-31": -151.0491, "2009-09-30": -88.836, "2009-06-30": -97.446, "2009-03-31": "26.04700", "2008-12-31": -53.365, "2008-09-30": 97.06, "2008-06-30": 85.165, "2008-03-31": "336.06100", "2007-12-31": -72.751, "2007-09-30": -31.554, "2007-06-30": -115.143, "2007-03-31": "215.65300", "2006-12-31": -125.338, "2006-09-30": -122.914, "2006-06-30": 17.989, "2006-03-31": "235.74800", "2005-12-31": -52.288, "2005-09-30": -56.291, "2005-06-30": 4.265, "2005-03-31": "89.79600"}, "Debt Issuance/Retirement Net - Total": {"2020-09-30": -312.3001, "2020-06-30": -761.4001, "2020-03-31": "931.60010", "2019-12-31": -581.8002, "2019-09-30": 607.7, "2019-06-30": -25.3001, "2019-03-31": "611.20010", "2018-12-31": -288.5999, "2018-09-30": -184.2, "2018-06-30": 106.4, "2018-03-31": "325.00000", "2017-12-31": -465.8999, "2017-09-30": -225.0001, "2017-06-30": -104.3, "2017-03-31": "250.00000", "2016-12-31": -161, "2016-09-30": 275, "2016-06-30": 55.8, "2016-03-31": "519.20000", "2015-12-31": 38.5, "2015-09-30": -84.5, "2015-06-30": -6.3, "2015-03-31": "336.10000", "2014-12-31": -289.318, "2014-09-30": -142.63, "2014-06-30": -25.377, "2014-03-31": "293.52500", "2013-12-31": -294.955, "2013-09-30": -49.245, "2013-06-30": 16.866, "2013-03-31": "306.56500", "2012-12-31": -129.146, "2012-09-30": -30.023, "2012-06-30": -14.519, "2012-03-31": "132.50800", "2011-12-31": -92.7631, "2011-09-30": 131.6511, "2011-06-30": 168.685, "2011-03-31": "94.31700", "2010-12-31": -55.985, "2010-09-30": -49.551, "2010-06-30": -49.932, "2010-03-31": "183.27000", "2009-12-31": -151.0491, "2009-09-30": -88.836, "2009-06-30": -97.446, "2009-03-31": "26.04700", "2008-12-31": -53.365, "2008-09-30": 97.06, "2008-06-30": 85.165, "2008-03-31": "336.06100", "2007-12-31": -72.751, "2007-09-30": -31.554, "2007-06-30": -115.143, "2007-03-31": "215.65300", "2006-12-31": -125.338, "2006-09-30": -122.914, "2006-06-30": 17.989, "2006-03-31": "235.74800", "2005-12-31": -52.288, "2005-09-30": -56.291, "2005-06-30": 4.265, "2005-03-31": "89.79600"}, "Net Common Equity Issued/Repurchased": {"2020-09-30": -25, "2020-06-30": 0, "2020-03-31": "-25.00000", "2019-12-31": -9.9, "2019-09-30": 0, "2019-06-30": 0, "2019-03-31": "", "2018-12-31": -9.5, "2018-09-30": 0, "2018-06-30": 0, "2018-03-31": "", "2017-12-31": -3, "2017-09-30": 0, "2017-06-30": 0, "2017-03-31": "", "2016-12-31": -4.2, "2016-09-30": 0, "2016-06-30": 0, "2016-03-31": "", "2015-12-31": 1.9, "2015-09-30": 0, "2015-06-30": 0, "2015-03-31": "", "2014-12-31": 9.515, "2014-09-30": -10.934, "2014-06-30": 1.487, "2014-03-31": "-3.96800", "2013-12-31": -0.004, "2013-09-30": -12.815, "2013-06-30": 0.801, "2013-03-31": "-1.00400", "2012-12-31": 0.118, "2012-09-30": -7.247, "2012-06-30": 2.984, "2012-03-31": "-3.80600", "2011-12-31": 0.019, "2011-09-30": -20.797, "2011-06-30": 0.757, "2011-03-31": "-9.00300", "2010-12-31": 0.216, "2010-09-30": -13.22, "2010-06-30": 0.646, "2010-03-31": "-5.68400", "2009-12-31": -0.274, "2009-09-30": -6.578, "2009-06-30": 218.589, "2009-03-31": "1.74400", "2008-12-31": 1.535, "2008-09-30": -10.088, "2008-06-30": 3.546, "2008-03-31": "0.93400", "2007-12-31": -28.428, "2007-09-30": -71.014, "2007-06-30": 4.075, "2007-03-31": "-20.55400", "2006-12-31": -31.971, "2006-09-30": -23.621, "2006-06-30": -6.4, "2006-03-31": "3.54800", "2005-12-31": -24.084, "2005-09-30": 4.543, "2005-06-30": -21.254, "2005-03-31": "2.65200"}, "Net Total Equity Issued/Repurchased": {"2020-09-30": -25, "2020-06-30": 0, "2020-03-31": "-25.00000", "2019-12-31": -9.9, "2019-09-30": 0, "2019-06-30": 0, "2019-03-31": "", "2018-12-31": -9.5, "2018-09-30": 0, "2018-06-30": 0, "2018-03-31": "", "2017-12-31": -3, "2017-09-30": 0, "2017-06-30": 0, "2017-03-31": "", "2016-12-31": -4.2, "2016-09-30": 0, "2016-06-30": 0, "2016-03-31": "", "2015-12-31": 1.9, "2015-09-30": 0, "2015-06-30": 0, "2015-03-31": "", "2014-12-31": 9.515, "2014-09-30": -10.934, "2014-06-30": 1.487, "2014-03-31": "-3.96800", "2013-12-31": -0.004, "2013-09-30": -12.815, "2013-06-30": 0.801, "2013-03-31": "-1.00400", "2012-12-31": 0.118, "2012-09-30": -7.247, "2012-06-30": 2.984, "2012-03-31": "-3.80600", "2011-12-31": 0.019, "2011-09-30": -20.797, "2011-06-30": 0.757, "2011-03-31": "-9.00300", "2010-12-31": 0.216, "2010-09-30": -13.22, "2010-06-30": 0.646, "2010-03-31": "-5.68400", "2009-12-31": -0.274, "2009-09-30": -6.578, "2009-06-30": 218.589, "2009-03-31": "1.74400", "2008-12-31": 1.535, "2008-09-30": -10.088, "2008-06-30": 3.546, "2008-03-31": "0.93400", "2007-12-31": -28.428, "2007-09-30": -71.014, "2007-06-30": 4.075, "2007-03-31": "-20.55400", "2006-12-31": -31.971, "2006-09-30": -23.621, "2006-06-30": -6.4, "2006-03-31": "3.54800", "2005-12-31": -24.084, "2005-09-30": 4.543, "2005-06-30": -21.254, "2005-03-31": "2.65200"}, "Total Common And Preferred Stock Dividends Paid": {"2020-09-30": 0, "2020-06-30": 0, "2020-03-31": "", "2019-12-31": -22.8, "2019-09-30": 0, "2019-06-30": -19.9, "2019-03-31": "", "2018-12-31": -18.9, "2018-09-30": 0, "2018-06-30": -18.9, "2018-03-31": "", "2017-12-31": -17, "2017-09-30": 0, "2017-06-30": -16.1, "2017-03-31": "", "2016-12-31": -15.2, "2016-09-30": 0, "2016-06-30": -14.2, "2016-03-31": "", "2015-12-31": -13.3, "2015-09-30": 0, "2015-06-30": -12.3, "2015-03-31": "", "2014-12-31": -11.407, "2014-09-30": 0, "2014-06-30": -10.493, "2014-03-31": "", "2013-12-31": -10.003, "2013-09-30": -0.003, "2013-06-30": -10.02, "2013-03-31": "", "2012-12-31": -9.128, "2012-09-30": 0, "2012-06-30": -9.091, "2012-03-31": "", "2011-12-31": -6.731, "2011-09-30": 0.001, "2011-06-30": -6.754, "2011-03-31": "", "2010-12-31": -4.471, "2010-09-30": -0.003, "2010-06-30": -4.487, "2010-03-31": "", "2009-12-31": -4.452, "2009-09-30": -0.001, "2009-06-30": -3.814, "2009-03-31": "", "2008-12-31": -9.115, "2008-09-30": 0.001, "2008-06-30": -17.291, "2008-03-31": "", "2007-12-31": -16.85, "2007-09-30": 0, "2007-06-30": -12.056, "2007-03-31": "", "2006-12-31": -11.993, "2006-09-30": 0, "2006-06-30": -8.636, "2006-03-31": "", "2005-12-31": -8.426, "2005-09-30": 0, "2005-06-30": 0, "2005-03-31": ""}, "Financial Activities - Other": {"2020-09-30": -20.6, "2020-06-30": -7.8, "2020-03-31": "-23.30000", "2019-12-31": 4.5, "2019-09-30": 39.4, "2019-06-30": -0.1, "2019-03-31": "-18.40000", "2018-12-31": 3.2, "2018-09-30": -26.5, "2018-06-30": -46.1, "2018-03-31": "16.80000", "2017-12-31": 27.8, "2017-09-30": -24.7, "2017-06-30": -12.2, "2017-03-31": "-33.10000", "2016-12-31": 37.5, "2016-09-30": 26.8, "2016-06-30": -104.4, "2016-03-31": "21.10000", "2015-12-31": 4.3, "2015-09-30": -10.9, "2015-06-30": -39.2, "2015-03-31": "-22.70000", "2014-12-31": 5.441, "2014-09-30": 8.081, "2014-06-30": -27.512, "2014-03-31": "0.59000", "2013-12-31": -3.003, "2013-09-30": -35.371, "2013-06-30": -34.18, "2013-03-31": "-2.01700", "2012-12-31": -113.13, "2012-09-30": 0.254, "2012-06-30": -29.476, "2012-03-31": "0.96100", "2011-12-31": -1.102, "2011-09-30": -137.7, "2011-06-30": -2.551, "2011-03-31": "-7.49400", "2010-12-31": -4.239, "2010-09-30": -84.708, "2010-06-30": -5.599, "2010-03-31": "-17.01300", "2009-12-31": -24.206, "2009-09-30": 0, "2009-06-30": -7.245, "2009-03-31": "-3.93800", "2008-12-31": -49.799, "2008-09-30": -2.016, "2008-06-30": -4.325, "2008-03-31": "0.85600", "2007-12-31": 0.317, "2007-09-30": 22.053, "2007-06-30": -1.202, "2007-03-31": "4.50600", "2006-12-31": -0.276, "2006-09-30": 16.451, "2006-06-30": -0.852, "2006-03-31": "8.87600", "2005-12-31": 0, "2005-09-30": 0, "2005-06-30": 0, "2005-03-31": ""}, "Cash Flow From Financial Activities": {"2020-09-30": -357.9, "2020-06-30": -769.2, "2020-03-31": "883.30000", "2019-12-31": -610, "2019-09-30": 647.1, "2019-06-30": -45.3, "2019-03-31": "592.80000", "2018-12-31": -313.8, "2018-09-30": -210.7, "2018-06-30": 41.4, "2018-03-31": "341.80000", "2017-12-31": -458.1, "2017-09-30": -249.7, "2017-06-30": -132.6, "2017-03-31": "216.90000", "2016-12-31": -142.9, "2016-09-30": 301.8, "2016-06-30": -62.8, "2016-03-31": "540.30000", "2015-12-31": 31.4, "2015-09-30": -95.4, "2015-06-30": -57.8, "2015-03-31": "313.40000", "2014-12-31": -285.769, "2014-09-30": -145.483, "2014-06-30": -61.895, "2014-03-31": "290.14700", "2013-12-31": -307.965, "2013-09-30": -97.434, "2013-06-30": -26.533, "2013-03-31": "303.54400", "2012-12-31": -251.286, "2012-09-30": -37.016, "2012-06-30": -50.102, "2012-03-31": "129.66300", "2011-12-31": -100.577, "2011-09-30": -26.845, "2011-06-30": 160.137, "2011-03-31": "77.82000", "2010-12-31": -64.479, "2010-09-30": -147.482, "2010-06-30": -59.372, "2010-03-31": "160.57300", "2009-12-31": -179.981, "2009-09-30": -95.415, "2009-06-30": 110.084, "2009-03-31": "23.85300", "2008-12-31": -110.744, "2008-09-30": 84.957, "2008-06-30": 67.095, "2008-03-31": "337.85100", "2007-12-31": -117.712, "2007-09-30": -80.515, "2007-06-30": -124.326, "2007-03-31": "199.60500", "2006-12-31": -169.578, "2006-09-30": -130.084, "2006-06-30": 2.101, "2006-03-31": "248.17200", "2005-12-31": -84.798, "2005-09-30": -51.748, "2005-06-30": -16.989, "2005-03-31": "92.44800"}, "Net Cash Flow": {"2020-09-30": 45.9, "2020-06-30": -280.7, "2020-03-31": "225.60000", "2019-12-31": 78.3, "2019-09-30": 15, "2019-06-30": -26.4, "2019-03-31": "-49.00000", "2018-12-31": 158.4, "2018-09-30": -13.1, "2018-06-30": -8, "2018-03-31": "25.20000", "2017-12-31": 16, "2017-09-30": 30.9, "2017-06-30": 11.1, "2017-03-31": "-40.30000", "2016-12-31": 34.7, "2016-09-30": 14.7, "2016-06-30": -26.7, "2016-03-31": "23.80000", "2015-12-31": 23.1, "2015-09-30": 2.5, "2015-06-30": -7.5, "2015-03-31": "-51.90000", "2014-12-31": 87.858, "2014-09-30": 11.86, "2014-06-30": 10.56, "2014-03-31": "-12.57800", "2013-12-31": 33.022, "2013-09-30": -2.147, "2013-06-30": -11.619, "2013-03-31": "-18.68900", "2012-12-31": 26.429, "2012-09-30": 10.231, "2012-06-30": 13.653, "2012-03-31": "-82.60800", "2011-12-31": 98.783, "2011-09-30": -9.944, "2011-06-30": -5.336, "2011-03-31": "-150.94600", "2010-12-31": 180.18, "2010-09-30": 16.723, "2010-06-30": -4.726, "2010-03-31": "-9.54300", "2009-12-31": 12.652, "2009-09-30": 12.287, "2009-06-30": -1.695, "2009-03-31": "0.12600", "2008-12-31": -17.67, "2008-09-30": -4.087, "2008-06-30": -6.998, "2008-03-31": "-3.93200", "2007-12-31": 30.408, "2007-09-30": 10.659, "2007-06-30": -5.74, "2007-03-31": "-7.35900", "2006-12-31": 16.552, "2006-09-30": 10.181, "2006-06-30": -6.624, "2006-03-31": "1.84500", "2005-12-31": 2.629, "2005-09-30": 4.69, "2005-06-30": -6.602, "2005-03-31": "-2.20200"}, "Stock-Based Compensation": {"2020-09-30": 0, "2020-06-30": 0, "2020-03-31": "", "2019-12-31": 0, "2019-09-30": 0, "2019-06-30": 0, "2019-03-31": "", "2018-12-31": 0, "2018-09-30": 0, "2018-06-30": 0, "2018-03-31": "", "2017-12-31": 0, "2017-09-30": 0, "2017-06-30": 0, "2017-03-31": "", "2016-12-31": 0, "2016-09-30": 0, "2016-06-30": 0, "2016-03-31": "", "2015-12-31": 0, "2015-09-30": 0, "2015-06-30": 0, "2015-03-31": "", "2014-12-31": 0, "2014-09-30": 0, "2014-06-30": 0, "2014-03-31": "", "2013-12-31": 0, "2013-09-30": 0, "2013-06-30": 0, "2013-03-31": "", "2012-12-31": 0, "2012-09-30": 0, "2012-06-30": 0, "2012-03-31": "", "2011-12-31": 0, "2011-09-30": 0, "2011-06-30": 0, "2011-03-31": "", "2010-12-31": 0, "2010-09-30": 0, "2010-06-30": 0, "2010-03-31": "", "2009-12-31": 0, "2009-09-30": 0, "2009-06-30": 0, "2009-03-31": "", "2008-12-31": 0, "2008-09-30": 0, "2008-06-30": 0, "2008-03-31": "", "2007-12-31": 0, "2007-09-30": 0, "2007-06-30": 0, "2007-03-31": "", "2006-12-31": 0, "2006-09-30": 0, "2006-06-30": 0, "2006-03-31": "", "2005-12-31": 0, "2005-09-30": 0, "2005-06-30": 0, "2005-03-31": ""}, "Common Stock Dividends Paid": {"2020-09-30": 0, "2020-06-30": 0, "2020-03-31": "", "2019-12-31": -22.8, "2019-09-30": 0, "2019-06-30": -19.9, "2019-03-31": "", "2018-12-31": -18.9, "2018-09-30": 0, "2018-06-30": -18.9, "2018-03-31": "", "2017-12-31": -17, "2017-09-30": 0, "2017-06-30": -16.1, "2017-03-31": "", "2016-12-31": -15.2, "2016-09-30": 0, "2016-06-30": -14.2, "2016-03-31": "", "2015-12-31": -13.3, "2015-09-30": 0, "2015-06-30": -12.3, "2015-03-31": "", "2014-12-31": -11.407, "2014-09-30": 0, "2014-06-30": -10.493, "2014-03-31": "", "2013-12-31": -10.003, "2013-09-30": -0.003, "2013-06-30": -10.02, "2013-03-31": "", "2012-12-31": -9.128, "2012-09-30": 0, "2012-06-30": -9.091, "2012-03-31": "", "2011-12-31": -6.731, "2011-09-30": 0.001, "2011-06-30": -6.754, "2011-03-31": "", "2010-12-31": -4.471, "2010-09-30": -0.003, "2010-06-30": -4.487, "2010-03-31": "", "2009-12-31": -4.452, "2009-09-30": -0.001, "2009-06-30": -3.814, "2009-03-31": "", "2008-12-31": -9.115, "2008-09-30": 0.001, "2008-06-30": -17.291, "2008-03-31": "", "2007-12-31": -16.85, "2007-09-30": 0, "2007-06-30": -12.056, "2007-03-31": "", "2006-12-31": -11.993, "2006-09-30": 0, "2006-06-30": -8.636, "2006-03-31": "", "2005-12-31": -8.426, "2005-09-30": 0, "2005-06-30": 0, "2005-03-31": ""}}, "financial ratios": {"Current Ratio": {"2019-12-31": "", "2018-12-31": "", "2017-12-31": "", "2016-12-31": "", "2015-12-31": "", "2014-12-31": "", "2013-12-31": "", "2012-12-31": "", "2011-12-31": "", "2010-12-31": "", "2009-12-31": "", "2008-12-31": "", "2007-12-31": "", "2006-12-31": "", "2005-12-31": ""}, "Long-term Debt / Capital": {"2019-12-31": "0.18450", "2018-12-31": "0.14930", "2017-12-31": "0.16660", "2016-12-31": "0.29510", "2015-12-31": "0.15850", "2014-12-31": "0.10250", "2013-12-31": "0.16410", "2012-12-31": "0.18470", "2011-12-31": "0.21460", "2010-12-31": "0.11160", "2009-12-31": "0.11240", "2008-12-31": "0.31110", "2007-12-31": "0.02810", "2006-12-31": "0.04140", "2005-12-31": "0.04740"}, "Debt/Equity Ratio": {"2019-12-31": "0.24930", "2018-12-31": "0.18430", "2017-12-31": "0.22280", "2016-12-31": "0.45040", "2015-12-31": "0.20640", "2014-12-31": "0.12230", "2013-12-31": "0.20750", "2012-12-31": "0.24310", "2011-12-31": "0.31170", "2010-12-31": "0.14390", "2009-12-31": "0.14350", "2008-12-31": "0.47440", "2007-12-31": "0.04310", "2006-12-31": "0.06680", "2005-12-31": "0.08340"}, "Gross Margin": {"2019-12-31": "", "2018-12-31": "", "2017-12-31": "", "2016-12-31": "", "2015-12-31": "", "2014-12-31": "", "2013-12-31": "", "2012-12-31": "", "2011-12-31": "", "2010-12-31": "", "2009-12-31": "", "2008-12-31": "", "2007-12-31": "", "2006-12-31": "", "2005-12-31": ""}, "Operating Margin": {"2019-12-31": "3.97810", "2018-12-31": "4.33190", "2017-12-31": "3.77700", "2016-12-31": "3.50780", "2015-12-31": "8.88080", "2014-12-31": "8.57520", "2013-12-31": "8.26650", "2012-12-31": "7.35860", "2011-12-31": "7.00800", "2010-12-31": "8.90950", "2009-12-31": "4.69230", "2008-12-31": "5.61480", "2007-12-31": "12.90760", "2006-12-31": "12.12170", "2005-12-31": "9.47430"}, "EBIT Margin": {"2019-12-31": "3.97810", "2018-12-31": "4.33190", "2017-12-31": "3.77700", "2016-12-31": "3.50780", "2015-12-31": "8.88080", "2014-12-31": "8.57520", "2013-12-31": "8.26650", "2012-12-31": "7.35860", "2011-12-31": "7.00800", "2010-12-31": "8.90950", "2009-12-31": "4.69230", "2008-12-31": "5.61480", "2007-12-31": "12.90760", "2006-12-31": "12.12170", "2005-12-31": "9.47430"}, "EBITDA Margin": {"2019-12-31": "5.51630", "2018-12-31": "5.63660", "2017-12-31": "5.10610", "2016-12-31": "4.83100", "2015-12-31": "11.19060", "2014-12-31": "10.84980", "2013-12-31": "10.66460", "2012-12-31": "10.29450", "2011-12-31": "10.38970", "2010-12-31": "12.96170", "2009-12-31": "10.10650", "2008-12-31": "11.40760", "2007-12-31": "17.20960", "2006-12-31": "16.79930", "2005-12-31": "14.24030"}, "Pre-Tax Profit Margin": {"2019-12-31": "3.87920", "2018-12-31": "4.32640", "2017-12-31": "3.70710", "2016-12-31": "3.56930", "2015-12-31": "9.70720", "2014-12-31": "8.94360", "2013-12-31": "8.19090", "2012-12-31": "7.07090", "2011-12-31": "6.19320", "2010-12-31": "6.95500", "2009-12-31": "0.10150", "2008-12-31": "4.27910", "2007-12-31": "13.10680", "2006-12-31": "11.87170", "2005-12-31": "10.06090"}, "Net Profit Margin": {"2019-12-31": "2.97170", "2018-12-31": "2.96660", "2017-12-31": "1.90960", "2016-12-31": "2.53480", "2015-12-31": "7.34870", "2014-12-31": "7.10370", "2013-12-31": "6.03950", "2012-12-31": "5.27750", "2011-12-31": "4.57510", "2010-12-31": "5.24760", "2009-12-31": "-0.16560", "2008-12-31": "3.09590", "2007-12-31": "9.67130", "2006-12-31": "8.70810", "2005-12-31": "7.42750"}, "Asset Turnover": {"2019-12-31": "1.31530", "2018-12-31": "1.62770", "2017-12-31": "1.56180", "2016-12-31": "1.70280", "2015-12-31": "0.96420", "2014-12-31": "1.06980", "2013-12-31": "0.97050", "2012-12-31": "0.90380", "2011-12-31": "0.91150", "2010-12-31": "0.87340", "2009-12-31": "0.80100", "2008-12-31": "0.87670", "2007-12-31": "1.15720", "2006-12-31": "1.16400", "2005-12-31": "1.21480"}, "Inventory Turnover Ratio": {"2019-12-31": "", "2018-12-31": "", "2017-12-31": "", "2016-12-31": "", "2015-12-31": "", "2014-12-31": "", "2013-12-31": "", "2012-12-31": "", "2011-12-31": "", "2010-12-31": "", "2009-12-31": "", "2008-12-31": "", "2007-12-31": "", "2006-12-31": "", "2005-12-31": ""}, "Receiveable Turnover": {"2019-12-31": "", "2018-12-31": "", "2017-12-31": "", "2016-12-31": "", "2015-12-31": "", "2014-12-31": "", "2013-12-31": "", "2012-12-31": "", "2011-12-31": "", "2010-12-31": "", "2009-12-31": "", "2008-12-31": "", "2007-12-31": "", "2006-12-31": "", "2005-12-31": ""}, "Days Sales In Receivables": {"2019-12-31": "", "2018-12-31": "", "2017-12-31": "", "2016-12-31": "", "2015-12-31": "", "2014-12-31": "", "2013-12-31": "", "2012-12-31": "", "2011-12-31": "", "2010-12-31": "", "2009-12-31": "", "2008-12-31": "", "2007-12-31": "", "2006-12-31": "", "2005-12-31": ""}, "ROE - Return On Equity": {"2019-12-31": "10.33490", "2018-12-31": "13.16640", "2017-12-31": "8.27360", "2016-12-31": "12.28910", "2015-12-31": "16.41840", "2014-12-31": "16.10550", "2013-12-31": "12.47720", "2012-12-31": "10.65930", "2011-12-31": "9.77420", "2010-12-31": "9.82480", "2009-12-31": "-0.22840", "2008-12-31": "8.08820", "2007-12-31": "25.72960", "2006-12-31": "23.35100", "2005-12-31": "19.34170"}, "Return On Tangible Equity": {"2019-12-31": "151.99250", "2018-12-31": "70.26290", "2017-12-31": "76.80680", "2016-12-31": "-580.36580", "2015-12-31": "127.66010", "2014-12-31": "83.91820", "2013-12-31": "111.50390", "2012-12-31": "350.62480", "2011-12-31": "-151.35840", "2010-12-31": "157.26660", "2009-12-31": "3.28520", "2008-12-31": "-19.87500", "2007-12-31": "94.59610", "2006-12-31": "91.10960", "2005-12-31": "52.92600"}, "ROA - Return On Assets": {"2019-12-31": "3.93410", "2018-12-31": "4.90450", "2017-12-31": "3.02020", "2016-12-31": "4.53380", "2015-12-31": "7.21340", "2014-12-31": "7.64480", "2013-12-31": "5.94590", "2012-12-31": "4.79930", "2011-12-31": "4.21120", "2010-12-31": "4.61030", "2009-12-31": "-0.10200", "2008-12-31": "2.81730", "2007-12-31": "11.34470", "2006-12-31": "10.12870", "2005-12-31": "9.05620"}, "ROI - Return On Investment": {"2019-12-31": "8.42840", "2018-12-31": "11.20020", "2017-12-31": "6.89530", "2016-12-31": "8.66310", "2015-12-31": "13.81650", "2014-12-31": "14.45540", "2013-12-31": "10.43010", "2012-12-31": "8.69000", "2011-12-31": "7.67650", "2010-12-31": "8.72820", "2009-12-31": "-0.20270", "2008-12-31": "5.57220", "2007-12-31": "25.00690", "2006-12-31": "22.38450", "2005-12-31": "18.42400"}, "Book Value Per Share": {"2019-12-31": "100.96410", "2018-12-31": "81.89870", "2017-12-31": "74.45230", "2016-12-31": "62.25280", "2015-12-31": "60.33960", "2014-12-31": "53.74020", "2013-12-31": "49.28930", "2012-12-31": "44.47400", "2011-12-31": "38.97820", "2010-12-31": "36.84800", "2009-12-31": "33.04210", "2008-12-31": "31.01110", "2007-12-31": "31.85490", "2006-12-31": "20.50610", "2005-12-31": "15.22740"}, "Operating Cash Flow Per Share": {"2019-12-31": -3.3098, "2018-12-31": -4.3026, "2017-12-31": 12.5656, "2016-12-31": -3.3855, "2015-12-31": -2.7479, "2014-12-31": 4.4724, "2013-12-31": -0.7244, "2012-12-31": 2.5113, "2011-12-31": -3.9534, "2010-12-31": 2.2162, "2009-12-31": 5.5252, "2008-12-31": -11.2176, "2007-12-31": 0.9008, "2006-12-31": 7.6486, "2005-12-31": 3.6436}, "Free Cash Flow Per Share": {"2019-12-31": -3.6056, "2018-12-31": -4.5187, "2017-12-31": 15.4509, "2016-12-31": -6.4594, "2015-12-31": -2.428, "2014-12-31": 3.1863, "2013-12-31": -0.7631, "2012-12-31": 2.4593, "2011-12-31": -4.9366, "2010-12-31": 2.2842, "2009-12-31": 7.4089, "2008-12-31": -10.8619, "2007-12-31": -0.3847, "2006-12-31": 6.7483, "2005-12-31": 2.442}}, "financial ratios, quarterly": {"Current Ratio": {"2020-09-30": "", "2020-06-30": "", "2020-03-31": "", "2019-12-31": "", "2019-09-30": "", "2019-06-30": "", "2019-03-31": "", "2018-12-31": "", "2018-09-30": "", "2018-06-30": "", "2018-03-31": "", "2017-12-31": "", "2017-09-30": "", "2017-06-30": "", "2017-03-31": "", "2016-12-31": "", "2016-09-30": "", "2016-06-30": "", "2016-03-31": "", "2015-12-31": "", "2015-09-30": "", "2015-06-30": "", "2015-03-31": "", "2014-12-31": "", "2014-09-30": "", "2014-06-30": "", "2014-03-31": "", "2013-12-31": "", "2013-09-30": "", "2013-06-30": "", "2013-03-31": "", "2012-12-31": "", "2012-09-30": "", "2012-06-30": "", "2012-03-31": "", "2011-12-31": "", "2011-09-30": "", "2011-06-30": "", "2011-03-31": "", "2010-12-31": "", "2010-09-30": "", "2010-06-30": "", "2010-03-31": "", "2009-12-31": "", "2009-09-30": "", "2009-06-30": "", "2009-03-31": "", "2008-12-31": "", "2008-09-30": "", "2008-06-30": "", "2008-03-31": "", "2007-12-31": "", "2007-09-30": "", "2007-06-30": "", "2007-03-31": "", "2006-12-31": "", "2006-09-30": "", "2006-06-30": "", "2006-03-31": "", "2005-12-31": "", "2005-09-30": "", "2005-06-30": "", "2005-03-31": ""}, "Long-term Debt / Capital": {"2020-09-30": "0.16880", "2020-06-30": "0.20960", "2020-03-31": "0.29410", "2019-12-31": "0.18450", "2019-09-30": "0.26650", "2019-06-30": "0.22970", "2019-03-31": "0.23630", "2018-12-31": "0.14930", "2018-09-30": "0.20130", "2018-06-30": "0.23700", "2018-03-31": "0.22560", "2017-12-31": "0.16660", "2017-09-30": "0.26060", "2017-06-30": "0.30430", "2017-03-31": "0.33050", "2016-12-31": "0.29510", "2016-09-30": "0.32270", "2016-06-30": "0.27790", "2016-03-31": "0.27490", "2015-12-31": "0.15850", "2015-09-30": "0.16800", "2015-06-30": "0.19580", "2015-03-31": "0.20620", "2014-12-31": "0.10250", "2014-09-30": "0.18300", "2014-06-30": "0.22740", "2014-03-31": "0.24400", "2013-12-31": "0.16410", "2013-09-30": "0.26150", "2013-06-30": "0.28060", "2013-03-31": "0.27850", "2012-12-31": "0.18470", "2012-09-30": "0.23530", "2012-06-30": "0.26080", "2012-03-31": "0.26480", "2011-12-31": "0.21460", "2011-09-30": "0.25670", "2011-06-30": "0.20940", "2011-03-31": "0.14690", "2010-12-31": "0.11160", "2010-09-30": "0.14600", "2010-06-30": "0.16300", "2010-03-31": "0.19690", "2009-12-31": "0.11240", "2009-09-30": "0.17900", "2009-06-30": "0.23520", "2009-03-31": "0.33430", "2008-12-31": "0.31110", "2008-09-30": "0.33270", "2008-06-30": "0.28500", "2008-03-31": "0.24560", "2007-12-31": "0.02810", "2007-09-30": "0.08430", "2007-06-30": "0.11920", "2007-03-31": "0.23360", "2006-12-31": "0.04140", "2006-09-30": "0.19000", "2006-06-30": "0.30620", "2006-03-31": "0.32250", "2005-12-31": "0.04740", "2005-09-30": "0.13760", "2005-06-30": "0.22260", "2005-03-31": "0.20880"}, "Debt/Equity Ratio": {"2020-09-30": "0.22320", "2020-06-30": "0.28770", "2020-03-31": "0.44140", "2019-12-31": "0.24930", "2019-09-30": "0.38400", "2019-06-30": "0.32880", "2019-03-31": "0.34080", "2018-12-31": "0.18430", "2018-09-30": "0.27550", "2018-06-30": "0.33760", "2018-03-31": "0.31880", "2017-12-31": "0.22280", "2017-09-30": "0.37270", "2017-06-30": "0.46030", "2017-03-31": "0.51530", "2016-12-31": "0.45040", "2016-09-30": "0.49610", "2016-06-30": "0.39210", "2016-03-31": "0.38750", "2015-12-31": "0.20640", "2015-09-30": "0.21400", "2015-06-30": "0.25240", "2015-03-31": "0.26890", "2014-12-31": "0.12230", "2014-09-30": "0.24250", "2014-06-30": "0.30500", "2014-03-31": "0.33040", "2013-12-31": "0.20750", "2013-09-30": "0.37150", "2013-06-30": "0.41620", "2013-03-31": "0.40550", "2012-12-31": "0.24310", "2012-09-30": "0.32430", "2012-06-30": "0.36390", "2012-03-31": "0.37650", "2011-12-31": "0.31170", "2011-09-30": "0.37820", "2011-06-30": "0.29170", "2011-03-31": "0.19850", "2010-12-31": "0.14390", "2010-09-30": "0.19070", "2010-06-30": "0.24100", "2010-03-31": "0.27930", "2009-12-31": "0.14350", "2009-09-30": "0.26060", "2009-06-30": "0.33860", "2009-03-31": "0.54110", "2008-12-31": "0.47440", "2008-09-30": "0.51570", "2008-06-30": "0.41970", "2008-03-31": "0.35310", "2007-12-31": "0.04310", "2007-09-30": "0.13000", "2007-06-30": "0.17000", "2007-03-31": "0.34220", "2006-12-31": "0.06680", "2006-09-30": "0.26320", "2006-06-30": "0.46490", "2006-03-31": "0.50190", "2005-12-31": "0.08340", "2005-09-30": "0.19230", "2005-06-30": "0.31480", "2005-03-31": "0.29890"}, "Gross Margin": {"2020-09-30": "", "2020-06-30": "", "2020-03-31": "", "2019-12-31": "", "2019-09-30": "", "2019-06-30": "", "2019-03-31": "", "2018-12-31": "", "2018-09-30": "", "2018-06-30": "", "2018-03-31": "", "2017-12-31": "", "2017-09-30": "", "2017-06-30": "", "2017-03-31": "", "2016-12-31": "", "2016-09-30": "", "2016-06-30": "", "2016-03-31": "", "2015-12-31": "", "2015-09-30": "", "2015-06-30": "", "2015-03-31": "", "2014-12-31": "", "2014-09-30": "", "2014-06-30": "", "2014-03-31": "", "2013-12-31": "", "2013-09-30": "", "2013-06-30": "", "2013-03-31": "", "2012-12-31": "", "2012-09-30": "", "2012-06-30": "", "2012-03-31": "", "2011-12-31": "", "2011-09-30": "", "2011-06-30": "", "2011-03-31": "", "2010-12-31": "", "2010-09-30": "", "2010-06-30": "", "2010-03-31": "", "2009-12-31": "", "2009-09-30": "", "2009-06-30": "", "2009-03-31": "", "2008-12-31": "", "2008-09-30": "", "2008-06-30": "", "2008-03-31": "", "2007-12-31": "", "2007-09-30": "", "2007-06-30": "", "2007-03-31": "", "2006-12-31": "", "2006-09-30": "", "2006-06-30": "", "2006-03-31": "", "2005-12-31": "", "2005-09-30": "", "2005-06-30": "", "2005-03-31": ""}, "Operating Margin": {"2020-09-30": "3.89380", "2020-06-30": "0.29420", "2020-03-31": "1.57710", "2019-12-31": "6.81970", "2019-09-30": "3.81710", "2019-06-30": "3.51810", "2019-03-31": "0.66480", "2018-12-31": "6.38900", "2018-09-30": "4.80880", "2018-06-30": "3.83740", "2018-03-31": "1.51330", "2017-12-31": "6.03040", "2017-09-30": "3.91230", "2017-06-30": "3.76910", "2017-03-31": "0.49400", "2016-12-31": "2.89260", "2016-09-30": "4.16370", "2016-06-30": "7.10280", "2016-03-31": "2.19930", "2015-12-31": "13.44710", "2015-09-30": "8.01310", "2015-06-30": "7.49910", "2015-03-31": "4.37890", "2014-12-31": "14.96600", "2014-09-30": "9.33090", "2014-06-30": "7.17630", "2014-03-31": "-1.47150", "2013-12-31": "12.97180", "2013-09-30": "7.86930", "2013-06-30": "6.65280", "2013-03-31": "2.34820", "2012-12-31": "12.08440", "2012-09-30": "6.93550", "2012-06-30": "6.30410", "2012-03-31": "1.79160", "2011-12-31": "10.38330", "2011-09-30": "6.01790", "2011-06-30": "7.75670", "2011-03-31": "1.75410", "2010-12-31": "12.91210", "2010-09-30": "8.73120", "2010-06-30": "8.42850", "2010-03-31": "3.09900", "2009-12-31": "10.05410", "2009-09-30": "7.49670", "2009-06-30": "3.01250", "2009-03-31": "-5.57030", "2008-12-31": "9.01630", "2008-09-30": "4.94430", "2008-06-30": "5.79170", "2008-03-31": "1.40500", "2007-12-31": "16.28210", "2007-09-30": "10.33560", "2007-06-30": "14.93820", "2007-03-31": "7.44770", "2006-12-31": "16.15070", "2006-09-30": "8.06520", "2006-06-30": "16.53960", "2006-03-31": "2.58500", "2005-12-31": "17.14060", "2005-09-30": "8.15110", "2005-06-30": "9.19870", "2005-03-31": "-4.28100"}, "EBIT Margin": {"2020-09-30": "3.89380", "2020-06-30": "0.29420", "2020-03-31": "1.57710", "2019-12-31": "6.81970", "2019-09-30": "3.81710", "2019-06-30": "3.51810", "2019-03-31": "0.66480", "2018-12-31": "6.38900", "2018-09-30": "4.80880", "2018-06-30": "3.83740", "2018-03-31": "1.51330", "2017-12-31": "6.03040", "2017-09-30": "3.91230", "2017-06-30": "3.76910", "2017-03-31": "0.49400", "2016-12-31": "2.89250", "2016-09-30": "4.16370", "2016-06-30": "7.10280", "2016-03-31": "2.19930", "2015-12-31": "13.44710", "2015-09-30": "8.01310", "2015-06-30": "7.49910", "2015-03-31": "4.37890", "2014-12-31": "14.96600", "2014-09-30": "9.33090", "2014-06-30": "7.17630", "2014-03-31": "-1.47150", "2013-12-31": "12.97180", "2013-09-30": "7.86930", "2013-06-30": "6.65280", "2013-03-31": "2.34820", "2012-12-31": "12.08440", "2012-09-30": "6.93550", "2012-06-30": "6.30410", "2012-03-31": "1.79160", "2011-12-31": "10.38330", "2011-09-30": "6.01790", "2011-06-30": "7.75670", "2011-03-31": "1.75410", "2010-12-31": "12.91210", "2010-09-30": "8.73120", "2010-06-30": "8.42850", "2010-03-31": "3.09900", "2009-12-31": "10.05410", "2009-09-30": "7.49670", "2009-06-30": "3.01250", "2009-03-31": "-5.57030", "2008-12-31": "9.01630", "2008-09-30": "4.94430", "2008-06-30": "5.79170", "2008-03-31": "1.40500", "2007-12-31": "16.28210", "2007-09-30": "10.33560", "2007-06-30": "14.93820", "2007-03-31": "7.44770", "2006-12-31": "16.15070", "2006-09-30": "8.06520", "2006-06-30": "16.53960", "2006-03-31": "2.58500", "2005-12-31": "17.14060", "2005-09-30": "8.15110", "2005-06-30": "9.19870", "2005-03-31": "-4.28100"}, "EBITDA Margin": {"2020-09-30": "", "2020-06-30": "", "2020-03-31": "", "2019-12-31": "", "2019-09-30": "", "2019-06-30": "", "2019-03-31": "", "2018-12-31": "", "2018-09-30": "", "2018-06-30": "", "2018-03-31": "", "2017-12-31": "", "2017-09-30": "", "2017-06-30": "", "2017-03-31": "", "2016-12-31": "", "2016-09-30": "", "2016-06-30": "", "2016-03-31": "", "2015-12-31": "", "2015-09-30": "", "2015-06-30": "", "2015-03-31": "", "2014-12-31": "", "2014-09-30": "", "2014-06-30": "", "2014-03-31": "", "2013-12-31": "", "2013-09-30": "", "2013-06-30": "", "2013-03-31": "", "2012-12-31": "", "2012-09-30": "", "2012-06-30": "", "2012-03-31": "", "2011-12-31": "", "2011-09-30": "", "2011-06-30": "", "2011-03-31": "", "2010-12-31": "", "2010-09-30": "", "2010-06-30": "", "2010-03-31": "", "2009-12-31": "", "2009-09-30": "", "2009-06-30": "", "2009-03-31": "", "2008-12-31": "", "2008-09-30": "", "2008-06-30": "", "2008-03-31": "", "2007-12-31": "", "2007-09-30": "", "2007-06-30": "", "2007-03-31": "", "2006-12-31": "", "2006-09-30": "", "2006-06-30": "", "2006-03-31": "", "2005-12-31": "", "2005-09-30": "", "2005-06-30": "", "2005-03-31": ""}, "Pre-Tax Profit Margin": {"2020-09-30": "4.02960", "2020-06-30": "0.43050", "2020-03-31": "0.55180", "2019-12-31": "6.63270", "2019-09-30": "3.81260", "2019-06-30": "3.45720", "2019-03-31": "0.53660", "2018-12-31": "6.56070", "2018-09-30": "4.57710", "2018-06-30": "3.77590", "2018-03-31": "1.57800", "2017-12-31": "6.00740", "2017-09-30": "3.83850", "2017-06-30": "3.76620", "2017-03-31": "0.28870", "2016-12-31": "2.88300", "2016-09-30": "3.75910", "2016-06-30": "7.82610", "2016-03-31": "2.50600", "2015-12-31": "13.75970", "2015-09-30": "9.25200", "2015-06-30": "8.91880", "2015-03-31": "4.81930", "2014-12-31": "15.00690", "2014-09-30": "10.22340", "2014-06-30": "7.55420", "2014-03-31": "-1.25310", "2013-12-31": "13.11070", "2013-09-30": "7.59310", "2013-06-30": "6.65560", "2013-03-31": "2.06300", "2012-12-31": "11.36540", "2012-09-30": "7.01410", "2012-06-30": "5.48940", "2012-03-31": "2.33530", "2011-12-31": "9.97670", "2011-09-30": "5.00450", "2011-06-30": "7.11180", "2011-03-31": "0.30990", "2010-12-31": "11.81340", "2010-09-30": "6.82490", "2010-06-30": "6.11870", "2010-03-31": "0.09270", "2009-12-31": "8.32850", "2009-09-30": "3.92470", "2009-06-30": "-2.85000", "2009-03-31": "-14.63120", "2008-12-31": "6.90110", "2008-09-30": "2.99620", "2008-06-30": "5.39880", "2008-03-31": "0.80400", "2007-12-31": "16.01720", "2007-09-30": "10.43190", "2007-06-30": "15.86130", "2007-03-31": "7.59510", "2006-12-31": "15.77360", "2006-09-30": "7.34300", "2006-06-30": "17.54290", "2006-03-31": "1.35300", "2005-12-31": "18.15710", "2005-09-30": "8.46760", "2005-06-30": "10.20590", "2005-03-31": "-4.78980"}, "Net Profit Margin": {"2020-09-30": "3.31570", "2020-06-30": "0.41410", "2020-03-31": "0.12940", "2019-12-31": "5.06810", "2019-09-30": "2.86720", "2019-06-30": "2.58990", "2019-03-31": "0.55750", "2018-12-31": "4.11270", "2018-09-30": "3.39820", "2018-06-30": "2.76150", "2018-03-31": "1.13360", "2017-12-31": "1.75450", "2017-09-30": "2.79090", "2017-06-30": "2.71730", "2017-03-31": "0.23090", "2016-12-31": "2.11850", "2016-09-30": "2.81490", "2016-06-30": "4.91390", "2016-03-31": "1.92250", "2015-12-31": "10.37940", "2015-09-30": "7.36030", "2015-06-30": "6.55990", "2015-03-31": "3.48150", "2014-12-31": "11.07780", "2014-09-30": "7.63440", "2014-06-30": "5.61900", "2014-03-31": "1.53280", "2013-12-31": "9.74900", "2013-09-30": "5.67920", "2013-06-30": "4.67870", "2013-03-31": "1.53690", "2012-12-31": "8.55530", "2012-09-30": "5.21470", "2012-06-30": "4.03630", "2012-03-31": "1.72430", "2011-12-31": "7.38280", "2011-09-30": "3.75110", "2011-06-30": "5.18870", "2011-03-31": "0.21660", "2010-12-31": "8.82570", "2010-09-30": "5.24080", "2010-06-30": "4.66800", "2010-03-31": "0.04240", "2009-12-31": "6.38310", "2009-09-30": "3.32120", "2009-06-30": "-2.50510", "2009-03-31": "-12.43900", "2008-12-31": "5.16340", "2008-09-30": "2.21600", "2008-06-30": "3.71730", "2008-03-31": "0.50340", "2007-12-31": "12.15290", "2007-09-30": "7.45490", "2007-06-30": "11.52690", "2007-03-31": "5.57000", "2006-12-31": "11.41340", "2006-09-30": "5.34200", "2006-06-30": "12.88650", "2006-03-31": "1.35270", "2005-12-31": "13.40520", "2005-09-30": "6.19850", "2005-06-30": "7.61360", "2005-03-31": "-3.57320"}, "Asset Turnover": {"2020-09-30": "0.28620", "2020-06-30": "0.28650", "2020-03-31": "0.29470", "2019-12-31": "0.39500", "2019-09-30": "0.34380", "2019-06-30": "0.40320", "2019-03-31": "0.36210", "2018-12-31": "0.48770", "2018-09-30": "0.41270", "2018-06-30": "0.42490", "2018-03-31": "0.38630", "2017-12-31": "0.46930", "2017-09-30": "0.46630", "2017-06-30": "0.43940", "2017-03-31": "0.43090", "2016-12-31": "1.09390", "2016-09-30": "0.23960", "2016-06-30": "0.25290", "2016-03-31": "0.21060", "2015-12-31": "0.30510", "2015-09-30": "0.28680", "2015-06-30": "0.27230", "2015-03-31": "0.24090", "2014-12-31": "0.34460", "2014-09-30": "0.27680", "2014-06-30": "0.26740", "2014-03-31": "0.22770", "2013-12-31": "0.32830", "2013-09-30": "0.25590", "2013-06-30": "0.23700", "2013-03-31": "0.20210", "2012-12-31": "0.28700", "2012-09-30": "0.23420", "2012-06-30": "0.24280", "2012-03-31": "0.21240", "2011-12-31": "0.29200", "2011-09-30": "0.24030", "2011-06-30": "0.22940", "2011-03-31": "0.20550", "2010-12-31": "0.28550", "2010-09-30": "0.23120", "2010-06-30": "0.22930", "2010-03-31": "0.19470", "2009-12-31": "0.26320", "2009-09-30": "0.19890", "2009-06-30": "0.19330", "2009-03-31": "0.17170", "2008-12-31": "0.25900", "2008-09-30": "0.22260", "2008-06-30": "0.27350", "2008-03-31": "0.24350", "2007-12-31": "0.37600", "2007-09-30": "0.32130", "2007-06-30": "0.37650", "2007-03-31": "0.28810", "2006-12-31": "0.40720", "2006-09-30": "0.30760", "2006-06-30": "0.33800", "2006-03-31": "0.26060", "2005-12-31": "0.43590", "2005-09-30": "0.33690", "2005-06-30": "0.34560", "2005-03-31": "0.25050"}, "Inventory Turnover Ratio": {"2020-09-30": "", "2020-06-30": "", "2020-03-31": "", "2019-12-31": "", "2019-09-30": "", "2019-06-30": "", "2019-03-31": "", "2018-12-31": "", "2018-09-30": "", "2018-06-30": "", "2018-03-31": "", "2017-12-31": "", "2017-09-30": "", "2017-06-30": "", "2017-03-31": "", "2016-12-31": "", "2016-09-30": "", "2016-06-30": "", "2016-03-31": "", "2015-12-31": "", "2015-09-30": "", "2015-06-30": "", "2015-03-31": "", "2014-12-31": "", "2014-09-30": "", "2014-06-30": "", "2014-03-31": "", "2013-12-31": "", "2013-09-30": "", "2013-06-30": "", "2013-03-31": "", "2012-12-31": "", "2012-09-30": "", "2012-06-30": "", "2012-03-31": "", "2011-12-31": "", "2011-09-30": "", "2011-06-30": "", "2011-03-31": "", "2010-12-31": "", "2010-09-30": "", "2010-06-30": "", "2010-03-31": "", "2009-12-31": "", "2009-09-30": "", "2009-06-30": "", "2009-03-31": "", "2008-12-31": "", "2008-09-30": "", "2008-06-30": "", "2008-03-31": "", "2007-12-31": "", "2007-09-30": "", "2007-06-30": "", "2007-03-31": "", "2006-12-31": "", "2006-09-30": "", "2006-06-30": "", "2006-03-31": "", "2005-12-31": "", "2005-09-30": "", "2005-06-30": "", "2005-03-31": ""}, "Receiveable Turnover": {"2020-09-30": "", "2020-06-30": "", "2020-03-31": "", "2019-12-31": "", "2019-09-30": "", "2019-06-30": "", "2019-03-31": "", "2018-12-31": "", "2018-09-30": "", "2018-06-30": "", "2018-03-31": "", "2017-12-31": "", "2017-09-30": "", "2017-06-30": "", "2017-03-31": "", "2016-12-31": "", "2016-09-30": "", "2016-06-30": "", "2016-03-31": "", "2015-12-31": "", "2015-09-30": "", "2015-06-30": "", "2015-03-31": "", "2014-12-31": "", "2014-09-30": "", "2014-06-30": "", "2014-03-31": "", "2013-12-31": "", "2013-09-30": "", "2013-06-30": "", "2013-03-31": "", "2012-12-31": "", "2012-09-30": "", "2012-06-30": "", "2012-03-31": "", "2011-12-31": "", "2011-09-30": "", "2011-06-30": "", "2011-03-31": "", "2010-12-31": "", "2010-09-30": "", "2010-06-30": "", "2010-03-31": "", "2009-12-31": "", "2009-09-30": "", "2009-06-30": "", "2009-03-31": "", "2008-12-31": "", "2008-09-30": "", "2008-06-30": "", "2008-03-31": "", "2007-12-31": "", "2007-09-30": "", "2007-06-30": "", "2007-03-31": "", "2006-12-31": "", "2006-09-30": "", "2006-06-30": "", "2006-03-31": "", "2005-12-31": "", "2005-09-30": "", "2005-06-30": "", "2005-03-31": ""}, "Days Sales In Receivables": {"2020-09-30": "", "2020-06-30": "", "2020-03-31": "", "2019-12-31": "", "2019-09-30": "", "2019-06-30": "", "2019-03-31": "", "2018-12-31": "", "2018-09-30": "", "2018-06-30": "", "2018-03-31": "", "2017-12-31": "", "2017-09-30": "", "2017-06-30": "", "2017-03-31": "", "2016-12-31": "", "2016-09-30": "", "2016-06-30": "", "2016-03-31": "", "2015-12-31": "", "2015-09-30": "", "2015-06-30": "", "2015-03-31": "", "2014-12-31": "", "2014-09-30": "", "2014-06-30": "", "2014-03-31": "", "2013-12-31": "", "2013-09-30": "", "2013-06-30": "", "2013-03-31": "", "2012-12-31": "", "2012-09-30": "", "2012-06-30": "", "2012-03-31": "", "2011-12-31": "", "2011-09-30": "", "2011-06-30": "", "2011-03-31": "", "2010-12-31": "", "2010-09-30": "", "2010-06-30": "", "2010-03-31": "", "2009-12-31": "", "2009-09-30": "", "2009-06-30": "", "2009-03-31": "", "2008-12-31": "", "2008-09-30": "", "2008-06-30": "", "2008-03-31": "", "2007-12-31": "", "2007-09-30": "", "2007-06-30": "", "2007-03-31": "", "2006-12-31": "", "2006-09-30": "", "2006-06-30": "", "2006-03-31": "", "2005-12-31": "", "2005-09-30": "", "2005-06-30": "", "2005-03-31": ""}, "ROE - Return On Equity": {"2020-09-30": "2.54630", "2020-06-30": "0.27990", "2020-03-31": "0.35000", "2019-12-31": "5.30480", "2019-09-30": "2.66150", "2019-06-30": "2.87200", "2019-03-31": "0.55860", "2018-12-31": "5.44120", "2018-09-30": "3.80930", "2018-06-30": "3.16770", "2018-03-31": "1.22570", "2017-12-31": "2.30000", "2017-09-30": "3.12800", "2017-06-30": "3.12810", "2017-03-31": "0.26600", "2016-12-31": "6.32750", "2016-09-30": "1.69270", "2016-06-30": "3.36040", "2016-03-31": "0.90290", "2015-12-31": "7.29870", "2015-09-30": "4.48180", "2015-06-30": "3.67810", "2015-03-31": "1.84440", "2014-12-31": "8.08410", "2014-09-30": "4.46980", "2014-06-30": "3.10970", "2014-03-31": "0.72580", "2013-12-31": "6.73370", "2013-09-30": "3.10390", "2013-06-30": "2.55790", "2013-03-31": "0.68700", "2012-12-31": "5.47460", "2012-09-30": "2.67270", "2012-06-30": "2.15020", "2012-03-31": "0.80750", "2011-12-31": "5.01810", "2011-09-30": "2.06490", "2011-06-30": "2.68880", "2011-03-31": "0.09900", "2010-12-31": "5.39120", "2010-09-30": "2.51620", "2010-06-30": "2.32890", "2010-03-31": "0.03030", "2009-12-31": "3.79010", "2009-09-30": "1.48120", "2009-06-30": "-1.07820", "2009-03-31": "-6.22170", "2008-12-31": "3.87110", "2008-09-30": "1.39270", "2008-06-30": "2.40490", "2008-03-31": "0.31480", "2007-12-31": "10.64550", "2007-09-30": "5.12330", "2007-06-30": "9.03430", "2007-03-31": "3.51360", "2006-12-31": "10.78490", "2006-09-30": "3.66660", "2006-06-30": "10.25630", "2006-03-31": "0.60130", "2005-12-31": "12.47870", "2005-09-30": "4.10170", "2005-06-30": "5.09280", "2005-03-31": "-1.72480"}, "Return On Tangible Equity": {"2020-09-30": "28.74230", "2020-06-30": "4.26100", "2020-03-31": "6.61900", "2019-12-31": "78.01660", "2019-09-30": "130.21040", "2019-06-30": "13.76620", "2019-03-31": "2.95220", "2018-12-31": "29.03690", "2018-09-30": "23.00540", "2018-06-30": "22.38530", "2018-03-31": "9.92080", "2017-12-31": "21.35200", "2017-09-30": "60.97110", "2017-06-30": "150.87460", "2017-03-31": "-20.53330", "2016-12-31": "-298.82380", "2016-09-30": "4016.83000", "2016-06-30": "30.17910", "2016-03-31": "8.62420", "2015-12-31": "56.75060", "2015-09-30": "23.44770", "2015-06-30": "17.80610", "2015-03-31": "9.81540", "2014-12-31": "42.12260", "2014-09-30": "26.73320", "2014-06-30": "21.51120", "2014-03-31": "5.82240", "2013-12-31": "60.17620", "2013-09-30": "61.31760", "2013-06-30": "89.94510", "2013-03-31": "26.51290", "2012-12-31": "180.08130", "2012-09-30": "-851.02660", "2012-06-30": "-65.01930", "2012-03-31": "-17.98140", "2011-12-31": "-77.70720", "2011-09-30": "-20.08730", "2011-06-30": "-28.51210", "2011-03-31": "1.50250", "2010-12-31": "86.29760", "2010-09-30": "368.06360", "2010-06-30": "-59.12520", "2010-03-31": "-0.45970", "2009-12-31": "-54.51380", "2009-09-30": "-13.52500", "2009-06-30": "6.05400", "2009-03-31": "12.40720", "2008-12-31": "-9.51240", "2008-09-30": "-3.27950", "2008-06-30": "13.47740", "2008-03-31": "1.12710", "2007-12-31": "39.13860", "2007-09-30": "18.58290", "2007-06-30": "31.31630", "2007-03-31": "13.06030", "2006-12-31": "42.08010", "2006-09-30": "20.41900", "2006-06-30": "63.75630", "2006-03-31": "8.78860", "2005-12-31": "34.14620", "2005-09-30": "13.02920", "2005-06-30": "17.73110", "2005-03-31": "-5.74290"}, "ROA - Return On Assets": {"2020-09-30": "0.96820", "2020-06-30": "0.11160", "2020-03-31": "0.12660", "2019-12-31": "2.01940", "2019-09-30": "0.98870", "2019-06-30": "1.05190", "2019-03-31": "0.20090", "2018-12-31": "2.02680", "2018-09-30": "1.41490", "2018-06-30": "1.19510", "2018-03-31": "0.46280", "2017-12-31": "0.83960", "2017-09-30": "1.31320", "2017-06-30": "1.20160", "2017-03-31": "0.10640", "2016-12-31": "2.33440", "2016-09-30": "0.67730", "2016-06-30": "1.48870", "2016-03-31": "0.39710", "2015-12-31": "3.20670", "2015-09-30": "2.16240", "2015-06-30": "1.81230", "2015-03-31": "0.86660", "2014-12-31": "3.83730", "2014-09-30": "2.12240", "2014-06-30": "1.51500", "2014-03-31": "0.35440", "2013-12-31": "3.20880", "2013-09-30": "1.45900", "2013-06-30": "1.18460", "2013-03-31": "0.31310", "2012-12-31": "2.46490", "2012-09-30": "1.22550", "2012-06-30": "0.99440", "2012-03-31": "0.37010", "2011-12-31": "2.16200", "2011-09-30": "0.90180", "2011-06-30": "1.22350", "2011-03-31": "0.04780", "2010-12-31": "2.52980", "2010-09-30": "1.21490", "2010-06-30": "1.08030", "2010-03-31": "0.01390", "2009-12-31": "1.69210", "2009-09-30": "0.66340", "2009-06-30": "-0.46820", "2009-03-31": "-2.13480", "2008-12-31": "1.34840", "2008-09-30": "0.49890", "2008-06-30": "1.10430", "2008-03-31": "0.14640", "2007-12-31": "4.69380", "2007-09-30": "2.39530", "2007-06-30": "4.37690", "2007-03-31": "1.60490", "2006-12-31": "4.67810", "2006-09-30": "1.64310", "2006-06-30": "4.39030", "2006-03-31": "0.26130", "2005-12-31": "5.84280", "2005-09-30": "2.12800", "2005-06-30": "2.63130", "2005-03-31": "-0.89520"}, "ROI - Return On Investment": {"2020-09-30": "2.11650", "2020-06-30": "0.22120", "2020-03-31": "0.24710", "2019-12-31": "4.32620", "2019-09-30": "1.95230", "2019-06-30": "2.21240", "2019-03-31": "0.42660", "2018-12-31": "4.62860", "2018-09-30": "3.04250", "2018-06-30": "2.41690", "2018-03-31": "0.94910", "2017-12-31": "1.91690", "2017-09-30": "2.31280", "2017-06-30": "2.17620", "2017-03-31": "0.17810", "2016-12-31": "4.46050", "2016-09-30": "1.14640", "2016-06-30": "2.42660", "2016-03-31": "0.65470", "2015-12-31": "6.14200", "2015-09-30": "3.72890", "2015-06-30": "2.95800", "2015-03-31": "1.46400", "2014-12-31": "7.25590", "2014-09-30": "3.65160", "2014-06-30": "2.40250", "2014-03-31": "0.54870", "2013-12-31": "5.62890", "2013-09-30": "2.29230", "2013-06-30": "1.84020", "2013-03-31": "0.49570", "2012-12-31": "4.46320", "2012-09-30": "2.04380", "2012-06-30": "1.58950", "2012-03-31": "0.59370", "2011-12-31": "3.94110", "2011-09-30": "1.53480", "2011-06-30": "2.12590", "2011-03-31": "0.08450", "2010-12-31": "4.78940", "2010-09-30": "2.14870", "2010-06-30": "1.94930", "2010-03-31": "0.02430", "2009-12-31": "3.36430", "2009-09-30": "1.21610", "2009-06-30": "-0.82460", "2009-03-31": "-4.14200", "2008-12-31": "2.66700", "2008-09-30": "0.92940", "2008-06-30": "1.71940", "2008-03-31": "0.23750", "2007-12-31": "10.34650", "2007-09-30": "4.69170", "2007-06-30": "7.95770", "2007-03-31": "2.69290", "2006-12-31": "10.33860", "2006-09-30": "2.96980", "2006-06-30": "7.11570", "2006-03-31": "0.40740", "2005-12-31": "11.88660", "2005-09-30": "3.53720", "2005-06-30": "3.95890", "2005-03-31": "-1.36470"}, "Book Value Per Share": {"2020-09-30": "102.56700", "2020-06-30": "98.93890", "2020-03-31": "97.41590", "2019-12-31": "100.96410", "2019-09-30": "94.26980", "2019-06-30": "84.68200", "2019-03-31": "82.97300", "2018-12-31": "81.89870", "2018-09-30": "78.41970", "2018-06-30": "76.18860", "2018-03-31": "76.40580", "2017-12-31": "74.45230", "2017-09-30": "69.91310", "2017-06-30": "66.98610", "2017-03-31": "63.92700", "2016-12-31": "62.25280", "2016-09-30": "62.99640", "2016-06-30": "62.25100", "2016-03-31": "61.85920", "2015-12-31": "60.33960", "2015-09-30": "56.08610", "2015-06-30": "55.36890", "2015-03-31": "52.33490", "2014-12-31": "53.74020", "2014-09-30": "52.28300", "2014-06-30": "52.14930", "2014-03-31": "49.93740", "2013-12-31": "49.28930", "2013-09-30": "45.76190", "2013-06-30": "43.81920", "2013-03-31": "43.79060", "2012-12-31": "44.47400", "2012-09-30": "42.20540", "2012-06-30": "40.08200", "2012-03-31": "40.22370", "2011-12-31": "38.97820", "2011-09-30": "37.76930", "2011-06-30": "39.03630", "2011-03-31": "37.63670", "2010-12-31": "36.84800", "2010-09-30": "34.69160", "2010-06-30": "32.72340", "2010-03-31": "32.51070", "2009-12-31": "33.04210", "2009-09-30": "32.04870", "2009-06-30": "31.34950", "2009-03-31": "28.44060", "2008-12-31": "31.01110", "2008-09-30": "31.59120", "2008-06-30": "34.68400", "2008-03-31": "33.85090", "2007-12-31": "31.85490", "2007-09-30": "24.53120", "2007-06-30": "23.62880", "2007-03-31": "21.11920", "2006-12-31": "20.50610", "2006-09-30": "18.46040", "2006-06-30": "18.01320", "2006-03-31": "15.72080", "2005-12-31": "15.22740", "2005-09-30": "14.35640", "2005-06-30": "14.19800", "2005-03-31": "14.63690"}, "Operating Cash Flow Per Share": {"2020-09-30": 7.8065, "2020-06-30": 9.5534, "2020-03-31": "-10.41020", "2019-12-31": 14.6694, "2019-09-30": 5.6662, "2019-06-30": 1.4911, "2019-03-31": "-11.98420", "2018-12-31": 13.1588, "2018-09-30": 5.8236, "2018-06-30": -0.1967, "2018-03-31": "-5.63340", "2017-12-31": 11.3934, "2017-09-30": 6.9046, "2017-06-30": 3.7882, "2017-03-31": "-4.63130", "2016-12-31": 8.2196, "2016-09-30": 2.875, "2016-06-30": 1.2019, "2016-03-31": "-7.40720", "2015-12-31": 8.6752, "2015-09-30": 4.3294, "2015-06-30": 2.6709, "2015-03-31": "-7.40070", "2014-12-31": 10.0875, "2014-09-30": 4.182, "2014-06-30": 2.5764, "2014-03-31": "-5.82320", "2013-12-31": 8.7666, "2013-09-30": 3.2013, "2013-06-30": 1.2732, "2013-03-31": "-6.69080", "2012-12-31": 6.5098, "2012-09-30": 3.499, "2012-06-30": 1.6549, "2012-03-31": "-4.38900", "2011-12-31": 5.6917, "2011-09-30": 2.1368, "2011-06-30": 1.38, "2011-03-31": "-4.44510", "2010-12-31": 6.2656, "2010-09-30": 4.2673, "2010-06-30": 1.5134, "2010-03-31": "-3.32950", "2009-12-31": 5.4876, "2009-09-30": 3.4089, "2009-06-30": -2.2843, "2009-03-31": "-0.11160", "2008-12-31": 4.2041, "2008-09-30": 1.9481, "2008-06-30": 3.0043, "2008-03-31": "-8.18110", "2007-12-31": 7.6285, "2007-09-30": 3.9612, "2007-06-30": 6.0182, "2007-03-31": "-5.41490", "2006-12-31": 6.7239, "2006-09-30": 5.5156, "2006-06-30": 1.6353, "2006-03-31": "-2.58260", "2005-12-31": 3.3072, "2005-09-30": 2.0392, "2005-06-30": 1.0742, "2005-03-31": "-2.77700"}, "Free Cash Flow Per Share": {"2020-09-30": 7.1348, "2020-06-30": 8.9182, "2020-03-31": "-11.25660", "2019-12-31": 13.3649, "2019-09-30": 4.9702, "2019-06-30": 0.6401, "2019-03-31": "-12.95330", "2018-12-31": 12.0293, "2018-09-30": 4.9734, "2018-06-30": -0.8356, "2018-03-31": "-6.53960", "2017-12-31": 10.226, "2017-09-30": 6.1438, "2017-06-30": 3.0993, "2017-03-31": "-5.32290", "2016-12-31": 6.4783, "2016-09-30": 0.9281, "2016-06-30": 0.1845, "2016-03-31": "-8.89560", "2015-12-31": 7.4824, "2015-09-30": 3.4014, "2015-06-30": 2.0948, "2015-03-31": "-7.82390", "2014-12-31": 8.9073, "2014-09-30": 3.4162, "2014-06-30": 1.8183, "2014-03-31": "-6.55910", "2013-12-31": 7.5881, "2013-09-30": 2.6914, "2013-06-30": 1.0894, "2013-03-31": "-6.97250", "2012-12-31": 5.6179, "2012-09-30": 3.0001, "2012-06-30": 1.1951, "2012-03-31": "-4.65360", "2011-12-31": 4.8888, "2011-09-30": 1.6903, "2011-06-30": 0.9532, "2011-03-31": "-4.83210", "2010-12-31": 5.7026, "2010-09-30": 4.059, "2010-06-30": 1.3066, "2010-03-31": "-3.43140", "2009-12-31": 5.061, "2009-09-30": 3.2744, "2009-06-30": -2.6703, "2009-03-31": "-0.31250", "2008-12-31": 3.2344, "2008-09-30": 1.404, "2008-06-30": 2.0518, "2008-03-31": "-8.74650", "2007-12-31": 6.363, "2007-09-30": 3.1882, "2007-06-30": 5.2434, "2007-03-31": "-5.98900", "2006-12-31": 5.9294, "2006-09-30": 5.0519, "2006-06-30": 1.0411, "2006-03-31": "-2.83210", "2005-12-31": 2.761, "2005-09-30": 1.7661, "2005-06-30": 0.8243, "2005-03-31": "-2.90940"}}, "revenue": {"Jones Lang LaSalle Annual Revenue (Millions of US $)": {"2019": "$17,983", "2018": "$16,318", "2017": "$14,453", "2016": "$12,991", "2015": "$5,966", "2014": "$5,430", "2013": "$4,462", "2012": "$3,933", "2011": "$3,585", "2010": "$2,926", "2009": "$2,481", "2008": "$2,698", "2007": "$2,652", "2006": "$2,014", "2005": "$1,391"}, "Jones Lang LaSalle Quarterly Revenue (Millions of US $)": {"2020-09-30": "$3,978", "2020-06-30": "$3,670", "2020-03-31": "$4,096", "2019-12-31": "$5,401", "2019-09-30": "$4,496", "2019-06-30": "$4,267", "2019-03-31": "$3,821", "2018-12-31": "$4,890", "2018-09-30": "$3,970", "2018-06-30": "$3,904", "2018-03-31": "$3,555", "2017-12-31": "$4,343", "2017-09-30": "$3,522", "2017-06-30": "$3,470", "2017-03-31": "$3,118", "2016-12-31": "$8,346", "2016-09-30": "$1,705", "2016-06-30": "$1,604", "2016-03-31": "$1,337", "2015-12-31": "$1,887", "2015-09-30": "$1,501", "2015-06-30": "$1,374", "2015-03-31": "$1,204", "2014-12-31": "$1,749", "2014-09-30": "$1,366", "2014-06-30": "$1,277", "2014-03-31": "$1,037", "2013-12-31": "$1,509", "2013-09-30": "$1,107", "2013-06-30": "$989", "2013-03-31": "$856", "2012-12-31": "$1,249", "2012-09-30": "$949", "2012-06-30": "$921", "2012-03-31": "$813", "2011-12-31": "$1,148", "2011-09-30": "$903", "2011-06-30": "$845", "2011-03-31": "$688", "2010-12-31": "$956", "2010-09-30": "$708", "2010-06-30": "$680", "2010-03-31": "$581", "2009-12-31": "$815", "2009-09-30": "$595", "2009-06-30": "$576", "2009-03-31": "$494", "2008-12-31": "$797", "2008-09-30": "$677", "2008-06-30": "$660", "2008-03-31": "$564", "2007-12-31": "$862", "2007-09-30": "$624", "2007-06-30": "$676", "2007-03-31": "$490", "2006-12-31": "$704", "2006-09-30": "$462", "2006-06-30": "$510", "2006-03-31": "$337", "2005-12-31": "$499", "2005-09-30": "$326", "2005-06-30": "$325", "2005-03-31": "$240"}}, "gross-profit": {"Jones Lang LaSalle Annual Gross Profit (Millions of US $)": {"2019": "$4,218", "2018": "$3,883", "2017": "$3,345", "2016": "$2,870", "2015": "$2,401", "2014": "$2,171", "2013": "$1,645", "2012": "$1,386", "2011": "$1,254", "2010": "$1,026", "2009": "$857", "2008": "$926", "2007": "$928", "2006": "$700", "2005": "$488"}, "Jones Lang LaSalle Quarterly Gross Profit (Millions of US $)": {"2020-09-30": "$893", "2020-06-30": "$653", "2020-03-31": "$909", "2019-12-31": "$1,369", "2019-09-30": "$1,057", "2019-06-30": "$993", "2019-03-31": "$798", "2018-12-31": "$1,239", "2018-09-30": "$927", "2018-06-30": "$923", "2018-03-31": "$794", "2017-12-31": "$1,073", "2017-09-30": "$825", "2017-06-30": "$808", "2017-03-31": "$639", "2016-12-31": "$975", "2016-09-30": "$693", "2016-06-30": "$676", "2016-03-31": "$526", "2015-12-31": "$782", "2015-09-30": "$605", "2015-06-30": "$548", "2015-03-31": "$466", "2014-12-31": "$717", "2014-09-30": "$538", "2014-06-30": "$516", "2014-03-31": "$400", "2013-12-31": "$590", "2013-09-30": "$408", "2013-06-30": "$355", "2013-03-31": "$292", "2012-12-31": "$455", "2012-09-30": "$327", "2012-06-30": "$328", "2012-03-31": "$276", "2011-12-31": "$426", "2011-09-30": "$301", "2011-06-30": "$301", "2011-03-31": "$227", "2010-12-31": "$346", "2010-09-30": "$245", "2010-06-30": "$242", "2010-03-31": "$193", "2009-12-31": "$295", "2009-09-30": "$215", "2009-06-30": "$195", "2009-03-31": "$152", "2008-12-31": "$285", "2008-09-30": "$228", "2008-06-30": "$228", "2008-03-31": "$185", "2007-12-31": "$312", "2007-09-30": "$211", "2007-06-30": "$240", "2007-03-31": "$164", "2006-12-31": "$254", "2006-09-30": "$149", "2006-06-30": "$191", "2006-03-31": "$106", "2005-12-31": "$189", "2005-09-30": "$115", "2005-06-30": "$115", "2005-03-31": "$68"}}, "operating-income": {"Jones Lang LaSalle Annual Operating Income (Millions of US $)": {"2019": "$715", "2018": "$707", "2017": "$546", "2016": "$456", "2015": "$530", "2014": "$466", "2013": "$369", "2012": "$289", "2011": "$251", "2010": "$261", "2009": "$116", "2008": "$151", "2007": "$342", "2006": "$244", "2005": "$132"}, "Jones Lang LaSalle Quarterly Operating Income (Millions of US $)": {"2020-09-30": "$155", "2020-06-30": "$11", "2020-03-31": "$65", "2019-12-31": "$368", "2019-09-30": "$172", "2019-06-30": "$150", "2019-03-31": "$25", "2018-12-31": "$312", "2018-09-30": "$191", "2018-06-30": "$150", "2018-03-31": "$54", "2017-12-31": "$262", "2017-09-30": "$138", "2017-06-30": "$131", "2017-03-31": "$15", "2016-12-31": "$241", "2016-09-30": "$71", "2016-06-30": "$114", "2016-03-31": "$29", "2015-12-31": "$254", "2015-09-30": "$120", "2015-06-30": "$103", "2015-03-31": "$53", "2014-12-31": "$262", "2014-09-30": "$127", "2014-06-30": "$92", "2014-03-31": "$-15", "2013-12-31": "$196", "2013-09-30": "$87", "2013-06-30": "$66", "2013-03-31": "$20", "2012-12-31": "$151", "2012-09-30": "$66", "2012-06-30": "$58", "2012-03-31": "$15", "2011-12-31": "$119", "2011-09-30": "$54", "2011-06-30": "$66", "2011-03-31": "$12", "2010-12-31": "$123", "2010-09-30": "$62", "2010-06-30": "$57", "2010-03-31": "$18", "2009-12-31": "$82", "2009-09-30": "$45", "2009-06-30": "$17", "2009-03-31": "$-28", "2008-12-31": "$72", "2008-09-30": "$33", "2008-06-30": "$38", "2008-03-31": "$8", "2007-12-31": "$140", "2007-09-30": "$65", "2007-06-30": "$101", "2007-03-31": "$36", "2006-12-31": "$114", "2006-09-30": "$37", "2006-06-30": "$84", "2006-03-31": "$9", "2005-12-31": "$86", "2005-09-30": "$27", "2005-06-30": "$30", "2005-03-31": "$-10"}}, "ebitda": {"Jones Lang LaSalle Annual EBITDA (Millions of US $)": {"2019": "$992", "2018": "$920", "2017": "$738", "2016": "$628", "2015": "$668", "2014": "$589", "2013": "$476", "2012": "$405", "2011": "$372", "2010": "$379", "2009": "$251", "2008": "$308", "2007": "$456", "2006": "$338", "2005": "$198"}, "Jones Lang LaSalle Quarterly EBITDA (Millions of US $)": {"2020-09-30": "$155", "2020-06-30": "$11", "2020-03-31": "$65", "2019-12-31": "$368", "2019-09-30": "$172", "2019-06-30": "$150", "2019-03-31": "$25", "2018-12-31": "$312", "2018-09-30": "$191", "2018-06-30": "$150", "2018-03-31": "$54", "2017-12-31": "$262", "2017-09-30": "$138", "2017-06-30": "$131", "2017-03-31": "$15", "2016-12-31": "$241", "2016-09-30": "$71", "2016-06-30": "$114", "2016-03-31": "$29", "2015-12-31": "$254", "2015-09-30": "$120", "2015-06-30": "$103", "2015-03-31": "$53", "2014-12-31": "$299", "2014-09-30": "$155", "2014-06-30": "$120", "2014-03-31": "$14", "2013-12-31": "$222", "2013-09-30": "$113", "2013-06-30": "$93", "2013-03-31": "$48", "2012-12-31": "$178", "2012-09-30": "$92", "2012-06-30": "$86", "2012-03-31": "$49", "2011-12-31": "$152", "2011-09-30": "$84", "2011-06-30": "$94", "2011-03-31": "$42", "2010-12-31": "$157", "2010-09-30": "$89", "2010-06-30": "$84", "2010-03-31": "$49", "2009-12-31": "$115", "2009-09-30": "$73", "2009-06-30": "$50", "2009-03-31": "$12", "2008-12-31": "$122", "2008-09-30": "$72", "2008-06-30": "$73", "2008-03-31": "$40", "2007-12-31": "$184", "2007-09-30": "$83", "2007-06-30": "$127", "2007-03-31": "$62", "2006-12-31": "$149", "2006-09-30": "$59", "2006-06-30": "$104", "2006-03-31": "$27", "2005-12-31": "$111", "2005-09-30": "$40", "2005-06-30": "$44", "2005-03-31": "$4"}}, "net-income": {"Jones Lang LaSalle Annual Net Income (Millions of US $)": {"2019": "$534", "2018": "$484", "2017": "$276", "2016": "$329", "2015": "$438", "2014": "$386", "2013": "$269", "2012": "$208", "2011": "$164", "2010": "$154", "2009": "$-4", "2008": "$84", "2007": "$256", "2006": "$175", "2005": "$103"}, "Jones Lang LaSalle Quarterly Net Income (Millions of US $)": {"2020-09-30": "$132", "2020-06-30": "$15", "2020-03-31": "$5", "2019-12-31": "$274", "2019-09-30": "$129", "2019-06-30": "$111", "2019-03-31": "$21", "2018-12-31": "$201", "2018-09-30": "$135", "2018-06-30": "$108", "2018-03-31": "$40", "2017-12-31": "$76", "2017-09-30": "$98", "2017-06-30": "$94", "2017-03-31": "$7", "2016-12-31": "$177", "2016-09-30": "$48", "2016-06-30": "$79", "2016-03-31": "$26", "2015-12-31": "$196", "2015-09-30": "$111", "2015-06-30": "$90", "2015-03-31": "$42", "2014-12-31": "$194", "2014-09-30": "$104", "2014-06-30": "$72", "2014-03-31": "$16", "2013-12-31": "$147", "2013-09-30": "$63", "2013-06-30": "$46", "2013-03-31": "$13", "2012-12-31": "$107", "2012-09-30": "$50", "2012-06-30": "$37", "2012-03-31": "$14", "2011-12-31": "$85", "2011-09-30": "$34", "2011-06-30": "$44", "2011-03-31": "$1", "2010-12-31": "$84", "2010-09-30": "$37", "2010-06-30": "$32", "2010-03-31": "$0", "2009-12-31": "$52", "2009-09-30": "$20", "2009-06-30": "$-14", "2009-03-31": "$-61", "2008-12-31": "$41", "2008-09-30": "$15", "2008-06-30": "$25", "2008-03-31": "$3", "2007-12-31": "$105", "2007-09-30": "$47", "2007-06-30": "$78", "2007-03-31": "$27", "2006-12-31": "$80", "2006-09-30": "$25", "2006-06-30": "$66", "2006-03-31": "$5", "2005-12-31": "$67", "2005-09-30": "$20", "2005-06-30": "$25", "2005-03-31": "$-9"}}, "eps-earnings-per-share-diluted": {"Jones Lang LaSalle Annual EPS": {"2019": "$10.87", "2018": "$10.54", "2017": "$6.03", "2016": "$7.23", "2015": "$9.65", "2014": "$8.52", "2013": "$5.98", "2012": "$4.63", "2011": "$3.70", "2010": "$3.48", "2009": "$-0.11", "2008": "$2.44", "2007": "$7.64", "2006": "$5.24", "2005": "$3.12"}, "Jones Lang LaSalle Quarterly EPS": {"2020-09-30": "$2.52", "2020-06-30": "$0.29", "2020-03-31": "$0.10", "2019-12-31": "$5.54", "2019-09-30": "$2.47", "2019-06-30": "$2.40", "2019-03-31": "$0.46", "2018-12-31": "$4.38", "2018-09-30": "$2.93", "2018-06-30": "$2.35", "2018-03-31": "$0.88", "2017-12-31": "$1.66", "2017-09-30": "$2.15", "2017-06-30": "$2.06", "2017-03-31": "$0.16", "2016-12-31": "$3.89", "2016-09-30": "$1.05", "2016-06-30": "$1.73", "2016-03-31": "$0.56", "2015-12-31": "$4.32", "2015-09-30": "$2.43", "2015-06-30": "$1.98", "2015-03-31": "$0.92", "2014-12-31": "$4.29", "2014-09-30": "$2.30", "2014-06-30": "$1.58", "2014-03-31": "$0.35", "2013-12-31": "$3.27", "2013-09-30": "$1.39", "2013-06-30": "$1.03", "2013-03-31": "$0.29", "2012-12-31": "$2.39", "2012-09-30": "$1.10", "2012-06-30": "$0.83", "2012-03-31": "$0.31", "2011-12-31": "$1.92", "2011-09-30": "$0.76", "2011-06-30": "$0.99", "2011-03-31": "$0.03", "2010-12-31": "$1.91", "2010-09-30": "$0.84", "2010-06-30": "$0.72", "2010-03-31": "$0.01", "2009-12-31": "$1.61", "2009-09-30": "$0.46", "2009-06-30": "$-0.40", "2009-03-31": "$-1.78", "2008-12-31": "$1.19", "2008-09-30": "$0.43", "2008-06-30": "$0.73", "2008-03-31": "$0.09", "2007-12-31": "$3.13", "2007-09-30": "$1.38", "2007-06-30": "$2.32", "2007-03-31": "$0.81", "2006-12-31": "$2.43", "2006-09-30": "$0.73", "2006-06-30": "$1.94", "2006-03-31": "$0.14", "2005-12-31": "$2.04", "2005-09-30": "$0.61", "2005-06-30": "$0.74", "2005-03-31": "$-0.27"}}, "shares-outstanding": {"Jones Lang LaSalle Annual Shares Outstanding (Millions of Shares)": {"2019": "49", "2018": "46", "2017": "46", "2016": "46", "2015": "45", "2014": "45", "2013": "45", "2012": "45", "2011": "44", "2010": "44", "2009": "39", "2008": "34", "2007": "34", "2006": "33", "2005": "33"}, "Jones Lang LaSalle Quarterly Shares Outstanding (Millions of Shares)": {"2020-09-30": "52", "2020-06-30": "52", "2020-03-31": "52", "2019-12-31": "49", "2019-09-30": "52", "2019-06-30": "46", "2019-03-31": "46", "2018-12-31": "46", "2018-09-30": "46", "2018-06-30": "46", "2018-03-31": "46", "2017-12-31": "46", "2017-09-30": "46", "2017-06-30": "46", "2017-03-31": "46", "2016-12-31": "46", "2016-09-30": "46", "2016-06-30": "46", "2016-03-31": "45", "2015-12-31": "45", "2015-09-30": "45", "2015-06-30": "45", "2015-03-31": "45", "2014-12-31": "45", "2014-09-30": "45", "2014-06-30": "45", "2014-03-31": "45", "2013-12-31": "45", "2013-09-30": "45", "2013-06-30": "45", "2013-03-31": "45", "2012-12-31": "45", "2012-09-30": "45", "2012-06-30": "45", "2012-03-31": "45", "2011-12-31": "44", "2011-09-30": "44", "2011-06-30": "44", "2011-03-31": "44", "2010-12-31": "44", "2010-09-30": "44", "2010-06-30": "44", "2010-03-31": "44", "2009-12-31": "39", "2009-09-30": "43", "2009-06-30": "36", "2009-03-31": "35", "2008-12-31": "34", "2008-09-30": "35", "2008-06-30": "33", "2008-03-31": "33", "2007-12-31": "34", "2007-09-30": "34", "2007-06-30": "34", "2007-03-31": "34", "2006-12-31": "33", "2006-09-30": "34", "2006-06-30": "34", "2006-03-31": "34", "2005-12-31": "33", "2005-09-30": "33", "2005-06-30": "34", "2005-03-31": "31"}}, "total-assets": {"Jones Lang LaSalle Annual Total Assets (Millions of US $)": {"2019": "$13,673", "2018": "$10,026", "2017": "$9,254", "2016": "$7,629", "2015": "$6,187", "2014": "$5,075", "2013": "$4,597", "2012": "$4,351", "2011": "$3,933", "2010": "$3,350", "2009": "$3,097", "2008": "$3,077", "2007": "$2,292", "2006": "$1,730", "2005": "$1,145"}, "Jones Lang LaSalle Quarterly Total Assets (Millions of US $)": {"2020-09-30": "$13,902", "2020-06-30": "$12,811", "2020-03-31": "$13,901", "2019-12-31": "$13,673", "2019-09-30": "$13,078", "2019-06-30": "$10,581", "2019-03-31": "$10,553", "2018-12-31": "$10,026", "2018-09-30": "$9,619", "2018-06-30": "$9,188", "2018-03-31": "$9,204", "2017-12-31": "$9,254", "2017-09-30": "$7,554", "2017-06-30": "$7,898", "2017-03-31": "$7,236", "2016-12-31": "$7,629", "2016-09-30": "$7,117", "2016-06-30": "$6,341", "2016-03-31": "$6,347", "2015-12-31": "$6,187", "2015-09-30": "$5,235", "2015-06-30": "$5,043", "2015-03-31": "$4,996", "2014-12-31": "$5,075", "2014-09-30": "$4,935", "2014-06-30": "$4,776", "2014-03-31": "$4,556", "2013-12-31": "$4,597", "2013-09-30": "$4,326", "2013-06-30": "$4,175", "2013-03-31": "$4,235", "2012-12-31": "$4,351", "2012-09-30": "$4,054", "2012-06-30": "$3,794", "2012-03-31": "$3,829", "2011-12-31": "$3,933", "2011-09-30": "$3,759", "2011-06-30": "$3,685", "2011-03-31": "$3,348", "2010-12-31": "$3,350", "2010-09-30": "$3,064", "2010-06-30": "$2,967", "2010-03-31": "$2,982", "2009-12-31": "$3,097", "2009-09-30": "$2,993", "2009-06-30": "$2,981", "2009-03-31": "$2,879", "2008-12-31": "$3,077", "2008-09-30": "$3,042", "2008-06-30": "$2,412", "2008-03-31": "$2,316", "2007-12-31": "$2,292", "2007-09-30": "$1,943", "2007-06-30": "$1,796", "2007-03-31": "$1,701", "2006-12-31": "$1,730", "2006-09-30": "$1,503", "2006-06-30": "$1,508", "2006-03-31": "$1,294", "2005-12-31": "$1,145", "2005-09-30": "$969", "2005-06-30": "$941", "2005-03-31": "$959"}}, "cash-on-hand": {"Jones Lang LaSalle Annual Cash on Hand (Millions of US $)": {"2019": "$452", "2018": "$481", "2017": "$268", "2016": "$259", "2015": "$217", "2014": "$250", "2013": "$153", "2012": "$152", "2011": "$184", "2010": "$252", "2009": "$69", "2008": "$46", "2007": "$79", "2006": "$51", "2005": "$29"}, "Jones Lang LaSalle Quarterly Cash on Hand (Millions of US $)": {"2020-09-30": "$440", "2020-06-30": "$414", "2020-03-31": "$721", "2019-12-31": "$452", "2019-09-30": "$402", "2019-06-30": "$411", "2019-03-31": "$390", "2018-12-31": "$481", "2018-09-30": "$327", "2018-06-30": "$293", "2018-03-31": "$293", "2017-12-31": "$268", "2017-09-30": "$278", "2017-06-30": "$250", "2017-03-31": "$223", "2016-12-31": "$259", "2016-09-30": "$228", "2016-06-30": "$214", "2016-03-31": "$240", "2015-12-31": "$217", "2015-09-30": "$193", "2015-06-30": "$191", "2015-03-31": "$198", "2014-12-31": "$250", "2014-09-30": "$163", "2014-06-30": "$151", "2014-03-31": "$140", "2013-12-31": "$153", "2013-09-30": "$120", "2013-06-30": "$122", "2013-03-31": "$133", "2012-12-31": "$152", "2012-09-30": "$126", "2012-06-30": "$115", "2012-03-31": "$102", "2011-12-31": "$184", "2011-09-30": "$86", "2011-06-30": "$96", "2011-03-31": "$101", "2010-12-31": "$252", "2010-09-30": "$72", "2010-06-30": "$55", "2010-03-31": "$60", "2009-12-31": "$69", "2009-09-30": "$57", "2009-06-30": "$44", "2009-03-31": "$46", "2008-12-31": "$46", "2008-09-30": "$64", "2008-06-30": "$68", "2008-03-31": "$75", "2007-12-31": "$79", "2007-09-30": "$48", "2007-06-30": "$38", "2007-03-31": "$43", "2006-12-31": "$51", "2006-09-30": "$34", "2006-06-30": "$24", "2006-03-31": "$31", "2005-12-31": "$29", "2005-09-30": "$26", "2005-06-30": "$21", "2005-03-31": "$28"}}, "long-term-debt": {"Jones Lang LaSalle Annual Long Term Debt (Millions of US $)": {"2019": "$1,177", "2018": "$656", "2017": "$675", "2016": "$1,178", "2015": "$512", "2014": "$275", "2013": "$430", "2012": "$444", "2011": "$463", "2010": "$198", "2009": "$175", "2008": "$484", "2007": "$29", "2006": "$32", "2005": "$27"}, "Jones Lang LaSalle Quarterly Long Term Debt (Millions of US $)": {"2020-09-30": "$1,073", "2020-06-30": "$1,355", "2020-03-31": "$2,095", "2019-12-31": "$1,177", "2019-09-30": "$1,765", "2019-06-30": "$1,156", "2019-03-31": "$1,174", "2018-12-31": "$656", "2018-09-30": "$901", "2018-06-30": "$1,077", "2018-03-31": "$1,013", "2017-12-31": "$675", "2017-09-30": "$1,118", "2017-06-30": "$1,327", "2017-03-31": "$1,429", "2016-12-31": "$1,178", "2016-09-30": "$1,357", "2016-06-30": "$1,081", "2016-03-31": "$1,058", "2015-12-31": "$512", "2015-09-30": "$510", "2015-06-30": "$605", "2015-03-31": "$610", "2014-12-31": "$275", "2014-09-30": "$525", "2014-06-30": "$685", "2014-03-31": "$718", "2013-12-31": "$430", "2013-09-30": "$720", "2013-06-30": "$754", "2013-03-31": "$745", "2012-12-31": "$444", "2012-09-30": "$572", "2012-06-30": "$619", "2012-03-31": "$632", "2011-12-31": "$463", "2011-09-30": "$567", "2011-06-30": "$444", "2011-03-31": "$278", "2010-12-31": "$198", "2010-09-30": "$253", "2010-06-30": "$268", "2010-03-31": "$335", "2009-12-31": "$175", "2009-09-30": "$292", "2009-06-30": "$398", "2009-03-31": "$496", "2008-12-31": "$484", "2008-09-30": "$543", "2008-06-30": "$442", "2008-03-31": "$351", "2007-12-31": "$29", "2007-09-30": "$84", "2007-06-30": "$118", "2007-03-31": "$237", "2006-12-31": "$32", "2006-09-30": "$158", "2006-06-30": "$285", "2006-03-31": "$268", "2005-12-31": "$27", "2005-09-30": "$80", "2005-06-30": "$139", "2005-03-31": "$131"}}, "total-liabilities": {"Jones Lang LaSalle Annual Total Liabilities (Millions of US $)": {"2019": "$8,468", "2018": "$6,291", "2017": "$5,876", "2016": "$4,815", "2015": "$3,469", "2014": "$2,666", "2013": "$2,407", "2012": "$2,392", "2011": "$2,238", "2010": "$1,778", "2009": "$1,714", "2008": "$2,005", "2007": "$1,281", "2006": "$980", "2005": "$609"}, "Jones Lang LaSalle Quarterly Total Liabilities (Millions of US $)": {"2020-09-30": "$8,616", "2020-06-30": "$7,701", "2020-03-31": "$8,872", "2019-12-31": "$8,468", "2019-09-30": "$8,220", "2019-06-30": "$6,706", "2019-03-31": "$6,757", "2018-12-31": "$6,291", "2018-09-30": "$6,046", "2018-06-30": "$5,722", "2018-03-31": "$5,729", "2017-12-31": "$5,876", "2017-09-30": "$4,383", "2017-06-30": "$4,864", "2017-03-31": "$4,341", "2016-12-31": "$4,815", "2016-09-30": "$4,269", "2016-06-30": "$3,532", "2016-03-31": "$3,556", "2015-12-31": "$3,469", "2015-09-30": "$2,709", "2015-06-30": "$2,558", "2015-03-31": "$2,649", "2014-12-31": "$2,666", "2014-09-30": "$2,592", "2014-06-30": "$2,449", "2014-03-31": "$2,331", "2013-12-31": "$2,407", "2013-09-30": "$2,293", "2013-06-30": "$2,241", "2013-03-31": "$2,305", "2012-12-31": "$2,392", "2012-09-30": "$2,195", "2012-06-30": "$2,039", "2012-03-31": "$2,074", "2011-12-31": "$2,238", "2011-09-30": "$2,118", "2011-06-30": "$2,008", "2011-03-31": "$1,733", "2010-12-31": "$1,778", "2010-09-30": "$1,585", "2010-06-30": "$1,591", "2010-03-31": "$1,615", "2009-12-31": "$1,714", "2009-09-30": "$1,653", "2009-06-30": "$1,686", "2009-03-31": "$1,891", "2008-12-31": "$2,005", "2008-09-30": "$1,952", "2008-06-30": "$1,304", "2008-03-31": "$1,239", "2007-12-31": "$1,281", "2007-09-30": "$1,034", "2007-06-30": "$926", "2007-03-31": "$924", "2006-12-31": "$980", "2006-09-30": "$830", "2006-06-30": "$863", "2006-03-31": "$731", "2005-12-31": "$609", "2005-09-30": "$466", "2005-06-30": "$455", "2005-03-31": "$461"}}, "total-share-holder-equity": {"Jones Lang LaSalle Annual Share Holder Equity (Millions of US $)": {"2019": "$5,205", "2018": "$3,735", "2017": "$3,378", "2016": "$2,815", "2015": "$2,718", "2014": "$2,409", "2013": "$2,191", "2012": "$1,959", "2011": "$1,694", "2010": "$1,572", "2009": "$1,383", "2008": "$1,072", "2007": "$1,011", "2006": "$750", "2005": "$536"}, "Jones Lang LaSalle Quarterly Share Holder Equity (Millions of US $)": {"2020-09-30": "$5,286", "2020-06-30": "$5,109", "2020-03-31": "$5,029", "2019-12-31": "$5,205", "2019-09-30": "$4,858", "2019-06-30": "$3,875", "2019-03-31": "$3,795", "2018-12-31": "$3,735", "2018-09-30": "$3,573", "2018-06-30": "$3,466", "2018-03-31": "$3,476", "2017-12-31": "$3,378", "2017-09-30": "$3,171", "2017-06-30": "$3,034", "2017-03-31": "$2,895", "2016-12-31": "$2,815", "2016-09-30": "$2,848", "2016-06-30": "$2,809", "2016-03-31": "$2,791", "2015-12-31": "$2,718", "2015-09-30": "$2,526", "2015-06-30": "$2,485", "2015-03-31": "$2,348", "2014-12-31": "$2,409", "2014-09-30": "$2,343", "2014-06-30": "$2,327", "2014-03-31": "$2,224", "2013-12-31": "$2,191", "2013-09-30": "$2,033", "2013-06-30": "$1,933", "2013-03-31": "$1,931", "2012-12-31": "$1,959", "2012-09-30": "$1,859", "2012-06-30": "$1,755", "2012-03-31": "$1,755", "2011-12-31": "$1,694", "2011-09-30": "$1,642", "2011-06-30": "$1,677", "2011-03-31": "$1,615", "2010-12-31": "$1,572", "2010-09-30": "$1,479", "2010-06-30": "$1,376", "2010-03-31": "$1,367", "2009-12-31": "$1,383", "2009-09-30": "$1,341", "2009-06-30": "$1,294", "2009-03-31": "$988", "2008-12-31": "$1,072", "2008-09-30": "$1,090", "2008-06-30": "$1,107", "2008-03-31": "$1,077", "2007-12-31": "$1,011", "2007-09-30": "$908", "2007-06-30": "$870", "2007-03-31": "$777", "2006-12-31": "$750", "2006-09-30": "$674", "2006-06-30": "$646", "2006-03-31": "$562", "2005-12-31": "$536", "2005-09-30": "$503", "2005-06-30": "$486", "2005-03-31": "$498"}}, "profit-margins": {"current": "2.49%"}, "gross margin": {"2020-09-30": "22.30%", "2020-06-30": "22.58%", "2020-03-31": "23.70%", "2019-12-31": "23.45%", "2019-09-30": "23.39%", "2019-06-30": "23.35%", "2019-03-31": "23.44%", "2018-12-31": "23.79%", "2018-09-30": "23.57%", "2018-06-30": "23.59%", "2018-03-31": "23.51%", "2017-12-31": "23.14%", "2017-09-30": "17.59%", "2017-06-30": "18.72%", "2017-03-31": "20.19%", "2016-12-31": "22.09%", "2016-09-30": "40.98%", "2016-06-30": "40.91%", "2016-03-31": "40.35%", "2015-12-31": "40.24%", "2015-09-30": "40.08%", "2015-06-30": "39.86%", "2015-03-31": "39.97%", "2014-12-31": "39.99%", "2014-09-30": "39.39%", "2014-06-30": "38.82%", "2014-03-31": "37.76%", "2013-12-31": "36.88%", "2013-09-30": "35.94%", "2013-06-30": "35.35%", "2013-03-31": "35.27%", "2012-12-31": "35.25%", "2012-09-30": "35.42%", "2012-06-30": "35.17%", "2012-03-31": "35.16%", "2011-12-31": "35.02%", "2011-09-30": "34.64%", "2011-06-30": "35.00%", "2011-03-31": "34.96%", "2010-12-31": "35.08%", "2010-09-30": "35.02%", "2010-06-30": "35.38%", "2010-03-31": "34.98%", "2009-12-31": "34.56%", "2009-09-30": "34.40%", "2009-06-30": "33.81%", "2009-03-31": "33.98%", "2008-12-31": "34.32%", "2008-09-30": "34.49%", "2008-06-30": "34.54%", "2008-03-31": "34.78%", "2007-12-31": "34.95%", "2007-09-30": "34.84%", "2007-06-30": "34.61%", "2007-03-31": "35.00%", "2006-12-31": "34.77%", "2006-09-30": "35.12%", "2006-06-30": "35.94%", "2006-03-31": "35.31%", "2005-12-31": "35.04%"}, "operating margin": {"2020-09-30": "3.49%", "2020-06-30": "3.49%", "2020-03-31": "4.13%", "2019-12-31": "3.98%", "2019-09-30": "3.77%", "2019-06-30": "4.00%", "2019-03-31": "4.09%", "2018-12-31": "4.33%", "2018-09-30": "4.17%", "2018-06-30": "3.94%", "2018-03-31": "3.93%", "2017-12-31": "3.78%", "2017-09-30": "2.84%", "2017-06-30": "2.75%", "2017-03-31": "2.99%", "2016-12-31": "3.50%", "2016-09-30": "7.16%", "2016-06-30": "8.17%", "2016-03-31": "8.30%", "2015-12-31": "8.88%", "2015-09-30": "9.23%", "2015-06-30": "9.57%", "2015-03-31": "9.54%", "2014-12-31": "8.58%", "2014-09-30": "7.71%", "2014-06-30": "7.30%", "2014-03-31": "7.20%", "2013-12-31": "8.27%", "2013-09-30": "7.71%", "2013-06-30": "7.49%", "2013-03-31": "7.42%", "2012-12-31": "7.38%", "2012-09-30": "6.73%", "2012-06-30": "6.50%", "2012-03-31": "6.85%", "2011-12-31": "7.00%", "2011-09-30": "7.52%", "2011-06-30": "8.23%", "2011-03-31": "8.38%", "2010-12-31": "8.89%", "2010-09-30": "7.87%", "2010-06-30": "7.56%", "2010-03-31": "6.31%", "2009-12-31": "4.68%", "2009-09-30": "4.31%", "2009-06-30": "3.69%", "2009-03-31": "4.38%", "2008-12-31": "5.60%", "2008-09-30": "7.93%", "2008-06-30": "9.26%", "2008-03-31": "11.52%", "2007-12-31": "12.90%", "2007-09-30": "12.67%", "2007-06-30": "12.35%", "2007-03-31": "12.51%", "2006-12-31": "12.12%", "2006-09-30": "11.95%", "2006-06-30": "12.32%", "2006-03-31": "10.22%", "2005-12-31": "9.57%"}, "ebitda margin": {"2020-09-30": "3.49%", "2020-06-30": "3.49%", "2020-03-31": "4.13%", "2019-12-31": "3.98%", "2019-09-30": "3.77%", "2019-06-30": "4.00%", "2019-03-31": "4.09%", "2018-12-31": "4.33%", "2018-09-30": "4.17%", "2018-06-30": "3.94%", "2018-03-31": "3.93%", "2017-12-31": "3.78%", "2017-09-30": "2.84%", "2017-06-30": "2.75%", "2017-03-31": "2.99%", "2016-12-31": "3.50%", "2016-09-30": "7.16%", "2016-06-30": "8.17%", "2016-03-31": "8.30%", "2015-12-31": "8.88%", "2015-09-30": "9.87%", "2015-06-30": "10.71%", "2015-03-31": "11.20%", "2014-12-31": "10.83%", "2014-09-30": "9.85%", "2014-06-30": "9.51%", "2014-03-31": "9.52%", "2013-12-31": "10.67%", "2013-09-30": "10.28%", "2013-06-30": "10.17%", "2013-03-31": "10.16%", "2012-12-31": "10.30%", "2012-09-30": "9.89%", "2012-06-30": "9.80%", "2012-03-31": "10.22%", "2011-12-31": "10.38%", "2011-09-30": "11.11%", "2011-06-30": "11.95%", "2011-03-31": "12.27%", "2010-12-31": "12.96%", "2010-09-30": "12.10%", "2010-06-30": "12.02%", "2010-03-31": "11.18%", "2009-12-31": "10.08%", "2009-09-30": "10.44%", "2009-06-30": "10.06%", "2009-03-31": "10.62%", "2008-12-31": "11.38%", "2008-09-30": "13.36%", "2008-06-30": "14.02%", "2008-03-31": "15.92%", "2007-12-31": "17.19%", "2007-09-30": "16.88%", "2007-06-30": "17.02%", "2007-03-31": "17.27%", "2006-12-31": "16.84%", "2006-09-30": "16.65%", "2006-06-30": "16.87%", "2006-03-31": "14.93%", "2005-12-31": "14.32%"}, "pre tax profit margin": {"2020-09-30": "3.25%", "2020-06-30": "3.22%", "2020-03-31": "3.83%", "2019-12-31": "3.88%", "2019-09-30": "3.78%", "2019-06-30": "3.97%", "2019-03-31": "4.05%", "2018-12-31": "4.33%", "2018-09-30": "4.10%", "2018-06-30": "3.91%", "2018-03-31": "3.92%", "2017-12-31": "3.71%", "2017-09-30": "2.80%", "2017-06-30": "2.67%", "2017-03-31": "2.98%", "2016-12-31": "3.58%", "2016-09-30": "7.41%", "2016-06-30": "8.83%", "2016-03-31": "9.12%", "2015-12-31": "9.72%", "2015-09-30": "9.99%", "2015-06-30": "10.24%", "2015-03-31": "9.94%", "2014-12-31": "8.93%", "2014-09-30": "8.11%", "2014-06-30": "7.40%", "2014-03-31": "7.22%", "2013-12-31": "8.20%", "2013-09-30": "7.38%", "2013-06-30": "7.25%", "2013-03-31": "6.99%", "2012-12-31": "7.10%", "2012-09-30": "6.58%", "2012-06-30": "6.08%", "2012-03-31": "6.44%", "2011-12-31": "6.19%", "2011-09-30": "6.49%", "2011-06-30": "6.98%", "2011-03-31": "6.76%", "2010-12-31": "6.97%", "2010-09-30": "5.71%", "2010-06-30": "5.02%", "2010-03-31": "2.96%", "2009-12-31": "0.12%", "2009-09-30": "-0.41%", "2009-06-30": "-0.51%", "2009-03-31": "1.48%", "2008-12-31": "4.30%", "2008-09-30": "7.20%", "2008-06-30": "9.00%", "2008-03-31": "11.56%", "2007-12-31": "13.08%", "2007-09-30": "12.83%", "2007-06-30": "12.39%", "2007-03-31": "12.51%", "2006-12-31": "11.87%", "2006-09-30": "12.11%", "2006-06-30": "12.74%", "2006-03-31": "10.56%", "2005-12-31": "10.07%"}, "net profit margin": {"2020-09-30": "2.48%", "2020-06-30": "2.39%", "2020-03-31": "2.84%", "2019-12-31": "2.97%", "2019-09-30": "2.64%", "2019-06-30": "2.76%", "2019-03-31": "2.80%", "2018-12-31": "2.97%", "2018-09-30": "2.28%", "2018-06-30": "2.10%", "2018-03-31": "2.07%", "2017-12-31": "1.90%", "2017-09-30": "2.04%", "2017-06-30": "1.96%", "2017-03-31": "2.11%", "2016-12-31": "2.54%", "2016-09-30": "5.34%", "2016-06-30": "6.51%", "2016-03-31": "6.94%", "2015-12-31": "7.36%", "2015-09-30": "7.50%", "2015-06-30": "7.55%", "2015-03-31": "7.36%", "2014-12-31": "7.11%", "2014-09-30": "6.53%", "2014-06-30": "6.04%", "2014-03-31": "5.86%", "2013-12-31": "6.03%", "2013-09-30": "5.45%", "2013-06-30": "5.34%", "2013-03-31": "5.21%", "2012-12-31": "5.29%", "2012-09-30": "4.86%", "2012-06-30": "4.49%", "2012-03-31": "4.77%", "2011-12-31": "4.58%", "2011-09-30": "4.81%", "2011-06-30": "5.19%", "2011-03-31": "5.08%", "2010-12-31": "5.23%", "2010-09-30": "4.35%", "2010-06-30": "3.89%", "2010-03-31": "2.26%", "2009-12-31": "-0.12%", "2009-09-30": "-0.57%", "2009-06-30": "-0.75%", "2009-03-31": "0.76%", "2008-12-31": "3.11%", "2008-09-30": "5.36%", "2008-06-30": "6.64%", "2008-03-31": "8.55%", "2007-12-31": "9.69%", "2007-09-30": "9.30%", "2007-06-30": "9.01%", "2007-03-31": "9.14%", "2006-12-31": "8.74%", "2006-09-30": "9.02%", "2006-06-30": "9.45%", "2006-03-31": "7.87%", "2005-12-31": "7.41%"}, "pe ratio": {"current": "14.65", "2021-02-05": "18.95", "2020-09-30": "11.75", "2020-06-30": "12.79", "2020-03-31": "9.90", "2019-12-31": "16.49", "2019-09-30": "14.30", "2019-06-30": "13.81", "2019-03-31": "15.16", "2018-12-31": "11.95", "2018-09-30": "18.18", "2018-06-30": "24.09", "2018-03-31": "27.90", "2017-12-31": "26.54", "2017-09-30": "16.33", "2017-06-30": "18.63", "2017-03-31": "16.51", "2016-12-31": "14.28", "2016-09-30": "14.58", "2016-06-30": "10.58", "2016-03-31": "12.36", "2015-12-31": "16.21", "2015-09-30": "14.60", "2015-06-30": "17.60", "2015-03-31": "18.28", "2014-12-31": "17.16", "2014-09-30": "16.40", "2014-06-30": "18.68", "2014-03-31": "19.07", "2013-12-31": "16.64", "2013-09-30": "16.60", "2013-06-30": "18.38", "2013-03-31": "20.87", "2012-12-31": "17.55", "2012-09-30": "17.72", "2012-06-30": "17.79", "2012-03-31": "20.16", "2011-12-31": "15.95", "2011-09-30": "13.46", "2011-06-30": "23.98", "2011-03-31": "27.27", "2010-12-31": "23.08", "2010-09-30": "29.88", "2010-06-30": "26.36", "2010-03-31": "55.23", "2009-12-31": "0.00", "2009-09-30": "0.00", "2009-06-30": "0.00", "2009-03-31": "40.17", "2008-12-31": "10.87", "2008-09-30": "9.26", "2008-06-30": "10.55", "2008-03-31": "10.38", "2007-12-31": "8.65", "2007-09-30": "13.83", "2007-06-30": "16.87", "2007-03-31": "16.45", "2006-12-31": "16.42"}, "price sales": {"2021-02-05": "0.46", "2020-09-30": "0.29", "2020-06-30": "0.30", "2020-03-31": "0.28", "2019-12-31": "0.47", "2019-09-30": "0.38", "2019-06-30": "0.38", "2019-03-31": "0.42", "2018-12-31": "0.35", "2018-09-30": "0.42", "2018-06-30": "0.49", "2018-03-31": "0.53", "2017-12-31": "0.47", "2017-09-30": "0.30", "2017-06-30": "0.34", "2017-03-31": "0.34", "2016-12-31": "0.35", "2016-09-30": "0.78", "2016-06-30": "0.69", "2016-03-31": "0.85", "2015-12-31": "1.19", "2015-09-30": "1.09", "2015-06-30": "1.33", "2015-03-31": "1.34", "2014-12-31": "1.22", "2014-09-30": "1.07", "2014-06-30": "1.13", "2014-03-31": "1.12", "2013-12-31": "1.00", "2013-09-30": "0.91", "2013-06-30": "0.98", "2013-03-31": "1.08", "2012-12-31": "0.92", "2012-09-30": "0.86", "2012-06-30": "0.80", "2012-03-31": "0.96", "2011-12-31": "0.73", "2011-09-30": "0.65", "2011-06-30": "1.25", "2011-03-31": "1.39", "2010-12-31": "1.21", "2010-09-30": "1.25", "2010-06-30": "0.99", "2010-03-31": "1.08", "2009-12-31": "0.88", "2009-09-30": "0.67", "2009-06-30": "0.43", "2009-03-31": "0.29", "2008-12-31": "0.33", "2008-09-30": "0.50", "2008-06-30": "0.70", "2008-03-31": "0.89", "2007-12-31": "0.84", "2007-09-30": "1.28", "2007-06-30": "1.52", "2007-03-31": "1.50", "2006-12-31": "1.42"}, "price book": {"current": "1.50", "2021-02-05": "1.50", "2020-09-30": "0.93", "2020-06-30": "1.05", "2020-03-31": "1.04", "2019-12-31": "1.72", "2019-09-30": "1.47", "2019-06-30": "1.66", "2019-03-31": "1.85", "2018-12-31": "1.54", "2018-09-30": "1.82", "2018-06-30": "2.16", "2018-03-31": "2.26", "2017-12-31": "1.98", "2017-09-30": "1.74", "2017-06-30": "1.84", "2017-03-31": "1.71", "2016-12-31": "1.60", "2016-09-30": "1.77", "2016-06-30": "1.53", "2016-03-31": "1.85", "2015-12-31": "2.59", "2015-09-30": "2.50", "2015-06-30": "3.01", "2015-03-31": "3.17", "2014-12-31": "2.72", "2014-09-30": "2.35", "2014-06-30": "2.36", "2014-03-31": "2.30", "2013-12-31": "2.02", "2013-09-30": "1.85", "2013-06-30": "2.01", "2013-03-31": "2.19", "2012-12-31": "1.82", "2012-09-30": "1.74", "2012-06-30": "1.69", "2012-03-31": "1.99", "2011-12-31": "1.51", "2011-09-30": "1.31", "2011-06-30": "2.32", "2011-03-31": "2.54", "2010-12-31": "2.18", "2010-09-30": "2.38", "2010-06-30": "1.92", "2010-03-31": "2.14", "2009-12-31": "1.75", "2009-09-30": "1.41", "2009-06-30": "0.99", "2009-03-31": "0.78", "2008-12-31": "0.85", "2008-09-30": "1.29", "2008-06-30": "1.63", "2008-03-31": "2.13", "2007-12-31": "2.08", "2007-09-30": "3.88", "2007-06-30": "4.45", "2007-03-31": "4.56", "2006-12-31": "4.16", "2006-09-30": "4.26", "2006-06-30": "4.48", "2006-03-31": "4.47"}, "price fcf": {"2021-02-05": "", "2020-09-30": "$18.16", "2020-06-30": "$16.00", "2020-03-31": "$7.72", "2019-12-31": "$6.02", "2019-09-30": "$4.69", "2019-06-30": "$4.69", "2019-03-31": "$3.21", "2018-12-31": "$9.63", "2018-09-30": "$7.82", "2018-06-30": "$8.99", "2018-03-31": "$12.93", "2017-12-31": "$14.15", "2017-09-30": "$10.40", "2017-06-30": "$5.18", "2017-03-31": "$2.27", "2016-12-31": "$-1.30", "2016-09-30": "$-0.30", "2016-06-30": "$2.17", "2016-03-31": "$4.08", "2015-12-31": "$5.15", "2015-09-30": "$6.58", "2015-06-30": "$6.59", "2015-03-31": "$6.32", "2014-12-31": "$7.58", "2014-09-30": "$6.26", "2014-06-30": "$5.54", "2014-03-31": "$4.81", "2013-12-31": "$4.40", "2013-09-30": "$2.43", "2013-06-30": "$2.73", "2013-03-31": "$2.84", "2012-12-31": "$5.16", "2012-09-30": "$4.43", "2012-06-30": "$3.12", "2012-03-31": "$2.88", "2011-12-31": "$2.70", "2011-09-30": "$3.51", "2011-06-30": "$5.88", "2011-03-31": "$6.24", "2010-12-31": "$7.64", "2010-09-30": "$7.00", "2010-06-30": "$6.21", "2010-03-31": "$2.23", "2009-12-31": "$5.35", "2009-09-30": "$3.53", "2009-06-30": "$1.66", "2009-03-31": "$6.38", "2008-12-31": "$-2.06", "2008-09-30": "$1.07", "2008-06-30": "$2.86", "2008-03-31": "$6.05", "2007-12-31": "$8.81", "2007-09-30": "$8.37", "2007-06-30": "$10.24", "2007-03-31": "$6.03", "2006-12-31": "$9.19"}, "net worth": {"value": "$7.89B"}, "current ratio": {"2020-09-30": "2.45", "2020-06-30": "2.16", "2020-03-31": "2.52", "2019-12-31": "1.72", "2019-09-30": "2.19", "2019-06-30": "2.07", "2019-03-31": "2.14", "2018-12-31": "1.65", "2018-09-30": "1.89", "2018-06-30": "1.92", "2018-03-31": "1.88", "2017-12-31": "1.66", "2017-09-30": "1.60", "2017-06-30": "1.97", "2017-03-31": "1.63", "2016-12-31": "1.59", "2016-09-30": "1.70", "2016-06-30": "1.76", "2016-03-31": "1.71", "2015-12-31": "1.37", "2015-09-30": "1.31", "2015-06-30": "1.52", "2015-03-31": "1.58", "2014-12-31": "1.29", "2014-09-30": "1.61", "2014-06-30": "1.58", "2014-03-31": "1.56", "2013-12-31": "1.23", "2013-09-30": "1.36", "2013-06-30": "1.39", "2013-03-31": "1.40", "2012-12-31": "1.20", "2012-09-30": "1.12", "2012-06-30": "1.33", "2012-03-31": "1.25", "2011-12-31": "1.05", "2011-09-30": "1.35", "2011-06-30": "1.31", "2011-03-31": "1.20", "2010-12-31": "1.11", "2010-09-30": "0.92", "2010-06-30": "1.06", "2010-03-31": "1.10", "2009-12-31": "1.02", "2009-09-30": "0.98", "2009-06-30": "1.20", "2009-03-31": "0.98", "2008-12-31": "1.05", "2008-09-30": "1.16", "2008-06-30": "1.40", "2008-03-31": "1.46", "2007-12-31": "1.03", "2007-09-30": "1.12", "2007-06-30": "1.21", "2007-03-31": "1.40", "2006-12-31": "0.98", "2006-09-30": "1.10", "2006-06-30": "1.46", "2006-03-31": "1.48", "2005-12-31": "1.01", "2005-09-30": "1.18", "2005-06-30": "1.34", "2005-03-31": "1.39"}, "quick ratio": {"2020-09-30": "0.00", "2020-06-30": "0.00", "2020-03-31": "0.00", "2019-12-31": "0.00", "2019-09-30": "0.00", "2019-06-30": "0.00", "2019-03-31": "0.00", "2018-12-31": "0.00", "2018-09-30": "0.00", "2018-06-30": "0.00", "2018-03-31": "0.00", "2017-12-31": "0.00", "2017-09-30": "0.00", "2017-06-30": "0.00", "2017-03-31": "0.00", "2016-12-31": "0.00", "2016-09-30": "0.00", "2016-06-30": "0.00", "2016-03-31": "0.00", "2015-12-31": "0.00", "2015-09-30": "0.00", "2015-06-30": "0.00", "2015-03-31": "0.00", "2014-12-31": "0.00", "2014-09-30": "0.00", "2014-06-30": "0.00", "2014-03-31": "0.00", "2013-12-31": "0.00", "2013-09-30": "0.00", "2013-06-30": "0.00", "2013-03-31": "0.00", "2012-12-31": "0.00", "2012-09-30": "0.00", "2012-06-30": "0.00", "2012-03-31": "0.00", "2011-12-31": "0.00", "2011-09-30": "0.00", "2011-06-30": "0.00", "2011-03-31": "0.00", "2010-12-31": "0.00", "2010-09-30": "0.00", "2010-06-30": "0.00", "2010-03-31": "0.00", "2009-12-31": "0.00", "2009-09-30": "0.00", "2009-06-30": "0.00", "2009-03-31": "0.00", "2008-12-31": "0.00", "2008-09-30": "0.00", "2008-06-30": "0.00", "2008-03-31": "0.00", "2007-12-31": "0.00", "2007-09-30": "0.00", "2007-06-30": "0.00", "2007-03-31": "0.00", "2006-12-31": "0.00", "2006-09-30": "0.00", "2006-06-30": "0.00", "2006-03-31": "0.00", "2005-12-31": "0.00", "2005-09-30": "0.00", "2005-06-30": "0.00", "2005-03-31": "0.00"}, "debt equity ratio": {"current": "0.20", "2020-09-30": "1.63", "2020-06-30": "1.51", "2020-03-31": "1.76", "2019-12-31": "1.63", "2019-09-30": "1.69", "2019-06-30": "1.73", "2019-03-31": "1.78", "2018-12-31": "1.69", "2018-09-30": "1.69", "2018-06-30": "1.65", "2018-03-31": "1.65", "2017-12-31": "1.74", "2017-09-30": "1.38", "2017-06-30": "1.60", "2017-03-31": "1.50", "2016-12-31": "1.71", "2016-09-30": "1.50", "2016-06-30": "1.26", "2016-03-31": "1.27", "2015-12-31": "1.28", "2015-09-30": "1.07", "2015-06-30": "1.03", "2015-03-31": "1.13", "2014-12-31": "1.11", "2014-09-30": "1.11", "2014-06-30": "1.05", "2014-03-31": "1.05", "2013-12-31": "1.10", "2013-09-30": "1.13", "2013-06-30": "1.16", "2013-03-31": "1.19", "2012-12-31": "1.22", "2012-09-30": "1.18", "2012-06-30": "1.16", "2012-03-31": "1.18", "2011-12-31": "1.32", "2011-09-30": "1.29", "2011-06-30": "1.20", "2011-03-31": "1.07", "2010-12-31": "1.13", "2010-09-30": "1.07", "2010-06-30": "1.16", "2010-03-31": "1.18", "2009-12-31": "1.24", "2009-09-30": "1.23", "2009-06-30": "1.30", "2009-03-31": "1.91", "2008-12-31": "1.87", "2008-09-30": "1.79", "2008-06-30": "1.18", "2008-03-31": "1.15", "2007-12-31": "1.27", "2007-09-30": "1.14", "2007-06-30": "1.06", "2007-03-31": "1.19", "2006-12-31": "1.31", "2006-09-30": "1.23", "2006-06-30": "1.34", "2006-03-31": "1.30", "2005-12-31": "1.14", "2005-09-30": "0.93", "2005-06-30": "0.94", "2005-03-31": "0.93"}, "return on equity": {"2020-09-30": "8.26%", "2020-06-30": "8.38%", "2020-03-31": "10.95%", "2019-12-31": "12.07%", "2019-09-30": "11.36%", "2019-06-30": "12.50%", "2019-03-31": "12.77%", "2018-12-31": "13.59%", "2018-09-30": "10.34%", "2018-06-30": "9.55%", "2018-03-31": "9.43%", "2017-12-31": "8.82%", "2017-09-30": "12.62%", "2017-06-30": "11.25%", "2017-03-31": "10.94%", "2016-12-31": "11.72%", "2016-09-30": "12.50%", "2016-06-30": "15.20%", "2016-03-31": "16.08%", "2015-12-31": "17.43%", "2015-09-30": "17.90%", "2015-06-30": "17.94%", "2015-03-31": "17.48%", "2014-12-31": "16.60%", "2014-09-30": "14.93%", "2014-06-30": "13.58%", "2014-03-31": "12.98%", "2013-12-31": "13.30%", "2013-09-30": "11.66%", "2013-06-30": "11.25%", "2013-03-31": "11.03%", "2012-12-31": "11.35%", "2012-09-30": "10.53%", "2012-06-30": "9.93%", "2012-03-31": "10.46%", "2011-12-31": "9.90%", "2011-09-30": "10.02%", "2011-06-30": "10.47%", "2011-03-31": "10.20%", "2010-12-31": "10.56%", "2010-09-30": "8.64%", "2010-06-30": "7.61%", "2010-03-31": "4.31%", "2009-12-31": "-0.24%", "2009-09-30": "-1.19%", "2009-06-30": "-1.71%", "2009-03-31": "1.88%", "2008-12-31": "7.73%", "2008-09-30": "13.82%", "2008-06-30": "17.55%", "2008-03-31": "24.11%", "2007-12-31": "28.83%", "2007-09-30": "28.08%", "2007-06-30": "27.35%", "2007-03-31": "27.82%", "2006-12-31": "26.75%", "2006-09-30": "26.96%", "2006-06-30": "28.13%", "2006-03-31": "22.42%", "2005-12-31": "20.37%"}, "return on assets": {"2020-09-30": "3.14%", "2020-06-30": "3.16%", "2020-03-31": "4.05%", "2019-12-31": "4.47%", "2019-09-30": "4.18%", "2019-06-30": "4.59%", "2019-03-31": "4.72%", "2018-12-31": "5.09%", "2018-09-30": "3.85%", "2018-06-30": "3.66%", "2018-03-31": "3.63%", "2017-12-31": "3.44%", "2017-09-30": "4.96%", "2017-06-30": "4.36%", "2017-03-31": "4.39%", "2016-12-31": "4.81%", "2016-09-30": "5.37%", "2016-06-30": "6.84%", "2016-03-31": "7.42%", "2015-12-31": "8.18%", "2015-09-30": "8.59%", "2015-06-30": "8.58%", "2015-03-31": "8.33%", "2014-12-31": "7.98%", "2014-09-30": "7.19%", "2014-06-30": "6.53%", "2014-03-31": "6.16%", "2013-12-31": "6.21%", "2013-09-30": "5.36%", "2013-06-30": "5.14%", "2013-03-31": "5.04%", "2012-12-31": "5.19%", "2012-09-30": "4.77%", "2012-06-30": "4.44%", "2012-03-31": "4.66%", "2011-12-31": "4.46%", "2011-09-30": "4.61%", "2011-06-30": "4.94%", "2011-03-31": "4.84%", "2010-12-31": "4.95%", "2010-09-30": "4.00%", "2010-06-30": "3.46%", "2010-03-31": "1.92%", "2009-12-31": "-0.10%", "2009-09-30": "-0.47%", "2009-06-30": "-0.63%", "2009-03-31": "0.70%", "2008-12-31": "3.10%", "2008-09-30": "5.88%", "2008-06-30": "8.03%", "2008-03-31": "11.17%", "2007-12-31": "13.30%", "2007-09-30": "12.94%", "2007-06-30": "12.48%", "2007-03-31": "12.29%", "2006-12-31": "11.67%", "2006-09-30": "11.96%", "2006-06-30": "12.86%", "2006-03-31": "10.76%", "2005-12-31": "10.26%"}, "return on investments": {"2020-09-30": "9.10%", "2020-06-30": "9.27%", "2020-03-31": "12.00%", "2019-12-31": "12.43%", "2019-09-30": "12.54%", "2019-06-30": "14.38%", "2019-03-31": "14.76%", "2018-12-31": "15.80%", "2018-09-30": "14.97%", "2018-06-30": "13.91%", "2018-03-31": "13.61%", "2017-12-31": "12.83%", "2017-09-30": "12.38%", "2017-06-30": "10.85%", "2017-03-31": "10.75%", "2016-12-31": "11.42%", "2016-09-30": "12.34%", "2016-06-30": "14.77%", "2016-03-31": "15.33%", "2015-12-31": "17.22%", "2015-09-30": "18.29%", "2015-06-30": "18.79%", "2015-03-31": "18.54%", "2014-12-31": "16.20%", "2014-09-30": "13.98%", "2014-06-30": "12.71%", "2014-03-31": "12.14%", "2013-12-31": "13.75%", "2013-09-30": "12.32%", "2013-06-30": "11.89%", "2013-03-31": "11.94%", "2012-12-31": "12.09%", "2012-09-30": "11.04%", "2012-06-30": "10.78%", "2012-03-31": "11.45%", "2011-12-31": "11.98%", "2011-09-30": "12.76%", "2011-06-30": "14.00%", "2011-03-31": "14.44%", "2010-12-31": "15.19%", "2010-09-30": "13.20%", "2010-06-30": "12.36%", "2010-03-31": "9.84%", "2009-12-31": "7.29%", "2009-09-30": "6.66%", "2009-06-30": "5.91%", "2009-03-31": "7.39%", "2008-12-31": "9.80%", "2008-09-30": "15.50%", "2008-06-30": "20.04%", "2008-03-31": "28.24%", "2007-12-31": "33.91%", "2007-09-30": "33.47%", "2007-06-30": "31.85%", "2007-03-31": "30.45%", "2006-12-31": "28.91%", "2006-09-30": "27.38%", "2006-06-30": "28.35%", "2006-03-31": "23.38%", "2005-12-31": "22.17%"}, "return on tangible equity": {"2020-09-30": "119.66%", "2020-06-30": "160.38%", "2020-03-31": "135.86%", "2019-12-31": "108.08%", "2019-09-30": "79.45%", "2019-06-30": "66.41%", "2019-03-31": "74.37%", "2018-12-31": "87.52%", "2018-09-30": "76.55%", "2018-06-30": "89.01%", "2018-03-31": "120.90%", "2017-12-31": "199.28%", "2017-09-30": "1175.00%", "2017-06-30": "-3835.29%", "2017-03-31": "575.93%", "2016-12-31": "241.76%", "2016-09-30": "146.03%", "2016-06-30": "114.60%", "2016-03-31": "103.30%", "2015-12-31": "98.27%", "2015-09-30": "92.05%", "2015-06-30": "95.13%", "2015-03-31": "101.04%", "2014-12-31": "105.25%", "2014-09-30": "108.48%", "2014-06-30": "124.04%", "2014-03-31": "160.00%", "2013-12-31": "237.53%", "2013-09-30": "341.79%", "2013-06-30": "543.40%", "2013-03-31": "1800.00%", "2012-12-31": "-1002.41%", "2012-09-30": "-295.24%", "2012-06-30": "-163.86%", "2012-03-31": "-137.48%", "2011-12-31": "-198.79%", "2011-09-30": "-530.08%", "2011-06-30": "1185.71%", "2011-03-31": "385.00%", "2010-12-31": "-1700.00%", "2010-09-30": "-210.43%", "2010-06-30": "-107.49%", "2010-03-31": "-41.13%", "2009-12-31": "1.24%", "2009-09-30": "4.28%", "2009-06-30": "4.68%", "2009-03-31": "-6.69%", "2008-12-31": "-84.00%", "2008-09-30": "190.35%", "2008-06-30": "70.31%", "2008-03-31": "86.54%", "2007-12-31": "104.37%", "2007-09-30": "102.88%", "2007-06-30": "108.67%", "2007-03-31": "126.52%", "2006-12-31": "154.73%", "2006-09-30": "142.05%", "2006-06-30": "127.42%", "2006-03-31": "87.97%", "2005-12-31": "64.07%"}, "dividend yield history": {"last payout": "$0.00", "last yield": "0.00%"}}