{"ticker": "JNPR", "price": {"title": "Juniper Networks Historical Annual Stock Price Data", "value": 25.76, "historical": {"2021": {"Average Stock Price": "24.6611", "Year Open": "22.6100", "Year High": "27.5900", "Year Low": "22.6100", "Year Close": "25.7600", "Annual % Change": "14.44%"}, "2020": {"Average Stock Price": "22.7480", "Year Open": "24.7100", "Year High": "26.0300", "Year Low": "17.2800", "Year Close": "22.5100", "Annual % Change": "-8.61%"}, "2019": {"Average Stock Price": "25.8371", "Year Open": "26.8900", "Year High": "28.7200", "Year Low": "22.6400", "Year Close": "24.6300", "Annual % Change": "-8.47%"}, "2018": {"Average Stock Price": "27.2156", "Year Open": "28.7000", "Year High": "30.6700", "Year Low": "24.0500", "Year Close": "26.9100", "Annual % Change": "-5.58%"}, "2017": {"Average Stock Price": "27.9954", "Year Open": "28.6000", "Year High": "30.8900", "Year Low": "24.4000", "Year Close": "28.5000", "Annual % Change": "0.85%"}, "2016": {"Average Stock Price": "24.3611", "Year Open": "27.4100", "Year High": "28.6800", "Year Low": "21.2400", "Year Close": "28.2600", "Annual % Change": "2.39%"}, "2015": {"Average Stock Price": "26.3775", "Year Open": "22.4500", "Year High": "32.2300", "Year Low": "21.3900", "Year Close": "27.6000", "Annual % Change": "23.66%"}, "2014": {"Average Stock Price": "23.8824", "Year Open": "22.4800", "Year High": "27.9500", "Year Low": "18.5700", "Year Close": "22.3200", "Annual % Change": "-1.11%"}, "2013": {"Average Stock Price": "19.8674", "Year Open": "20.5500", "Year High": "22.5700", "Year Low": "15.6900", "Year Close": "22.5700", "Annual % Change": "14.74%"}, "2012": {"Average Stock Price": "18.9873", "Year Open": "21.0400", "Year High": "24.2000", "Year Low": "14.2700", "Year Close": "19.6700", "Annual % Change": "-3.63%"}, "2011": {"Average Stock Price": "30.2663", "Year Open": "37.2400", "Year High": "44.4600", "Year Low": "17.0800", "Year Close": "20.4100", "Annual % Change": "-44.72%"}, "2010": {"Average Stock Price": "29.1826", "Year Open": "27.1800", "Year High": "37.9000", "Year Low": "22.8200", "Year Close": "36.9200", "Annual % Change": "38.43%"}, "2009": {"Average Stock Price": "22.2729", "Year Open": "18.3900", "Year High": "28.2200", "Year Low": "12.6700", "Year Close": "26.6700", "Annual % Change": "52.31%"}, "2008": {"Average Stock Price": "23.4781", "Year Open": "32.1000", "Year High": "32.4300", "Year Low": "13.8400", "Year Close": "17.5100", "Annual % Change": "-47.26%"}, "2007": {"Average Stock Price": "27.0609", "Year Open": "19.2300", "Year High": "37.6475", "Year Low": "17.7400", "Year Close": "33.2000", "Annual % Change": "75.29%"}, "2006": {"Average Stock Price": "17.5310", "Year Open": "21.1900", "Year High": "22.3800", "Year Low": "12.2000", "Year Close": "18.9400", "Annual % Change": "-15.07%"}, "2005": {"Average Stock Price": "23.5049", "Year Open": "26.8200", "Year High": "27.1200", "Year Low": "19.7500", "Year Close": "22.3000", "Annual % Change": "-17.98%"}, "2004": {"Average Stock Price": "24.6072", "Year Open": "19.6800", "Year High": "30.3900", "Year Low": "19.6800", "Year Close": "27.1900", "Annual % Change": "45.56%"}, "2003": {"Average Stock Price": "13.4259", "Year Open": "7.3600", "Year High": "19.0100", "Year Low": "7.3600", "Year Close": "18.6800", "Annual % Change": "174.71%"}, "2002": {"Average Stock Price": "9.3164", "Year Open": "20.7900", "Year High": "21.9900", "Year Low": "4.4300", "Year Close": "6.8000", "Annual % Change": "-64.12%"}, "2001": {"Average Stock Price": "43.8856", "Year Open": "102.6000", "Year High": "136.6000", "Year Low": "9.2900", "Year Close": "18.9500", "Annual % Change": "-84.97%"}, "2000": {"Average Stock Price": "137.6083", "Year Open": "57.3333", "Year High": "243.0000", "Year Low": "51.3000", "Year Close": "126.1000", "Annual % Change": "122.53%"}}}, "market cap": {"value": "$8.41B"}, "income statement": {"Revenue": {"2020-12-31": "4445.10000", "2019-12-31": "4445.40000", "2018-12-31": "4647.50000", "2017-12-31": "5027.20000", "2016-12-31": "4990.10000", "2015-12-31": "4857.80000", "2014-12-31": "4627.10000", "2013-12-31": "4669.10000", "2012-12-31": "4365.40000", "2011-12-31": "4448.70000", "2010-12-31": "4093.30000", "2009-12-31": "3315.91200", "2008-12-31": "3572.37600", "2007-12-31": "2836.08800", "2006-12-31": "2303.58000", "2005-12-31": "2063.95700"}, "Cost Of Goods Sold": {"2020-12-31": "1871.40000", "2019-12-31": "1828.60000", "2018-12-31": "1906.30000", "2017-12-31": "1955.10000", "2016-12-31": "1885.60000", "2015-12-31": "1779.20000", "2014-12-31": "1768.90000", "2013-12-31": "1727.70000", "2012-12-31": "1656.60000", "2011-12-31": "1580.10000", "2010-12-31": "1351.50000", "2009-12-31": "1132.70900", "2008-12-31": "1136.89300", "2007-12-31": "927.63800", "2006-12-31": "754.29000", "2005-12-31": "653.45700"}, "Gross Profit": {"2020-12-31": "2573.70000", "2019-12-31": "2616.80000", "2018-12-31": "2741.20000", "2017-12-31": "3072.10000", "2016-12-31": "3104.50000", "2015-12-31": "3078.60000", "2014-12-31": "2858.20000", "2013-12-31": "2941.40000", "2012-12-31": "2708.80000", "2011-12-31": "2868.60000", "2010-12-31": "2741.80000", "2009-12-31": "2183.20300", "2008-12-31": "2435.48300", "2007-12-31": "1908.45000", "2006-12-31": "1549.29000", "2005-12-31": "1410.50000"}, "Research And Development Expenses": {"2020-12-31": "958.40000", "2019-12-31": "955.70000", "2018-12-31": "1003.20000", "2017-12-31": "980.70000", "2016-12-31": "1013.70000", "2015-12-31": "994.50000", "2014-12-31": "1006.20000", "2013-12-31": "1043.20000", "2012-12-31": "1101.60000", "2011-12-31": "1026.80000", "2010-12-31": "917.90000", "2009-12-31": "741.70800", "2008-12-31": "731.15100", "2007-12-31": "622.96100", "2006-12-31": "480.24700", "2005-12-31": "357.28400"}, "SG&A Expenses": {"2020-12-31": "1194.20000", "2019-12-31": "1183.60000", "2018-12-31": "1158.50000", "2017-12-31": "1177.70000", "2016-12-31": "1197.80000", "2015-12-31": "1172.70000", "2014-12-31": "1254.70000", "2013-12-31": "1293.20000", "2012-12-31": "1252.30000", "2011-12-31": "1192.70000", "2010-12-31": "1035.00000", "2009-12-31": "918.59000", "2008-12-31": "956.85000", "2007-12-31": "783.17700", "2006-12-31": "655.06700", "2005-12-31": "516.57800"}, "Other Operating Income Or Expenses": {"2020-12-31": "", "2019-12-31": "", "2018-12-31": "", "2017-12-31": "", "2016-12-31": "", "2015-12-31": "", "2014-12-31": "", "2013-12-31": "", "2012-12-31": "", "2011-12-31": "", "2010-12-31": "", "2009-12-31": "-182.33100", "2008-12-31": "", "2007-12-31": "-13.94100", "2006-12-31": "-36.51400", "2005-12-31": "6.52600"}, "Operating Expenses": {"2020-12-31": "4092.00000", "2019-12-31": "4003.20000", "2018-12-31": "4075.30000", "2017-12-31": "4179.10000", "2016-12-31": "4100.40000", "2015-12-31": "3945.80000", "2014-12-31": "5046.80000", "2013-12-31": "4103.20000", "2012-12-31": "4057.30000", "2011-12-31": "3830.20000", "2010-12-31": "3325.70000", "2009-12-31": "3005.21700", "2008-12-31": "2877.40200", "2007-12-31": "2429.02600", "2006-12-31": "3301.36200", "2005-12-31": "1622.91100"}, "Operating Income": {"2020-12-31": "353.10010", "2019-12-31": "442.20000", "2018-12-31": "572.20000", "2017-12-31": "848.10010", "2016-12-31": "889.70020", "2015-12-31": "912.00000", "2014-12-31": "-419.69970", "2013-12-31": "565.89990", "2012-12-31": "308.09990", "2011-12-31": "618.50000", "2010-12-31": "767.59990", "2009-12-31": "310.69530", "2008-12-31": "694.97410", "2007-12-31": "407.06200", "2006-12-31": "-997.78200", "2005-12-31": "441.04610"}, "Total Non-Operating Income/Expense": {"2020-12-31": "-87.90000", "2019-12-31": "-27.80000", "2018-12-31": "-39.50000", "2017-12-31": "-36.30000", "2016-12-31": "-62.30000", "2015-12-31": "-59.80000", "2014-12-31": "333.40000", "2013-12-31": "-40.40000", "2012-12-31": "-16.60000", "2011-12-31": "-46.80000", "2010-12-31": "10.60000", "2009-12-31": "1.36600", "2008-12-31": "33.91700", "2007-12-31": "103.52100", "2006-12-31": "100.73300", "2005-12-31": "56.47000"}, "Pre-Tax Income": {"2020-12-31": "265.20000", "2019-12-31": "414.40000", "2018-12-31": "532.70000", "2017-12-31": "811.80000", "2016-12-31": "827.40000", "2015-12-31": "852.20000", "2014-12-31": "-86.30000", "2013-12-31": "525.50000", "2012-12-31": "291.50000", "2011-12-31": "571.70000", "2010-12-31": "778.20000", "2009-12-31": "312.06100", "2008-12-31": "728.89100", "2007-12-31": "510.58300", "2006-12-31": "-897.04900", "2005-12-31": "497.51600"}, "Income Taxes": {"2020-12-31": "7.40000", "2019-12-31": "69.40000", "2018-12-31": "-34.20000", "2017-12-31": "505.60000", "2016-12-31": "234.70000", "2015-12-31": "218.50000", "2014-12-31": "248.00000", "2013-12-31": "85.70000", "2012-12-31": "105.00000", "2011-12-31": "146.70000", "2010-12-31": "158.80000", "2009-12-31": "196.83300", "2008-12-31": "217.14200", "2007-12-31": "149.75300", "2006-12-31": "104.38800", "2005-12-31": "146.81500"}, "Income After Taxes": {"2020-12-31": "257.80000", "2019-12-31": "345.00000", "2018-12-31": "566.90000", "2017-12-31": "306.20000", "2016-12-31": "592.70000", "2015-12-31": "633.70000", "2014-12-31": "-334.30000", "2013-12-31": "439.80000", "2012-12-31": "186.50000", "2011-12-31": "425.00000", "2010-12-31": "619.40000", "2009-12-31": "115.22800", "2008-12-31": "511.74900", "2007-12-31": "360.83000", "2006-12-31": "-1001.43700", "2005-12-31": "350.70100"}, "Other Income": {"2020-12-31": "", "2019-12-31": "", "2018-12-31": "", "2017-12-31": "", "2016-12-31": "", "2015-12-31": "", "2014-12-31": "", "2013-12-31": "", "2012-12-31": "", "2011-12-31": "", "2010-12-31": "", "2009-12-31": "", "2008-12-31": "", "2007-12-31": "", "2006-12-31": "", "2005-12-31": ""}, "Income From Continuous Operations": {"2020-12-31": "257.80000", "2019-12-31": "345.00000", "2018-12-31": "566.90000", "2017-12-31": "306.20000", "2016-12-31": "592.70000", "2015-12-31": "633.70000", "2014-12-31": "-334.30000", "2013-12-31": "439.80000", "2012-12-31": "186.50000", "2011-12-31": "425.00000", "2010-12-31": "619.40000", "2009-12-31": "115.22800", "2008-12-31": "511.74900", "2007-12-31": "360.83000", "2006-12-31": "-1001.43700", "2005-12-31": "350.70100"}, "Income From Discontinued Operations": {"2020-12-31": "", "2019-12-31": "", "2018-12-31": "", "2017-12-31": "", "2016-12-31": "", "2015-12-31": "", "2014-12-31": "", "2013-12-31": "", "2012-12-31": "", "2011-12-31": "", "2010-12-31": "", "2009-12-31": "", "2008-12-31": "", "2007-12-31": "", "2006-12-31": "", "2005-12-31": ""}, "Net Income": {"2020-12-31": "257.80000", "2019-12-31": "345.00000", "2018-12-31": "566.90000", "2017-12-31": "306.20000", "2016-12-31": "592.70000", "2015-12-31": "633.70000", "2014-12-31": "-334.30000", "2013-12-31": "439.80000", "2012-12-31": "186.50000", "2011-12-31": "425.10000", "2010-12-31": "618.40000", "2009-12-31": "116.99900", "2008-12-31": "511.74900", "2007-12-31": "360.83000", "2006-12-31": "-1001.43700", "2005-12-31": "350.70100"}, "EBITDA": {"2020-12-31": "565.50010", "2019-12-31": "652.49990", "2018-12-31": "782.70000", "2017-12-31": "1073.70000", "2016-12-31": "1096.40000", "2015-12-31": "1088.50000", "2014-12-31": "616.40030", "2013-12-31": "755.79990", "2012-12-31": "495.99980", "2011-12-31": "788.50000", "2010-12-31": "922.89980", "2009-12-31": "459.06830", "2008-12-31": "867.42710", "2007-12-31": "600.22800", "2006-12-31": "-824.29200", "2005-12-31": "579.95010"}, "EBIT": {"2020-12-31": "353.10010", "2019-12-31": "442.20000", "2018-12-31": "572.20000", "2017-12-31": "848.10010", "2016-12-31": "889.70020", "2015-12-31": "912.00000", "2014-12-31": "-419.69970", "2013-12-31": "565.89990", "2012-12-31": "308.09990", "2011-12-31": "618.50000", "2010-12-31": "767.59990", "2009-12-31": "310.69530", "2008-12-31": "694.97410", "2007-12-31": "407.06200", "2006-12-31": "-997.78200", "2005-12-31": "441.04610"}, "Basic Shares Outstanding": {"2020-12-31": "330.40000", "2019-12-31": "343.20000", "2018-12-31": "349.00000", "2017-12-31": "377.70000", "2016-12-31": "381.70000", "2015-12-31": "390.60000", "2014-12-31": "457.40000", "2013-12-31": "501.80000", "2012-12-31": "520.90000", "2011-12-31": "529.80000", "2010-12-31": "522.40000", "2009-12-31": "523.60300", "2008-12-31": "530.33700", "2007-12-31": "537.76700", "2006-12-31": "567.45400", "2005-12-31": "554.22300"}, "Shares Outstanding": {"2020-12-31": "335.20000", "2019-12-31": "348.20000", "2018-12-31": "354.40000", "2017-12-31": "384.20000", "2016-12-31": "387.80000", "2015-12-31": "399.40000", "2014-12-31": "457.40000", "2013-12-31": "510.30000", "2012-12-31": "526.20000", "2011-12-31": "541.40000", "2010-12-31": "538.80000", "2009-12-31": "534.01500", "2008-12-31": "551.43300", "2007-12-31": "579.14500", "2006-12-31": "567.45400", "2005-12-31": "600.18900"}, "Basic EPS": {"2020-12-31": "0.78000", "2019-12-31": "1.01000", "2018-12-31": "1.62000", "2017-12-31": "0.81000", "2016-12-31": "1.55000", "2015-12-31": "1.62000", "2014-12-31": "-0.73000", "2013-12-31": "0.88000", "2012-12-31": "0.36000", "2011-12-31": "0.80000", "2010-12-31": "1.18000", "2009-12-31": "0.22000", "2008-12-31": "0.96000", "2007-12-31": "0.67000", "2006-12-31": "-1.76000", "2005-12-31": "0.63000"}, "EPS - Earnings Per Share": {"2020-12-31": "0.77000", "2019-12-31": "0.99000", "2018-12-31": "1.60000", "2017-12-31": "0.80000", "2016-12-31": "1.53000", "2015-12-31": "1.59000", "2014-12-31": "-0.73000", "2013-12-31": "0.86000", "2012-12-31": "0.35000", "2011-12-31": "0.79000", "2010-12-31": "1.15000", "2009-12-31": "0.22000", "2008-12-31": "0.93000", "2007-12-31": "0.62000", "2006-12-31": "-1.76000", "2005-12-31": "0.58000"}}, "income statement, quarterly": {"Revenue": {"2020-12-31": "1222.60000", "2020-09-30": "1138.20000", "2020-06-30": "1086.30000", "2020-03-31": "998.00000", "2019-12-31": "1208.10000", "2019-09-30": "1133.10000", "2019-06-30": "1102.50000", "2019-03-31": "1001.70000", "2018-12-31": "1181.00000", "2018-09-30": "1179.80000", "2018-06-30": "1204.10000", "2018-03-31": "1082.60000", "2017-12-31": "1239.50000", "2017-09-30": "1257.80000", "2017-06-30": "1308.90000", "2017-03-31": "1221.00000", "2016-12-31": "1385.60000", "2016-09-30": "1285.30000", "2016-06-30": "1221.30000", "2016-03-31": "1097.90000", "2015-12-31": "1319.60000", "2015-09-30": "1248.60000", "2015-06-30": "1222.20000", "2015-03-31": "1067.40000", "2014-12-31": "1101.60000", "2014-09-30": "1125.90000", "2014-06-30": "1229.50000", "2014-03-31": "1170.10000", "2013-12-31": "1273.60000", "2013-09-30": "1185.60000", "2013-06-30": "1150.70000", "2013-03-31": "1059.20000", "2012-12-31": "1140.80000", "2012-09-30": "1118.30000", "2012-06-30": "1073.80000", "2012-03-31": "1032.50000", "2011-12-31": "1120.74800", "2011-09-30": "1105.79600", "2011-06-30": "1120.54400", "2011-03-31": "1101.61200", "2010-12-31": "1189.97500", "2010-09-30": "1012.40700", "2010-06-30": "978.30000", "2010-03-31": "912.61800", "2009-12-31": "941.45400", "2009-09-30": "823.91200", "2009-06-30": "786.36300", "2009-03-31": "764.18300", "2008-12-31": "923.49310", "2008-09-30": "946.96200", "2008-06-30": "879.03400", "2008-03-31": "822.88700", "2007-12-31": "809.18210", "2007-09-30": "735.04800", "2007-06-30": "664.92200", "2007-03-31": "626.93600", "2006-12-31": "595.83010", "2006-09-30": "573.56700", "2006-06-30": "567.46900", "2006-03-31": "566.71400", "2005-12-31": "575.46390", "2005-09-30": "546.35300", "2005-06-30": "493.02800", "2005-03-31": "449.11200"}, "Cost Of Goods Sold": {"2020-12-31": "505.60000", "2020-09-30": "480.40000", "2020-06-30": "466.70000", "2020-03-31": "418.70000", "2019-12-31": "488.80000", "2019-09-30": "454.70000", "2019-06-30": "465.70000", "2019-03-31": "419.40000", "2018-12-31": "470.10000", "2018-09-30": "468.80000", "2018-06-30": "503.20000", "2018-03-31": "464.20000", "2017-12-31": "488.29990", "2017-09-30": "485.40000", "2017-06-30": "507.00000", "2017-03-31": "474.40000", "2016-12-31": "527.89990", "2016-09-30": "485.80000", "2016-06-30": "464.90000", "2016-03-31": "407.00000", "2015-12-31": "477.20000", "2015-09-30": "451.20000", "2015-06-30": "440.70000", "2015-03-31": "410.10000", "2014-12-31": "426.50010", "2014-09-30": "411.10000", "2014-06-30": "481.30000", "2014-03-31": "450.00000", "2013-12-31": "470.00000", "2013-09-30": "439.10000", "2013-06-30": "430.20000", "2013-03-31": "388.40000", "2012-12-31": "407.80000", "2012-09-30": "444.50000", "2012-06-30": "405.90000", "2012-03-31": "398.40000", "2011-12-31": "421.80310", "2011-09-30": "394.19200", "2011-06-30": "398.37800", "2011-03-31": "365.72700", "2010-12-31": "397.92100", "2010-09-30": "334.62000", "2010-06-30": "318.36200", "2010-03-31": "300.59700", "2009-12-31": "310.20800", "2009-09-30": "280.62900", "2009-06-30": "279.98100", "2009-03-31": "261.89100", "2008-12-31": "275.19700", "2008-09-30": "307.57900", "2008-06-30": "289.28100", "2008-03-31": "264.83600", "2007-12-31": "262.46900", "2007-09-30": "232.28600", "2007-06-30": "220.77400", "2007-03-31": "212.10900", "2006-12-31": "190.23500", "2006-09-30": "190.18500", "2006-06-30": "188.92300", "2006-03-31": "184.94700", "2005-12-31": "182.32700", "2005-09-30": "171.76100", "2005-06-30": "155.71500", "2005-03-31": "143.65400"}, "Gross Profit": {"2020-12-31": "717.00000", "2020-09-30": "657.79990", "2020-06-30": "619.60000", "2020-03-31": "579.30000", "2019-12-31": "719.29990", "2019-09-30": "678.40000", "2019-06-30": "636.80000", "2019-03-31": "582.30000", "2018-12-31": "710.90010", "2018-09-30": "711.00010", "2018-06-30": "700.90000", "2018-03-31": "618.40000", "2017-12-31": "751.20010", "2017-09-30": "772.40000", "2017-06-30": "801.90000", "2017-03-31": "746.60000", "2016-12-31": "857.70010", "2016-09-30": "799.50000", "2016-06-30": "756.40000", "2016-03-31": "690.90000", "2015-12-31": "842.39970", "2015-09-30": "797.40000", "2015-06-30": "781.49990", "2015-03-31": "657.30000", "2014-12-31": "675.10020", "2014-09-30": "714.80000", "2014-06-30": "748.20000", "2014-03-31": "720.10000", "2013-12-31": "803.60010", "2013-09-30": "746.50000", "2013-06-30": "720.50000", "2013-03-31": "670.79990", "2012-12-31": "732.99990", "2012-09-30": "673.80000", "2012-06-30": "667.90000", "2012-03-31": "634.10000", "2011-12-31": "698.94520", "2011-09-30": "711.60400", "2011-06-30": "722.16600", "2011-03-31": "735.88510", "2010-12-31": "792.05410", "2010-09-30": "677.78700", "2010-06-30": "659.93800", "2010-03-31": "612.02100", "2009-12-31": "631.24600", "2009-09-30": "543.28300", "2009-06-30": "506.38200", "2009-03-31": "502.29200", "2008-12-31": "648.29610", "2008-09-30": "639.38290", "2008-06-30": "589.75300", "2008-03-31": "558.05100", "2007-12-31": "546.71310", "2007-09-30": "502.76200", "2007-06-30": "444.14800", "2007-03-31": "414.82700", "2006-12-31": "405.59510", "2006-09-30": "383.38200", "2006-06-30": "378.54600", "2006-03-31": "381.76700", "2005-12-31": "393.13700", "2005-09-30": "374.59200", "2005-06-30": "337.31300", "2005-03-31": "305.45800"}, "Research And Development Expenses": {"2020-12-31": "242.50000", "2020-09-30": "242.40000", "2020-06-30": "241.00000", "2020-03-31": "232.50000", "2019-12-31": "239.60000", "2019-09-30": "244.50000", "2019-06-30": "244.00000", "2019-03-31": "227.60000", "2018-12-31": "231.20000", "2018-09-30": "253.80000", "2018-06-30": "248.80000", "2018-03-31": "269.40000", "2017-12-31": "227.90000", "2017-09-30": "236.40000", "2017-06-30": "240.20000", "2017-03-31": "276.20000", "2016-12-31": "263.00000", "2016-09-30": "251.80000", "2016-06-30": "247.90000", "2016-03-31": "251.00000", "2015-12-31": "247.20000", "2015-09-30": "247.00000", "2015-06-30": "251.60000", "2015-03-31": "248.70000", "2014-12-31": "233.50000", "2014-09-30": "253.20000", "2014-06-30": "255.50000", "2014-03-31": "264.00000", "2013-12-31": "258.70000", "2013-09-30": "264.60000", "2013-06-30": "257.70000", "2013-03-31": "262.20000", "2012-12-31": "275.09990", "2012-09-30": "288.20000", "2012-06-30": "268.70000", "2012-03-31": "269.60000", "2011-12-31": "250.47500", "2011-09-30": "257.09600", "2011-06-30": "257.25000", "2011-03-31": "261.97900", "2010-12-31": "254.98700", "2010-09-30": "231.15100", "2010-06-30": "224.76800", "2010-03-31": "206.99400", "2009-12-31": "187.21010", "2009-09-30": "185.20400", "2009-06-30": "183.89400", "2009-03-31": "185.40000", "2008-12-31": "180.13400", "2008-09-30": "194.01400", "2008-06-30": "186.35700", "2008-03-31": "170.64600", "2007-12-31": "165.27900", "2007-09-30": "167.88700", "2007-06-30": "148.70200", "2007-03-31": "141.09300", "2006-12-31": "126.94800", "2006-09-30": "123.38900", "2006-06-30": "116.22200", "2006-03-31": "113.68800", "2005-12-31": "100.36600", "2005-09-30": "94.68900", "2005-06-30": "84.09400", "2005-03-31": "78.13500"}, "SG&A Expenses": {"2020-12-31": "323.30000", "2020-09-30": "289.10000", "2020-06-30": "283.30000", "2020-03-31": "298.50000", "2019-12-31": "301.40000", "2019-09-30": "296.50000", "2019-06-30": "289.00000", "2019-03-31": "296.70000", "2018-12-31": "277.90000", "2018-09-30": "292.70000", "2018-06-30": "292.50000", "2018-03-31": "295.40000", "2017-12-31": "284.40000", "2017-09-30": "303.10000", "2017-06-30": "295.50000", "2017-03-31": "294.70000", "2016-12-31": "307.40000", "2016-09-30": "296.90000", "2016-06-30": "302.30000", "2016-03-31": "291.20000", "2015-12-31": "316.20000", "2015-09-30": "292.40000", "2015-06-30": "288.70000", "2015-03-31": "275.40000", "2014-12-31": "283.59990", "2014-09-30": "304.20000", "2014-06-30": "318.60000", "2014-03-31": "348.30000", "2013-12-31": "331.40000", "2013-09-30": "330.90000", "2013-06-30": "316.30000", "2013-03-31": "314.60000", "2012-12-31": "321.20000", "2012-09-30": "310.40000", "2012-06-30": "308.30000", "2012-03-31": "312.40000", "2011-12-31": "311.20200", "2011-09-30": "299.38800", "2011-06-30": "290.89500", "2011-03-31": "291.21500", "2010-12-31": "302.82700", "2010-09-30": "248.47700", "2010-06-30": "248.18300", "2010-03-31": "235.51300", "2009-12-31": "252.48400", "2009-09-30": "223.30100", "2009-06-30": "215.73000", "2009-03-31": "227.07500", "2008-12-31": "273.09800", "2008-09-30": "238.22300", "2008-06-30": "225.94700", "2008-03-31": "219.58200", "2007-12-31": "213.47800", "2007-09-30": "206.94400", "2007-06-30": "184.84100", "2007-03-31": "177.91400", "2006-12-31": "178.46000", "2006-09-30": "163.91200", "2006-06-30": "160.16700", "2006-03-31": "152.52800", "2005-12-31": "143.83700", "2005-09-30": "145.34600", "2005-06-30": "119.54300", "2005-03-31": "107.85200"}, "Other Operating Income Or Expenses": {"2020-12-31": "", "2020-09-30": "", "2020-06-30": "", "2020-03-31": "", "2019-12-31": "", "2019-09-30": "", "2019-06-30": "", "2019-03-31": "", "2018-12-31": "", "2018-09-30": "", "2018-06-30": "", "2018-03-31": "", "2017-12-31": "", "2017-09-30": "", "2017-06-30": "", "2017-03-31": "", "2016-12-31": "", "2016-09-30": "", "2016-06-30": "", "2016-03-31": "", "2015-12-31": "", "2015-09-30": "", "2015-06-30": "", "2015-03-31": "", "2014-12-31": "", "2014-09-30": "", "2014-06-30": "", "2014-03-31": "", "2013-12-31": "", "2013-09-30": "", "2013-06-30": "", "2013-03-31": "", "2012-12-31": "", "2012-09-30": "", "2012-06-30": "", "2012-03-31": "", "2011-12-31": "", "2011-09-30": "", "2011-06-30": "", "2011-03-31": "", "2010-12-31": "", "2010-09-30": "", "2010-06-30": "", "2010-03-31": "", "2009-12-31": "", "2009-09-30": "", "2009-06-30": "", "2009-03-31": "", "2008-12-31": "", "2008-09-30": "", "2008-06-30": "-9.00000", "2008-03-31": "", "2007-12-31": "-4.77700", "2007-09-30": "5.06200", "2007-06-30": "-1.64200", "2007-03-31": "-12.58400", "2006-12-31": "-15.45000", "2006-09-30": "-15.31000", "2006-06-30": "-4.35000", "2006-03-31": "-1.40400", "2005-12-31": "-0.22600", "2005-09-30": "0.19200", "2005-06-30": "6.56000", "2005-03-31": ""}, "Operating Expenses": {"2020-12-31": "1124.50000", "2020-09-30": "1013.10000", "2020-06-30": "995.80000", "2020-03-31": "958.60000", "2019-12-31": "1029.50000", "2019-09-30": "994.60000", "2019-06-30": "1020.10000", "2019-03-31": "959.00000", "2018-12-31": "984.20010", "2018-09-30": "1019.70000", "2018-06-30": "1044.30000", "2018-03-31": "1027.10000", "2017-12-31": "1036.80000", "2017-09-30": "1026.90000", "2017-06-30": "1050.70000", "2017-03-31": "1064.70000", "2016-12-31": "1098.40000", "2016-09-30": "1035.30000", "2016-06-30": "1017.50000", "2016-03-31": "949.20000", "2015-12-31": "1040.50000", "2015-09-30": "990.60000", "2015-06-30": "979.10000", "2015-03-31": "935.60000", "2014-12-31": "1803.40000", "2014-09-30": "953.50000", "2014-06-30": "1113.60000", "2014-03-31": "1176.30000", "2013-12-31": "1078.20000", "2013-09-30": "1040.60000", "2013-06-30": "1012.20000", "2013-03-31": "972.20010", "2012-12-31": "1009.90000", "2012-09-30": "1075.50000", "2012-06-30": "987.10000", "2012-03-31": "984.80000", "2011-12-31": "987.58720", "2011-09-30": "968.77000", "2011-06-30": "949.62400", "2011-03-31": "924.21900", "2010-12-31": "963.16110", "2010-09-30": "816.87100", "2010-06-30": "793.32200", "2010-03-31": "752.34590", "2009-12-31": "935.60180", "2009-09-30": "695.95700", "2009-06-30": "690.67300", "2009-03-31": "682.98500", "2008-12-31": "733.61880", "2008-09-30": "745.00600", "2008-06-30": "718.58400", "2008-03-31": "680.19300", "2007-12-31": "661.60200", "2007-09-30": "622.28500", "2007-06-30": "578.69900", "2007-03-31": "566.44000", "2006-12-31": "533.48000", "2006-09-30": "515.82400", "2006-06-30": "1776.27000", "2006-03-31": "475.78800", "2005-12-31": "461.73290", "2005-09-30": "438.39500", "2005-06-30": "374.60100", "2005-03-31": "348.18200"}, "Operating Income": {"2020-12-31": "98.10000", "2020-09-30": "125.09990", "2020-06-30": "90.50010", "2020-03-31": "39.40000", "2019-12-31": "178.60000", "2019-09-30": "138.49990", "2019-06-30": "82.40000", "2019-03-31": "42.70000", "2018-12-31": "196.80000", "2018-09-30": "160.10000", "2018-06-30": "159.79990", "2018-03-31": "55.50000", "2017-12-31": "202.69980", "2017-09-30": "230.90000", "2017-06-30": "258.20010", "2017-03-31": "156.29990", "2016-12-31": "287.20010", "2016-09-30": "250.00000", "2016-06-30": "203.80000", "2016-03-31": "148.70000", "2015-12-31": "279.10000", "2015-09-30": "258.00000", "2015-06-30": "243.10000", "2015-03-31": "131.80000", "2014-12-31": "-701.79940", "2014-09-30": "172.40000", "2014-06-30": "115.90000", "2014-03-31": "-6.20010", "2013-12-31": "195.40030", "2013-09-30": "145.00000", "2013-06-30": "138.49990", "2013-03-31": "86.99990", "2012-12-31": "130.90010", "2012-09-30": "42.79990", "2012-06-30": "86.70000", "2012-03-31": "47.70000", "2011-12-31": "133.16110", "2011-09-30": "137.02600", "2011-06-30": "170.92000", "2011-03-31": "177.39310", "2010-12-31": "226.81400", "2010-09-30": "195.53600", "2010-06-30": "184.97800", "2010-03-31": "160.27200", "2009-12-31": "5.85220", "2009-09-30": "127.95500", "2009-06-30": "95.69000", "2009-03-31": "81.19800", "2008-12-31": "189.87430", "2008-09-30": "201.95590", "2008-06-30": "160.45000", "2008-03-31": "142.69400", "2007-12-31": "147.58010", "2007-09-30": "112.76300", "2007-06-30": "86.22300", "2007-03-31": "60.49600", "2006-12-31": "62.35000", "2006-09-30": "57.74300", "2006-06-30": "-1208.80100", "2006-03-31": "90.92600", "2005-12-31": "113.73100", "2005-09-30": "107.95800", "2005-06-30": "118.42700", "2005-03-31": "100.93000"}, "Total Non-Operating Income/Expense": {"2020-12-31": "-58.90000", "2020-09-30": "-13.50000", "2020-06-30": "-4.40000", "2020-03-31": "-11.10000", "2019-12-31": "-4.60000", "2019-09-30": "-20.40000", "2019-06-30": "-4.60000", "2019-03-31": "1.80000", "2018-12-31": "-8.40000", "2018-09-30": "-8.10000", "2018-06-30": "-8.90000", "2018-03-31": "-14.10000", "2017-12-31": "-2.50000", "2017-09-30": "-5.10000", "2017-06-30": "-13.00000", "2017-03-31": "-15.70000", "2016-12-31": "-15.10000", "2016-09-30": "-13.40000", "2016-06-30": "-11.60000", "2016-03-31": "-22.20000", "2015-12-31": "-18.50000", "2015-09-30": "-8.40000", "2015-06-30": "-17.10000", "2015-03-31": "-15.80000", "2014-12-31": "7.40000", "2014-09-30": "-6.80000", "2014-06-30": "178.60000", "2014-03-31": "154.20000", "2013-12-31": "-10.20000", "2013-09-30": "-7.50000", "2013-06-30": "-12.60000", "2013-03-31": "-10.10000", "2012-12-31": "9.00000", "2012-09-30": "-4.00000", "2012-06-30": "2.80000", "2012-03-31": "-24.40000", "2011-12-31": "-10.69300", "2011-09-30": "-15.95700", "2011-06-30": "-13.68800", "2011-03-31": "-6.46200", "2010-12-31": "4.87100", "2010-09-30": "0.20500", "2010-06-30": "4.06500", "2010-03-31": "1.45900", "2009-12-31": "-1.90400", "2009-09-30": "1.73300", "2009-06-30": "1.27300", "2009-03-31": "0.26400", "2008-12-31": "-5.10100", "2008-09-30": "9.74000", "2008-06-30": "11.68800", "2008-03-31": "17.59000", "2007-12-31": "20.41100", "2007-09-30": "17.94500", "2007-06-30": "32.25200", "2007-03-31": "32.91300", "2006-12-31": "30.07700", "2006-09-30": "27.80200", "2006-06-30": "23.17600", "2006-03-31": "19.67800", "2005-12-31": "17.43500", "2005-09-30": "16.41400", "2005-06-30": "12.32300", "2005-03-31": "10.29800"}, "Pre-Tax Income": {"2020-12-31": "39.20000", "2020-09-30": "111.60000", "2020-06-30": "86.10000", "2020-03-31": "28.30000", "2019-12-31": "174.00000", "2019-09-30": "118.10000", "2019-06-30": "77.80000", "2019-03-31": "44.50000", "2018-12-31": "188.40000", "2018-09-30": "152.00000", "2018-06-30": "150.90000", "2018-03-31": "41.40000", "2017-12-31": "200.20000", "2017-09-30": "225.80000", "2017-06-30": "245.20000", "2017-03-31": "140.60000", "2016-12-31": "272.10000", "2016-09-30": "236.60000", "2016-06-30": "192.20000", "2016-03-31": "126.50000", "2015-12-31": "260.60000", "2015-09-30": "249.60000", "2015-06-30": "226.00000", "2015-03-31": "116.00000", "2014-12-31": "-694.40000", "2014-09-30": "165.60000", "2014-06-30": "294.50000", "2014-03-31": "148.00000", "2013-12-31": "185.20000", "2013-09-30": "137.50000", "2013-06-30": "125.90000", "2013-03-31": "76.90000", "2012-12-31": "139.90000", "2012-09-30": "38.80000", "2012-06-30": "89.50000", "2012-03-31": "23.30000", "2011-12-31": "122.46800", "2011-09-30": "121.06900", "2011-06-30": "157.23200", "2011-03-31": "170.93100", "2010-12-31": "231.68500", "2010-09-30": "195.74100", "2010-06-30": "189.04300", "2010-03-31": "161.73100", "2009-12-31": "3.94800", "2009-09-30": "129.68800", "2009-06-30": "96.96300", "2009-03-31": "81.46200", "2008-12-31": "184.77300", "2008-09-30": "211.69600", "2008-06-30": "172.13800", "2008-03-31": "160.28400", "2007-12-31": "167.99100", "2007-09-30": "130.70800", "2007-06-30": "118.47500", "2007-03-31": "93.40900", "2006-12-31": "92.42700", "2006-09-30": "85.54500", "2006-06-30": "-1185.62500", "2006-03-31": "110.60400", "2005-12-31": "131.16600", "2005-09-30": "124.37200", "2005-06-30": "130.75000", "2005-03-31": "111.22800"}, "Income Taxes": {"2020-12-31": "8.40000", "2020-09-30": "-33.80000", "2020-06-30": "24.90000", "2020-03-31": "7.90000", "2019-12-31": "5.60000", "2019-09-30": "18.80000", "2019-06-30": "31.60000", "2019-03-31": "13.40000", "2018-12-31": "-3.80000", "2018-09-30": "-71.80000", "2018-06-30": "34.40000", "2018-03-31": "7.00000", "2017-12-31": "348.30000", "2017-09-30": "60.10000", "2017-06-30": "65.40000", "2017-03-31": "31.80000", "2016-12-31": "83.20000", "2016-09-30": "64.20000", "2016-06-30": "52.20000", "2016-03-31": "35.10000", "2015-12-31": "62.80000", "2015-09-30": "51.90000", "2015-06-30": "68.00000", "2015-03-31": "35.80000", "2014-12-31": "75.20000", "2014-09-30": "62.00000", "2014-06-30": "73.40000", "2014-03-31": "37.40000", "2013-12-31": "33.40000", "2013-09-30": "38.40000", "2013-06-30": "28.00000", "2013-03-31": "-14.10000", "2012-12-31": "44.20000", "2012-09-30": "22.00000", "2012-06-30": "31.80000", "2012-03-31": "7.00000", "2011-12-31": "26.31700", "2011-09-30": "37.39800", "2011-06-30": "41.71400", "2011-03-31": "41.27100", "2010-12-31": "41.57500", "2010-09-30": "61.40400", "2010-06-30": "58.70000", "2010-03-31": "-2.87900", "2009-12-31": "-17.18500", "2009-09-30": "45.90200", "2009-06-30": "82.19400", "2009-03-31": "85.92200", "2008-12-31": "52.29700", "2008-09-30": "63.18800", "2008-06-30": "51.72800", "2008-03-31": "49.92900", "2007-12-31": "45.08700", "2007-09-30": "45.60900", "2007-06-30": "32.29500", "2007-03-31": "26.76200", "2006-12-31": "21.44500", "2006-09-30": "27.27100", "2006-06-30": "20.83100", "2006-03-31": "34.84100", "2005-12-31": "27.55600", "2005-09-30": "40.87600", "2005-06-30": "42.59000", "2005-03-31": "35.79300"}, "Income After Taxes": {"2020-12-31": "30.80000", "2020-09-30": "145.40000", "2020-06-30": "61.20000", "2020-03-31": "20.40000", "2019-12-31": "168.40000", "2019-09-30": "99.30000", "2019-06-30": "46.20000", "2019-03-31": "31.10000", "2018-12-31": "192.20000", "2018-09-30": "223.80000", "2018-06-30": "116.50000", "2018-03-31": "34.40000", "2017-12-31": "-148.10000", "2017-09-30": "165.70000", "2017-06-30": "179.80000", "2017-03-31": "108.80000", "2016-12-31": "188.90000", "2016-09-30": "172.40000", "2016-06-30": "140.00000", "2016-03-31": "91.40000", "2015-12-31": "197.80000", "2015-09-30": "197.70000", "2015-06-30": "158.00000", "2015-03-31": "80.20000", "2014-12-31": "-769.60000", "2014-09-30": "103.60000", "2014-06-30": "221.10000", "2014-03-31": "110.60000", "2013-12-31": "151.80000", "2013-09-30": "99.10000", "2013-06-30": "97.90000", "2013-03-31": "91.00000", "2012-12-31": "95.70000", "2012-09-30": "16.80000", "2012-06-30": "57.70000", "2012-03-31": "16.30000", "2011-12-31": "96.15100", "2011-09-30": "83.67100", "2011-06-30": "115.51800", "2011-03-31": "129.66000", "2010-12-31": "190.11000", "2010-09-30": "134.33700", "2010-06-30": "130.34300", "2010-03-31": "164.61000", "2009-12-31": "21.13300", "2009-09-30": "83.78600", "2009-06-30": "14.76900", "2009-03-31": "-4.46000", "2008-12-31": "132.47600", "2008-09-30": "148.50800", "2008-06-30": "120.41000", "2008-03-31": "110.35500", "2007-12-31": "122.90400", "2007-09-30": "85.09900", "2007-06-30": "86.18000", "2007-03-31": "66.64700", "2006-12-31": "70.98200", "2006-09-30": "58.27400", "2006-06-30": "-1206.45600", "2006-03-31": "75.76300", "2005-12-31": "103.61000", "2005-09-30": "83.49600", "2005-06-30": "88.16000", "2005-03-31": "75.43500"}, "Other Income": {"2020-12-31": "", "2020-09-30": "", "2020-06-30": "", "2020-03-31": "", "2019-12-31": "", "2019-09-30": "", "2019-06-30": "", "2019-03-31": "", "2018-12-31": "", "2018-09-30": "", "2018-06-30": "", "2018-03-31": "", "2017-12-31": "", "2017-09-30": "", "2017-06-30": "", "2017-03-31": "", "2016-12-31": "", "2016-09-30": "", "2016-06-30": "", "2016-03-31": "", "2015-12-31": "", "2015-09-30": "", "2015-06-30": "", "2015-03-31": "", "2014-12-31": "", "2014-09-30": "", "2014-06-30": "", "2014-03-31": "", "2013-12-31": "", "2013-09-30": "", "2013-06-30": "", "2013-03-31": "", "2012-12-31": "", "2012-09-30": "", "2012-06-30": "", "2012-03-31": "", "2011-12-31": "", "2011-09-30": "", "2011-06-30": "", "2011-03-31": "", "2010-12-31": "", "2010-09-30": "", "2010-06-30": "", "2010-03-31": "", "2009-12-31": "", "2009-09-30": "", "2009-06-30": "", "2009-03-31": "", "2008-12-31": "", "2008-09-30": "", "2008-06-30": "", "2008-03-31": "", "2007-12-31": "", "2007-09-30": "", "2007-06-30": "", "2007-03-31": "", "2006-12-31": "", "2006-09-30": "", "2006-06-30": "", "2006-03-31": "", "2005-12-31": "", "2005-09-30": "", "2005-06-30": "", "2005-03-31": ""}, "Income From Continuous Operations": {"2020-12-31": "30.80000", "2020-09-30": "145.40000", "2020-06-30": "61.20000", "2020-03-31": "20.40000", "2019-12-31": "168.40000", "2019-09-30": "99.30000", "2019-06-30": "46.20000", "2019-03-31": "31.10000", "2018-12-31": "192.20000", "2018-09-30": "223.80000", "2018-06-30": "116.50000", "2018-03-31": "34.40000", "2017-12-31": "-148.10000", "2017-09-30": "165.70000", "2017-06-30": "179.80000", "2017-03-31": "108.80000", "2016-12-31": "188.90000", "2016-09-30": "172.40000", "2016-06-30": "140.00000", "2016-03-31": "91.40000", "2015-12-31": "197.80000", "2015-09-30": "197.70000", "2015-06-30": "158.00000", "2015-03-31": "80.20000", "2014-12-31": "-769.60000", "2014-09-30": "103.60000", "2014-06-30": "221.10000", "2014-03-31": "110.60000", "2013-12-31": "151.80000", "2013-09-30": "99.10000", "2013-06-30": "97.90000", "2013-03-31": "91.00000", "2012-12-31": "95.70000", "2012-09-30": "16.80000", "2012-06-30": "57.70000", "2012-03-31": "16.30000", "2011-12-31": "96.15100", "2011-09-30": "83.67100", "2011-06-30": "115.51800", "2011-03-31": "129.66000", "2010-12-31": "190.11000", "2010-09-30": "134.33700", "2010-06-30": "130.34300", "2010-03-31": "164.61000", "2009-12-31": "21.13300", "2009-09-30": "83.78600", "2009-06-30": "14.76900", "2009-03-31": "-4.46000", "2008-12-31": "132.47600", "2008-09-30": "148.50800", "2008-06-30": "120.41000", "2008-03-31": "110.35500", "2007-12-31": "122.90400", "2007-09-30": "85.09900", "2007-06-30": "86.18000", "2007-03-31": "66.64700", "2006-12-31": "70.98200", "2006-09-30": "58.27400", "2006-06-30": "-1206.45600", "2006-03-31": "75.76300", "2005-12-31": "103.61000", "2005-09-30": "83.49600", "2005-06-30": "88.16000", "2005-03-31": "75.43500"}, "Income From Discontinued Operations": {"2020-12-31": "", "2020-09-30": "", "2020-06-30": "", "2020-03-31": "", "2019-12-31": "", "2019-09-30": "", "2019-06-30": "", "2019-03-31": "", "2018-12-31": "", "2018-09-30": "", "2018-06-30": "", "2018-03-31": "", "2017-12-31": "", "2017-09-30": "", "2017-06-30": "", "2017-03-31": "", "2016-12-31": "", "2016-09-30": "", "2016-06-30": "", "2016-03-31": "", "2015-12-31": "", "2015-09-30": "", "2015-06-30": "", "2015-03-31": "", "2014-12-31": "", "2014-09-30": "", "2014-06-30": "", "2014-03-31": "", "2013-12-31": "", "2013-09-30": "", "2013-06-30": "", "2013-03-31": "", "2012-12-31": "", "2012-09-30": "", "2012-06-30": "", "2012-03-31": "", "2011-12-31": "", "2011-09-30": "", "2011-06-30": "", "2011-03-31": "", "2010-12-31": "", "2010-09-30": "", "2010-06-30": "", "2010-03-31": "", "2009-12-31": "", "2009-09-30": "", "2009-06-30": "", "2009-03-31": "", "2008-12-31": "", "2008-09-30": "", "2008-06-30": "", "2008-03-31": "", "2007-12-31": "", "2007-09-30": "", "2007-06-30": "", "2007-03-31": "", "2006-12-31": "", "2006-09-30": "", "2006-06-30": "", "2006-03-31": "", "2005-12-31": "", "2005-09-30": "", "2005-06-30": "", "2005-03-31": ""}, "Net Income": {"2020-12-31": "30.80000", "2020-09-30": "145.40000", "2020-06-30": "61.20000", "2020-03-31": "20.40000", "2019-12-31": "168.40000", "2019-09-30": "99.30000", "2019-06-30": "46.20000", "2019-03-31": "31.10000", "2018-12-31": "192.20000", "2018-09-30": "223.80000", "2018-06-30": "116.50000", "2018-03-31": "34.40000", "2017-12-31": "-148.10000", "2017-09-30": "165.70000", "2017-06-30": "179.80000", "2017-03-31": "108.80000", "2016-12-31": "188.90000", "2016-09-30": "172.40000", "2016-06-30": "140.00000", "2016-03-31": "91.40000", "2015-12-31": "197.80000", "2015-09-30": "197.70000", "2015-06-30": "158.00000", "2015-03-31": "80.20000", "2014-12-31": "-769.60000", "2014-09-30": "103.60000", "2014-06-30": "221.10000", "2014-03-31": "110.60000", "2013-12-31": "151.80000", "2013-09-30": "99.10000", "2013-06-30": "97.90000", "2013-03-31": "91.00000", "2012-12-31": "95.70000", "2012-09-30": "16.80000", "2012-06-30": "57.70000", "2012-03-31": "16.30000", "2011-12-31": "96.12700", "2011-09-30": "83.66300", "2011-06-30": "115.56000", "2011-03-31": "129.75000", "2010-12-31": "190.23100", "2010-09-30": "134.54300", "2010-06-30": "130.51100", "2010-03-31": "163.11500", "2009-12-31": "22.90400", "2009-09-30": "83.78600", "2009-06-30": "14.76900", "2009-03-31": "-4.46000", "2008-12-31": "132.47600", "2008-09-30": "148.50800", "2008-06-30": "120.41000", "2008-03-31": "110.35500", "2007-12-31": "122.90400", "2007-09-30": "85.09900", "2007-06-30": "86.18000", "2007-03-31": "66.64700", "2006-12-31": "70.98200", "2006-09-30": "58.27400", "2006-06-30": "-1206.45600", "2006-03-31": "75.76300", "2005-12-31": "103.61000", "2005-09-30": "83.49600", "2005-06-30": "88.16000", "2005-03-31": "75.43500"}, "EBITDA": {"2020-12-31": "", "2020-09-30": "177.09990", "2020-06-30": "142.50010", "2020-03-31": "93.40000", "2019-12-31": "233.40000", "2019-09-30": "192.29990", "2019-06-30": "135.40000", "2019-03-31": "91.40000", "2018-12-31": "248.10010", "2018-09-30": "208.40000", "2018-06-30": "214.99990", "2018-03-31": "111.20000", "2017-12-31": "258.59990", "2017-09-30": "288.50000", "2017-06-30": "314.50010", "2017-03-31": "212.09990", "2016-12-31": "342.00010", "2016-09-30": "303.30000", "2016-06-30": "255.40010", "2016-03-31": "195.70000", "2015-12-31": "324.10000", "2015-09-30": "300.50000", "2015-06-30": "284.60000", "2015-03-31": "179.30000", "2014-12-31": "192.40050", "2014-09-30": "218.70000", "2014-06-30": "163.40000", "2014-03-31": "41.89990", "2013-12-31": "250.10030", "2013-09-30": "185.60000", "2013-06-30": "181.29990", "2013-03-31": "138.79990", "2012-12-31": "180.90010", "2012-09-30": "90.79990", "2012-06-30": "133.20000", "2012-03-31": "91.10000", "2011-12-31": "176.66610", "2011-09-30": "180.59900", "2011-06-30": "213.08400", "2011-03-31": "218.15110", "2010-12-31": "269.74800", "2010-09-30": "235.15400", "2010-06-30": "222.45700", "2010-03-31": "195.54100", "2009-12-31": "42.42220", "2009-09-30": "164.40300", "2009-06-30": "133.50900", "2009-03-31": "118.73400", "2008-12-31": "227.70430", "2008-09-30": "240.81490", "2008-06-30": "200.82500", "2008-03-31": "198.08300", "2007-12-31": "197.49610", "2007-09-30": "160.81900", "2007-06-30": "135.15700", "2007-03-31": "106.75600", "2006-12-31": "-1176.65500", "2006-09-30": "101.82510", "2006-06-30": "117.78390", "2006-03-31": "132.75400", "2005-12-31": "152.91800", "2005-09-30": "144.49200", "2005-06-30": "151.33400", "2005-03-31": "131.20600"}, "EBIT": {"2020-12-31": "98.10000", "2020-09-30": "125.09990", "2020-06-30": "90.50010", "2020-03-31": "39.40000", "2019-12-31": "178.60000", "2019-09-30": "138.49990", "2019-06-30": "82.40000", "2019-03-31": "42.70000", "2018-12-31": "196.80000", "2018-09-30": "160.10000", "2018-06-30": "159.79990", "2018-03-31": "55.50000", "2017-12-31": "202.70010", "2017-09-30": "230.90000", "2017-06-30": "258.20010", "2017-03-31": "156.29990", "2016-12-31": "287.20010", "2016-09-30": "250.00000", "2016-06-30": "203.80000", "2016-03-31": "148.70000", "2015-12-31": "279.10000", "2015-09-30": "258.00000", "2015-06-30": "243.10000", "2015-03-31": "131.80000", "2014-12-31": "-701.79970", "2014-09-30": "172.40000", "2014-06-30": "115.90000", "2014-03-31": "-6.20010", "2013-12-31": "195.40010", "2013-09-30": "145.00000", "2013-06-30": "138.49990", "2013-03-31": "86.99990", "2012-12-31": "130.90000", "2012-09-30": "42.79990", "2012-06-30": "86.70000", "2012-03-31": "47.70000", "2011-12-31": "133.16090", "2011-09-30": "137.02600", "2011-06-30": "170.92000", "2011-03-31": "177.39310", "2010-12-31": "226.81380", "2010-09-30": "195.53600", "2010-06-30": "184.97800", "2010-03-31": "160.27200", "2009-12-31": "5.85230", "2009-09-30": "127.95500", "2009-06-30": "95.69000", "2009-03-31": "81.19800", "2008-12-31": "189.87410", "2008-09-30": "201.95590", "2008-06-30": "160.45000", "2008-03-31": "142.69400", "2007-12-31": "147.58010", "2007-09-30": "112.76300", "2007-06-30": "86.22300", "2007-03-31": "60.49600", "2006-12-31": "62.35000", "2006-09-30": "57.74300", "2006-06-30": "-1208.80100", "2006-03-31": "90.92600", "2005-12-31": "113.73110", "2005-09-30": "107.95800", "2005-06-30": "118.42700", "2005-03-31": "100.93000"}, "Basic Shares Outstanding": {"2020-12-31": "328.70000", "2020-09-30": "330.90000", "2020-06-30": "331.00000", "2020-03-31": "330.80000", "2019-12-31": "343.20000", "2019-09-30": "342.20000", "2019-06-30": "346.30000", "2019-03-31": "348.10000", "2018-12-31": "349.00000", "2018-09-30": "346.20000", "2018-06-30": "349.00000", "2018-03-31": "355.30000", "2017-12-31": "377.70000", "2017-09-30": "378.30000", "2017-06-30": "380.40000", "2017-03-31": "380.90000", "2016-12-31": "381.70000", "2016-09-30": "381.00000", "2016-06-30": "382.80000", "2016-03-31": "383.20000", "2015-12-31": "390.60000", "2015-09-30": "382.80000", "2015-06-30": "389.90000", "2015-03-31": "407.10000", "2014-12-31": "457.40000", "2014-09-30": "448.40000", "2014-06-30": "470.30000", "2014-03-31": "486.20000", "2013-12-31": "501.80000", "2013-09-30": "501.50000", "2013-06-30": "503.00000", "2013-03-31": "504.70000", "2012-12-31": "520.90000", "2012-09-30": "521.20000", "2012-06-30": "527.80000", "2012-03-31": "527.20000", "2011-12-31": "529.80000", "2011-09-30": "529.28600", "2011-06-30": "532.90900", "2011-03-31": "530.78900", "2010-12-31": "522.40000", "2010-09-30": "520.58100", "2010-06-30": "524.46300", "2010-03-31": "521.14100", "2009-12-31": "523.60300", "2009-09-30": "523.87800", "2009-06-30": "523.10500", "2009-03-31": "524.42900", "2008-12-31": "530.33700", "2008-09-30": "540.98300", "2008-06-30": "528.96300", "2008-03-31": "523.67200", "2007-12-31": "537.76700", "2007-09-30": "515.65800", "2007-06-30": "544.22400", "2007-03-31": "569.40000", "2006-12-31": "567.45400", "2006-09-30": "568.56100", "2006-06-30": "566.09800", "2006-03-31": "565.92700", "2005-12-31": "554.22300", "2005-09-30": "561.77500", "2005-06-30": "546.66200", "2005-03-31": "542.65100"}, "Shares Outstanding": {"2020-12-31": "332.70000", "2020-09-30": "334.50000", "2020-06-30": "333.10000", "2020-03-31": "335.10000", "2019-12-31": "348.20000", "2019-09-30": "345.50000", "2019-06-30": "349.10000", "2019-03-31": "352.70000", "2018-12-31": "354.40000", "2018-09-30": "350.50000", "2018-06-30": "351.30000", "2018-03-31": "360.60000", "2017-12-31": "384.20000", "2017-09-30": "382.70000", "2017-06-30": "385.60000", "2017-03-31": "388.00000", "2016-12-31": "387.80000", "2016-09-30": "384.50000", "2016-06-30": "386.30000", "2016-03-31": "389.30000", "2015-12-31": "399.40000", "2015-09-30": "389.20000", "2015-06-30": "397.20000", "2015-03-31": "414.20000", "2014-12-31": "457.40000", "2014-09-30": "454.80000", "2014-06-30": "476.50000", "2014-03-31": "496.50000", "2013-12-31": "510.30000", "2013-09-30": "508.60000", "2013-06-30": "506.30000", "2013-03-31": "512.70000", "2012-12-31": "526.20000", "2012-09-30": "524.50000", "2012-06-30": "531.80000", "2012-03-31": "533.70000", "2011-12-31": "541.40000", "2011-09-30": "536.58300", "2011-06-30": "546.45200", "2011-03-31": "548.82500", "2010-12-31": "538.80000", "2010-09-30": "534.88000", "2010-06-30": "538.94700", "2010-03-31": "536.71800", "2009-12-31": "534.01500", "2009-09-30": "538.13200", "2009-06-30": "532.85000", "2009-03-31": "524.42900", "2008-12-31": "551.43300", "2008-09-30": "554.35000", "2008-06-30": "559.32800", "2008-03-31": "560.40700", "2007-12-31": "579.14500", "2007-09-30": "561.40100", "2007-06-30": "580.73600", "2007-03-31": "604.90500", "2006-12-31": "567.45400", "2006-09-30": "599.62600", "2006-06-30": "566.09800", "2006-03-31": "603.58900", "2005-12-31": "600.18900", "2005-09-30": "606.32700", "2005-06-30": "592.23100", "2005-03-31": "587.65900"}, "Basic EPS": {"2020-12-31": "0.09000", "2020-09-30": "0.44000", "2020-06-30": "0.18000", "2020-03-31": "0.06000", "2019-12-31": "0.50000", "2019-09-30": "0.29000", "2019-06-30": "0.13000", "2019-03-31": "0.09000", "2018-12-31": "0.54000", "2018-09-30": "0.65000", "2018-06-30": "0.33000", "2018-03-31": "0.10000", "2017-12-31": "-0.39000", "2017-09-30": "0.44000", "2017-06-30": "0.47000", "2017-03-31": "0.29000", "2016-12-31": "0.49000", "2016-09-30": "0.45000", "2016-06-30": "0.37000", "2016-03-31": "0.24000", "2015-12-31": "0.49000", "2015-09-30": "0.52000", "2015-06-30": "0.41000", "2015-03-31": "0.20000", "2014-12-31": "-1.66000", "2014-09-30": "0.23000", "2014-06-30": "0.47000", "2014-03-31": "0.23000", "2013-12-31": "0.31000", "2013-09-30": "0.20000", "2013-06-30": "0.19000", "2013-03-31": "0.18000", "2012-12-31": "0.19000", "2012-09-30": "0.03000", "2012-06-30": "0.11000", "2012-03-31": "0.03000", "2011-12-31": "0.18000", "2011-09-30": "0.16000", "2011-06-30": "0.22000", "2011-03-31": "0.24000", "2010-12-31": "0.36000", "2010-09-30": "0.26000", "2010-06-30": "0.25000", "2010-03-31": "0.31000", "2009-12-31": "0.04000", "2009-09-30": "0.16000", "2009-06-30": "0.03000", "2009-03-31": "-0.01000", "2008-12-31": "0.25000", "2008-09-30": "0.27000", "2008-06-30": "0.23000", "2008-03-31": "0.21000", "2007-12-31": "0.22000", "2007-09-30": "0.17000", "2007-06-30": "0.16000", "2007-03-31": "0.12000", "2006-12-31": "0.14000", "2006-09-30": "0.10000", "2006-06-30": "-2.13000", "2006-03-31": "0.13000", "2005-12-31": "0.18000", "2005-09-30": "0.15000", "2005-06-30": "0.16000", "2005-03-31": "0.14000"}, "EPS - Earnings Per Share": {"2020-12-31": "0.09000", "2020-09-30": "0.43000", "2020-06-30": "0.18000", "2020-03-31": "0.06000", "2019-12-31": "0.48000", "2019-09-30": "0.29000", "2019-06-30": "0.13000", "2019-03-31": "0.09000", "2018-12-31": "0.53000", "2018-09-30": "0.64000", "2018-06-30": "0.33000", "2018-03-31": "0.10000", "2017-12-31": "-0.38000", "2017-09-30": "0.43000", "2017-06-30": "0.47000", "2017-03-31": "0.28000", "2016-12-31": "0.49000", "2016-09-30": "0.45000", "2016-06-30": "0.36000", "2016-03-31": "0.23000", "2015-12-31": "0.49000", "2015-09-30": "0.51000", "2015-06-30": "0.40000", "2015-03-31": "0.19000", "2014-12-31": "-1.64000", "2014-09-30": "0.23000", "2014-06-30": "0.46000", "2014-03-31": "0.22000", "2013-12-31": "0.30000", "2013-09-30": "0.19000", "2013-06-30": "0.19000", "2013-03-31": "0.18000", "2012-12-31": "0.18000", "2012-09-30": "0.03000", "2012-06-30": "0.11000", "2012-03-31": "0.03000", "2011-12-31": "0.18000", "2011-09-30": "0.16000", "2011-06-30": "0.21000", "2011-03-31": "0.24000", "2010-12-31": "0.36000", "2010-09-30": "0.25000", "2010-06-30": "0.24000", "2010-03-31": "0.30000", "2009-12-31": "0.04000", "2009-09-30": "0.16000", "2009-06-30": "0.03000", "2009-03-31": "-0.01000", "2008-12-31": "0.24000", "2008-09-30": "0.27000", "2008-06-30": "0.22000", "2008-03-31": "0.20000", "2007-12-31": "0.21000", "2007-09-30": "0.15000", "2007-06-30": "0.15000", "2007-03-31": "0.11000", "2006-12-31": "0.14000", "2006-09-30": "0.10000", "2006-06-30": "-2.13000", "2006-03-31": "0.13000", "2005-12-31": "0.16000", "2005-09-30": "0.14000", "2005-06-30": "0.15000", "2005-03-31": "0.13000"}}, "balance sheet": {"Cash On Hand": {"2020-12-31": "1774.00000", "2019-12-31": "1953.80000", "2018-12-31": "3559.10000", "2017-12-31": "3032.60000", "2016-12-31": "2585.50000", "2015-12-31": "1948.00000", "2014-12-31": "1971.80000", "2013-12-31": "2845.90000", "2012-12-31": "2849.30000", "2011-12-31": "3551.70000", "2010-12-31": "2286.40100", "2009-12-31": "2175.24500", "2008-12-31": "2191.98000", "2007-12-31": "1956.46500", "2006-12-31": "2040.24300", "2005-12-31": "1428.76500"}, "Receivables": {"2020-12-31": "964.10000", "2019-12-31": "879.70000", "2018-12-31": "754.60000", "2017-12-31": "852.00000", "2016-12-31": "1054.10000", "2015-12-31": "780.70000", "2014-12-31": "598.90000", "2013-12-31": "578.30000", "2012-12-31": "438.40000", "2011-12-31": "577.40000", "2010-12-31": "596.62200", "2009-12-31": "458.65200", "2008-12-31": "429.97000", "2007-12-31": "379.75900", "2006-12-31": "249.44500", "2005-12-31": "268.90700"}, "Inventory": {"2020-12-31": "", "2019-12-31": "", "2018-12-31": "", "2017-12-31": "", "2016-12-31": "", "2015-12-31": "", "2014-12-31": "", "2013-12-31": "", "2012-12-31": "", "2011-12-31": "", "2010-12-31": "", "2009-12-31": "", "2008-12-31": "", "2007-12-31": "", "2006-12-31": "", "2005-12-31": ""}, "Pre-Paid Expenses": {"2020-12-31": "533.10000", "2019-12-31": "376.30000", "2018-12-31": "268.10000", "2017-12-31": "299.90000", "2016-12-31": "332.30000", "2015-12-31": "183.70000", "2014-12-31": "239.90000", "2013-12-31": "199.90000", "2012-12-31": "140.40000", "2011-12-31": "156.30000", "2010-12-31": "169.81200", "2009-12-31": "48.74400", "2008-12-31": "49.02600", "2007-12-31": "47.29300", "2006-12-31": "52.12900", "2005-12-31": "46.67600"}, "Other Current Assets": {"2020-12-31": "", "2019-12-31": "", "2018-12-31": "", "2017-12-31": "", "2016-12-31": "", "2015-12-31": "", "2014-12-31": "", "2013-12-31": "", "2012-12-31": "", "2011-12-31": "", "2010-12-31": "", "2009-12-31": "", "2008-12-31": "", "2007-12-31": "", "2006-12-31": "", "2005-12-31": ""}, "Total Current Assets": {"2020-12-31": "3271.20000", "2019-12-31": "3209.80000", "2018-12-31": "4581.80000", "2017-12-31": "4184.50000", "2016-12-31": "3971.90000", "2015-12-31": "2912.40000", "2014-12-31": "2810.60000", "2013-12-31": "3703.90000", "2012-12-31": "3600.70000", "2011-12-31": "4439.70000", "2010-12-31": "3214.37000", "2009-12-31": "2878.95900", "2008-12-31": "2816.20600", "2007-12-31": "2555.11500", "2006-12-31": "2521.80600", "2005-12-31": "1888.78700"}, "Property, Plant, And Equipment": {"2020-12-31": "762.30000", "2019-12-31": "830.90000", "2018-12-31": "951.70000", "2017-12-31": "1021.10000", "2016-12-31": "1063.80000", "2015-12-31": "1021.00000", "2014-12-31": "904.30000", "2013-12-31": "882.30000", "2012-12-31": "811.90000", "2011-12-31": "598.60000", "2010-12-31": "493.88100", "2009-12-31": "455.65100", "2008-12-31": "436.43300", "2007-12-31": "401.81800", "2006-12-31": "349.93000", "2005-12-31": "319.88500"}, "Long-Term Investments": {"2020-12-31": "656.60000", "2019-12-31": "589.80000", "2018-12-31": "199.00000", "2017-12-31": "988.40000", "2016-12-31": "1071.80000", "2015-12-31": "1244.20000", "2014-12-31": "1133.10000", "2013-12-31": "1251.90000", "2012-12-31": "988.10000", "2011-12-31": "740.70000", "2010-12-31": "535.17800", "2009-12-31": "483.50500", "2008-12-31": "101.41500", "2007-12-31": "59.32900", "2006-12-31": "574.06100", "2005-12-31": "618.34200"}, "Goodwill And Intangible Assets": {"2020-12-31": "3936.30000", "2019-12-31": "3522.90000", "2018-12-31": "3227.30000", "2017-12-31": "3224.30000", "2016-12-31": "3211.90000", "2015-12-31": "3015.20000", "2014-12-31": "3043.90000", "2013-12-31": "4164.60000", "2012-12-31": "4186.70000", "2011-12-31": "4051.20000", "2010-12-31": "4049.61000", "2009-12-31": "3672.43600", "2008-12-31": "3687.46300", "2007-12-31": "3736.44600", "2006-12-31": "3793.85400", "2005-12-31": "5149.62100"}, "Other Long-Term Assets": {"2020-12-31": "567.30000", "2019-12-31": "514.60000", "2018-12-31": "403.50000", "2017-12-31": "415.50000", "2016-12-31": "337.10000", "2015-12-31": "415.10000", "2014-12-31": "389.50000", "2013-12-31": "323.30000", "2012-12-31": "244.70000", "2011-12-31": "153.60000", "2010-12-31": "174.81200", "2009-12-31": "89.15700", "2008-12-31": "74.74500", "2007-12-31": "73.67300", "2006-12-31": "77.24500", "2005-12-31": "95.74000"}, "Total Long-Term Assets": {"2020-12-31": "6107.10000", "2019-12-31": "5627.90000", "2018-12-31": "4781.50000", "2017-12-31": "5649.30000", "2016-12-31": "5684.60000", "2015-12-31": "5695.50000", "2014-12-31": "5470.80000", "2013-12-31": "6622.10000", "2012-12-31": "6231.40000", "2011-12-31": "5544.10000", "2010-12-31": "5253.48100", "2009-12-31": "4711.30400", "2008-12-31": "4371.13500", "2007-12-31": "4330.29100", "2006-12-31": "4846.58900", "2005-12-31": "6294.82400"}, "Total Assets": {"2020-12-31": "9378.30000", "2019-12-31": "8837.70000", "2018-12-31": "9363.30000", "2017-12-31": "9833.80000", "2016-12-31": "9656.50000", "2015-12-31": "8607.90000", "2014-12-31": "8281.40000", "2013-12-31": "10326.00000", "2012-12-31": "9832.10000", "2011-12-31": "9983.80000", "2010-12-31": "8467.85100", "2009-12-31": "7590.26300", "2008-12-31": "7187.34100", "2007-12-31": "6885.40600", "2006-12-31": "7368.39500", "2005-12-31": "8183.61100"}, "Total Current Liabilities": {"2020-12-31": "2161.10000", "2019-12-31": "1543.90000", "2018-12-31": "1842.50000", "2017-12-31": "1738.20000", "2016-12-31": "1735.90000", "2015-12-31": "1801.90000", "2014-12-31": "1513.40000", "2013-12-31": "1441.40000", "2012-12-31": "1422.00000", "2011-12-31": "1466.70000", "2010-12-31": "1471.97600", "2009-12-31": "1375.78500", "2008-12-31": "1056.61000", "2007-12-31": "1379.84300", "2006-12-31": "762.61700", "2005-12-31": "627.40100"}, "Long Term Debt": {"2020-12-31": "1705.80000", "2019-12-31": "1683.90000", "2018-12-31": "1789.10000", "2017-12-31": "2136.30000", "2016-12-31": "2133.70000", "2015-12-31": "1637.50000", "2014-12-31": "1349.00000", "2013-12-31": "999.30000", "2012-12-31": "999.20000", "2011-12-31": "999.00000", "2010-12-31": "", "2009-12-31": "", "2008-12-31": "", "2007-12-31": "", "2006-12-31": "399.94400", "2005-12-31": "399.95900"}, "Other Non-Current Liabilities": {"2020-12-31": "385.90000", "2019-12-31": "430.70000", "2018-12-31": "524.20000", "2017-12-31": "769.40000", "2016-12-31": "375.30000", "2015-12-31": "248.90000", "2014-12-31": "205.00000", "2013-12-31": "219.60000", "2012-12-31": "181.50000", "2011-12-31": "174.00000", "2010-12-31": "162.91000", "2009-12-31": "207.77600", "2008-12-31": "98.81200", "2007-12-31": "64.01300", "2006-12-31": "17.42400", "2005-12-31": "28.68700"}, "Total Long Term Liabilities": {"2020-12-31": "2673.70000", "2019-12-31": "2683.20000", "2018-12-31": "2697.60000", "2017-12-31": "3414.70000", "2016-12-31": "2958.10000", "2015-12-31": "2231.60000", "2014-12-31": "1848.90000", "2013-12-31": "1582.40000", "2012-12-31": "1410.60000", "2011-12-31": "1427.40000", "2010-12-31": "387.07500", "2009-12-31": "389.71300", "2008-12-31": "229.32600", "2007-12-31": "151.70300", "2006-12-31": "490.69400", "2005-12-31": "467.97600"}, "Total Liabilities": {"2020-12-31": "4834.80000", "2019-12-31": "4227.10000", "2018-12-31": "4540.10000", "2017-12-31": "5152.90000", "2016-12-31": "4694.00000", "2015-12-31": "4033.50000", "2014-12-31": "3362.30000", "2013-12-31": "3023.80000", "2012-12-31": "2832.60000", "2011-12-31": "2894.10000", "2010-12-31": "1859.05100", "2009-12-31": "1765.49800", "2008-12-31": "1285.93600", "2007-12-31": "1531.54600", "2006-12-31": "1253.31100", "2005-12-31": "1095.37700"}, "Common Stock Net": {"2020-12-31": "", "2019-12-31": "", "2018-12-31": "", "2017-12-31": "", "2016-12-31": "", "2015-12-31": "", "2014-12-31": "", "2013-12-31": "0.00000", "2012-12-31": "", "2011-12-31": "0.00000", "2010-12-31": "0.00500", "2009-12-31": "0.00500", "2008-12-31": "0.00500", "2007-12-31": "0.00500", "2006-12-31": "0.00600", "2005-12-31": "0.00600"}, "Retained Earnings (Accumulated Deficit)": {"2020-12-31": "", "2019-12-31": "-2741.40000", "2018-12-31": "-2831.40000", "2017-12-31": "-3355.80000", "2016-12-31": "-3281.80000", "2015-12-31": "-3741.20000", "2014-12-31": "-3861.10000", "2013-12-31": "-2631.30000", "2012-12-31": "-2911.40000", "2011-12-31": "-2972.40000", "2010-12-31": "-3108.33700", "2009-12-31": "-3236.52500", "2008-12-31": "-2905.85200", "2007-12-31": "-2813.32800", "2006-12-31": "-1532.23500", "2005-12-31": "-344.41000"}, "Comprehensive Income": {"2020-12-31": "", "2019-12-31": "-18.50000", "2018-12-31": "-18.20000", "2017-12-31": "-5.40000", "2016-12-31": "-37.30000", "2015-12-31": "-19.20000", "2014-12-31": "-13.80000", "2013-12-31": "64.60000", "2012-12-31": "4.70000", "2011-12-31": "-17.60000", "2010-12-31": "-1.25100", "2009-12-31": "-1.43300", "2008-12-31": "-4.24500", "2007-12-31": "12.25100", "2006-12-31": "1.26600", "2005-12-31": "-8.32400"}, "Other Share Holders Equity": {"2020-12-31": "", "2019-12-31": "", "2018-12-31": "", "2017-12-31": "", "2016-12-31": "", "2015-12-31": "", "2014-12-31": "", "2013-12-31": "", "2012-12-31": "", "2011-12-31": "", "2010-12-31": "", "2009-12-31": "", "2008-12-31": "", "2007-12-31": "", "2006-12-31": "", "2005-12-31": ""}, "Share Holder Equity": {"2020-12-31": "4543.50000", "2019-12-31": "4610.60000", "2018-12-31": "4823.20000", "2017-12-31": "4680.90000", "2016-12-31": "4962.50000", "2015-12-31": "4574.40000", "2014-12-31": "4919.10000", "2013-12-31": "7302.20000", "2012-12-31": "6999.50000", "2011-12-31": "7089.70000", "2010-12-31": "6608.80000", "2009-12-31": "5824.76500", "2008-12-31": "5901.40500", "2007-12-31": "5353.86000", "2006-12-31": "6115.08400", "2005-12-31": "7088.23400"}, "Total Liabilities And Share Holders Equity": {"2020-12-31": "9378.30000", "2019-12-31": "8837.70000", "2018-12-31": "9363.30000", "2017-12-31": "9833.80000", "2016-12-31": "9656.50000", "2015-12-31": "8607.90000", "2014-12-31": "8281.40000", "2013-12-31": "10326.00000", "2012-12-31": "9832.10000", "2011-12-31": "9983.80000", "2010-12-31": "8467.85100", "2009-12-31": "7590.26300", "2008-12-31": "7187.34100", "2007-12-31": "6885.40600", "2006-12-31": "7368.39500", "2005-12-31": "8183.61100"}}, "balance sheet, quarterly": {"Cash On Hand": {"2020-12-31": "1774.00000", "2020-09-30": "1840.80000", "2020-06-30": "1857.90000", "2020-03-31": "1921.60000", "2019-12-31": "1953.80000", "2019-09-30": "2245.60000", "2019-06-30": "2800.20000", "2019-03-31": "3383.00000", "2018-12-31": "3559.10000", "2018-09-30": "3389.00000", "2018-06-30": "3122.70000", "2018-03-31": "2931.90000", "2017-12-31": "3032.60000", "2017-09-30": "3285.70000", "2017-06-30": "3145.20000", "2017-03-31": "2984.30000", "2016-12-31": "2585.50000", "2016-09-30": "2321.70000", "2016-06-30": "2344.00000", "2016-03-31": "2245.40000", "2015-12-31": "1948.00000", "2015-09-30": "1983.40000", "2015-06-30": "1848.00000", "2015-03-31": "2209.00000", "2014-12-31": "1971.80000", "2014-09-30": "1915.40000", "2014-06-30": "2620.30000", "2014-03-31": "2957.50000", "2013-12-31": "2845.90000", "2013-09-30": "2845.20000", "2013-06-30": "2792.80000", "2013-03-31": "2656.80000", "2012-12-31": "2849.30000", "2012-09-30": "3147.21800", "2012-06-30": "3438.81700", "2012-03-31": "3430.49800", "2011-12-31": "3551.70000", "2011-09-30": "3354.84500", "2011-06-30": "3469.84700", "2011-03-31": "3437.94000", "2010-12-31": "2286.40100", "2010-09-30": "2099.43700", "2010-06-30": "2223.40100", "2010-03-31": "2316.62800", "2009-12-31": "2175.24500", "2009-09-30": "2067.57600", "2009-06-30": "1978.10600", "2009-03-31": "2217.59900", "2008-12-31": "2191.98000", "2008-09-30": "2020.93700", "2008-06-30": "2303.65300", "2008-03-31": "2184.18900", "2007-12-31": "1956.46500", "2007-09-30": "1622.23800", "2007-06-30": "1203.02600", "2007-03-31": "2464.56400", "2006-12-31": "2040.24300", "2006-09-30": "1847.57300", "2006-06-30": "1635.95900", "2006-03-31": "1414.90100", "2005-12-31": "1428.76500", "2005-09-30": "1386.12000", "2005-06-30": "1302.52600", "2005-03-31": "1254.84900"}, "Receivables": {"2020-12-31": "964.10000", "2020-09-30": "754.00000", "2020-06-30": "754.70000", "2020-03-31": "675.10000", "2019-12-31": "879.70000", "2019-09-30": "635.80000", "2019-06-30": "659.40000", "2019-03-31": "645.40000", "2018-12-31": "754.60000", "2018-09-30": "648.30000", "2018-06-30": "702.20000", "2018-03-31": "679.90000", "2017-12-31": "852.00000", "2017-09-30": "724.30000", "2017-06-30": "750.40000", "2017-03-31": "670.90000", "2016-12-31": "1054.10000", "2016-09-30": "753.60000", "2016-06-30": "750.30000", "2016-03-31": "783.90000", "2015-12-31": "780.70000", "2015-09-30": "577.50000", "2015-06-30": "533.00000", "2015-03-31": "507.60000", "2014-12-31": "598.90000", "2014-09-30": "617.00000", "2014-06-30": "560.80000", "2014-03-31": "597.90000", "2013-12-31": "578.30000", "2013-09-30": "549.30000", "2013-06-30": "509.10000", "2013-03-31": "532.60000", "2012-12-31": "438.40000", "2012-09-30": "397.08200", "2012-06-30": "406.75600", "2012-03-31": "450.98700", "2011-12-31": "577.40000", "2011-09-30": "444.00000", "2011-06-30": "488.03700", "2011-03-31": "471.01200", "2010-12-31": "596.62200", "2010-09-30": "473.95300", "2010-06-30": "391.54500", "2010-03-31": "402.93400", "2009-12-31": "458.65200", "2009-09-30": "373.24100", "2009-06-30": "429.13000", "2009-03-31": "361.95800", "2008-12-31": "429.97000", "2008-09-30": "368.60400", "2008-06-30": "423.79100", "2008-03-31": "369.05700", "2007-12-31": "379.75900", "2007-09-30": "279.53000", "2007-06-30": "258.83800", "2007-03-31": "257.83800", "2006-12-31": "249.44500", "2006-09-30": "285.45900", "2006-06-30": "250.81800", "2006-03-31": "304.75000", "2005-12-31": "268.90700", "2005-09-30": "240.88800", "2005-06-30": "205.36600", "2005-03-31": "184.78900"}, "Inventory": {"2020-12-31": "", "2020-09-30": "", "2020-06-30": "", "2020-03-31": "", "2019-12-31": "", "2019-09-30": "", "2019-06-30": "", "2019-03-31": "", "2018-12-31": "", "2018-09-30": "", "2018-06-30": "", "2018-03-31": "", "2017-12-31": "", "2017-09-30": "", "2017-06-30": "", "2017-03-31": "", "2016-12-31": "", "2016-09-30": "", "2016-06-30": "", "2016-03-31": "", "2015-12-31": "", "2015-09-30": "", "2015-06-30": "", "2015-03-31": "", "2014-12-31": "", "2014-09-30": "", "2014-06-30": "", "2014-03-31": "", "2013-12-31": "", "2013-09-30": "", "2013-06-30": "", "2013-03-31": "", "2012-12-31": "", "2012-09-30": "", "2012-06-30": "", "2012-03-31": "", "2011-12-31": "", "2011-09-30": "", "2011-06-30": "", "2011-03-31": "", "2010-12-31": "", "2010-09-30": "", "2010-06-30": "", "2010-03-31": "", "2009-12-31": "", "2009-09-30": "", "2009-06-30": "", "2009-03-31": "", "2008-12-31": "", "2008-09-30": "", "2008-06-30": "", "2008-03-31": "", "2007-12-31": "", "2007-09-30": "", "2007-06-30": "", "2007-03-31": "", "2006-12-31": "", "2006-09-30": "", "2006-06-30": "", "2006-03-31": "", "2005-12-31": "", "2005-09-30": "", "2005-06-30": "", "2005-03-31": ""}, "Pre-Paid Expenses": {"2020-12-31": "533.10000", "2020-09-30": "443.70000", "2020-06-30": "388.60000", "2020-03-31": "376.00000", "2019-12-31": "376.30000", "2019-09-30": "306.10000", "2019-06-30": "299.00000", "2019-03-31": "281.20000", "2018-12-31": "268.10000", "2018-09-30": "253.40000", "2018-06-30": "279.70000", "2018-03-31": "308.90000", "2017-12-31": "299.90000", "2017-09-30": "273.30000", "2017-06-30": "249.50000", "2017-03-31": "338.60000", "2016-12-31": "332.30000", "2016-09-30": "354.10000", "2016-06-30": "359.50000", "2016-03-31": "244.90000", "2015-12-31": "183.70000", "2015-09-30": "138.80000", "2015-06-30": "207.60000", "2015-03-31": "236.90000", "2014-12-31": "239.90000", "2014-09-30": "206.50000", "2014-06-30": "165.20000", "2014-03-31": "184.00000", "2013-12-31": "199.90000", "2013-09-30": "156.50000", "2013-06-30": "210.90000", "2013-03-31": "199.20000", "2012-12-31": "140.40000", "2012-09-30": "168.62500", "2012-06-30": "206.77100", "2012-03-31": "181.31900", "2011-12-31": "156.30000", "2011-09-30": "165.19600", "2011-06-30": "175.20100", "2011-03-31": "235.44300", "2010-12-31": "169.81200", "2010-09-30": "111.46600", "2010-06-30": "59.56800", "2010-03-31": "67.85800", "2009-12-31": "48.74400", "2009-09-30": "52.72400", "2009-06-30": "49.58700", "2009-03-31": "40.97500", "2008-12-31": "49.02600", "2008-09-30": "40.74100", "2008-06-30": "42.05600", "2008-03-31": "34.80400", "2007-12-31": "47.29300", "2007-09-30": "53.16400", "2007-06-30": "49.57000", "2007-03-31": "48.15100", "2006-12-31": "52.12900", "2006-09-30": "37.93700", "2006-06-30": "42.43200", "2006-03-31": "41.38200", "2005-12-31": "46.67600", "2005-09-30": "114.43500", "2005-06-30": "106.54000", "2005-03-31": "114.96200"}, "Other Current Assets": {"2020-12-31": "", "2020-09-30": "", "2020-06-30": "", "2020-03-31": "", "2019-12-31": "", "2019-09-30": "", "2019-06-30": "", "2019-03-31": "", "2018-12-31": "", "2018-09-30": "", "2018-06-30": "", "2018-03-31": "", "2017-12-31": "", "2017-09-30": "", "2017-06-30": "", "2017-03-31": "", "2016-12-31": "", "2016-09-30": "", "2016-06-30": "", "2016-03-31": "", "2015-12-31": "", "2015-09-30": "", "2015-06-30": "", "2015-03-31": "", "2014-12-31": "", "2014-09-30": "166.90000", "2014-06-30": "", "2014-03-31": "", "2013-12-31": "", "2013-09-30": "", "2013-06-30": "", "2013-03-31": "", "2012-12-31": "", "2012-09-30": "", "2012-06-30": "", "2012-03-31": "", "2011-12-31": "", "2011-09-30": "", "2011-06-30": "", "2011-03-31": "", "2010-12-31": "", "2010-09-30": "", "2010-06-30": "", "2010-03-31": "", "2009-12-31": "", "2009-09-30": "", "2009-06-30": "", "2009-03-31": "", "2008-12-31": "", "2008-09-30": "", "2008-06-30": "", "2008-03-31": "", "2007-12-31": "", "2007-09-30": "", "2007-06-30": "", "2007-03-31": "", "2006-12-31": "", "2006-09-30": "", "2006-06-30": "", "2006-03-31": "", "2005-12-31": "", "2005-09-30": "", "2005-06-30": "", "2005-03-31": ""}, "Total Current Assets": {"2020-12-31": "3271.20000", "2020-09-30": "3038.50000", "2020-06-30": "3001.20000", "2020-03-31": "2972.70000", "2019-12-31": "3209.80000", "2019-09-30": "3187.50000", "2019-06-30": "3758.60000", "2019-03-31": "4309.60000", "2018-12-31": "4581.80000", "2018-09-30": "4290.70000", "2018-06-30": "4104.60000", "2018-03-31": "3920.70000", "2017-12-31": "4184.50000", "2017-09-30": "4283.30000", "2017-06-30": "4145.10000", "2017-03-31": "3993.80000", "2016-12-31": "3971.90000", "2016-09-30": "3429.40000", "2016-06-30": "3453.80000", "2016-03-31": "3274.20000", "2015-12-31": "2912.40000", "2015-09-30": "2898.10000", "2015-06-30": "2726.90000", "2015-03-31": "3101.70000", "2014-12-31": "2810.60000", "2014-09-30": "3063.30000", "2014-06-30": "3497.70000", "2014-03-31": "3879.80000", "2013-12-31": "3703.90000", "2013-09-30": "3680.40000", "2013-06-30": "3654.10000", "2013-03-31": "3540.00000", "2012-12-31": "3600.70000", "2012-09-30": "3942.29900", "2012-06-30": "4229.75600", "2012-03-31": "4231.01800", "2011-12-31": "4439.70000", "2011-09-30": "4131.59000", "2011-06-30": "4285.94300", "2011-03-31": "4304.42700", "2010-12-31": "3214.37000", "2010-09-30": "2866.81100", "2010-06-30": "2899.30600", "2010-03-31": "2996.98000", "2009-12-31": "2878.95900", "2009-09-30": "2653.77100", "2009-06-30": "2595.14900", "2009-03-31": "2757.81500", "2008-12-31": "2816.20600", "2008-09-30": "2602.29100", "2008-06-30": "2943.78400", "2008-03-31": "2766.76200", "2007-12-31": "2555.11500", "2007-09-30": "2104.91700", "2007-06-30": "1670.28600", "2007-03-31": "2937.32400", "2006-12-31": "2521.80600", "2006-09-30": "2294.94100", "2006-06-30": "2057.04900", "2006-03-31": "1853.57200", "2005-12-31": "1888.78700", "2005-09-30": "1741.44300", "2005-06-30": "1614.43200", "2005-03-31": "1554.60000"}, "Property, Plant, And Equipment": {"2020-12-31": "762.30000", "2020-09-30": "768.60000", "2020-06-30": "781.60000", "2020-03-31": "802.90000", "2019-12-31": "830.90000", "2019-09-30": "848.70000", "2019-06-30": "870.00000", "2019-03-31": "892.40000", "2018-12-31": "951.70000", "2018-09-30": "967.60000", "2018-06-30": "987.10000", "2018-03-31": "1013.80000", "2017-12-31": "1021.10000", "2017-09-30": "1007.50000", "2017-06-30": "1026.20000", "2017-03-31": "1050.40000", "2016-12-31": "1063.80000", "2016-09-30": "1067.00000", "2016-06-30": "1066.60000", "2016-03-31": "1047.30000", "2015-12-31": "1021.00000", "2015-09-30": "959.90000", "2015-06-30": "921.20000", "2015-03-31": "912.20000", "2014-12-31": "904.30000", "2014-09-30": "888.80000", "2014-06-30": "889.90000", "2014-03-31": "905.70000", "2013-12-31": "882.30000", "2013-09-30": "868.20000", "2013-06-30": "855.30000", "2013-03-31": "839.00000", "2012-12-31": "811.90000", "2012-09-30": "768.53000", "2012-06-30": "711.95300", "2012-03-31": "647.41400", "2011-12-31": "598.60000", "2011-09-30": "576.41500", "2011-06-30": "544.38900", "2011-03-31": "516.44500", "2010-12-31": "493.88100", "2010-09-30": "484.80200", "2010-06-30": "466.17200", "2010-03-31": "457.95700", "2009-12-31": "455.65100", "2009-09-30": "449.81400", "2009-06-30": "448.29600", "2009-03-31": "435.22800", "2008-12-31": "436.43300", "2008-09-30": "427.21100", "2008-06-30": "422.42900", "2008-03-31": "407.59100", "2007-12-31": "401.81800", "2007-09-30": "389.66100", "2007-06-30": "380.04100", "2007-03-31": "360.66500", "2006-12-31": "349.93000", "2006-09-30": "335.83000", "2006-06-30": "328.95300", "2006-03-31": "321.38800", "2005-12-31": "319.88500", "2005-09-30": "296.23400", "2005-06-30": "291.70500", "2005-03-31": "286.43800"}, "Long-Term Investments": {"2020-12-31": "656.60000", "2020-09-30": "720.40000", "2020-06-30": "712.40000", "2020-03-31": "608.30000", "2019-12-31": "589.80000", "2019-09-30": "581.10000", "2019-06-30": "74.80000", "2019-03-31": "119.70000", "2018-12-31": "199.00000", "2018-09-30": "259.00000", "2018-06-30": "407.80000", "2018-03-31": "516.50000", "2017-12-31": "988.40000", "2017-09-30": "913.60000", "2017-06-30": "1069.40000", "2017-03-31": "1059.40000", "2016-12-31": "1071.80000", "2016-09-30": "1158.40000", "2016-06-30": "1147.10000", "2016-03-31": "1171.40000", "2015-12-31": "1244.20000", "2015-09-30": "1263.60000", "2015-06-30": "1228.30000", "2015-03-31": "1241.60000", "2014-12-31": "1133.10000", "2014-09-30": "1405.60000", "2014-06-30": "1340.10000", "2014-03-31": "521.20000", "2013-12-31": "1251.90000", "2013-09-30": "1188.60000", "2013-06-30": "1026.40000", "2013-03-31": "1015.20000", "2012-12-31": "988.10000", "2012-09-30": "900.76900", "2012-06-30": "832.96600", "2012-03-31": "785.28500", "2011-12-31": "740.70000", "2011-09-30": "775.45700", "2011-06-30": "750.60300", "2011-03-31": "645.60900", "2010-12-31": "535.17800", "2010-09-30": "599.03600", "2010-06-30": "512.81700", "2010-03-31": "450.45000", "2009-12-31": "483.50500", "2009-09-30": "531.50900", "2009-06-30": "420.49800", "2009-03-31": "89.98300", "2008-12-31": "101.41500", "2008-09-30": "110.74400", "2008-06-30": "45.17700", "2008-03-31": "42.89400", "2007-12-31": "59.32900", "2007-09-30": "130.10100", "2007-06-30": "173.01700", "2007-03-31": "259.36400", "2006-12-31": "574.06100", "2006-09-30": "566.47500", "2006-06-30": "611.66300", "2006-03-31": "623.26900", "2005-12-31": "618.34200", "2005-09-30": "598.96900", "2005-06-30": "580.12400", "2005-03-31": "603.65500"}, "Goodwill And Intangible Assets": {"2020-12-31": "3936.30000", "2020-09-30": "3489.00000", "2020-06-30": "3498.40000", "2020-03-31": "3507.80000", "2019-12-31": "3522.90000", "2019-09-30": "3534.00000", "2019-06-30": "3543.90000", "2019-03-31": "3222.80000", "2018-12-31": "3227.30000", "2018-09-30": "3209.30000", "2018-06-30": "3215.50000", "2018-03-31": "3220.00000", "2017-12-31": "3224.30000", "2017-09-30": "3229.20000", "2017-06-30": "3201.10000", "2017-03-31": "3205.30000", "2016-12-31": "3211.90000", "2016-09-30": "3161.60000", "2016-06-30": "3070.70000", "2016-03-31": "3011.90000", "2015-12-31": "3015.20000", "2015-09-30": "3020.50000", "2015-06-30": "3026.10000", "2015-03-31": "3031.80000", "2014-12-31": "3043.90000", "2014-09-30": "4002.50000", "2014-06-30": "4176.80000", "2014-03-31": "4186.40000", "2013-12-31": "4164.60000", "2013-09-30": "4173.60000", "2013-06-30": "4181.30000", "2013-03-31": "4189.00000", "2012-12-31": "4186.70000", "2012-09-30": "4105.72800", "2012-06-30": "4131.48100", "2012-03-31": "4140.24800", "2011-12-31": "4051.20000", "2011-09-30": "4058.55900", "2011-06-30": "4064.61900", "2011-03-31": "4070.78600", "2010-12-31": "4049.61000", "2010-09-30": "3807.26000", "2010-06-30": "3735.08600", "2010-03-31": "3671.27400", "2009-12-31": "3672.43600", "2009-09-30": "3674.49700", "2009-06-30": "3677.19600", "2009-03-31": "3682.10400", "2008-12-31": "3687.46300", "2008-09-30": "3694.02200", "2008-06-30": "3700.58100", "2008-03-31": "3709.95200", "2007-12-31": "3736.44600", "2007-09-30": "3758.00100", "2007-06-30": "3772.22300", "2007-03-31": "3794.66700", "2006-12-31": "3793.85400", "2006-09-30": "3817.99500", "2006-06-30": "3844.60900", "2006-03-31": "5149.63800", "2005-12-31": "5149.62100", "2005-09-30": "5142.82700", "2005-06-30": "4859.16500", "2005-03-31": "4685.19800"}, "Other Long-Term Assets": {"2020-12-31": "567.30000", "2020-09-30": "505.50000", "2020-06-30": "573.70000", "2020-03-31": "552.00000", "2019-12-31": "514.60000", "2019-09-30": "430.40000", "2019-06-30": "479.30000", "2019-03-31": "409.20000", "2018-12-31": "403.50000", "2018-09-30": "373.70000", "2018-06-30": "406.00000", "2018-03-31": "407.50000", "2017-12-31": "415.50000", "2017-09-30": "310.70000", "2017-06-30": "311.10000", "2017-03-31": "329.10000", "2016-12-31": "337.10000", "2016-09-30": "328.80000", "2016-06-30": "324.60000", "2016-03-31": "412.90000", "2015-12-31": "415.10000", "2015-09-30": "363.80000", "2015-06-30": "380.30000", "2015-03-31": "379.30000", "2014-12-31": "389.50000", "2014-09-30": "208.80000", "2014-06-30": "232.80000", "2014-03-31": "230.50000", "2013-12-31": "323.30000", "2013-09-30": "286.90000", "2013-06-30": "296.60000", "2013-03-31": "247.20000", "2012-12-31": "244.70000", "2012-09-30": "243.26800", "2012-06-30": "140.12500", "2012-03-31": "141.05800", "2011-12-31": "153.60000", "2011-09-30": "165.07100", "2011-06-30": "147.56300", "2011-03-31": "156.43300", "2010-12-31": "174.81200", "2010-09-30": "132.98800", "2010-06-30": "122.74100", "2010-03-31": "92.29000", "2009-12-31": "89.15700", "2009-09-30": "90.77300", "2009-06-30": "75.92800", "2009-03-31": "70.42600", "2008-12-31": "74.74500", "2008-09-30": "157.36000", "2008-06-30": "148.02300", "2008-03-31": "131.98700", "2007-12-31": "73.67300", "2007-09-30": "68.41300", "2007-06-30": "63.10000", "2007-03-31": "67.39300", "2006-12-31": "77.24500", "2006-09-30": "73.72900", "2006-06-30": "77.03300", "2006-03-31": "87.89700", "2005-12-31": "95.74000", "2005-09-30": "38.32600", "2005-06-30": "38.39000", "2005-03-31": "31.29900"}, "Total Long-Term Assets": {"2020-12-31": "6107.10000", "2020-09-30": "5656.20000", "2020-06-30": "5740.30100", "2020-03-31": "5636.80000", "2019-12-31": "5627.90000", "2019-09-30": "5566.10000", "2019-06-30": "5144.70000", "2019-03-31": "4828.30000", "2018-12-31": "4781.50000", "2018-09-30": "4809.60000", "2018-06-30": "5016.40000", "2018-03-31": "5157.80000", "2017-12-31": "5649.30000", "2017-09-30": "5461.00000", "2017-06-30": "5607.80000", "2017-03-31": "5644.20000", "2016-12-31": "5684.60000", "2016-09-30": "5715.80000", "2016-06-30": "5609.00000", "2016-03-31": "5643.50000", "2015-12-31": "5695.50000", "2015-09-30": "5607.80000", "2015-06-30": "5555.90000", "2015-03-31": "5564.90000", "2014-12-31": "5470.80000", "2014-09-30": "6505.70000", "2014-06-30": "6639.60000", "2014-03-31": "5843.80000", "2013-12-31": "6622.10000", "2013-09-30": "6517.30000", "2013-06-30": "6359.60000", "2013-03-31": "6290.40000", "2012-12-31": "6231.40000", "2012-09-30": "6018.29500", "2012-06-30": "5816.52500", "2012-03-31": "5714.00500", "2011-12-31": "5544.10000", "2011-09-30": "5575.50100", "2011-06-30": "5507.17400", "2011-03-31": "5389.27300", "2010-12-31": "5253.48100", "2010-09-30": "5024.08600", "2010-06-30": "4845.02100", "2010-03-31": "4681.75500", "2009-12-31": "4711.30400", "2009-09-30": "4760.67600", "2009-06-30": "4630.61300", "2009-03-31": "4308.32900", "2008-12-31": "4371.13500", "2008-09-30": "4389.33700", "2008-06-30": "4316.21000", "2008-03-31": "4292.42400", "2007-12-31": "4330.29100", "2007-09-30": "4398.88500", "2007-06-30": "4446.36400", "2007-03-31": "4537.01100", "2006-12-31": "4846.58900", "2006-09-30": "4910.90700", "2006-06-30": "4983.22200", "2006-03-31": "6182.19200", "2005-12-31": "6294.82400", "2005-09-30": "6076.35600", "2005-06-30": "5769.38400", "2005-03-31": "5606.59000"}, "Total Assets": {"2020-12-31": "9378.30000", "2020-09-30": "8694.70000", "2020-06-30": "8741.50000", "2020-03-31": "8609.50000", "2019-12-31": "8837.70000", "2019-09-30": "8753.60000", "2019-06-30": "8903.30000", "2019-03-31": "9137.90000", "2018-12-31": "9363.30000", "2018-09-30": "9100.30000", "2018-06-30": "9121.00000", "2018-03-31": "9078.50000", "2017-12-31": "9833.80000", "2017-09-30": "9744.30000", "2017-06-30": "9752.90000", "2017-03-31": "9638.00000", "2016-12-31": "9656.50000", "2016-09-30": "9145.20000", "2016-06-30": "9062.80000", "2016-03-31": "8917.70000", "2015-12-31": "8607.90000", "2015-09-30": "8505.90000", "2015-06-30": "8282.80000", "2015-03-31": "8666.60000", "2014-12-31": "8281.40000", "2014-09-30": "9569.00000", "2014-06-30": "10137.30000", "2014-03-31": "9723.60000", "2013-12-31": "10326.00000", "2013-09-30": "10197.70000", "2013-06-30": "10013.70000", "2013-03-31": "9830.40000", "2012-12-31": "9832.10000", "2012-09-30": "9960.59400", "2012-06-30": "10046.28000", "2012-03-31": "9945.02300", "2011-12-31": "9983.80000", "2011-09-30": "9707.09200", "2011-06-30": "9793.11700", "2011-03-31": "9693.70000", "2010-12-31": "8467.85100", "2010-09-30": "7890.89700", "2010-06-30": "7744.32700", "2010-03-31": "7678.73500", "2009-12-31": "7590.26300", "2009-09-30": "7414.44700", "2009-06-30": "7225.76200", "2009-03-31": "7066.14400", "2008-12-31": "7187.34100", "2008-09-30": "6991.62800", "2008-06-30": "7259.99400", "2008-03-31": "7059.18600", "2007-12-31": "6885.40600", "2007-09-30": "6503.80200", "2007-06-30": "6116.65000", "2007-03-31": "7474.33500", "2006-12-31": "7368.39500", "2006-09-30": "7205.84800", "2006-06-30": "7040.27100", "2006-03-31": "8035.76400", "2005-12-31": "8183.61100", "2005-09-30": "7817.79900", "2005-06-30": "7383.81600", "2005-03-31": "7161.19000"}, "Total Current Liabilities": {"2020-12-31": "2161.10000", "2020-09-30": "1501.60000", "2020-06-30": "1596.30000", "2020-03-31": "1536.50000", "2019-12-31": "1543.90000", "2019-09-30": "1422.90000", "2019-06-30": "1766.20000", "2019-03-31": "1489.10000", "2018-12-31": "1842.50000", "2018-09-30": "1740.50000", "2018-06-30": "1808.50000", "2018-03-31": "1830.00000", "2017-12-31": "1738.20000", "2017-09-30": "1585.30000", "2017-06-30": "1672.80000", "2017-03-31": "1582.60000", "2016-12-31": "1735.90000", "2016-09-30": "1508.40000", "2016-06-30": "1581.80000", "2016-03-31": "1515.30000", "2015-12-31": "1801.90000", "2015-09-30": "1734.90000", "2015-06-30": "1762.50000", "2015-03-31": "1770.40000", "2014-12-31": "1513.40000", "2014-09-30": "1449.00000", "2014-06-30": "1573.50000", "2014-03-31": "1446.30000", "2013-12-31": "1441.40000", "2013-09-30": "1400.60000", "2013-06-30": "1422.80000", "2013-03-31": "1423.70000", "2012-12-31": "1422.00000", "2012-09-30": "1501.80100", "2012-06-30": "1453.26400", "2012-03-31": "1360.75600", "2011-12-31": "1466.70000", "2011-09-30": "1366.68000", "2011-06-30": "1429.34800", "2011-03-31": "1403.74400", "2010-12-31": "1471.97600", "2010-09-30": "1240.76700", "2010-06-30": "1221.01900", "2010-03-31": "1255.15200", "2009-12-31": "1375.78500", "2009-09-30": "1083.26900", "2009-06-30": "1061.84500", "2009-03-31": "996.97600", "2008-12-31": "1056.61000", "2008-09-30": "982.74500", "2008-06-30": "1028.07100", "2008-03-31": "1401.73100", "2007-12-31": "1379.84300", "2007-09-30": "1232.22000", "2007-06-30": "1202.73900", "2007-03-31": "749.22900", "2006-12-31": "762.61700", "2006-09-30": "690.66300", "2006-06-30": "663.59500", "2006-03-31": "631.37600", "2005-12-31": "627.40100", "2005-09-30": "583.53800", "2005-06-30": "554.06600", "2005-03-31": "515.78400"}, "Long Term Debt": {"2020-12-31": "1705.80000", "2020-09-30": "1714.10000", "2020-06-30": "1720.10000", "2020-03-31": "1712.90000", "2019-12-31": "1683.90000", "2019-09-30": "1687.60000", "2019-06-30": "1490.50000", "2019-03-31": "1789.60000", "2018-12-31": "1789.10000", "2018-09-30": "1788.60000", "2018-06-30": "1788.20000", "2018-03-31": "1787.70000", "2017-12-31": "2136.30000", "2017-09-30": "2135.70000", "2017-06-30": "2135.00000", "2017-03-31": "2134.40000", "2016-12-31": "2133.70000", "2016-09-30": "2133.10000", "2016-06-30": "2132.50000", "2016-03-31": "2131.80000", "2015-12-31": "1637.50000", "2015-09-30": "1648.70000", "2015-06-30": "1648.70000", "2015-03-31": "1648.70000", "2014-12-31": "1349.00000", "2014-09-30": "1348.90000", "2014-06-30": "1348.90000", "2014-03-31": "1348.90000", "2013-12-31": "999.30000", "2013-09-30": "999.30000", "2013-06-30": "999.30000", "2013-03-31": "999.20000", "2012-12-31": "999.20000", "2012-09-30": "999.14500", "2012-06-30": "999.10800", "2012-03-31": "999.07100", "2011-12-31": "999.00000", "2011-09-30": "998.99700", "2011-06-30": "998.96000", "2011-03-31": "998.92300", "2010-12-31": "", "2010-09-30": "", "2010-06-30": "", "2010-03-31": "", "2009-12-31": "", "2009-09-30": "", "2009-06-30": "", "2009-03-31": "", "2008-12-31": "", "2008-09-30": "", "2008-06-30": "", "2008-03-31": "", "2007-12-31": "", "2007-09-30": "", "2007-06-30": "", "2007-03-31": "399.94400", "2006-12-31": "399.94400", "2006-09-30": "399.94400", "2006-06-30": "399.94400", "2006-03-31": "399.94400", "2005-12-31": "399.95900", "2005-09-30": "489.34200", "2005-06-30": "476.38800", "2005-03-31": "479.11100"}, "Other Non-Current Liabilities": {"2020-12-31": "385.90000", "2020-09-30": "375.20000", "2020-06-30": "421.60000", "2020-03-31": "415.70000", "2019-12-31": "430.70000", "2019-09-30": "460.10000", "2019-06-30": "506.50000", "2019-03-31": "460.50000", "2018-12-31": "524.20000", "2018-09-30": "569.10000", "2018-06-30": "741.50000", "2018-03-31": "767.40000", "2017-12-31": "769.40000", "2017-09-30": "379.70000", "2017-06-30": "355.90000", "2017-03-31": "402.10000", "2016-12-31": "375.30000", "2016-09-30": "345.60000", "2016-06-30": "309.70000", "2016-03-31": "265.80000", "2015-12-31": "248.90000", "2015-09-30": "383.70000", "2015-06-30": "314.70000", "2015-03-31": "311.20000", "2014-12-31": "205.00000", "2014-09-30": "235.10000", "2014-06-30": "233.30000", "2014-03-31": "237.20000", "2013-12-31": "219.60000", "2013-09-30": "196.80000", "2013-06-30": "196.40000", "2013-03-31": "145.10000", "2012-12-31": "181.50000", "2012-09-30": "158.55100", "2012-06-30": "165.36900", "2012-03-31": "173.27300", "2011-12-31": "174.00000", "2011-09-30": "186.26300", "2011-06-30": "180.07700", "2011-03-31": "177.16000", "2010-12-31": "162.91000", "2010-09-30": "142.53000", "2010-06-30": "128.28600", "2010-03-31": "132.34000", "2009-12-31": "207.77600", "2009-09-30": "211.39300", "2009-06-30": "194.46600", "2009-03-31": "100.21600", "2008-12-31": "98.81200", "2008-09-30": "102.89700", "2008-06-30": "100.88200", "2008-03-31": "85.08600", "2007-12-31": "64.01300", "2007-09-30": "41.99200", "2007-06-30": "44.67200", "2007-03-31": "45.00000", "2006-12-31": "17.42400", "2006-09-30": "24.86100", "2006-06-30": "26.04000", "2006-03-31": "31.35900", "2005-12-31": "28.68700", "2005-09-30": "", "2005-06-30": "", "2005-03-31": ""}, "Total Long Term Liabilities": {"2020-12-31": "2673.70000", "2020-09-30": "2632.30000", "2020-06-30": "2680.90000", "2020-03-31": "2682.30000", "2019-12-31": "2683.20000", "2019-09-30": "2688.30000", "2019-06-30": "2545.90000", "2019-03-31": "2797.60000", "2018-12-31": "2697.60000", "2018-09-30": "2708.90000", "2018-06-30": "2894.80000", "2018-03-31": "2923.80000", "2017-12-31": "3414.70000", "2017-09-30": "3000.90000", "2017-06-30": "2993.90000", "2017-03-31": "3037.00000", "2016-12-31": "2958.10000", "2016-09-30": "2864.30000", "2016-06-30": "2804.80000", "2016-03-31": "2764.30000", "2015-12-31": "2231.60000", "2015-09-30": "2342.90000", "2015-06-30": "2272.40000", "2015-03-31": "2279.10000", "2014-12-31": "1848.90000", "2014-09-30": "1929.60000", "2014-06-30": "1952.30000", "2014-03-31": "1967.80000", "2013-12-31": "1582.40000", "2013-09-30": "1485.40000", "2013-06-30": "1473.30000", "2013-03-31": "1350.30000", "2012-12-31": "1410.60000", "2012-09-30": "1378.91300", "2012-06-30": "1384.09400", "2012-03-31": "1411.30800", "2011-12-31": "1427.40000", "2011-09-30": "1402.22800", "2011-06-30": "1401.83900", "2011-03-31": "1393.10700", "2010-12-31": "387.07500", "2010-09-30": "333.23100", "2010-06-30": "351.50300", "2010-03-31": "302.26000", "2009-12-31": "389.71300", "2009-09-30": "373.75600", "2009-06-30": "347.08800", "2009-03-31": "239.50400", "2008-12-31": "229.32600", "2008-09-30": "232.09600", "2008-06-30": "226.60300", "2008-03-31": "175.16400", "2007-12-31": "151.70300", "2007-09-30": "111.80900", "2007-06-30": "113.42700", "2007-03-31": "527.42100", "2006-12-31": "490.69400", "2006-09-30": "488.28200", "2006-06-30": "475.08600", "2006-03-31": "484.78900", "2005-12-31": "467.97600", "2005-09-30": "523.36200", "2005-06-30": "506.86400", "2005-03-31": "510.45000"}, "Total Liabilities": {"2020-12-31": "4834.80000", "2020-09-30": "4133.90000", "2020-06-30": "4277.20000", "2020-03-31": "4218.80000", "2019-12-31": "4227.10000", "2019-09-30": "4111.20000", "2019-06-30": "4312.10000", "2019-03-31": "4286.70000", "2018-12-31": "4540.10000", "2018-09-30": "4449.40000", "2018-06-30": "4703.30000", "2018-03-31": "4753.80000", "2017-12-31": "5152.90000", "2017-09-30": "4586.20000", "2017-06-30": "4666.70000", "2017-03-31": "4619.60000", "2016-12-31": "4694.00000", "2016-09-30": "4372.70000", "2016-06-30": "4386.60000", "2016-03-31": "4279.60000", "2015-12-31": "4033.50000", "2015-09-30": "4077.80000", "2015-06-30": "4034.90000", "2015-03-31": "4049.50000", "2014-12-31": "3362.30000", "2014-09-30": "3378.60000", "2014-06-30": "3525.80000", "2014-03-31": "3414.10000", "2013-12-31": "3023.80000", "2013-09-30": "2886.00000", "2013-06-30": "2896.10000", "2013-03-31": "2774.00000", "2012-12-31": "2832.60000", "2012-09-30": "2880.71400", "2012-06-30": "2837.35800", "2012-03-31": "2772.06400", "2011-12-31": "2894.10000", "2011-09-30": "2768.90800", "2011-06-30": "2831.18700", "2011-03-31": "2796.85100", "2010-12-31": "1859.05100", "2010-09-30": "1573.99800", "2010-06-30": "1572.52200", "2010-03-31": "1557.41200", "2009-12-31": "1765.49800", "2009-09-30": "1457.02500", "2009-06-30": "1408.93300", "2009-03-31": "1236.48000", "2008-12-31": "1285.93600", "2008-09-30": "1214.84100", "2008-06-30": "1254.67400", "2008-03-31": "1576.89500", "2007-12-31": "1531.54600", "2007-09-30": "1344.02900", "2007-06-30": "1316.16600", "2007-03-31": "1276.65000", "2006-12-31": "1253.31100", "2006-09-30": "1178.94500", "2006-06-30": "1138.68100", "2006-03-31": "1116.16500", "2005-12-31": "1095.37700", "2005-09-30": "1106.90000", "2005-06-30": "1060.93000", "2005-03-31": "1026.23400"}, "Common Stock Net": {"2020-12-31": "", "2020-09-30": "0.00000", "2020-06-30": "", "2020-03-31": "", "2019-12-31": "0.00000", "2019-09-30": "", "2019-06-30": "", "2019-03-31": "", "2018-12-31": "", "2018-09-30": "", "2018-06-30": "", "2018-03-31": "", "2017-12-31": "", "2017-09-30": "", "2017-06-30": "", "2017-03-31": "", "2016-12-31": "", "2016-09-30": "", "2016-06-30": "", "2016-03-31": "", "2015-12-31": "", "2015-09-30": "", "2015-06-30": "0.00000", "2015-03-31": "0.00000", "2014-12-31": "", "2014-09-30": "", "2014-06-30": "", "2014-03-31": "", "2013-12-31": "", "2013-09-30": "", "2013-06-30": "", "2013-03-31": "0.00000", "2012-12-31": "", "2012-09-30": "0.00500", "2012-06-30": "0.00500", "2012-03-31": "0.00500", "2011-12-31": "", "2011-09-30": "0.00500", "2011-06-30": "0.00500", "2011-03-31": "0.00500", "2010-12-31": "0.00500", "2010-09-30": "0.00500", "2010-06-30": "0.00500", "2010-03-31": "0.00500", "2009-12-31": "0.00500", "2009-09-30": "0.00500", "2009-06-30": "0.00500", "2009-03-31": "0.00500", "2008-12-31": "0.00500", "2008-09-30": "0.00500", "2008-06-30": "0.00500", "2008-03-31": "0.00500", "2007-12-31": "0.00500", "2007-09-30": "0.00500", "2007-06-30": "0.00500", "2007-03-31": "0.00600", "2006-12-31": "0.00600", "2006-09-30": "0.00600", "2006-06-30": "0.00600", "2006-03-31": "", "2005-12-31": "0.00600", "2005-09-30": "6355.32000", "2005-06-30": "6045.41000", "2005-03-31": "5948.63500"}, "Retained Earnings (Accumulated Deficit)": {"2020-12-31": "", "2020-09-30": "-2669.20000", "2020-06-30": "-2768.50000", "2020-03-31": "-2831.40000", "2019-12-31": "-2741.40000", "2019-09-30": "-2832.70000", "2019-06-30": "-2888.70000", "2019-03-31": "-2806.50000", "2018-12-31": "-2831.40000", "2018-09-30": "-3023.00000", "2018-06-30": "-3175.70000", "2018-03-31": "-3303.30000", "2017-12-31": "-3355.80000", "2017-09-30": "-3046.50000", "2017-06-30": "-3139.00000", "2017-03-31": "-3248.70000", "2016-12-31": "-3281.80000", "2016-09-30": "-3470.40000", "2016-06-30": "-3596.40000", "2016-03-31": "-3685.10000", "2015-12-31": "-3741.20000", "2015-09-30": "-3886.80000", "2015-06-30": "-4057.80000", "2015-03-31": "-3938.40000", "2014-12-31": "-3861.10000", "2014-09-30": "-2963.70000", "2014-06-30": "-2727.10000", "2014-03-31": "-2947.80000", "2013-12-31": "-2631.30000", "2013-09-30": "-2708.80000", "2013-06-30": "-2778.20000", "2013-03-31": "-2862.00000", "2012-12-31": "-2911.40000", "2012-09-30": "-2968.22000", "2012-06-30": "-2937.65300", "2012-03-31": "-2974.59500", "2011-12-31": "-2972.40000", "2011-09-30": "-3068.56500", "2011-06-30": "-3090.73100", "2011-03-31": "-3111.53700", "2010-12-31": "-3108.33700", "2010-09-30": "-3137.83600", "2010-06-30": "-3181.73300", "2010-03-31": "-3143.92400", "2009-12-31": "-3236.52500", "2009-09-30": "-3052.39500", "2009-06-30": "-3064.46300", "2009-03-31": "-3030.09000", "2008-12-31": "-2905.85200", "2008-09-30": "-2995.85800", "2008-06-30": "-2703.78600", "2008-03-31": "-2756.00600", "2007-12-31": "-2813.32800", "2007-09-30": "-2936.23200", "2007-06-30": "-3025.13700", "2007-03-31": "-1517.71800", "2006-12-31": "-1532.23500", "2006-09-30": "-1603.21700", "2006-06-30": "-1661.49100", "2006-03-31": "", "2005-12-31": "-344.41000", "2005-09-30": "386.12600", "2005-06-30": "302.07300", "2005-03-31": "213.06200"}, "Comprehensive Income": {"2020-12-31": "", "2020-09-30": "15.20000", "2020-06-30": "-22.90000", "2020-03-31": "-59.20000", "2019-12-31": "-18.50000", "2019-09-30": "-26.80000", "2019-06-30": "-11.30000", "2019-03-31": "-10.90000", "2018-12-31": "-18.20000", "2018-09-30": "-24.50000", "2018-06-30": "-16.40000", "2018-03-31": "12.50000", "2017-12-31": "-5.40000", "2017-09-30": "-6.40000", "2017-06-30": "-16.50000", "2017-03-31": "-21.60000", "2016-12-31": "-37.30000", "2016-09-30": "-13.40000", "2016-06-30": "-4.40000", "2016-03-31": "-7.50000", "2015-12-31": "-19.20000", "2015-09-30": "-19.40000", "2015-06-30": "-7.30000", "2015-03-31": "-29.20000", "2014-12-31": "-13.80000", "2014-09-30": "-3.00000", "2014-06-30": "13.10000", "2014-03-31": "1.90000", "2013-12-31": "64.60000", "2013-09-30": "66.60000", "2013-06-30": "-3.70000", "2013-03-31": "-5.20000", "2012-12-31": "4.70000", "2012-09-30": "5.22700", "2012-06-30": "-8.36200", "2012-03-31": "-0.71200", "2011-12-31": "-17.60000", "2011-09-30": "-5.46800", "2011-06-30": "10.77000", "2011-03-31": "9.74600", "2010-12-31": "-1.25100", "2010-09-30": "4.42700", "2010-06-30": "-10.66700", "2010-03-31": "-4.46600", "2009-12-31": "-1.43300", "2009-09-30": "3.46100", "2009-06-30": "-0.52100", "2009-03-31": "-18.35400", "2008-12-31": "-4.24500", "2008-09-30": "-5.34700", "2008-06-30": "9.74500", "2008-03-31": "15.30300", "2007-12-31": "12.25100", "2007-09-30": "12.38000", "2007-06-30": "10.67400", "2007-03-31": "3.57000", "2006-12-31": "1.26600", "2006-09-30": "-1.46700", "2006-06-30": "-8.41800", "2006-03-31": "", "2005-12-31": "-8.32400", "2005-09-30": "-7.81800", "2005-06-30": "-5.42200", "2005-03-31": "-5.65700"}, "Other Share Holders Equity": {"2020-12-31": "", "2020-09-30": "", "2020-06-30": "", "2020-03-31": "", "2019-12-31": "", "2019-09-30": "", "2019-06-30": "", "2019-03-31": "", "2018-12-31": "", "2018-09-30": "", "2018-06-30": "", "2018-03-31": "", "2017-12-31": "", "2017-09-30": "", "2017-06-30": "", "2017-03-31": "", "2016-12-31": "", "2016-09-30": "", "2016-06-30": "", "2016-03-31": "", "2015-12-31": "", "2015-09-30": "", "2015-06-30": "", "2015-03-31": "", "2014-12-31": "", "2014-09-30": "", "2014-06-30": "", "2014-03-31": "", "2013-12-31": "", "2013-09-30": "", "2013-06-30": "", "2013-03-31": "", "2012-12-31": "", "2012-09-30": "", "2012-06-30": "", "2012-03-31": "", "2011-12-31": "", "2011-09-30": "", "2011-06-30": "", "2011-03-31": "", "2010-12-31": "", "2010-09-30": "", "2010-06-30": "", "2010-03-31": "", "2009-12-31": "", "2009-09-30": "", "2009-06-30": "", "2009-03-31": "", "2008-12-31": "", "2008-09-30": "", "2008-06-30": "", "2008-03-31": "", "2007-12-31": "", "2007-09-30": "", "2007-06-30": "", "2007-03-31": "", "2006-12-31": "", "2006-09-30": "", "2006-06-30": "", "2006-03-31": "", "2005-12-31": "", "2005-09-30": "", "2005-06-30": "", "2005-03-31": ""}, "Share Holder Equity": {"2020-12-31": "4543.50000", "2020-09-30": "4560.80000", "2020-06-30": "4464.30000", "2020-03-31": "4390.70000", "2019-12-31": "4610.60000", "2019-09-30": "4642.40000", "2019-06-30": "4591.20000", "2019-03-31": "4851.20000", "2018-12-31": "4823.20000", "2018-09-30": "4650.90000", "2018-06-30": "4417.70000", "2018-03-31": "4324.70000", "2017-12-31": "4680.90000", "2017-09-30": "5158.10000", "2017-06-30": "5086.20000", "2017-03-31": "5018.40000", "2016-12-31": "4962.50000", "2016-09-30": "4772.50000", "2016-06-30": "4676.20000", "2016-03-31": "4638.10000", "2015-12-31": "4574.40000", "2015-09-30": "4428.10000", "2015-06-30": "4247.90000", "2015-03-31": "4617.10000", "2014-12-31": "4919.10000", "2014-09-30": "6190.40000", "2014-06-30": "6611.50000", "2014-03-31": "6309.50000", "2013-12-31": "7302.20000", "2013-09-30": "7311.70000", "2013-06-30": "7117.60000", "2013-03-31": "7056.40000", "2012-12-31": "6999.50000", "2012-09-30": "7079.88000", "2012-06-30": "7208.92300", "2012-03-31": "7172.95900", "2011-12-31": "7089.70000", "2011-09-30": "6938.18400", "2011-06-30": "6961.93000", "2011-03-31": "6896.84900", "2010-12-31": "6608.80000", "2010-09-30": "6316.89900", "2010-06-30": "6171.80500", "2010-03-31": "6121.32300", "2009-12-31": "5824.76500", "2009-09-30": "5957.42200", "2009-06-30": "5816.82900", "2009-03-31": "5829.66400", "2008-12-31": "5901.40500", "2008-09-30": "5776.78700", "2008-06-30": "6005.32000", "2008-03-31": "5482.29100", "2007-12-31": "5353.86000", "2007-09-30": "5159.77300", "2007-06-30": "4800.48400", "2007-03-31": "6197.68500", "2006-12-31": "6115.08400", "2006-09-30": "6026.90300", "2006-06-30": "5901.59000", "2006-03-31": "6919.59900", "2005-12-31": "7088.23400", "2005-09-30": "6710.89900", "2005-06-30": "6322.88600", "2005-03-31": "6134.95600"}, "Total Liabilities And Share Holders Equity": {"2020-12-31": "9378.30000", "2020-09-30": "8694.70000", "2020-06-30": "8741.50000", "2020-03-31": "8609.50000", "2019-12-31": "8837.70000", "2019-09-30": "8753.60000", "2019-06-30": "8903.30000", "2019-03-31": "9137.90000", "2018-12-31": "9363.30000", "2018-09-30": "9100.30000", "2018-06-30": "9121.00000", "2018-03-31": "9078.50000", "2017-12-31": "9833.80000", "2017-09-30": "9744.30000", "2017-06-30": "9752.90000", "2017-03-31": "9638.00000", "2016-12-31": "9656.50000", "2016-09-30": "9145.20000", "2016-06-30": "9062.80000", "2016-03-31": "8917.70000", "2015-12-31": "8607.90000", "2015-09-30": "8505.90000", "2015-06-30": "8282.80000", "2015-03-31": "8666.60000", "2014-12-31": "8281.40000", "2014-09-30": "9569.00000", "2014-06-30": "10137.30000", "2014-03-31": "9723.60000", "2013-12-31": "10326.00000", "2013-09-30": "10197.70000", "2013-06-30": "10013.70000", "2013-03-31": "9830.40000", "2012-12-31": "9832.10000", "2012-09-30": "9960.59400", "2012-06-30": "10046.28000", "2012-03-31": "9945.02300", "2011-12-31": "9983.80000", "2011-09-30": "9707.09200", "2011-06-30": "9793.11700", "2011-03-31": "9693.70000", "2010-12-31": "8467.85100", "2010-09-30": "7890.89700", "2010-06-30": "7744.32700", "2010-03-31": "7678.73500", "2009-12-31": "7590.26300", "2009-09-30": "7414.44700", "2009-06-30": "7225.76200", "2009-03-31": "7066.14400", "2008-12-31": "7187.34100", "2008-09-30": "6991.62800", "2008-06-30": "7259.99400", "2008-03-31": "7059.18600", "2007-12-31": "6885.40600", "2007-09-30": "6503.80200", "2007-06-30": "6116.65000", "2007-03-31": "7474.33500", "2006-12-31": "7368.39500", "2006-09-30": "7205.84800", "2006-06-30": "7040.27100", "2006-03-31": "8035.76400", "2005-12-31": "8183.61100", "2005-09-30": "7817.79900", "2005-06-30": "7383.81600", "2005-03-31": "7161.19000"}}, "cash flow statement": {"Net Income/Loss": {"2020-12-31": "257.80000", "2019-12-31": "345.00000", "2018-12-31": "566.90000", "2017-12-31": "306.20000", "2016-12-31": "592.70000", "2015-12-31": "633.70000", "2014-12-31": "-334.30000", "2013-12-31": "439.80000", "2012-12-31": "186.50000", "2011-12-31": "425.00000", "2010-12-31": "619.40000", "2009-12-31": "115.22800", "2008-12-31": "511.74900", "2007-12-31": "360.83000", "2006-12-31": "-1001.43700", "2005-12-31": "350.70100"}, "Total Depreciation And Amortization - Cash Flow": {"2020-12-31": "212.40000", "2019-12-31": "210.30000", "2018-12-31": "210.50000", "2017-12-31": "225.60000", "2016-12-31": "206.70000", "2015-12-31": "176.50000", "2014-12-31": "1036.10000", "2013-12-31": "189.90000", "2012-12-31": "187.90000", "2011-12-31": "170.00000", "2010-12-31": "155.30000", "2009-12-31": "148.37300", "2008-12-31": "172.45300", "2007-12-31": "193.16600", "2006-12-31": "173.49000", "2005-12-31": "138.90400"}, "Other Non-Cash Items": {"2020-12-31": "232.30000", "2019-12-31": "265.90000", "2018-12-31": "269.30000", "2017-12-31": "33.40000", "2016-12-31": "284.00000", "2015-12-31": "192.80000", "2014-12-31": "46.00000", "2013-12-31": "352.50000", "2012-12-31": "290.90000", "2011-12-31": "210.90000", "2010-12-31": "195.40000", "2009-12-31": "151.14700", "2008-12-31": "97.71000", "2007-12-31": "65.18900", "2006-12-31": "1362.92800", "2005-12-31": "146.13100"}, "Total Non-Cash Items": {"2020-12-31": "444.70000", "2019-12-31": "476.20000", "2018-12-31": "479.80000", "2017-12-31": "259.00000", "2016-12-31": "490.70000", "2015-12-31": "369.30000", "2014-12-31": "1082.10000", "2013-12-31": "542.40000", "2012-12-31": "478.79990", "2011-12-31": "380.90000", "2010-12-31": "350.70000", "2009-12-31": "299.52000", "2008-12-31": "270.16300", "2007-12-31": "258.35500", "2006-12-31": "1536.41800", "2005-12-31": "285.03500"}, "Change In Accounts Receivable": {"2020-12-31": "-76.10000", "2019-12-31": "-118.10000", "2018-12-31": "96.30000", "2017-12-31": "203.80000", "2016-12-31": "-263.50000", "2015-12-31": "-218.90000", "2014-12-31": "-16.80000", "2013-12-31": "-139.90000", "2012-12-31": "139.10000", "2011-12-31": "18.60000", "2010-12-31": "-129.20000", "2009-12-31": "-28.68200", "2008-12-31": "-50.21100", "2007-12-31": "-120.90400", "2006-12-31": "20.74500", "2005-12-31": "-68.05300"}, "Change In Inventories": {"2020-12-31": "", "2019-12-31": "", "2018-12-31": "", "2017-12-31": "", "2016-12-31": "", "2015-12-31": "", "2014-12-31": "", "2013-12-31": "", "2012-12-31": "", "2011-12-31": "", "2010-12-31": "", "2009-12-31": "", "2008-12-31": "", "2007-12-31": "", "2006-12-31": "", "2005-12-31": ""}, "Change In Accounts Payable": {"2020-12-31": "56.00000", "2019-12-31": "6.40000", "2018-12-31": "3.50000", "2017-12-31": "-10.10000", "2016-12-31": "66.60000", "2015-12-31": "-80.20000", "2014-12-31": "38.30000", "2013-12-31": "-8.90000", "2012-12-31": "-133.60000", "2011-12-31": "33.90000", "2010-12-31": "48.20000", "2009-12-31": "-2.42200", "2008-12-31": "19.77000", "2007-12-31": "34.93800", "2006-12-31": "13.64400", "2005-12-31": "50.31000"}, "Change In Assets/Liabilities": {"2020-12-31": "-56.30000", "2019-12-31": "-99.80000", "2018-12-31": "-46.20000", "2017-12-31": "98.00000", "2016-12-31": "258.10000", "2015-12-31": "48.80000", "2014-12-31": "35.00000", "2013-12-31": "19.90000", "2012-12-31": "-65.00000", "2011-12-31": "110.70000", "2010-12-31": "-1.40000", "2009-12-31": "154.80600", "2008-12-31": "76.45500", "2007-12-31": "123.75600", "2006-12-31": "155.73500", "2005-12-31": "69.58800"}, "Total Change In Assets/Liabilities": {"2020-12-31": "-90.50000", "2019-12-31": "-292.30000", "2018-12-31": "-185.60000", "2017-12-31": "694.10000", "2016-12-31": "43.20000", "2015-12-31": "-103.50000", "2014-12-31": "15.60000", "2013-12-31": "-136.30000", "2012-12-31": "-27.60000", "2011-12-31": "180.80000", "2010-12-31": "-157.80000", "2009-12-31": "381.34900", "2008-12-31": "93.26700", "2007-12-31": "167.33800", "2006-12-31": "220.62300", "2005-12-31": "-15.11300"}, "Cash Flow From Operating Activities": {"2020-12-31": "612.00000", "2019-12-31": "528.90000", "2018-12-31": "861.10000", "2017-12-31": "1259.30000", "2016-12-31": "1126.60000", "2015-12-31": "899.50000", "2014-12-31": "763.40000", "2013-12-31": "845.90000", "2012-12-31": "637.70000", "2011-12-31": "986.70000", "2010-12-31": "812.30000", "2009-12-31": "796.09700", "2008-12-31": "875.17900", "2007-12-31": "786.52300", "2006-12-31": "755.60400", "2005-12-31": "642.94300"}, "Net Change In Property, Plant, And Equipment": {"2020-12-31": "-100.40000", "2019-12-31": "-109.60000", "2018-12-31": "-147.40000", "2017-12-31": "-151.20000", "2016-12-31": "-214.70000", "2015-12-31": "-210.30000", "2014-12-31": "-192.90000", "2013-12-31": "-230.00000", "2012-12-31": "-347.70000", "2011-12-31": "-266.30000", "2010-12-31": "-185.30000", "2009-12-31": "-153.10100", "2008-12-31": "-164.60400", "2007-12-31": "-146.85800", "2006-12-31": "-102.09300", "2005-12-31": "-98.19200"}, "Net Change In Intangible Assets": {"2020-12-31": "", "2019-12-31": "", "2018-12-31": "", "2017-12-31": "", "2016-12-31": "", "2015-12-31": "", "2014-12-31": "", "2013-12-31": "-10.00000", "2012-12-31": "-65.30000", "2011-12-31": "", "2010-12-31": "0.00000", "2009-12-31": "", "2008-12-31": "", "2007-12-31": "", "2006-12-31": "", "2005-12-31": ""}, "Net Acquisitions/Divestitures": {"2020-12-31": "-438.10000", "2019-12-31": "-278.20000", "2018-12-31": "-59.10000", "2017-12-31": "-27.00000", "2016-12-31": "-113.00000", "2015-12-31": "-3.50000", "2014-12-31": "78.60000", "2013-12-31": "-10.00000", "2012-12-31": "-139.40000", "2011-12-31": "-30.70000", "2010-12-31": "-374.80000", "2009-12-31": "", "2008-12-31": "", "2007-12-31": "-0.37500", "2006-12-31": "-15.10200", "2005-12-31": "-309.88900"}, "Net Change In Short-term Investments": {"2020-12-31": "258.40000", "2019-12-31": "-47.50000", "2018-12-31": "751.90000", "2017-12-31": "-197.30000", "2016-12-31": "-73.60000", "2015-12-31": "-309.40000", "2014-12-31": "520.50020", "2013-12-31": "-277.90000", "2012-12-31": "-46.70000", "2011-12-31": "-375.90000", "2010-12-31": "44.00010", "2009-12-31": "-777.71790", "2008-12-31": "25.34400", "2007-12-31": "730.46600", "2006-12-31": "115.93100", "2005-12-31": "-130.98400"}, "Net Change In Long-Term Investments": {"2020-12-31": "-7.70000", "2019-12-31": "-92.90000", "2018-12-31": "19.40000", "2017-12-31": "-2.50000", "2016-12-31": "-15.70000", "2015-12-31": "8.10000", "2014-12-31": "-16.80000", "2013-12-31": "-31.90000", "2012-12-31": "24.30000", "2011-12-31": "-33.10000", "2010-12-31": "-4.20000", "2009-12-31": "-6.20500", "2008-12-31": "-2.45800", "2007-12-31": "", "2006-12-31": "", "2005-12-31": ""}, "Net Change In Investments - Total": {"2020-12-31": "250.70000", "2019-12-31": "-140.40000", "2018-12-31": "771.30000", "2017-12-31": "-199.80000", "2016-12-31": "-89.30000", "2015-12-31": "-301.30000", "2014-12-31": "503.70020", "2013-12-31": "-309.80000", "2012-12-31": "-22.40000", "2011-12-31": "-409.00000", "2010-12-31": "39.80010", "2009-12-31": "-783.92290", "2008-12-31": "22.88600", "2007-12-31": "730.46600", "2006-12-31": "115.93100", "2005-12-31": "-130.98400"}, "Investing Activities - Other": {"2020-12-31": "-1.10000", "2019-12-31": "", "2018-12-31": "", "2017-12-31": "75.00000", "2016-12-31": "", "2015-12-31": "11.70000", "2014-12-31": "44.60000", "2013-12-31": "-1.20000", "2012-12-31": "-20.80000", "2011-12-31": "-1.20000", "2010-12-31": "-12.40000", "2009-12-31": "-11.27600", "2008-12-31": "-8.09400", "2007-12-31": "-11.48200", "2006-12-31": "13.19000", "2005-12-31": "-44.67100"}, "Cash Flow From Investing Activities": {"2020-12-31": "-288.90000", "2019-12-31": "-528.20000", "2018-12-31": "564.80000", "2017-12-31": "-303.00000", "2016-12-31": "-417.00000", "2015-12-31": "-503.40000", "2014-12-31": "434.00000", "2013-12-31": "-561.00000", "2012-12-31": "-595.60000", "2011-12-31": "-707.20000", "2010-12-31": "-532.70000", "2009-12-31": "-948.30000", "2008-12-31": "-149.81200", "2007-12-31": "571.75100", "2006-12-31": "11.92600", "2005-12-31": "-583.73600"}, "Net Long-Term Debt": {"2020-12-31": "416.20000", "2019-12-31": "-454.80000", "2018-12-31": "", "2017-12-31": "", "2016-12-31": "194.00000", "2015-12-31": "594.60000", "2014-12-31": "346.10000", "2013-12-31": "-1.40000", "2012-12-31": "-1.40000", "2011-12-31": "991.60000", "2010-12-31": "", "2009-12-31": "", "2008-12-31": "-0.28800", "2007-12-31": "", "2006-12-31": "", "2005-12-31": ""}, "Net Current Debt": {"2020-12-31": "", "2019-12-31": "", "2018-12-31": "", "2017-12-31": "", "2016-12-31": "", "2015-12-31": "", "2014-12-31": "", "2013-12-31": "", "2012-12-31": "", "2011-12-31": "", "2010-12-31": "", "2009-12-31": "", "2008-12-31": "", "2007-12-31": "", "2006-12-31": "", "2005-12-31": ""}, "Debt Issuance/Retirement Net - Total": {"2020-12-31": "416.20000", "2019-12-31": "-454.80000", "2018-12-31": "", "2017-12-31": "", "2016-12-31": "194.00000", "2015-12-31": "594.60000", "2014-12-31": "346.10000", "2013-12-31": "-1.40000", "2012-12-31": "-1.40000", "2011-12-31": "991.60000", "2010-12-31": "", "2009-12-31": "", "2008-12-31": "-0.28800", "2007-12-31": "", "2006-12-31": "", "2005-12-31": ""}, "Net Common Equity Issued/Repurchased": {"2020-12-31": "-326.40000", "2019-12-31": "-499.30000", "2018-12-31": "-699.70000", "2017-12-31": "-661.30000", "2016-12-31": "-262.30000", "2015-12-31": "-1031.60000", "2014-12-31": "-2102.70000", "2013-12-31": "-436.10000", "2012-12-31": "-551.50000", "2011-12-31": "-201.70000", "2010-12-31": "-114.40000", "2009-12-31": "-289.68100", "2008-12-31": "-485.25000", "2007-12-31": "-1268.18300", "2006-12-31": "-99.24800", "2005-12-31": "146.01200"}, "Net Total Equity Issued/Repurchased": {"2020-12-31": "-326.40000", "2019-12-31": "-499.30000", "2018-12-31": "-699.70000", "2017-12-31": "-661.30000", "2016-12-31": "-262.30000", "2015-12-31": "-1031.60000", "2014-12-31": "-2102.70000", "2013-12-31": "-436.10000", "2012-12-31": "-551.50000", "2011-12-31": "-201.70000", "2010-12-31": "-114.40000", "2009-12-31": "-289.68100", "2008-12-31": "-485.25000", "2007-12-31": "-1268.18300", "2006-12-31": "-99.24800", "2005-12-31": "146.01200"}, "Total Common And Preferred Stock Dividends Paid": {"2020-12-31": "-264.10000", "2019-12-31": "-260.10000", "2018-12-31": "-249.30000", "2017-12-31": "-150.40000", "2016-12-31": "-152.50000", "2015-12-31": "-156.30000", "2014-12-31": "-86.00000", "2013-12-31": "", "2012-12-31": "", "2011-12-31": "", "2010-12-31": "", "2009-12-31": "", "2008-12-31": "", "2007-12-31": "", "2006-12-31": "", "2005-12-31": ""}, "Financial Activities - Other": {"2020-12-31": "-48.10000", "2019-12-31": "-14.60000", "2018-12-31": "-19.60000", "2017-12-31": "16.90000", "2016-12-31": "-15.50000", "2015-12-31": "-0.40000", "2014-12-31": "18.40000", "2013-12-31": "35.80000", "2012-12-31": "4.60000", "2011-12-31": "29.10000", "2010-12-31": "42.00000", "2009-12-31": "27.52300", "2008-12-31": "63.14500", "2007-12-31": "29.68600", "2006-12-31": "9.65000", "2005-12-31": ""}, "Cash Flow From Financial Activities": {"2020-12-31": "-222.40000", "2019-12-31": "-1228.80000", "2018-12-31": "-968.60000", "2017-12-31": "-794.80000", "2016-12-31": "-236.30000", "2015-12-31": "-593.70000", "2014-12-31": "-1824.20000", "2013-12-31": "-401.70000", "2012-12-31": "-548.30000", "2011-12-31": "819.00000", "2010-12-31": "-72.40000", "2009-12-31": "-262.15800", "2008-12-31": "-422.39300", "2007-12-31": "-1238.49700", "2006-12-31": "-89.59800", "2005-12-31": "146.01200"}, "Net Cash Flow": {"2020-12-31": "106.50000", "2019-12-31": "-1229.30000", "2018-12-31": "446.70000", "2017-12-31": "178.50000", "2016-12-31": "459.30000", "2015-12-31": "-218.70000", "2014-12-31": "-644.40000", "2013-12-31": "-123.80000", "2012-12-31": "-502.60000", "2011-12-31": "1098.50000", "2010-12-31": "207.20000", "2009-12-31": "-414.36100", "2008-12-31": "302.97400", "2007-12-31": "119.77700", "2006-12-31": "677.93200", "2005-12-31": "205.21900"}, "Stock-Based Compensation": {"2020-12-31": "190.20000", "2019-12-31": "202.20000", "2018-12-31": "217.10000", "2017-12-31": "187.50000", "2016-12-31": "224.60000", "2015-12-31": "217.30000", "2014-12-31": "240.00000", "2013-12-31": "244.60000", "2012-12-31": "242.70000", "2011-12-31": "217.80000", "2010-12-31": "177.80000", "2009-12-31": "139.65900", "2008-12-31": "108.13300", "2007-12-31": "87.99000", "2006-12-31": "87.64500", "2005-12-31": "22.32000"}, "Common Stock Dividends Paid": {"2020-12-31": "-264.10000", "2019-12-31": "-260.10000", "2018-12-31": "-249.30000", "2017-12-31": "-150.40000", "2016-12-31": "-152.50000", "2015-12-31": "-156.30000", "2014-12-31": "-86.00000", "2013-12-31": "", "2012-12-31": "0.00000", "2011-12-31": "", "2010-12-31": "", "2009-12-31": "", "2008-12-31": "", "2007-12-31": "", "2006-12-31": "", "2005-12-31": ""}}, "cash flow statement, quarterly": {"Net Income/Loss": {"2020-12-31": 30.8, "2020-09-30": 145.4, "2020-06-30": 61.2, "2020-03-31": "20.40000", "2019-12-31": 168.4, "2019-09-30": 99.3, "2019-06-30": 46.2, "2019-03-31": "31.10000", "2018-12-31": 192.2, "2018-09-30": 223.8, "2018-06-30": 116.5, "2018-03-31": "34.40000", "2017-12-31": -148.1, "2017-09-30": 165.7, "2017-06-30": 179.8, "2017-03-31": "108.80000", "2016-12-31": 188.9, "2016-09-30": 172.4, "2016-06-30": 140, "2016-03-31": "91.40000", "2015-12-31": 197.8, "2015-09-30": 197.7, "2015-06-30": 158, "2015-03-31": "80.20000", "2014-12-31": -769.6, "2014-09-30": 103.6, "2014-06-30": 221.1, "2014-03-31": "110.60000", "2013-12-31": 151.8, "2013-09-30": 99.1, "2013-06-30": 97.9, "2013-03-31": "91.00000", "2012-12-31": 95.7, "2012-09-30": 16.8, "2012-06-30": 57.7, "2012-03-31": "16.30000", "2011-12-31": 96.151, "2011-09-30": 83.671, "2011-06-30": 115.518, "2011-03-31": "129.66000", "2010-12-31": 190.11, "2010-09-30": 134.337, "2010-06-30": 130.343, "2010-03-31": "164.61000", "2009-12-31": 21.133, "2009-09-30": 83.786, "2009-06-30": 14.769, "2009-03-31": "-4.46000", "2008-12-31": 132.476, "2008-09-30": 148.508, "2008-06-30": 120.41, "2008-03-31": "110.35500", "2007-12-31": 122.904, "2007-09-30": 85.099, "2007-06-30": 86.18, "2007-03-31": "66.64700", "2006-12-31": 70.982, "2006-09-30": 58.274, "2006-06-30": -1206.456, "2006-03-31": "75.76300", "2005-12-31": 104.857, "2005-09-30": 83.496, "2005-06-30": 86.913, "2005-03-31": "75.43500"}, "Total Depreciation And Amortization - Cash Flow": {"2020-12-31": 54.4, "2020-09-30": 52, "2020-06-30": 52, "2020-03-31": "54.00000", "2019-12-31": 54.8, "2019-09-30": 53.8, "2019-06-30": 53, "2019-03-31": "48.70000", "2018-12-31": 51.3, "2018-09-30": 48.3, "2018-06-30": 55.2, "2018-03-31": "55.70000", "2017-12-31": 55.9, "2017-09-30": 57.6, "2017-06-30": 56.3, "2017-03-31": "55.80000", "2016-12-31": 54.8, "2016-09-30": 53.3, "2016-06-30": 51.6, "2016-03-31": "47.00000", "2015-12-31": 45, "2015-09-30": 42.5, "2015-06-30": 41.5, "2015-03-31": "47.50000", "2014-12-31": 894.2, "2014-09-30": 46.3, "2014-06-30": 47.5, "2014-03-31": "48.10000", "2013-12-31": 54.7, "2013-09-30": 40.6, "2013-06-30": 42.8, "2013-03-31": "51.80000", "2012-12-31": 50, "2012-09-30": 48, "2012-06-30": 46.5, "2012-03-31": "43.40000", "2011-12-31": 43.505, "2011-09-30": 43.573, "2011-06-30": 42.164, "2011-03-31": "40.75800", "2010-12-31": 42.934, "2010-09-30": 39.618, "2010-06-30": 37.479, "2010-03-31": "35.26900", "2009-12-31": 36.57, "2009-09-30": 36.448, "2009-06-30": 37.819, "2009-03-31": "37.53600", "2008-12-31": 37.83, "2008-09-30": 38.859, "2008-06-30": 40.375, "2008-03-31": "55.38900", "2007-12-31": 49.916, "2007-09-30": 48.056, "2007-06-30": 48.934, "2007-03-31": "46.26000", "2006-12-31": -1239.005, "2006-09-30": 44.082, "2006-06-30": 1326.585, "2006-03-31": "41.82800", "2005-12-31": 39.187, "2005-09-30": 36.534, "2005-06-30": 32.907, "2005-03-31": "30.27600"}, "Other Non-Cash Items": {"2020-12-31": 59.5, "2020-09-30": 62, "2020-06-30": 48, "2020-03-31": "62.80000", "2019-12-31": 67.9, "2019-09-30": 86.7, "2019-06-30": 70, "2019-03-31": "41.30000", "2018-12-31": 85.6, "2018-09-30": 55.2, "2018-06-30": 56.4, "2018-03-31": "72.10000", "2017-12-31": -111, "2017-09-30": 40.1, "2017-06-30": 43.3, "2017-03-31": "61.00000", "2016-12-31": 120.3, "2016-09-30": 54.5, "2016-06-30": 30.9, "2016-03-31": "78.30000", "2015-12-31": 39.3, "2015-09-30": 29.9, "2015-06-30": 67.2, "2015-03-31": "56.40000", "2014-12-31": 59.7, "2014-09-30": 48.6, "2014-06-30": -28.9, "2014-03-31": "-33.40000", "2013-12-31": 110.9, "2013-09-30": 92.1, "2013-06-30": 79.5, "2013-03-31": "70.00000", "2012-12-31": 105.8, "2012-09-30": 83.4, "2012-06-30": 38.7, "2012-03-31": "63.00000", "2011-12-31": 79.67, "2011-09-30": 59.641, "2011-06-30": 61.541, "2011-03-31": "10.04800", "2010-12-31": 75.584, "2010-09-30": 91.765, "2010-06-30": 20.481, "2010-03-31": "7.57000", "2009-12-31": 3.722, "2009-09-30": 0.538, "2009-06-30": 66.311, "2009-03-31": "80.57600", "2008-12-31": 64.6, "2008-09-30": -3.599, "2008-06-30": 20.227, "2008-03-31": "16.48200", "2007-12-31": 17.616, "2007-09-30": 9.715, "2007-06-30": 12.183, "2007-03-31": "25.67500", "2006-12-31": 1369.606, "2006-09-30": -3.639, "2006-06-30": -2.845, "2006-03-31": "-0.19400", "2005-12-31": 46.476, "2005-09-30": 33.297, "2005-06-30": 37.085, "2005-03-31": "29.27300"}, "Total Non-Cash Items": {"2020-12-31": 113.9, "2020-09-30": 114, "2020-06-30": 100, "2020-03-31": "116.80000", "2019-12-31": 122.7, "2019-09-30": 140.5, "2019-06-30": 123, "2019-03-31": "90.00000", "2018-12-31": 136.9, "2018-09-30": 103.5, "2018-06-30": 111.6, "2018-03-31": "127.80000", "2017-12-31": -55.1, "2017-09-30": 97.7, "2017-06-30": 99.6, "2017-03-31": "116.80000", "2016-12-31": 175.1, "2016-09-30": 107.8, "2016-06-30": 82.5, "2016-03-31": "125.30000", "2015-12-31": 84.3, "2015-09-30": 72.4, "2015-06-30": 108.7, "2015-03-31": "103.90000", "2014-12-31": 953.9, "2014-09-30": 94.9, "2014-06-30": 18.6, "2014-03-31": "14.70000", "2013-12-31": 165.6, "2013-09-30": 132.7, "2013-06-30": 122.3, "2013-03-31": "121.80000", "2012-12-31": 155.7999, "2012-09-30": 131.4, "2012-06-30": 85.2, "2012-03-31": "106.40000", "2011-12-31": 123.175, "2011-09-30": 103.214, "2011-06-30": 103.705, "2011-03-31": "50.80600", "2010-12-31": 118.518, "2010-09-30": 131.383, "2010-06-30": 57.96, "2010-03-31": "42.83900", "2009-12-31": 40.292, "2009-09-30": 36.986, "2009-06-30": 104.13, "2009-03-31": "118.11200", "2008-12-31": 102.43, "2008-09-30": 35.26, "2008-06-30": 60.602, "2008-03-31": "71.87100", "2007-12-31": 67.532, "2007-09-30": 57.771, "2007-06-30": 61.117, "2007-03-31": "71.93500", "2006-12-31": 130.601, "2006-09-30": 40.443, "2006-06-30": 1323.74, "2006-03-31": "41.63400", "2005-12-31": 85.663, "2005-09-30": 69.831, "2005-06-30": 69.992, "2005-03-31": "59.54900"}, "Change In Accounts Receivable": {"2020-12-31": -202.2, "2020-09-30": 1.4, "2020-06-30": -77.9, "2020-03-31": "202.60000", "2019-12-31": -243.3, "2019-09-30": 22.9, "2019-06-30": -6.3, "2019-03-31": "108.60000", "2018-12-31": -104.6, "2018-09-30": 53.4, "2018-06-30": -23.3, "2018-03-31": "170.80000", "2017-12-31": -128.1, "2017-09-30": 27.1, "2017-06-30": -78.2, "2017-03-31": "383.00000", "2016-12-31": -300.1, "2016-09-30": -2.9, "2016-06-30": 42.7, "2016-03-31": "-3.20000", "2015-12-31": -203.2, "2015-09-30": -44.7, "2015-06-30": -25.2, "2015-03-31": "54.20000", "2014-12-31": 16.4, "2014-09-30": -54.6, "2014-06-30": 37.1, "2014-03-31": "-15.70000", "2013-12-31": -28.9, "2013-09-30": -18.7, "2013-06-30": 2, "2013-03-31": "-94.30000", "2012-12-31": -41.3, "2012-09-30": 9.7, "2012-06-30": 44.2, "2012-03-31": "126.50000", "2011-12-31": -133.419, "2011-09-30": 44.037, "2011-06-30": -17.628, "2011-03-31": "125.61000", "2010-12-31": -114.107, "2010-09-30": -82.261, "2010-06-30": 11.45, "2010-03-31": "55.71800", "2009-12-31": -85.411, "2009-09-30": 55.889, "2009-06-30": -67.172, "2009-03-31": "68.01200", "2008-12-31": -61.366, "2008-09-30": 55.187, "2008-06-30": -54.734, "2008-03-31": "10.70200", "2007-12-31": -100.23, "2007-09-30": -15.914, "2007-06-30": 2.851, "2007-03-31": "-7.61100", "2006-12-31": 36.354, "2006-09-30": -34.167, "2006-06-30": 53.995, "2006-03-31": "-35.43700", "2005-12-31": -24.572, "2005-09-30": -30.339, "2005-06-30": -15.659, "2005-03-31": "2.51700"}, "Change In Inventories": {"2020-12-31": 0, "2020-09-30": 0, "2020-06-30": 0, "2020-03-31": "", "2019-12-31": 0, "2019-09-30": 0, "2019-06-30": 0, "2019-03-31": "", "2018-12-31": 0, "2018-09-30": 0, "2018-06-30": 0, "2018-03-31": "", "2017-12-31": 0, "2017-09-30": 0, "2017-06-30": 0, "2017-03-31": "", "2016-12-31": 0, "2016-09-30": 0, "2016-06-30": 0, "2016-03-31": "", "2015-12-31": 0, "2015-09-30": 0, "2015-06-30": 0, "2015-03-31": "", "2014-12-31": 0, "2014-09-30": 0, "2014-06-30": 0, "2014-03-31": "", "2013-12-31": 0, "2013-09-30": 0, "2013-06-30": 0, "2013-03-31": "", "2012-12-31": 0, "2012-09-30": 0, "2012-06-30": 0, "2012-03-31": "", "2011-12-31": 0, "2011-09-30": 0, "2011-06-30": 0, "2011-03-31": "", "2010-12-31": 0, "2010-09-30": 0, "2010-06-30": 0, "2010-03-31": "", "2009-12-31": 0, "2009-09-30": 0, "2009-06-30": 0, "2009-03-31": "", "2008-12-31": 0, "2008-09-30": 0, "2008-06-30": 0, "2008-03-31": "", "2007-12-31": 0, "2007-09-30": 0, "2007-06-30": 0, "2007-03-31": "", "2006-12-31": 0, "2006-09-30": 0, "2006-06-30": 0, "2006-03-31": "", "2005-12-31": 0, "2005-09-30": 0, "2005-06-30": 0, "2005-03-31": ""}, "Change In Accounts Payable": {"2020-12-31": 5.8, "2020-09-30": 29.6, "2020-06-30": 2.2, "2020-03-31": "18.40000", "2019-12-31": -12.7, "2019-09-30": 47.2, "2019-06-30": -38.2, "2019-03-31": "10.10000", "2018-12-31": 31.1, "2018-09-30": 1.2, "2018-06-30": 2.4, "2018-03-31": "-31.20000", "2017-12-31": 1.4, "2017-09-30": -6.4, "2017-06-30": 13.3, "2017-03-31": "-18.40000", "2016-12-31": 14.5, "2016-09-30": -10.8, "2016-06-30": -6.9, "2016-03-31": "69.80000", "2015-12-31": -58.4, "2015-09-30": -8, "2015-06-30": -6, "2015-03-31": "-7.80000", "2014-12-31": -11.6, "2014-09-30": -2.6, "2014-06-30": 33.5, "2014-03-31": "19.00000", "2013-12-31": -7.8, "2013-09-30": 2.3, "2013-06-30": -12.5, "2013-03-31": "9.10000", "2012-12-31": -19.6, "2012-09-30": 23.5, "2012-06-30": -10.7, "2012-03-31": "-126.80000", "2011-12-31": 59.862, "2011-09-30": 8.089, "2011-06-30": 24.417, "2011-03-31": "-58.46800", "2010-12-31": 39.736, "2010-09-30": 14.795, "2010-06-30": 7.794, "2010-03-31": "-14.12500", "2009-12-31": -1.644, "2009-09-30": 9.71, "2009-06-30": 28.736, "2009-03-31": "-39.22400", "2008-12-31": 17.032, "2008-09-30": 2.738, "2008-06-30": 5.097, "2008-03-31": "-5.09700", "2007-12-31": 15.339, "2007-09-30": 25.741, "2007-06-30": -6.491, "2007-03-31": "0.34900", "2006-12-31": 19.85, "2006-09-30": 22.641, "2006-06-30": -23.698, "2006-03-31": "-5.14900", "2005-12-31": 14.858, "2005-09-30": 33.271, "2005-06-30": 9.348, "2005-03-31": "-7.16700"}, "Change In Assets/Liabilities": {"2020-12-31": 76.1, "2020-09-30": -83.5, "2020-06-30": -44.6, "2020-03-31": "-4.30000", "2019-12-31": 37.8, "2019-09-30": -61, "2019-06-30": -84.7, "2019-03-31": "8.10000", "2018-12-31": -66.7, "2018-09-30": -1.3, "2018-06-30": -20.3, "2018-03-31": "42.10000", "2017-12-31": 68, "2017-09-30": -35.7, "2017-06-30": 57.3, "2017-03-31": "8.40000", "2016-12-31": 155.6, "2016-09-30": -1.4, "2016-06-30": 71.5, "2016-03-31": "32.40000", "2015-12-31": -9.1, "2015-09-30": 71, "2015-06-30": -90.3, "2015-03-31": "77.20000", "2014-12-31": 14, "2014-09-30": -77, "2014-06-30": 30.9, "2014-03-31": "67.10000", "2013-12-31": -10.8, "2013-09-30": 13.1, "2013-06-30": 14, "2013-03-31": "3.60000", "2012-12-31": -26.9, "2012-09-30": -17.5, "2012-06-30": -30.9, "2012-03-31": "10.30000", "2011-12-31": 95.585, "2011-09-30": -37.088, "2011-06-30": 45.731, "2011-03-31": "6.47200", "2010-12-31": 35.139, "2010-09-30": -34.862, "2010-06-30": -26.826, "2010-03-31": "25.14900", "2009-12-31": 113.318, "2009-09-30": -10.721, "2009-06-30": 21.813, "2009-03-31": "30.39600", "2008-12-31": 23.327, "2008-09-30": -28.596, "2008-06-30": 17.822, "2008-03-31": "63.90200", "2007-12-31": 49.309, "2007-09-30": 0.32, "2007-06-30": 43.713, "2007-03-31": "30.41400", "2006-12-31": 35.524, "2006-09-30": 50.51, "2006-06-30": 22.106, "2006-03-31": "47.59500", "2005-12-31": 49.312, "2005-09-30": -23.17, "2005-06-30": 16.298, "2005-03-31": "27.14800"}, "Total Change In Assets/Liabilities": {"2020-12-31": -18.9, "2020-09-30": -143, "2020-06-30": -63.6, "2020-03-31": "135.00000", "2019-12-31": -195.4, "2019-09-30": -54.8, "2019-06-30": -80.4, "2019-03-31": "38.30000", "2018-12-31": -116.7, "2018-09-30": -120, "2018-06-30": -57.8, "2018-03-31": "108.90000", "2017-12-31": 415.8, "2017-09-30": -62, "2017-06-30": 19.3, "2017-03-31": "321.00000", "2016-12-31": -13.7, "2016-09-30": -36.3, "2016-06-30": 137.5, "2016-03-31": "-44.30000", "2015-12-31": -158.1, "2015-09-30": 22.9, "2015-06-30": -3.5, "2015-03-31": "35.20000", "2014-12-31": 100.6, "2014-09-30": -268.2, "2014-06-30": 183.9, "2014-03-31": "-0.70000", "2013-12-31": 76.6, "2013-09-30": -55.4, "2013-06-30": 64.2, "2013-03-31": "-221.70000", "2012-12-31": -101.4, "2012-09-30": 25, "2012-06-30": 69.2, "2012-03-31": "-20.40000", "2011-12-31": 24.253, "2011-09-30": -1.721, "2011-06-30": 99.084, "2011-03-31": "59.18400", "2010-12-31": 62.372, "2010-09-30": -134.309, "2010-06-30": 33.04, "2010-03-31": "-118.90300", "2009-12-31": 198.18, "2009-09-30": 103.174, "2009-06-30": 29.782, "2009-03-31": "50.21300", "2008-12-31": -19.795, "2008-09-30": 20.856, "2008-06-30": 19.53, "2008-03-31": "72.67600", "2007-12-31": 53.922, "2007-09-30": 48.555, "2007-06-30": 51.978, "2007-03-31": "12.88300", "2006-12-31": 101.741, "2006-09-30": 43.342, "2006-06-30": 77.444, "2006-03-31": "-1.90400", "2005-12-31": 2.256, "2005-09-30": -15.585, "2005-06-30": 2.234, "2005-03-31": "-4.01800"}, "Cash Flow From Operating Activities": {"2020-12-31": 125.8, "2020-09-30": 116.4, "2020-06-30": 97.6, "2020-03-31": "272.20000", "2019-12-31": 95.7, "2019-09-30": 185, "2019-06-30": 88.8, "2019-03-31": "159.40000", "2018-12-31": 212.4, "2018-09-30": 207.3, "2018-06-30": 170.3, "2018-03-31": "271.10000", "2017-12-31": 212.6, "2017-09-30": 201.4, "2017-06-30": 298.7, "2017-03-31": "546.60000", "2016-12-31": 350.3, "2016-09-30": 243.9, "2016-06-30": 360, "2016-03-31": "172.40000", "2015-12-31": 124, "2015-09-30": 293, "2015-06-30": 263.2, "2015-03-31": "219.30000", "2014-12-31": 284.9, "2014-09-30": -69.7, "2014-06-30": 423.6, "2014-03-31": "124.60000", "2013-12-31": 394, "2013-09-30": 176.4, "2013-06-30": 284.4, "2013-03-31": "-8.90000", "2012-12-31": 150.1, "2012-09-30": 173.2, "2012-06-30": 212.1, "2012-03-31": "102.30000", "2011-12-31": 243.579, "2011-09-30": 185.164, "2011-06-30": 318.307, "2011-03-31": "239.65000", "2010-12-31": 371, "2010-09-30": 131.411, "2010-06-30": 221.343, "2010-03-31": "88.54600", "2009-12-31": 259.605, "2009-09-30": 223.946, "2009-06-30": 148.681, "2009-03-31": "163.86500", "2008-12-31": 215.111, "2008-09-30": 204.624, "2008-06-30": 200.542, "2008-03-31": "254.90200", "2007-12-31": 244.358, "2007-09-30": 191.425, "2007-06-30": 199.275, "2007-03-31": "151.46500", "2006-12-31": 234.228, "2006-09-30": 164.914, "2006-06-30": 217.904, "2006-03-31": "138.55800", "2005-12-31": 197.51, "2005-09-30": 144.924, "2005-06-30": 166.12, "2005-03-31": "134.38900"}, "Net Change In Property, Plant, And Equipment": {"2020-12-31": -32.5, "2020-09-30": -24.1, "2020-06-30": -22, "2020-03-31": "-21.80000", "2019-12-31": -26.1, "2019-09-30": -28.3, "2019-06-30": -27.3, "2019-03-31": "-27.90000", "2018-12-31": -36.5, "2018-09-30": -31.6, "2018-06-30": -37.1, "2018-03-31": "-42.20000", "2017-12-31": -53.6, "2017-09-30": -33.3, "2017-06-30": -32.2, "2017-03-31": "-32.10000", "2016-12-31": -51.8, "2016-09-30": -46, "2016-06-30": -67.6, "2016-03-31": "-49.30000", "2015-12-31": -55.4, "2015-09-30": -71.1, "2015-06-30": -39.6, "2015-03-31": "-44.20000", "2014-12-31": -51.9, "2014-09-30": -42.4, "2014-06-30": -41.2, "2014-03-31": "-57.40000", "2013-12-31": -47, "2013-09-30": -40.7, "2013-06-30": -70.8, "2013-03-31": "-71.50000", "2012-12-31": -90.9, "2012-09-30": -87.1, "2012-06-30": -87.7, "2012-03-31": "-82.00000", "2011-12-31": -78.414, "2011-09-30": -71.945, "2011-06-30": -61.969, "2011-03-31": "-53.97200", "2010-12-31": -47.819, "2010-09-30": -54.324, "2010-06-30": -45.35, "2010-03-31": "-37.80700", "2009-12-31": -39.891, "2009-09-30": -33.786, "2009-06-30": -45.198, "2009-03-31": "-34.22600", "2008-12-31": -42.876, "2008-09-30": -40.881, "2008-06-30": -47.435, "2008-03-31": "-33.41200", "2007-12-31": -35.906, "2007-09-30": -35.901, "2007-06-30": -42.678, "2007-03-31": "-32.37300", "2006-12-31": -32.274, "2006-09-30": -26.404, "2006-06-30": -25.187, "2006-03-31": "-18.22800", "2005-12-31": -39.319, "2005-09-30": -18.236, "2005-06-30": -18.088, "2005-03-31": "-22.54900"}, "Net Change In Intangible Assets": {"2020-12-31": 0, "2020-09-30": 0, "2020-06-30": 0, "2020-03-31": "", "2019-12-31": 0, "2019-09-30": 0, "2019-06-30": 0, "2019-03-31": "", "2018-12-31": 0, "2018-09-30": 0, "2018-06-30": 0, "2018-03-31": "", "2017-12-31": 0, "2017-09-30": 0, "2017-06-30": 0, "2017-03-31": "", "2016-12-31": 0, "2016-09-30": 0, "2016-06-30": 0, "2016-03-31": "", "2015-12-31": 0, "2015-09-30": 0, "2015-06-30": 0, "2015-03-31": "", "2014-12-31": 0, "2014-09-30": 0, "2014-06-30": 0, "2014-03-31": "", "2013-12-31": 0, "2013-09-30": 0, "2013-06-30": -10, "2013-03-31": "", "2012-12-31": 0, "2012-09-30": -65, "2012-06-30": -0.3, "2012-03-31": "", "2011-12-31": 0, "2011-09-30": 0, "2011-06-30": 0, "2011-03-31": "", "2010-12-31": 0, "2010-09-30": 0, "2010-06-30": 0, "2010-03-31": "", "2009-12-31": 0, "2009-09-30": 0, "2009-06-30": 0, "2009-03-31": "", "2008-12-31": 0, "2008-09-30": 0, "2008-06-30": 0, "2008-03-31": "", "2007-12-31": 0, "2007-09-30": 0, "2007-06-30": 0, "2007-03-31": "", "2006-12-31": 0, "2006-09-30": 0, "2006-06-30": 0, "2006-03-31": "", "2005-12-31": 0, "2005-09-30": 0, "2005-06-30": 0, "2005-03-31": ""}, "Net Acquisitions/Divestitures": {"2020-12-31": -438.1, "2020-09-30": 0.2, "2020-06-30": -0.2, "2020-03-31": "", "2019-12-31": -7.3, "2019-09-30": 0, "2019-06-30": -270.9, "2019-03-31": "", "2018-12-31": -27.6, "2018-09-30": 0, "2018-06-30": -9.3, "2018-03-31": "-22.20000", "2017-12-31": 0, "2017-09-30": -27, "2017-06-30": 0, "2017-03-31": "", "2016-12-31": -16.3, "2016-09-30": -73.9, "2016-06-30": -22.8, "2016-03-31": "", "2015-12-31": 0, "2015-09-30": -3.5, "2015-06-30": 0, "2015-03-31": "", "2014-12-31": 105.7, "2014-09-30": 0, "2014-06-30": 0, "2014-03-31": "-27.10000", "2013-12-31": 0, "2013-09-30": 0, "2013-06-30": 0, "2013-03-31": "-10.00000", "2012-12-31": -48.9, "2012-09-30": 0, "2012-06-30": 0, "2012-03-31": "-90.50000", "2011-12-31": 0.401, "2011-09-30": -0.028, "2011-06-30": -2.5, "2011-03-31": "-28.57300", "2010-12-31": -241.467, "2010-09-30": -69.118, "2010-06-30": -64.215, "2010-03-31": "", "2009-12-31": 0, "2009-09-30": 0, "2009-06-30": 0, "2009-03-31": "", "2008-12-31": 0, "2008-09-30": 0, "2008-06-30": 0, "2008-03-31": "", "2007-12-31": 0, "2007-09-30": 0, "2007-06-30": 0, "2007-03-31": "-0.37500", "2006-12-31": 0, "2006-09-30": -2.039, "2006-06-30": -13.063, "2006-03-31": "", "2005-12-31": -110.829, "2005-09-30": -43.804, "2005-06-30": -155.256, "2005-03-31": ""}, "Net Change In Short-term Investments": {"2020-12-31": 145, "2020-09-30": -120, "2020-06-30": 42.5, "2020-03-31": "190.90000", "2019-12-31": 297, "2019-09-30": -119, "2019-06-30": -152.2, "2019-03-31": "-73.30000", "2018-12-31": -98.8, "2018-09-30": -320.2, "2018-06-30": -4.4, "2018-03-31": "1175.30000", "2017-12-31": -181.2, "2017-09-30": -19.2, "2017-06-30": -19.3, "2017-03-31": "22.40000", "2016-12-31": -34.9, "2016-09-30": -59.2, "2016-06-30": 17.9, "2016-03-31": "2.60000", "2015-12-31": 18.6999, "2015-09-30": -51.0999, "2015-06-30": -103.1, "2015-03-31": "-173.90000", "2014-12-31": 236.8002, "2014-09-30": 124.9, "2014-06-30": -813, "2014-03-31": "971.80000", "2013-12-31": -71.2, "2013-09-30": -80.9, "2013-06-30": 72.1, "2013-03-31": "-197.90000", "2012-12-31": -90.7, "2012-09-30": -109.3, "2012-06-30": 73, "2012-03-31": "80.30000", "2011-12-31": 25.063, "2011-09-30": -27.4239, "2011-06-30": -252.8321, "2011-03-31": "-120.70700", "2010-12-31": 222.5961, "2010-09-30": -157.155, "2010-06-30": -32.954, "2010-03-31": "11.51300", "2009-12-31": -77.4859, "2009-09-30": -135.653, "2009-06-30": -534.54, "2009-03-31": "-30.03900", "2008-12-31": 82.483, "2008-09-30": -46.945, "2008-06-30": -121.133, "2008-03-31": "110.93900", "2007-12-31": 102.052, "2007-09-30": 112.784, "2007-06-30": 182.445, "2007-03-31": "333.18500", "2006-12-31": 63.618, "2006-09-30": 85.622, "2006-06-30": -27.093, "2006-03-31": "-6.21600", "2005-12-31": -32.572, "2005-09-30": -70.461, "2005-06-30": 15.862, "2005-03-31": "-43.81300"}, "Net Change In Long-Term Investments": {"2020-12-31": -2.9, "2020-09-30": -4.9, "2020-06-30": 0.1, "2020-03-31": "", "2019-12-31": -87.7, "2019-09-30": 0.1, "2019-06-30": -2.4, "2019-03-31": "-2.90000", "2018-12-31": -2.3, "2018-09-30": -1.5, "2018-06-30": 21.9, "2018-03-31": "1.30000", "2017-12-31": 9.9, "2017-09-30": -0.1, "2017-06-30": -12.3, "2017-03-31": "", "2016-12-31": -8.1, "2016-09-30": 0.1, "2016-06-30": 2.8, "2016-03-31": "-10.50000", "2015-12-31": 3.2, "2015-09-30": 8.1, "2015-06-30": 0, "2015-03-31": "-3.20000", "2014-12-31": -7, "2014-09-30": -7.3, "2014-06-30": -3.3, "2014-03-31": "0.80000", "2013-12-31": -19.9, "2013-09-30": 0.7, "2013-06-30": -7, "2013-03-31": "-5.70000", "2012-12-31": 2.7, "2012-09-30": 7.9, "2012-06-30": 14.8, "2012-03-31": "-1.10000", "2011-12-31": -0.698, "2011-09-30": -23.759, "2011-06-30": -2.671, "2011-03-31": "-5.97200", "2010-12-31": 1.088, "2010-09-30": -4.561, "2010-06-30": 4.046, "2010-03-31": "-4.77300", "2009-12-31": -0.916, "2009-09-30": -5.289, "2009-06-30": 0, "2009-03-31": "", "2008-12-31": -2.458, "2008-09-30": 0, "2008-06-30": 0, "2008-03-31": "", "2007-12-31": 0, "2007-09-30": 0, "2007-06-30": 0, "2007-03-31": "", "2006-12-31": 0, "2006-09-30": 0, "2006-06-30": 0, "2006-03-31": "", "2005-12-31": 0, "2005-09-30": 0, "2005-06-30": 0, "2005-03-31": ""}, "Net Change In Investments - Total": {"2020-12-31": 142.1, "2020-09-30": -124.9, "2020-06-30": 42.6, "2020-03-31": "190.90000", "2019-12-31": 209.3, "2019-09-30": -118.9, "2019-06-30": -154.6, "2019-03-31": "-76.20000", "2018-12-31": -101.1, "2018-09-30": -321.7, "2018-06-30": 17.5, "2018-03-31": "1176.60000", "2017-12-31": -171.3, "2017-09-30": -19.3, "2017-06-30": -31.6, "2017-03-31": "22.40000", "2016-12-31": -43, "2016-09-30": -59.1, "2016-06-30": 20.7, "2016-03-31": "-7.90000", "2015-12-31": 21.9, "2015-09-30": -43, "2015-06-30": -103.1, "2015-03-31": "-177.10000", "2014-12-31": 229.8002, "2014-09-30": 117.6, "2014-06-30": -816.3, "2014-03-31": "972.60000", "2013-12-31": -91.1, "2013-09-30": -80.2, "2013-06-30": 65.1, "2013-03-31": "-203.60000", "2012-12-31": -88, "2012-09-30": -101.4, "2012-06-30": 87.8, "2012-03-31": "79.20000", "2011-12-31": 24.365, "2011-09-30": -51.1829, "2011-06-30": -255.5031, "2011-03-31": "-126.67900", "2010-12-31": 223.6841, "2010-09-30": -161.716, "2010-06-30": -28.908, "2010-03-31": "6.74000", "2009-12-31": -78.4019, "2009-09-30": -140.942, "2009-06-30": -534.54, "2009-03-31": "-30.03900", "2008-12-31": 80.025, "2008-09-30": -46.945, "2008-06-30": -121.133, "2008-03-31": "110.93900", "2007-12-31": 102.052, "2007-09-30": 112.784, "2007-06-30": 182.445, "2007-03-31": "333.18500", "2006-12-31": 63.618, "2006-09-30": 85.622, "2006-06-30": -27.093, "2006-03-31": "-6.21600", "2005-12-31": -32.572, "2005-09-30": -70.461, "2005-06-30": 15.862, "2005-03-31": "-43.81300"}, "Investing Activities - Other": {"2020-12-31": -46.4, "2020-09-30": 45.3, "2020-06-30": 0.2, "2020-03-31": "-0.20000", "2019-12-31": 0, "2019-09-30": 0, "2019-06-30": 0, "2019-03-31": "", "2018-12-31": 0, "2018-09-30": 0, "2018-06-30": 0, "2018-03-31": "", "2017-12-31": 0, "2017-09-30": 0, "2017-06-30": 75, "2017-03-31": "", "2016-12-31": 2.4, "2016-09-30": -2.9, "2016-06-30": 0.5, "2016-03-31": "", "2015-12-31": 0.1, "2015-09-30": 11.6, "2015-06-30": 0, "2015-03-31": "", "2014-12-31": -0.4, "2014-09-30": 20, "2014-06-30": 0.1, "2014-03-31": "24.90000", "2013-12-31": -1.2, "2013-09-30": 0, "2013-06-30": 0, "2013-03-31": "", "2012-12-31": 0, "2012-09-30": -20.6, "2012-06-30": -0.2, "2012-03-31": "", "2011-12-31": -0.056, "2011-09-30": 0.092, "2011-06-30": -1.236, "2011-03-31": "", "2010-12-31": 0.032, "2010-09-30": -0.136, "2010-06-30": -10.746, "2010-03-31": "-1.55000", "2009-12-31": 0, "2009-09-30": -8.81, "2009-06-30": -3.479, "2009-03-31": "1.01300", "2008-12-31": 4.509, "2008-09-30": -8.038, "2008-06-30": -3.085, "2008-03-31": "-1.48000", "2007-12-31": -4, "2007-09-30": -10.075, "2007-06-30": 0, "2007-03-31": "2.59300", "2006-12-31": -4.446, "2006-09-30": 1.848, "2006-06-30": 9.698, "2006-03-31": "6.09000", "2005-12-31": -27.748, "2005-09-30": -8.791, "2005-06-30": -7.091, "2005-03-31": "-1.04100"}, "Cash Flow From Investing Activities": {"2020-12-31": -374.9, "2020-09-30": -103.5, "2020-06-30": 20.6, "2020-03-31": "168.90000", "2019-12-31": 175.9, "2019-09-30": -147.2, "2019-06-30": -452.8, "2019-03-31": "-104.10000", "2018-12-31": -165.2, "2018-09-30": -353.3, "2018-06-30": -28.9, "2018-03-31": "1112.20000", "2017-12-31": -224.9, "2017-09-30": -79.6, "2017-06-30": 11.2, "2017-03-31": "-9.70000", "2016-12-31": -108.7, "2016-09-30": -181.9, "2016-06-30": -69.2, "2016-03-31": "-57.20000", "2015-12-31": -33.4, "2015-09-30": -106, "2015-06-30": -142.7, "2015-03-31": "-221.30000", "2014-12-31": 283.2, "2014-09-30": 95.2, "2014-06-30": -857.4, "2014-03-31": "913.00000", "2013-12-31": -139.3, "2013-09-30": -120.9, "2013-06-30": -15.7, "2013-03-31": "-285.10000", "2012-12-31": -227.8, "2012-09-30": -274.1, "2012-06-30": -0.4, "2012-03-31": "-93.30000", "2011-12-31": -53.704, "2011-09-30": -123.064, "2011-06-30": -321.208, "2011-03-31": "-209.22400", "2010-12-31": -65.57, "2010-09-30": -285.294, "2010-06-30": -149.219, "2010-03-31": "-32.61700", "2009-12-31": -118.293, "2009-09-30": -183.538, "2009-06-30": -583.217, "2009-03-31": "-63.25200", "2008-12-31": 41.658, "2008-09-30": -95.864, "2008-06-30": -171.653, "2008-03-31": "76.04700", "2007-12-31": 62.146, "2007-09-30": 66.808, "2007-06-30": 139.767, "2007-03-31": "303.03000", "2006-12-31": 26.898, "2006-09-30": 59.027, "2006-06-30": -55.645, "2006-03-31": "-18.35400", "2005-12-31": -210.468, "2005-09-30": -141.292, "2005-06-30": -164.573, "2005-03-31": "-67.40300"}, "Net Long-Term Debt": {"2020-12-31": 416.2, "2020-09-30": 0, "2020-06-30": 0, "2020-03-31": "", "2019-12-31": 0, "2019-09-30": -104.8, "2019-06-30": 0, "2019-03-31": "-350.00000", "2018-12-31": 0, "2018-09-30": 0, "2018-06-30": 0, "2018-03-31": "", "2017-12-31": 0, "2017-09-30": 0, "2017-06-30": 0, "2017-03-31": "", "2016-12-31": 15.5, "2016-09-30": 0.9, "2016-06-30": -16.4, "2016-03-31": "194.00000", "2015-12-31": 0.4, "2015-09-30": -0.8, "2015-06-30": 0, "2015-03-31": "595.00000", "2014-12-31": 0, "2014-09-30": 300, "2014-06-30": 0, "2014-03-31": "46.10000", "2013-12-31": 0, "2013-09-30": 0, "2013-06-30": 0, "2013-03-31": "-1.40000", "2012-12-31": 0, "2012-09-30": 0, "2012-06-30": -1.4, "2012-03-31": "", "2011-12-31": 0.044, "2011-09-30": 0, "2011-06-30": 0, "2011-03-31": "991.55600", "2010-12-31": 0, "2010-09-30": 0, "2010-06-30": 0, "2010-03-31": "", "2009-12-31": 0, "2009-09-30": 0, "2009-06-30": 0, "2009-03-31": "", "2008-12-31": -0.001, "2008-09-30": -0.011, "2008-06-30": -0.276, "2008-03-31": "", "2007-12-31": 0, "2007-09-30": 0, "2007-06-30": 0, "2007-03-31": "", "2006-12-31": 0, "2006-09-30": 0, "2006-06-30": 0, "2006-03-31": "", "2005-12-31": 0, "2005-09-30": 0, "2005-06-30": 0, "2005-03-31": ""}, "Net Current Debt": {"2020-12-31": 0, "2020-09-30": 0, "2020-06-30": 0, "2020-03-31": "", "2019-12-31": 0, "2019-09-30": 0, "2019-06-30": 0, "2019-03-31": "", "2018-12-31": 0, "2018-09-30": 0, "2018-06-30": 0, "2018-03-31": "", "2017-12-31": 0, "2017-09-30": 0, "2017-06-30": 0, "2017-03-31": "", "2016-12-31": 0, "2016-09-30": 0, "2016-06-30": 0, "2016-03-31": "", "2015-12-31": 0, "2015-09-30": 0, "2015-06-30": 0, "2015-03-31": "", "2014-12-31": 0, "2014-09-30": 0, "2014-06-30": 0, "2014-03-31": "", "2013-12-31": 0, "2013-09-30": 0, "2013-06-30": 0, "2013-03-31": "", "2012-12-31": 0, "2012-09-30": 0, "2012-06-30": 0, "2012-03-31": "", "2011-12-31": 0, "2011-09-30": 0, "2011-06-30": 0, "2011-03-31": "", "2010-12-31": 0, "2010-09-30": 0, "2010-06-30": 0, "2010-03-31": "", "2009-12-31": 0, "2009-09-30": 0, "2009-06-30": 0, "2009-03-31": "", "2008-12-31": 0, "2008-09-30": 0, "2008-06-30": 0, "2008-03-31": "", "2007-12-31": 0, "2007-09-30": 0, "2007-06-30": 0, "2007-03-31": "", "2006-12-31": 0, "2006-09-30": 0, "2006-06-30": 0, "2006-03-31": "", "2005-12-31": 0, "2005-09-30": 0, "2005-06-30": 0, "2005-03-31": ""}, "Debt Issuance/Retirement Net - Total": {"2020-12-31": 416.2, "2020-09-30": 0, "2020-06-30": 0, "2020-03-31": "", "2019-12-31": 0, "2019-09-30": -104.8, "2019-06-30": 0, "2019-03-31": "-350.00000", "2018-12-31": 0, "2018-09-30": 0, "2018-06-30": 0, "2018-03-31": "", "2017-12-31": 0, "2017-09-30": 0, "2017-06-30": 0, "2017-03-31": "", "2016-12-31": 15.5, "2016-09-30": 0.9, "2016-06-30": -16.4, "2016-03-31": "194.00000", "2015-12-31": 0.4, "2015-09-30": -0.8, "2015-06-30": 0, "2015-03-31": "595.00000", "2014-12-31": 0, "2014-09-30": 300, "2014-06-30": 0, "2014-03-31": "46.10000", "2013-12-31": 0, "2013-09-30": 0, "2013-06-30": 0, "2013-03-31": "-1.40000", "2012-12-31": 0, "2012-09-30": 0, "2012-06-30": -1.4, "2012-03-31": "", "2011-12-31": 0.044, "2011-09-30": 0, "2011-06-30": 0, "2011-03-31": "991.55600", "2010-12-31": 0, "2010-09-30": 0, "2010-06-30": 0, "2010-03-31": "", "2009-12-31": 0, "2009-09-30": 0, "2009-06-30": 0, "2009-03-31": "", "2008-12-31": -0.001, "2008-09-30": -0.011, "2008-06-30": -0.276, "2008-03-31": "", "2007-12-31": 0, "2007-09-30": 0, "2007-06-30": 0, "2007-03-31": "", "2006-12-31": 0, "2006-09-30": 0, "2006-06-30": 0, "2006-03-31": "", "2005-12-31": 0, "2005-09-30": 0, "2005-06-30": 0, "2005-03-31": ""}, "Net Common Equity Issued/Repurchased": {"2020-12-31": -75.2, "2020-09-30": -73.5, "2020-06-30": -1.6, "2020-03-31": "-176.10000", "2019-12-31": -199.8, "2019-09-30": -25.4, "2019-06-30": -300.7, "2019-03-31": "26.60000", "2018-12-31": -1, "2018-09-30": 26, "2018-06-30": 0.2, "2018-03-31": "-724.90000", "2017-12-31": -330.2, "2017-09-30": -111.3, "2017-06-30": -123.8, "2017-03-31": "-96.00000", "2016-12-31": 1.9, "2016-09-30": -86.3, "2016-06-30": -126.5, "2016-03-31": "-51.40000", "2015-12-31": -71.8, "2015-09-30": -18.1, "2015-06-30": -571.1, "2015-03-31": "-370.60000", "2014-12-31": -499.3, "2014-09-30": -817.5, "2014-06-30": 18.7, "2014-03-31": "-804.60000", "2013-12-31": -227.7, "2013-09-30": -43.5, "2013-06-30": -97.4, "2013-03-31": "-67.50000", "2012-12-31": -239.6, "2012-09-30": -211.6, "2012-06-30": -82, "2012-03-31": "-18.30000", "2011-12-31": 5.827, "2011-09-30": -156.23, "2011-06-30": -110.239, "2011-03-31": "58.94200", "2010-12-31": 16.605, "2010-09-30": -53.995, "2010-06-30": -119.705, "2010-03-31": "42.69500", "2009-12-31": -179.591, "2009-09-30": 8.602, "2009-06-30": -21.474, "2009-03-31": "-97.21800", "2008-12-31": -38.487, "2008-09-30": -402.583, "2008-06-30": -32.354, "2008-03-31": "-11.82600", "2007-12-31": 46.31, "2007-09-30": 219.099, "2007-06-30": -1519.864, "2007-03-31": "-13.72800", "2006-12-31": 0.002, "2006-09-30": 17.789, "2006-06-30": 17.828, "2006-03-31": "-134.86700", "2005-12-31": 42.955, "2005-09-30": 27.711, "2005-06-30": 35.966, "2005-03-31": "39.38000"}, "Net Total Equity Issued/Repurchased": {"2020-12-31": -75.2, "2020-09-30": -73.5, "2020-06-30": -1.6, "2020-03-31": "-176.10000", "2019-12-31": -199.8, "2019-09-30": -25.4, "2019-06-30": -300.7, "2019-03-31": "26.60000", "2018-12-31": -1, "2018-09-30": 26, "2018-06-30": 0.2, "2018-03-31": "-724.90000", "2017-12-31": -330.2, "2017-09-30": -111.3, "2017-06-30": -123.8, "2017-03-31": "-96.00000", "2016-12-31": 1.9, "2016-09-30": -86.3, "2016-06-30": -126.5, "2016-03-31": "-51.40000", "2015-12-31": -71.8, "2015-09-30": -18.1, "2015-06-30": -571.1, "2015-03-31": "-370.60000", "2014-12-31": -499.3, "2014-09-30": -817.5, "2014-06-30": 18.7, "2014-03-31": "-804.60000", "2013-12-31": -227.7, "2013-09-30": -43.5, "2013-06-30": -97.4, "2013-03-31": "-67.50000", "2012-12-31": -239.6, "2012-09-30": -211.6, "2012-06-30": -82, "2012-03-31": "-18.30000", "2011-12-31": 5.827, "2011-09-30": -156.23, "2011-06-30": -110.239, "2011-03-31": "58.94200", "2010-12-31": 16.605, "2010-09-30": -53.995, "2010-06-30": -119.705, "2010-03-31": "42.69500", "2009-12-31": -179.591, "2009-09-30": 8.602, "2009-06-30": -21.474, "2009-03-31": "-97.21800", "2008-12-31": -38.487, "2008-09-30": -402.583, "2008-06-30": -32.354, "2008-03-31": "-11.82600", "2007-12-31": 46.31, "2007-09-30": 219.099, "2007-06-30": -1519.864, "2007-03-31": "-13.72800", "2006-12-31": 0.002, "2006-09-30": 17.789, "2006-06-30": 17.828, "2006-03-31": "-134.86700", "2005-12-31": 42.955, "2005-09-30": 27.711, "2005-06-30": 35.966, "2005-03-31": "39.38000"}, "Total Common And Preferred Stock Dividends Paid": {"2020-12-31": -66.1, "2020-09-30": -66.2, "2020-06-30": -66.3, "2020-03-31": "-65.50000", "2019-12-31": -63.7, "2019-09-30": -64.7, "2019-06-30": -65.5, "2019-03-31": "-66.20000", "2018-12-31": -62.3, "2018-09-30": -62.1, "2018-06-30": -62.8, "2018-03-31": "-62.10000", "2017-12-31": -36.9, "2017-09-30": -37.7, "2017-06-30": -37.8, "2017-03-31": "-38.00000", "2016-12-31": -38.1, "2016-09-30": -38, "2016-06-30": -38.1, "2016-03-31": "-38.30000", "2015-12-31": -38.3, "2015-09-30": -38.5, "2015-06-30": -38.7, "2015-03-31": "-40.80000", "2014-12-31": -42.2, "2014-09-30": -43.8, "2014-06-30": 0, "2014-03-31": "", "2013-12-31": 0, "2013-09-30": 0, "2013-06-30": 0, "2013-03-31": "", "2012-12-31": 0, "2012-09-30": 0, "2012-06-30": 0, "2012-03-31": "", "2011-12-31": 0, "2011-09-30": 0, "2011-06-30": 0, "2011-03-31": "", "2010-12-31": 0, "2010-09-30": 0, "2010-06-30": 0, "2010-03-31": "", "2009-12-31": 0, "2009-09-30": 0, "2009-06-30": 0, "2009-03-31": "", "2008-12-31": 0, "2008-09-30": 0, "2008-06-30": 0, "2008-03-31": "", "2007-12-31": 0, "2007-09-30": 0, "2007-06-30": 0, "2007-03-31": "", "2006-12-31": 0, "2006-09-30": 0, "2006-06-30": 0, "2006-03-31": "", "2005-12-31": 0, "2005-09-30": 0, "2005-06-30": 0, "2005-03-31": ""}, "Financial Activities - Other": {"2020-12-31": -52.9, "2020-09-30": 0, "2020-06-30": 4.8, "2020-03-31": "", "2019-12-31": 0, "2019-09-30": -14.6, "2019-06-30": 0, "2019-03-31": "", "2018-12-31": -1.2, "2018-09-30": -1.6, "2018-06-30": -0.2, "2018-03-31": "-16.60000", "2017-12-31": 16.9, "2017-09-30": 0, "2017-06-30": 0, "2017-03-31": "", "2016-12-31": -15.5, "2016-09-30": 0, "2016-06-30": 0, "2016-03-31": "", "2015-12-31": -7.8, "2015-09-30": 3.1, "2015-06-30": 2.6, "2015-03-31": "1.70000", "2014-12-31": 8.8, "2014-09-30": 0.9, "2014-06-30": -6, "2014-03-31": "14.70000", "2013-12-31": -7.5, "2013-09-30": 9.6, "2013-06-30": 34.9, "2013-03-31": "-1.20000", "2012-12-31": 13.6, "2012-09-30": -23.9, "2012-06-30": 2.9, "2012-03-31": "12.00000", "2011-12-31": -7.808, "2011-09-30": -21.487, "2011-06-30": 6.823, "2011-03-31": "51.57200", "2010-12-31": 28.974, "2010-09-30": 8.706, "2010-06-30": -16.282, "2010-03-31": "20.60200", "2009-12-31": 24.412, "2009-09-30": 15.429, "2009-06-30": 5.178, "2009-03-31": "-17.49600", "2008-12-31": 22.306, "2008-09-30": 31.926, "2008-06-30": 6.732, "2008-03-31": "2.18100", "2007-12-31": 14.019, "2007-09-30": 11.875, "2007-06-30": 3.053, "2007-03-31": "0.73900", "2006-12-31": 1.85, "2006-09-30": 4.011, "2006-06-30": 3.232, "2006-03-31": "0.55700", "2005-12-31": 0, "2005-09-30": 0, "2005-06-30": 0, "2005-03-31": ""}, "Cash Flow From Financial Activities": {"2020-12-31": 222, "2020-09-30": -139.7, "2020-06-30": -63.1, "2020-03-31": "-241.60000", "2019-12-31": -263.5, "2019-09-30": -209.5, "2019-06-30": -366.2, "2019-03-31": "-389.60000", "2018-12-31": -64.5, "2018-09-30": -37.7, "2018-06-30": -62.8, "2018-03-31": "-803.60000", "2017-12-31": -350.2, "2017-09-30": -149, "2017-06-30": -161.6, "2017-03-31": "-134.00000", "2016-12-31": -36.2, "2016-09-30": -123.4, "2016-06-30": -181, "2016-03-31": "104.30000", "2015-12-31": -117.5, "2015-09-30": -54.3, "2015-06-30": -607.2, "2015-03-31": "185.30000", "2014-12-31": -532.7, "2014-09-30": -560.4, "2014-06-30": 12.7, "2014-03-31": "-743.80000", "2013-12-31": -235.2, "2013-09-30": -33.9, "2013-06-30": -62.5, "2013-03-31": "-70.10000", "2012-12-31": -226, "2012-09-30": -235.5, "2012-06-30": -80.5, "2012-03-31": "-6.30000", "2011-12-31": -1.937, "2011-09-30": -177.717, "2011-06-30": -103.416, "2011-03-31": "1102.07000", "2010-12-31": 45.579, "2010-09-30": -45.289, "2010-06-30": -135.987, "2010-03-31": "63.29700", "2009-12-31": -155.179, "2009-09-30": 24.031, "2009-06-30": -16.296, "2009-03-31": "-114.71400", "2008-12-31": -16.182, "2008-09-30": -370.668, "2008-06-30": -25.898, "2008-03-31": "-9.64500", "2007-12-31": 60.329, "2007-09-30": 230.974, "2007-06-30": -1516.811, "2007-03-31": "-12.98900", "2006-12-31": 1.852, "2006-09-30": 21.8, "2006-06-30": 21.06, "2006-03-31": "-134.31000", "2005-12-31": 42.955, "2005-09-30": 27.711, "2005-06-30": 35.966, "2005-03-31": "39.38000"}, "Net Cash Flow": {"2020-12-31": -18.8, "2020-09-30": -119.4, "2020-06-30": 61.4, "2020-03-31": "183.30000", "2019-12-31": 10.5, "2019-09-30": -177.4, "2019-06-30": -729.7, "2019-03-31": "-332.70000", "2018-12-31": -17, "2018-09-30": -189.2, "2018-06-30": 67, "2018-03-31": "585.90000", "2017-12-31": -358.8, "2017-09-30": -23.3, "2017-06-30": 150.5, "2017-03-31": "410.10000", "2016-12-31": 191.2, "2016-09-30": -67.9, "2016-06-30": 110.9, "2016-03-31": "225.10000", "2015-12-31": -32.6, "2015-09-30": 123.2, "2015-06-30": -480.5, "2015-03-31": "171.20000", "2014-12-31": 23.7, "2014-09-30": -543.9, "2014-06-30": -419.6, "2014-03-31": "295.40000", "2013-12-31": 12.5, "2013-09-30": 21.6, "2013-06-30": 206.2, "2013-03-31": "-364.10000", "2012-12-31": -300.1, "2012-09-30": -336.4, "2012-06-30": 131.2, "2012-03-31": "2.70000", "2011-12-31": 187.938, "2011-09-30": -115.617, "2011-06-30": -106.317, "2011-03-31": "1132.49600", "2010-12-31": 351.009, "2010-09-30": -199.172, "2010-06-30": -63.863, "2010-03-31": "119.22600", "2009-12-31": -13.867, "2009-09-30": 64.439, "2009-06-30": -450.832, "2009-03-31": "-14.10100", "2008-12-31": 240.587, "2008-09-30": -261.908, "2008-06-30": 2.991, "2008-03-31": "321.30400", "2007-12-31": 366.833, "2007-09-30": 489.207, "2007-06-30": -1177.769, "2007-03-31": "441.50600", "2006-12-31": 262.978, "2006-09-30": 245.741, "2006-06-30": 183.319, "2006-03-31": "-14.10600", "2005-12-31": 29.997, "2005-09-30": 31.343, "2005-06-30": 37.513, "2005-03-31": "106.36600"}, "Stock-Based Compensation": {"2020-12-31": 51.5, "2020-09-30": 52.7, "2020-06-30": 44, "2020-03-31": "42.00000", "2019-12-31": 55.1, "2019-09-30": 57.5, "2019-06-30": 55.7, "2019-03-31": "33.90000", "2018-12-31": 36.9, "2018-09-30": 53.2, "2018-06-30": 56.6, "2018-03-31": "70.40000", "2017-12-31": 36.4, "2017-09-30": 45, "2017-06-30": 44.1, "2017-03-31": "62.00000", "2016-12-31": 62.5, "2016-09-30": 54.7, "2016-06-30": 55.6, "2016-03-31": "51.80000", "2015-12-31": 56, "2015-09-30": 56.4, "2015-06-30": 58.9, "2015-03-31": "46.00000", "2014-12-31": 54.6, "2014-09-30": 65.3, "2014-06-30": 59.3, "2014-03-31": "60.80000", "2013-12-31": 63.9, "2013-09-30": 69.3, "2013-06-30": 61.5, "2013-03-31": "49.90000", "2012-12-31": 56.7, "2012-09-30": 59.2, "2012-06-30": 61.8, "2012-03-31": "65.00000", "2011-12-31": 52.564, "2011-09-30": 58.993, "2011-06-30": 58.657, "2011-03-31": "47.58600", "2010-12-31": 48.245, "2010-09-30": 44.391, "2010-06-30": 44.603, "2010-03-31": "40.56100", "2009-12-31": 38.214, "2009-09-30": 34.354, "2009-06-30": 33.529, "2009-03-31": "33.56200", "2008-12-31": 29.256, "2008-09-30": 28.804, "2008-06-30": 27.345, "2008-03-31": "22.72800", "2007-12-31": 19.322, "2007-09-30": 21.227, "2007-06-30": 21.499, "2007-03-31": "25.94200", "2006-12-31": 18.549, "2006-09-30": 22.855, "2006-06-30": 23.176, "2006-03-31": "23.06500", "2005-12-31": 4.734, "2005-09-30": 7.182, "2005-06-30": 6.981, "2005-03-31": "3.42300"}, "Common Stock Dividends Paid": {"2020-12-31": -66.1, "2020-09-30": -66.2, "2020-06-30": -66.3, "2020-03-31": "-65.50000", "2019-12-31": -63.7, "2019-09-30": -64.7, "2019-06-30": -65.5, "2019-03-31": "-66.20000", "2018-12-31": -62.3, "2018-09-30": -62.1, "2018-06-30": -62.8, "2018-03-31": "-62.10000", "2017-12-31": -36.9, "2017-09-30": -37.7, "2017-06-30": -37.8, "2017-03-31": "-38.00000", "2016-12-31": -38.1, "2016-09-30": -38, "2016-06-30": -38.1, "2016-03-31": "-38.30000", "2015-12-31": -38.3, "2015-09-30": -38.5, "2015-06-30": -38.7, "2015-03-31": "-40.80000", "2014-12-31": -42.2, "2014-09-30": -43.8, "2014-06-30": 0, "2014-03-31": "0.00000", "2013-12-31": 0, "2013-09-30": 0, "2013-06-30": 0, "2013-03-31": "", "2012-12-31": 0, "2012-09-30": 0, "2012-06-30": 0, "2012-03-31": "", "2011-12-31": 0, "2011-09-30": 0, "2011-06-30": 0, "2011-03-31": "", "2010-12-31": 0, "2010-09-30": 0, "2010-06-30": 0, "2010-03-31": "", "2009-12-31": 0, "2009-09-30": 0, "2009-06-30": 0, "2009-03-31": "", "2008-12-31": 0, "2008-09-30": 0, "2008-06-30": 0, "2008-03-31": "", "2007-12-31": 0, "2007-09-30": 0, "2007-06-30": 0, "2007-03-31": "", "2006-12-31": 0, "2006-09-30": 0, "2006-06-30": 0, "2006-03-31": "", "2005-12-31": 0, "2005-09-30": 0, "2005-06-30": 0, "2005-03-31": ""}}, "financial ratios": {"Current Ratio": {"2019-12-31": "2.07900", "2018-12-31": "2.48670", "2017-12-31": "2.40740", "2016-12-31": "2.28810", "2015-12-31": "1.61630", "2014-12-31": "1.85710", "2013-12-31": "2.56970", "2012-12-31": "2.53210", "2011-12-31": "3.02700", "2010-12-31": "2.18370", "2009-12-31": "2.09260", "2008-12-31": "2.66530", "2007-12-31": "1.85170", "2006-12-31": "3.30680", "2005-12-31": "3.01050"}, "Long-term Debt / Capital": {"2019-12-31": "0.26750", "2018-12-31": "0.27060", "2017-12-31": "0.31340", "2016-12-31": "0.30070", "2015-12-31": "0.26360", "2014-12-31": "0.21520", "2013-12-31": "0.12040", "2012-12-31": "0.12490", "2011-12-31": "0.12350", "2010-12-31": "", "2009-12-31": "", "2008-12-31": "", "2007-12-31": "", "2006-12-31": "0.06140", "2005-12-31": "0.05340"}, "Debt/Equity Ratio": {"2019-12-31": "0.36520", "2018-12-31": "0.44350", "2017-12-31": "0.45640", "2016-12-31": "0.43000", "2015-12-31": "0.42350", "2014-12-31": "0.27420", "2013-12-31": "0.13680", "2012-12-31": "0.14280", "2011-12-31": "0.14090", "2010-12-31": "", "2009-12-31": "", "2008-12-31": "", "2007-12-31": "0.07460", "2006-12-31": "0.06540", "2005-12-31": "0.05640"}, "Gross Margin": {"2019-12-31": "58.86540", "2018-12-31": "58.98230", "2017-12-31": "61.10960", "2016-12-31": "62.21320", "2015-12-31": "63.37440", "2014-12-31": "61.77090", "2013-12-31": "62.99720", "2012-12-31": "62.05160", "2011-12-31": "64.48180", "2010-12-31": "66.98260", "2009-12-31": "65.84020", "2008-12-31": "68.17540", "2007-12-31": "67.29160", "2006-12-31": "67.25570", "2005-12-31": "68.33960"}, "Operating Margin": {"2019-12-31": "9.94740", "2018-12-31": "12.31200", "2017-12-31": "16.87020", "2016-12-31": "17.82930", "2015-12-31": "18.77390", "2014-12-31": "-9.07050", "2013-12-31": "12.12010", "2012-12-31": "7.05780", "2011-12-31": "13.90290", "2010-12-31": "18.75260", "2009-12-31": "9.36980", "2008-12-31": "19.45410", "2007-12-31": "14.35290", "2006-12-31": "-43.31440", "2005-12-31": "21.36900"}, "EBIT Margin": {"2019-12-31": "9.94740", "2018-12-31": "12.31200", "2017-12-31": "16.87020", "2016-12-31": "17.82930", "2015-12-31": "18.77390", "2014-12-31": "-9.07050", "2013-12-31": "12.12010", "2012-12-31": "7.05780", "2011-12-31": "13.90290", "2010-12-31": "18.75260", "2009-12-31": "9.36980", "2008-12-31": "19.45410", "2007-12-31": "14.35290", "2006-12-31": "-43.31440", "2005-12-31": "21.36900"}, "EBITDA Margin": {"2019-12-31": "14.67810", "2018-12-31": "16.84130", "2017-12-31": "21.35780", "2016-12-31": "21.97150", "2015-12-31": "22.40730", "2014-12-31": "13.32150", "2013-12-31": "16.18730", "2012-12-31": "11.36210", "2011-12-31": "17.72430", "2010-12-31": "22.54660", "2009-12-31": "13.84440", "2008-12-31": "24.28150", "2007-12-31": "21.16390", "2006-12-31": "-35.78310", "2005-12-31": "28.09890"}, "Pre-Tax Profit Margin": {"2019-12-31": "9.32200", "2018-12-31": "11.46210", "2017-12-31": "16.14820", "2016-12-31": "16.58080", "2015-12-31": "17.54290", "2014-12-31": "-1.86510", "2013-12-31": "11.25490", "2012-12-31": "6.67750", "2011-12-31": "12.85090", "2010-12-31": "19.01160", "2009-12-31": "9.41100", "2008-12-31": "20.40350", "2007-12-31": "18.00310", "2006-12-31": "-38.94150", "2005-12-31": "24.10500"}, "Net Profit Margin": {"2019-12-31": "7.76080", "2018-12-31": "12.19800", "2017-12-31": "6.09090", "2016-12-31": "11.87750", "2015-12-31": "13.04500", "2014-12-31": "-7.22480", "2013-12-31": "9.41940", "2012-12-31": "4.27220", "2011-12-31": "9.55560", "2010-12-31": "15.10760", "2009-12-31": "3.52840", "2008-12-31": "14.32520", "2007-12-31": "12.72280", "2006-12-31": "-43.47310", "2005-12-31": "16.99170"}, "Asset Turnover": {"2019-12-31": "0.50300", "2018-12-31": "0.49640", "2017-12-31": "0.51120", "2016-12-31": "0.51680", "2015-12-31": "0.56430", "2014-12-31": "0.55870", "2013-12-31": "0.45220", "2012-12-31": "0.44400", "2011-12-31": "0.44560", "2010-12-31": "0.48340", "2009-12-31": "0.43690", "2008-12-31": "0.49700", "2007-12-31": "0.41190", "2006-12-31": "0.31260", "2005-12-31": "0.25220"}, "Inventory Turnover Ratio": {"2019-12-31": "", "2018-12-31": "", "2017-12-31": "", "2016-12-31": "", "2015-12-31": "", "2014-12-31": "", "2013-12-31": "", "2012-12-31": "", "2011-12-31": "", "2010-12-31": "", "2009-12-31": "", "2008-12-31": "", "2007-12-31": "", "2006-12-31": "", "2005-12-31": ""}, "Receiveable Turnover": {"2019-12-31": "5.05330", "2018-12-31": "6.15890", "2017-12-31": "5.90050", "2016-12-31": "4.73400", "2015-12-31": "6.22240", "2014-12-31": "7.72600", "2013-12-31": "8.07380", "2012-12-31": "9.95760", "2011-12-31": "7.70470", "2010-12-31": "6.86080", "2009-12-31": "7.22970", "2008-12-31": "8.30840", "2007-12-31": "7.46810", "2006-12-31": "9.23480", "2005-12-31": "7.67540"}, "Days Sales In Receivables": {"2019-12-31": "72.22980", "2018-12-31": "59.26390", "2017-12-31": "61.85950", "2016-12-31": "77.10200", "2015-12-31": "58.65940", "2014-12-31": "47.24310", "2013-12-31": "45.20780", "2012-12-31": "36.65550", "2011-12-31": "47.37360", "2010-12-31": "53.20090", "2009-12-31": "50.48630", "2008-12-31": "43.93130", "2007-12-31": "48.87440", "2006-12-31": "39.52430", "2005-12-31": "47.55480"}, "ROE - Return On Equity": {"2019-12-31": "7.48280", "2018-12-31": "11.75360", "2017-12-31": "6.54150", "2016-12-31": "11.94360", "2015-12-31": "13.85320", "2014-12-31": "-6.79600", "2013-12-31": "6.02280", "2012-12-31": "2.66450", "2011-12-31": "5.99460", "2010-12-31": "9.37240", "2009-12-31": "1.97820", "2008-12-31": "8.67160", "2007-12-31": "6.73960", "2006-12-31": "-16.37650", "2005-12-31": "4.94770"}, "Return On Tangible Equity": {"2019-12-31": "31.71830", "2018-12-31": "35.52230", "2017-12-31": "21.02160", "2016-12-31": "33.85700", "2015-12-31": "40.64260", "2014-12-31": "-17.82740", "2013-12-31": "14.01710", "2012-12-31": "6.63040", "2011-12-31": "13.98720", "2010-12-31": "24.20300", "2009-12-31": "5.35360", "2008-12-31": "23.11480", "2007-12-31": "22.30910", "2006-12-31": "-43.14250", "2005-12-31": "18.09030"}, "ROA - Return On Assets": {"2019-12-31": "3.90370", "2018-12-31": "6.05450", "2017-12-31": "3.11380", "2016-12-31": "6.13780", "2015-12-31": "7.36180", "2014-12-31": "-4.03680", "2013-12-31": "4.25920", "2012-12-31": "1.89680", "2011-12-31": "4.25690", "2010-12-31": "7.31470", "2009-12-31": "1.51810", "2008-12-31": "7.12010", "2007-12-31": "5.24050", "2006-12-31": "-13.59100", "2005-12-31": "4.28540"}, "ROI - Return On Investment": {"2019-12-31": "5.48100", "2018-12-31": "8.57340", "2017-12-31": "4.49160", "2016-12-31": "8.35240", "2015-12-31": "10.20140", "2014-12-31": "-5.33340", "2013-12-31": "5.29780", "2012-12-31": "2.33160", "2011-12-31": "5.25420", "2010-12-31": "9.37240", "2009-12-31": "1.97820", "2008-12-31": "8.67160", "2007-12-31": "6.73960", "2006-12-31": "-15.37120", "2005-12-31": "4.68340"}, "Book Value Per Share": {"2019-12-31": "13.72610", "2018-12-31": "13.92380", "2017-12-31": "12.80680", "2016-12-31": "13.02150", "2015-12-31": "11.91250", "2014-12-31": "11.81910", "2013-12-31": "14.74600", "2012-12-31": "13.76770", "2011-12-31": "13.46830", "2010-12-31": "12.57910", "2009-12-31": "11.21570", "2008-12-31": "11.20340", "2007-12-31": "10.24050", "2006-12-31": "10.74270", "2005-12-31": "12.47400"}, "Operating Cash Flow Per Share": {"2019-12-31": -0.9107, "2018-12-31": -0.848, "2017-12-31": 0.3726, "2016-12-31": 0.653, "2015-12-31": 0.5831, "2014-12-31": 0.0113, "2013-12-31": 0.4458, "2012-12-31": -0.6106, "2011-12-31": 0.3149, "2010-12-31": 0.0168, "2009-12-31": -0.0963, "2008-12-31": 0.229, "2007-12-31": 0.0265, "2006-12-31": 0.2604, "2005-12-31": 1.0712}, "Free Cash Flow Per Share": {"2019-12-31": -0.8096, "2018-12-31": -0.8704, "2017-12-31": 0.5327, "2016-12-31": 0.6259, "2015-12-31": 0.4783, "2014-12-31": 0.0404, "2013-12-31": 0.6558, "2012-12-31": -0.7795, "2011-12-31": 0.1669, "2010-12-31": -0.0404, "2009-12-31": -0.0845, "2008-12-31": 0.1841, "2007-12-31": -0.0472, "2006-12-31": 0.2441, "2005-12-31": 0.9076}}, "financial ratios, quarterly": {"Current Ratio": {"2020-09-30": "2.02350", "2020-06-30": "1.88010", "2020-03-31": "1.93470", "2019-12-31": "2.07900", "2019-09-30": "2.24010", "2019-06-30": "2.12810", "2019-03-31": "2.89410", "2018-12-31": "2.48670", "2018-09-30": "2.46520", "2018-06-30": "2.26960", "2018-03-31": "2.14250", "2017-12-31": "2.40740", "2017-09-30": "2.70190", "2017-06-30": "2.47790", "2017-03-31": "2.52360", "2016-12-31": "2.28810", "2016-09-30": "2.27350", "2016-06-30": "2.18350", "2016-03-31": "2.16080", "2015-12-31": "1.61630", "2015-09-30": "1.67050", "2015-06-30": "1.54720", "2015-03-31": "1.75200", "2014-12-31": "1.85710", "2014-09-30": "2.11410", "2014-06-30": "2.22290", "2014-03-31": "2.68260", "2013-12-31": "2.56970", "2013-09-30": "2.62770", "2013-06-30": "2.56820", "2013-03-31": "2.48650", "2012-12-31": "2.53210", "2012-09-30": "2.62500", "2012-06-30": "2.91050", "2012-03-31": "3.10930", "2011-12-31": "3.02700", "2011-09-30": "3.02310", "2011-06-30": "2.99850", "2011-03-31": "3.06640", "2010-12-31": "2.18370", "2010-09-30": "2.31050", "2010-06-30": "2.37450", "2010-03-31": "2.38770", "2009-12-31": "2.09260", "2009-09-30": "2.44980", "2009-06-30": "2.44400", "2009-03-31": "2.76620", "2008-12-31": "2.66530", "2008-09-30": "2.64800", "2008-06-30": "2.86340", "2008-03-31": "1.97380", "2007-12-31": "1.85170", "2007-09-30": "1.70820", "2007-06-30": "1.38870", "2007-03-31": "3.92050", "2006-12-31": "3.30680", "2006-09-30": "3.32280", "2006-06-30": "3.09990", "2006-03-31": "2.93580", "2005-12-31": "3.01050", "2005-09-30": "2.98430", "2005-06-30": "2.91380", "2005-03-31": "3.01410"}, "Long-term Debt / Capital": {"2020-09-30": "0.27320", "2020-06-30": "0.27810", "2020-03-31": "0.28060", "2019-12-31": "0.26750", "2019-09-30": "0.26660", "2019-06-30": "0.24510", "2019-03-31": "0.26950", "2018-12-31": "0.27060", "2018-09-30": "0.27780", "2018-06-30": "0.28810", "2018-03-31": "0.29250", "2017-12-31": "0.31340", "2017-09-30": "0.29280", "2017-06-30": "0.29570", "2017-03-31": "0.29840", "2016-12-31": "0.30070", "2016-09-30": "0.30890", "2016-06-30": "0.31320", "2016-03-31": "0.31490", "2015-12-31": "0.26360", "2015-09-30": "0.27130", "2015-06-30": "0.27960", "2015-03-31": "0.26310", "2014-12-31": "0.21520", "2014-09-30": "0.17890", "2014-06-30": "0.16950", "2014-03-31": "0.17610", "2013-12-31": "0.12040", "2013-09-30": "0.12020", "2013-06-30": "0.12310", "2013-03-31": "0.12400", "2012-12-31": "0.12490", "2012-09-30": "0.12370", "2012-06-30": "0.12170", "2012-03-31": "0.12230", "2011-12-31": "0.12350", "2011-09-30": "0.12590", "2011-06-30": "0.12550", "2011-03-31": "0.12650", "2010-12-31": "", "2010-09-30": "", "2010-06-30": "", "2010-03-31": "", "2009-12-31": "", "2009-09-30": "", "2009-06-30": "", "2009-03-31": "", "2008-12-31": "", "2008-09-30": "", "2008-06-30": "", "2008-03-31": "", "2007-12-31": "", "2007-09-30": "", "2007-06-30": "", "2007-03-31": "0.06060", "2006-12-31": "0.06140", "2006-09-30": "0.06220", "2006-06-30": "0.06350", "2006-03-31": "0.05460", "2005-12-31": "0.05340", "2005-09-30": "0.06800", "2005-06-30": "0.07010", "2005-03-31": "0.07240"}, "Debt/Equity Ratio": {"2020-09-30": "0.37580", "2020-06-30": "0.38530", "2020-03-31": "0.39010", "2019-12-31": "0.36520", "2019-09-30": "0.36350", "2019-06-30": "0.38990", "2019-03-31": "0.36890", "2018-12-31": "0.44350", "2018-09-30": "0.45980", "2018-06-30": "0.48390", "2018-03-31": "0.49410", "2017-12-31": "0.45640", "2017-09-30": "0.41400", "2017-06-30": "0.41980", "2017-03-31": "0.42530", "2016-12-31": "0.43000", "2016-09-30": "0.44700", "2016-06-30": "0.45600", "2016-03-31": "0.45960", "2015-12-31": "0.42350", "2015-09-30": "0.44010", "2015-06-30": "0.45870", "2015-03-31": "0.42200", "2014-12-31": "0.27420", "2014-09-30": "0.21790", "2014-06-30": "0.20400", "2014-03-31": "0.21380", "2013-12-31": "0.13680", "2013-09-30": "0.13670", "2013-06-30": "0.14040", "2013-03-31": "0.14160", "2012-12-31": "0.14280", "2012-09-30": "0.14110", "2012-06-30": "0.13860", "2012-03-31": "0.13930", "2011-12-31": "0.14090", "2011-09-30": "0.14400", "2011-06-30": "0.14350", "2011-03-31": "0.14480", "2010-12-31": "", "2010-09-30": "", "2010-06-30": "", "2010-03-31": "", "2009-12-31": "", "2009-09-30": "", "2009-06-30": "", "2009-03-31": "", "2008-12-31": "", "2008-09-30": "", "2008-06-30": "", "2008-03-31": "0.07290", "2007-12-31": "0.07460", "2007-09-30": "0.07750", "2007-06-30": "0.08330", "2007-03-31": "0.06450", "2006-12-31": "0.06540", "2006-09-30": "0.06640", "2006-06-30": "0.06780", "2006-03-31": "0.05780", "2005-12-31": "0.05640", "2005-09-30": "0.07290", "2005-06-30": "0.07530", "2005-03-31": "0.07810"}, "Gross Margin": {"2020-09-30": "57.79300", "2020-06-30": "57.03770", "2020-03-31": "58.04610", "2019-12-31": "59.53980", "2019-09-30": "59.87120", "2019-06-30": "57.75960", "2019-03-31": "58.13120", "2018-12-31": "60.19470", "2018-09-30": "60.26450", "2018-06-30": "58.20950", "2018-03-31": "57.12180", "2017-12-31": "60.60510", "2017-09-30": "61.40880", "2017-06-30": "61.26520", "2017-03-31": "61.14660", "2016-12-31": "61.90100", "2016-09-30": "62.20340", "2016-06-30": "61.93400", "2016-03-31": "62.92920", "2015-12-31": "63.83760", "2015-09-30": "63.86350", "2015-06-30": "63.94210", "2015-03-31": "61.57950", "2014-12-31": "61.28360", "2014-09-30": "63.48700", "2014-06-30": "60.85400", "2014-03-31": "61.54180", "2013-12-31": "63.09670", "2013-09-30": "62.96390", "2013-06-30": "62.61410", "2013-03-31": "63.33080", "2012-12-31": "64.25320", "2012-09-30": "60.25220", "2012-06-30": "62.19970", "2012-03-31": "61.41400", "2011-12-31": "62.36410", "2011-09-30": "64.35220", "2011-06-30": "64.44780", "2011-03-31": "66.80070", "2010-12-31": "66.56060", "2010-09-30": "66.94810", "2010-06-30": "67.45760", "2010-03-31": "67.06210", "2009-12-31": "67.05010", "2009-09-30": "65.93950", "2009-06-30": "64.39550", "2009-03-31": "65.72930", "2008-12-31": "70.20040", "2008-09-30": "67.51940", "2008-06-30": "67.09100", "2008-03-31": "67.81620", "2007-12-31": "67.56370", "2007-09-30": "68.39850", "2007-06-30": "66.79700", "2007-03-31": "66.16740", "2006-12-31": "68.07230", "2006-09-30": "66.84170", "2006-06-30": "66.70780", "2006-03-31": "67.36500", "2005-12-31": "68.31650", "2005-09-30": "68.56230", "2005-06-30": "68.41660", "2005-03-31": "68.01380"}, "Operating Margin": {"2020-09-30": "10.99100", "2020-06-30": "8.33100", "2020-03-31": "3.94790", "2019-12-31": "14.78350", "2019-09-30": "12.22310", "2019-06-30": "7.47390", "2019-03-31": "4.26280", "2018-12-31": "16.66390", "2018-09-30": "13.57010", "2018-06-30": "13.27130", "2018-03-31": "5.12650", "2017-12-31": "16.35340", "2017-09-30": "18.35750", "2017-06-30": "19.72650", "2017-03-31": "12.80100", "2016-12-31": "20.72750", "2016-09-30": "19.45070", "2016-06-30": "16.68710", "2016-03-31": "13.54400", "2015-12-31": "21.15040", "2015-09-30": "20.66310", "2015-06-30": "19.89040", "2015-03-31": "12.34780", "2014-12-31": "-63.70730", "2014-09-30": "15.31220", "2014-06-30": "9.42660", "2014-03-31": "-0.52990", "2013-12-31": "15.34240", "2013-09-30": "12.23010", "2013-06-30": "12.03610", "2013-03-31": "8.21370", "2012-12-31": "11.47440", "2012-09-30": "3.82720", "2012-06-30": "8.07410", "2012-03-31": "4.61990", "2011-12-31": "11.88150", "2011-09-30": "12.39160", "2011-06-30": "15.25330", "2011-03-31": "16.10300", "2010-12-31": "19.06040", "2010-09-30": "19.31400", "2010-06-30": "18.90810", "2010-03-31": "17.56180", "2009-12-31": "0.62160", "2009-09-30": "15.53020", "2009-06-30": "12.16870", "2009-03-31": "10.62550", "2008-12-31": "20.56050", "2008-09-30": "21.32670", "2008-06-30": "18.25300", "2008-03-31": "17.34070", "2007-12-31": "18.23820", "2007-09-30": "15.34090", "2007-06-30": "12.96740", "2007-03-31": "9.64950", "2006-12-31": "10.46440", "2006-09-30": "10.06740", "2006-06-30": "-213.01620", "2006-03-31": "16.04440", "2005-12-31": "19.76340", "2005-09-30": "19.75980", "2005-06-30": "24.02040", "2005-03-31": "22.47320"}, "EBIT Margin": {"2020-09-30": "10.99100", "2020-06-30": "8.33100", "2020-03-31": "3.94790", "2019-12-31": "14.78350", "2019-09-30": "12.22310", "2019-06-30": "7.47390", "2019-03-31": "4.26280", "2018-12-31": "16.66380", "2018-09-30": "13.57010", "2018-06-30": "13.27130", "2018-03-31": "5.12650", "2017-12-31": "16.35340", "2017-09-30": "18.35750", "2017-06-30": "19.72650", "2017-03-31": "12.80100", "2016-12-31": "20.72750", "2016-09-30": "19.45070", "2016-06-30": "16.68710", "2016-03-31": "13.54400", "2015-12-31": "21.15040", "2015-09-30": "20.66310", "2015-06-30": "19.89040", "2015-03-31": "12.34780", "2014-12-31": "-63.70730", "2014-09-30": "15.31220", "2014-06-30": "9.42660", "2014-03-31": "-0.52990", "2013-12-31": "15.34240", "2013-09-30": "12.23010", "2013-06-30": "12.03610", "2013-03-31": "8.21370", "2012-12-31": "11.47440", "2012-09-30": "3.82720", "2012-06-30": "8.07410", "2012-03-31": "4.61990", "2011-12-31": "11.88140", "2011-09-30": "12.39160", "2011-06-30": "15.25330", "2011-03-31": "16.10300", "2010-12-31": "19.06040", "2010-09-30": "19.31400", "2010-06-30": "18.90810", "2010-03-31": "17.56180", "2009-12-31": "0.62160", "2009-09-30": "15.53020", "2009-06-30": "12.16870", "2009-03-31": "10.62550", "2008-12-31": "20.56040", "2008-09-30": "21.32670", "2008-06-30": "18.25300", "2008-03-31": "17.34070", "2007-12-31": "18.23820", "2007-09-30": "15.34090", "2007-06-30": "12.96740", "2007-03-31": "9.64950", "2006-12-31": "10.46440", "2006-09-30": "10.06740", "2006-06-30": "-213.01620", "2006-03-31": "16.04440", "2005-12-31": "19.76340", "2005-09-30": "19.75980", "2005-06-30": "24.02040", "2005-03-31": "22.47320"}, "EBITDA Margin": {"2020-09-30": "", "2020-06-30": "", "2020-03-31": "", "2019-12-31": "", "2019-09-30": "", "2019-06-30": "", "2019-03-31": "", "2018-12-31": "", "2018-09-30": "", "2018-06-30": "", "2018-03-31": "", "2017-12-31": "", "2017-09-30": "", "2017-06-30": "", "2017-03-31": "", "2016-12-31": "", "2016-09-30": "", "2016-06-30": "", "2016-03-31": "", "2015-12-31": "", "2015-09-30": "", "2015-06-30": "", "2015-03-31": "", "2014-12-31": "", "2014-09-30": "", "2014-06-30": "", "2014-03-31": "", "2013-12-31": "", "2013-09-30": "", "2013-06-30": "", "2013-03-31": "", "2012-12-31": "", "2012-09-30": "", "2012-06-30": "", "2012-03-31": "", "2011-12-31": "", "2011-09-30": "", "2011-06-30": "", "2011-03-31": "", "2010-12-31": "", "2010-09-30": "", "2010-06-30": "", "2010-03-31": "", "2009-12-31": "", "2009-09-30": "", "2009-06-30": "", "2009-03-31": "", "2008-12-31": "", "2008-09-30": "", "2008-06-30": "", "2008-03-31": "", "2007-12-31": "", "2007-09-30": "", "2007-06-30": "", "2007-03-31": "", "2006-12-31": "", "2006-09-30": "", "2006-06-30": "", "2006-03-31": "", "2005-12-31": "", "2005-09-30": "", "2005-06-30": "", "2005-03-31": ""}, "Pre-Tax Profit Margin": {"2020-09-30": "9.80500", "2020-06-30": "7.92600", "2020-03-31": "2.83570", "2019-12-31": "14.40280", "2019-09-30": "10.42270", "2019-06-30": "7.05670", "2019-03-31": "4.44240", "2018-12-31": "15.95260", "2018-09-30": "12.88350", "2018-06-30": "12.53220", "2018-03-31": "3.82410", "2017-12-31": "16.15170", "2017-09-30": "17.95200", "2017-06-30": "18.73330", "2017-03-31": "11.51520", "2016-12-31": "19.63770", "2016-09-30": "18.40820", "2016-06-30": "15.73730", "2016-03-31": "11.52200", "2015-12-31": "19.74840", "2015-09-30": "19.99040", "2015-06-30": "18.49130", "2015-03-31": "10.86750", "2014-12-31": "-63.03560", "2014-09-30": "14.70820", "2014-06-30": "23.95280", "2014-03-31": "12.64850", "2013-12-31": "14.54150", "2013-09-30": "11.59750", "2013-06-30": "10.94120", "2013-03-31": "7.26020", "2012-12-31": "12.26330", "2012-09-30": "3.46960", "2012-06-30": "8.33490", "2012-03-31": "2.25670", "2011-12-31": "10.92730", "2011-09-30": "10.94860", "2011-06-30": "14.03180", "2011-03-31": "15.51640", "2010-12-31": "19.46970", "2010-09-30": "19.33420", "2010-06-30": "19.32360", "2010-03-31": "17.72170", "2009-12-31": "0.41940", "2009-09-30": "15.74050", "2009-06-30": "12.33060", "2009-03-31": "10.66000", "2008-12-31": "20.00810", "2008-09-30": "22.35530", "2008-06-30": "19.58260", "2008-03-31": "19.47830", "2007-12-31": "20.76060", "2007-09-30": "17.78220", "2007-06-30": "17.81790", "2007-03-31": "14.89930", "2006-12-31": "15.51230", "2006-09-30": "14.91460", "2006-06-30": "-208.93210", "2006-03-31": "19.51670", "2005-12-31": "22.79310", "2005-09-30": "22.76400", "2005-06-30": "26.51980", "2005-03-31": "24.76620"}, "Net Profit Margin": {"2020-09-30": "12.77460", "2020-06-30": "5.63380", "2020-03-31": "2.04410", "2019-12-31": "13.93930", "2019-09-30": "8.76360", "2019-06-30": "4.19050", "2019-03-31": "3.10470", "2018-12-31": "16.27440", "2018-09-30": "18.96930", "2018-06-30": "9.67530", "2018-03-31": "3.17750", "2017-12-31": "-11.94840", "2017-09-30": "13.17380", "2017-06-30": "13.73670", "2017-03-31": "8.91070", "2016-12-31": "13.63310", "2016-09-30": "13.41320", "2016-06-30": "11.46320", "2016-03-31": "8.32500", "2015-12-31": "14.98940", "2015-09-30": "15.83370", "2015-06-30": "12.92750", "2015-03-31": "7.51360", "2014-12-31": "-69.86200", "2014-09-30": "9.20150", "2014-06-30": "17.98290", "2014-03-31": "9.45220", "2013-12-31": "11.91900", "2013-09-30": "8.35860", "2013-06-30": "8.50790", "2013-03-31": "8.59140", "2012-12-31": "8.38890", "2012-09-30": "1.50230", "2012-06-30": "5.37340", "2012-03-31": "1.57870", "2011-12-31": "8.57700", "2011-09-30": "7.56590", "2011-06-30": "10.31290", "2011-03-31": "11.77820", "2010-12-31": "15.98610", "2010-09-30": "13.28940", "2010-06-30": "13.34060", "2010-03-31": "17.87330", "2009-12-31": "2.43280", "2009-09-30": "10.16930", "2009-06-30": "1.87810", "2009-03-31": "-0.58360", "2008-12-31": "14.34510", "2008-09-30": "15.68260", "2008-06-30": "13.69800", "2008-03-31": "13.41070", "2007-12-31": "15.18870", "2007-09-30": "11.57730", "2007-06-30": "12.96090", "2007-03-31": "10.63060", "2006-12-31": "11.91310", "2006-09-30": "10.15990", "2006-06-30": "-212.60300", "2006-03-31": "13.36880", "2005-12-31": "18.00460", "2005-09-30": "15.28240", "2005-06-30": "17.88130", "2005-03-31": "16.79650"}, "Asset Turnover": {"2020-09-30": "0.13090", "2020-06-30": "0.12430", "2020-03-31": "0.11590", "2019-12-31": "0.13670", "2019-09-30": "0.12940", "2019-06-30": "0.12380", "2019-03-31": "0.10960", "2018-12-31": "0.12610", "2018-09-30": "0.12960", "2018-06-30": "0.13200", "2018-03-31": "0.11920", "2017-12-31": "0.12600", "2017-09-30": "0.12910", "2017-06-30": "0.13420", "2017-03-31": "0.12670", "2016-12-31": "0.14350", "2016-09-30": "0.14050", "2016-06-30": "0.13480", "2016-03-31": "0.12310", "2015-12-31": "0.15330", "2015-09-30": "0.14680", "2015-06-30": "0.14760", "2015-03-31": "0.12320", "2014-12-31": "0.13300", "2014-09-30": "0.11770", "2014-06-30": "0.12130", "2014-03-31": "0.12030", "2013-12-31": "0.12330", "2013-09-30": "0.11630", "2013-06-30": "0.11490", "2013-03-31": "0.10770", "2012-12-31": "0.11600", "2012-09-30": "0.11230", "2012-06-30": "0.10690", "2012-03-31": "0.10380", "2011-12-31": "0.11230", "2011-09-30": "0.11390", "2011-06-30": "0.11440", "2011-03-31": "0.11360", "2010-12-31": "0.14050", "2010-09-30": "0.12830", "2010-06-30": "0.12630", "2010-03-31": "0.11890", "2009-12-31": "0.12400", "2009-09-30": "0.11110", "2009-06-30": "0.10880", "2009-03-31": "0.10810", "2008-12-31": "0.12850", "2008-09-30": "0.13540", "2008-06-30": "0.12110", "2008-03-31": "0.11660", "2007-12-31": "0.11750", "2007-09-30": "0.11300", "2007-06-30": "0.10870", "2007-03-31": "0.08390", "2006-12-31": "0.08090", "2006-09-30": "0.07960", "2006-06-30": "0.08060", "2006-03-31": "0.07050", "2005-12-31": "0.07030", "2005-09-30": "0.06990", "2005-06-30": "0.06680", "2005-03-31": "0.06270"}, "Inventory Turnover Ratio": {"2020-09-30": "", "2020-06-30": "", "2020-03-31": "", "2019-12-31": "", "2019-09-30": "", "2019-06-30": "", "2019-03-31": "", "2018-12-31": "", "2018-09-30": "", "2018-06-30": "", "2018-03-31": "", "2017-12-31": "", "2017-09-30": "", "2017-06-30": "", "2017-03-31": "", "2016-12-31": "", "2016-09-30": "", "2016-06-30": "", "2016-03-31": "", "2015-12-31": "", "2015-09-30": "", "2015-06-30": "", "2015-03-31": "", "2014-12-31": "", "2014-09-30": "", "2014-06-30": "", "2014-03-31": "", "2013-12-31": "", "2013-09-30": "", "2013-06-30": "", "2013-03-31": "", "2012-12-31": "", "2012-09-30": "", "2012-06-30": "", "2012-03-31": "", "2011-12-31": "", "2011-09-30": "", "2011-06-30": "", "2011-03-31": "", "2010-12-31": "", "2010-09-30": "", "2010-06-30": "", "2010-03-31": "", "2009-12-31": "", "2009-09-30": "", "2009-06-30": "", "2009-03-31": "", "2008-12-31": "", "2008-09-30": "", "2008-06-30": "", "2008-03-31": "", "2007-12-31": "", "2007-09-30": "", "2007-06-30": "", "2007-03-31": "", "2006-12-31": "", "2006-09-30": "", "2006-06-30": "", "2006-03-31": "", "2005-12-31": "", "2005-09-30": "", "2005-06-30": "", "2005-03-31": ""}, "Receiveable Turnover": {"2020-09-30": "1.50950", "2020-06-30": "1.43940", "2020-03-31": "1.47830", "2019-12-31": "1.37330", "2019-09-30": "1.78220", "2019-06-30": "1.67200", "2019-03-31": "1.55210", "2018-12-31": "1.56510", "2018-09-30": "1.81980", "2018-06-30": "1.71480", "2018-03-31": "1.59230", "2017-12-31": "1.45480", "2017-09-30": "1.73660", "2017-06-30": "1.74430", "2017-03-31": "1.81990", "2016-12-31": "1.31450", "2016-09-30": "1.70550", "2016-06-30": "1.62770", "2016-03-31": "1.40060", "2015-12-31": "1.69030", "2015-09-30": "2.16210", "2015-06-30": "2.29310", "2015-03-31": "2.10280", "2014-12-31": "1.83940", "2014-09-30": "1.82480", "2014-06-30": "2.19240", "2014-03-31": "1.95700", "2013-12-31": "2.20230", "2013-09-30": "2.15840", "2013-06-30": "2.26030", "2013-03-31": "1.98870", "2012-12-31": "2.60220", "2012-09-30": "2.81630", "2012-06-30": "2.63990", "2012-03-31": "2.28940", "2011-12-31": "1.94100", "2011-09-30": "2.49050", "2011-06-30": "2.29600", "2011-03-31": "2.33880", "2010-12-31": "1.99450", "2010-09-30": "2.13610", "2010-06-30": "2.49860", "2010-03-31": "2.26490", "2009-12-31": "2.05270", "2009-09-30": "2.20750", "2009-06-30": "1.83250", "2009-03-31": "2.11120", "2008-12-31": "2.14780", "2008-09-30": "2.56910", "2008-06-30": "2.07420", "2008-03-31": "2.22970", "2007-12-31": "2.13080", "2007-09-30": "2.62960", "2007-06-30": "2.56890", "2007-03-31": "2.43150", "2006-12-31": "2.38860", "2006-09-30": "2.00930", "2006-06-30": "2.26250", "2006-03-31": "1.85960", "2005-12-31": "2.14000", "2005-09-30": "2.26810", "2005-06-30": "2.40070", "2005-03-31": "2.43040"}, "Days Sales In Receivables": {"2020-09-30": "59.62050", "2020-06-30": "62.52690", "2020-03-31": "60.88080", "2019-12-31": "65.53520", "2019-09-30": "50.50040", "2019-06-30": "53.82860", "2019-03-31": "57.98740", "2018-12-31": "57.50550", "2018-09-30": "49.45500", "2018-06-30": "52.48570", "2018-03-31": "56.52230", "2017-12-31": "61.86370", "2017-09-30": "51.82620", "2017-06-30": "51.59750", "2017-03-31": "49.45210", "2016-12-31": "68.46780", "2016-09-30": "52.76900", "2016-06-30": "55.29110", "2016-03-31": "64.26000", "2015-12-31": "53.24570", "2015-09-30": "41.62660", "2015-06-30": "39.24890", "2015-03-31": "42.79930", "2014-12-31": "48.92970", "2014-09-30": "49.32060", "2014-06-30": "41.05080", "2014-03-31": "45.98840", "2013-12-31": "40.86610", "2013-09-30": "41.69790", "2013-06-30": "39.81840", "2013-03-31": "45.25490", "2012-12-31": "34.58630", "2012-09-30": "31.95690", "2012-06-30": "34.09210", "2012-03-31": "39.31120", "2011-12-31": "46.36720", "2011-09-30": "36.13690", "2011-06-30": "39.19820", "2011-03-31": "38.48100", "2010-12-31": "45.12360", "2010-09-30": "42.13300", "2010-06-30": "36.02070", "2010-03-31": "39.73630", "2009-12-31": "43.84570", "2009-09-30": "40.77100", "2009-06-30": "49.11430", "2009-03-31": "42.62880", "2008-12-31": "41.90320", "2008-09-30": "35.03240", "2008-06-30": "43.38990", "2008-03-31": "40.36410", "2007-12-31": "42.23810", "2007-09-30": "34.22590", "2007-06-30": "35.03480", "2007-03-31": "37.01400", "2006-12-31": "37.67860", "2006-09-30": "44.79220", "2006-06-30": "39.77950", "2006-03-31": "48.39740", "2005-12-31": "42.05590", "2005-09-30": "39.68120", "2005-06-30": "37.48860", "2005-03-31": "37.03090"}, "ROE - Return On Equity": {"2020-09-30": "3.18800", "2020-06-30": "1.37090", "2020-03-31": "0.46460", "2019-12-31": "3.65250", "2019-09-30": "2.13900", "2019-06-30": "1.00630", "2019-03-31": "0.64110", "2018-12-31": "3.98490", "2018-09-30": "4.81200", "2018-06-30": "2.63710", "2018-03-31": "0.79540", "2017-12-31": "-3.16390", "2017-09-30": "3.21240", "2017-06-30": "3.53510", "2017-03-31": "2.16800", "2016-12-31": "3.80650", "2016-09-30": "3.61240", "2016-06-30": "2.99390", "2016-03-31": "1.97060", "2015-12-31": "4.32410", "2015-09-30": "4.46470", "2015-06-30": "3.71950", "2015-03-31": "1.73700", "2014-12-31": "-15.64510", "2014-09-30": "1.67360", "2014-06-30": "3.34420", "2014-03-31": "1.75290", "2013-12-31": "2.07880", "2013-09-30": "1.35540", "2013-06-30": "1.37550", "2013-03-31": "1.28960", "2012-12-31": "1.36720", "2012-09-30": "0.23730", "2012-06-30": "0.80040", "2012-03-31": "0.22720", "2011-12-31": "1.35620", "2011-09-30": "1.20600", "2011-06-30": "1.65930", "2011-03-31": "1.88000", "2010-12-31": "2.87660", "2010-09-30": "2.12660", "2010-06-30": "2.11190", "2010-03-31": "2.68910", "2009-12-31": "0.36280", "2009-09-30": "1.40640", "2009-06-30": "0.25390", "2009-03-31": "-0.07650", "2008-12-31": "2.24480", "2008-09-30": "2.57080", "2008-06-30": "2.00510", "2008-03-31": "2.01290", "2007-12-31": "2.29560", "2007-09-30": "1.64930", "2007-06-30": "1.79520", "2007-03-31": "1.07540", "2006-12-31": "1.16080", "2006-09-30": "0.96690", "2006-06-30": "-20.44290", "2006-03-31": "", "2005-12-31": "1.46170", "2005-09-30": "1.24420", "2005-06-30": "1.39430", "2005-03-31": "1.22960"}, "Return On Tangible Equity": {"2020-09-30": "13.56600", "2020-06-30": "6.33610", "2020-03-31": "2.31060", "2019-12-31": "15.48220", "2019-09-30": "8.95890", "2019-06-30": "4.41130", "2019-03-31": "1.90990", "2018-12-31": "12.04340", "2018-09-30": "15.52440", "2018-06-30": "9.69060", "2018-03-31": "3.11400", "2017-12-31": "-10.16750", "2017-09-30": "8.59040", "2017-06-30": "9.53800", "2017-03-31": "6.00080", "2016-12-31": "10.79060", "2016-09-30": "10.70210", "2016-06-30": "8.72000", "2016-03-31": "5.62050", "2015-12-31": "12.68600", "2015-09-30": "14.04520", "2015-06-30": "12.93170", "2015-03-31": "5.05900", "2014-12-31": "-41.04090", "2014-09-30": "4.73510", "2014-06-30": "9.08120", "2014-03-31": "5.20940", "2013-12-31": "4.83810", "2013-09-30": "3.15800", "2013-06-30": "3.33410", "2013-03-31": "3.17360", "2012-12-31": "3.40230", "2012-09-30": "0.56490", "2012-06-30": "1.87490", "2012-03-31": "0.53750", "2011-12-31": "3.16440", "2011-09-30": "2.90560", "2011-06-30": "3.98710", "2011-03-31": "4.58800", "2010-12-31": "7.42850", "2010-09-30": "5.35280", "2010-06-30": "5.34910", "2010-03-31": "6.71860", "2009-12-31": "0.98190", "2009-09-30": "3.67010", "2009-06-30": "0.69030", "2009-03-31": "-0.20770", "2008-12-31": "5.98370", "2008-09-30": "7.13030", "2008-06-30": "5.22450", "2008-03-31": "6.22650", "2007-12-31": "7.59880", "2007-09-30": "6.07080", "2007-06-30": "8.38110", "2007-03-31": "2.77350", "2006-12-31": "3.05790", "2006-09-30": "2.63810", "2006-06-30": "-58.65180", "2006-03-31": "4.28050", "2005-12-31": "5.34450", "2005-09-30": "5.32480", "2005-06-30": "6.02300", "2005-03-31": "5.20330"}, "ROA - Return On Assets": {"2020-09-30": "1.67230", "2020-06-30": "0.70010", "2020-03-31": "0.23690", "2019-12-31": "1.90550", "2019-09-30": "1.13440", "2019-06-30": "0.51890", "2019-03-31": "0.34030", "2018-12-31": "2.05270", "2018-09-30": "2.45930", "2018-06-30": "1.27730", "2018-03-31": "0.37890", "2017-12-31": "-1.50600", "2017-09-30": "1.70050", "2017-06-30": "1.84360", "2017-03-31": "1.12890", "2016-12-31": "1.95620", "2016-09-30": "1.88510", "2016-06-30": "1.54480", "2016-03-31": "1.02490", "2015-12-31": "2.29790", "2015-09-30": "2.32430", "2015-06-30": "1.90760", "2015-03-31": "0.92540", "2014-12-31": "-9.29310", "2014-09-30": "1.08270", "2014-06-30": "2.18110", "2014-03-31": "1.13740", "2013-12-31": "1.47010", "2013-09-30": "0.97180", "2013-06-30": "0.97770", "2013-03-31": "0.92570", "2012-12-31": "0.97330", "2012-09-30": "0.16870", "2012-06-30": "0.57430", "2012-03-31": "0.16390", "2011-12-31": "0.96310", "2011-09-30": "0.86200", "2011-06-30": "1.17960", "2011-03-31": "1.33760", "2010-12-31": "2.24510", "2010-09-30": "1.70240", "2010-06-30": "1.68310", "2010-03-31": "2.14370", "2009-12-31": "0.27840", "2009-09-30": "1.13000", "2009-06-30": "0.20440", "2009-03-31": "-0.06310", "2008-12-31": "1.84320", "2008-09-30": "2.12410", "2008-06-30": "1.65850", "2008-03-31": "1.56330", "2007-12-31": "1.78500", "2007-09-30": "1.30850", "2007-06-30": "1.40890", "2007-03-31": "0.89170", "2006-12-31": "0.96330", "2006-09-30": "0.80870", "2006-06-30": "-17.13650", "2006-03-31": "0.94280", "2005-12-31": "1.26610", "2005-09-30": "1.06800", "2005-06-30": "1.19400", "2005-03-31": "1.05340"}, "ROI - Return On Investment": {"2020-09-30": "2.31720", "2020-06-30": "0.98960", "2020-03-31": "0.33420", "2019-12-31": "2.67540", "2019-09-30": "1.56870", "2019-06-30": "0.75970", "2019-03-31": "0.46830", "2018-12-31": "2.90670", "2018-09-30": "3.47540", "2018-06-30": "1.87720", "2018-03-31": "0.56280", "2017-12-31": "-2.17240", "2017-09-30": "2.27180", "2017-06-30": "2.48990", "2017-03-31": "1.52110", "2016-12-31": "2.66200", "2016-09-30": "2.49650", "2016-06-30": "2.05620", "2016-03-31": "1.35010", "2015-12-31": "3.18420", "2015-09-30": "3.25340", "2015-06-30": "2.67950", "2015-03-31": "1.28000", "2014-12-31": "-12.27800", "2014-09-30": "1.37410", "2014-06-30": "2.77750", "2014-03-31": "1.44420", "2013-12-31": "1.82860", "2013-09-30": "1.19240", "2013-06-30": "1.20610", "2013-03-31": "1.12960", "2012-12-31": "1.19640", "2012-09-30": "0.20790", "2012-06-30": "0.70300", "2012-03-31": "0.19950", "2011-12-31": "1.18870", "2011-09-30": "1.05420", "2011-06-30": "1.45110", "2011-03-31": "1.64210", "2010-12-31": "2.87660", "2010-09-30": "2.12660", "2010-06-30": "2.11190", "2010-03-31": "2.68910", "2009-12-31": "0.36280", "2009-09-30": "1.40640", "2009-06-30": "0.25390", "2009-03-31": "-0.07650", "2008-12-31": "2.24480", "2008-09-30": "2.57080", "2008-06-30": "2.00510", "2008-03-31": "2.01290", "2007-12-31": "2.29560", "2007-09-30": "1.64930", "2007-06-30": "1.79520", "2007-03-31": "1.01020", "2006-12-31": "1.08950", "2006-09-30": "0.90670", "2006-06-30": "-19.14540", "2006-03-31": "1.03510", "2005-12-31": "1.38360", "2005-09-30": "1.15960", "2005-06-30": "1.29660", "2005-03-31": "1.14050"}, "Book Value Per Share": {"2020-09-30": "13.85000", "2020-06-30": "13.45890", "2020-03-31": "13.26500", "2019-12-31": "13.72610", "2019-09-30": "13.61410", "2019-06-30": "13.32710", "2019-03-31": "13.78180", "2018-12-31": "13.92380", "2018-09-30": "13.47700", "2018-06-30": "12.64370", "2018-03-31": "12.39170", "2017-12-31": "12.80680", "2017-09-30": "13.67470", "2017-06-30": "13.36720", "2017-03-31": "13.12000", "2016-12-31": "13.02150", "2016-09-30": "12.55590", "2016-06-30": "12.21580", "2016-03-31": "12.00650", "2015-12-31": "11.91250", "2015-09-30": "11.50750", "2015-06-30": "11.05360", "2015-03-31": "11.43410", "2014-12-31": "11.81910", "2014-09-30": "14.13010", "2014-06-30": "13.91900", "2014-03-31": "13.32810", "2013-12-31": "14.74600", "2013-09-30": "14.49010", "2013-06-30": "14.07750", "2013-03-31": "13.81170", "2012-12-31": "13.76770", "2012-09-30": "13.73850", "2012-06-30": "13.70200", "2012-03-31": "13.55490", "2011-12-31": "13.46830", "2011-09-30": "13.19730", "2011-06-30": "13.07350", "2011-03-31": "12.90640", "2010-12-31": "12.57910", "2010-09-30": "12.12130", "2010-06-30": "11.83190", "2010-03-31": "11.66170", "2009-12-31": "11.21570", "2009-09-30": "11.34010", "2009-06-30": "11.12880", "2009-03-31": "11.15600", "2008-12-31": "11.20340", "2008-09-30": "10.92990", "2008-06-30": "11.03830", "2008-03-31": "10.45560", "2007-12-31": "10.24050", "2007-09-30": "9.91820", "2007-06-30": "9.45250", "2007-03-31": "10.88020", "2006-12-31": "10.74270", "2006-09-30": "10.58770", "2006-06-30": "10.40670", "2006-03-31": "12.23080", "2005-12-31": "12.47400", "2005-09-30": "11.88330", "2005-06-30": "11.27540", "2005-03-31": "11.25760"}, "Operating Cash Flow Per Share": {"2020-09-30": 0.3433, "2020-06-30": 0.2979, "2020-03-31": "0.81230", "2019-12-31": 0.2652, "2019-09-30": 0.5428, "2019-06-30": 0.2591, "2019-03-31": "0.45190", "2018-12-31": 0.5789, "2018-09-30": 0.5943, "2018-06-30": 0.5047, "2018-03-31": "0.75180", "2017-12-31": 0.5427, "2017-09-30": 0.5428, "2017-06-30": 0.7834, "2017-03-31": "1.40880", "2016-12-31": 0.8861, "2016-09-30": 0.6408, "2016-06-30": 0.9354, "2016-03-31": "0.44280", "2015-12-31": 0.2596, "2015-09-30": 0.7777, "2015-06-30": 0.6853, "2015-03-31": "0.52950", "2014-12-31": 0.6169, "2014-09-30": -0.0984, "2014-06-30": 0.8995, "2014-03-31": "0.25100", "2013-12-31": 0.7692, "2013-09-30": 0.3444, "2013-06-30": 0.5615, "2013-03-31": "-0.01740", "2012-12-31": 0.2823, "2012-09-30": 0.3384, "2012-06-30": 0.3995, "2012-03-31": "0.19170", "2011-12-31": 0.4376, "2011-09-30": 0.3638, "2011-06-30": 0.5844, "2011-03-31": "0.43670", "2010-12-31": 0.6826, "2010-09-30": 0.25, "2010-06-30": 0.41, "2010-03-31": "0.16500", "2009-12-31": 0.4938, "2009-09-30": 0.4104, "2009-06-30": 0.2741, "2009-03-31": "0.31250", "2008-12-31": 0.3964, "2008-09-30": 0.3764, "2008-06-30": 0.3594, "2008-03-31": "0.45490", "2007-12-31": 0.3924, "2007-09-30": 0.3617, "2007-06-30": 0.3536, "2007-03-31": "0.25040", "2006-12-31": 0.4621, "2006-09-30": 0.2398, "2006-06-30": 0.4001, "2006-03-31": "0.22960", "2005-12-31": 0.3366, "2005-09-30": 0.2272, "2005-06-30": 0.2787, "2005-03-31": "0.22870"}, "Free Cash Flow Per Share": {"2020-09-30": 0.2718, "2020-06-30": 0.2315, "2020-03-31": "0.74720", "2019-12-31": 0.192, "2019-09-30": 0.4593, "2019-06-30": 0.1801, "2019-03-31": "0.37280", "2018-12-31": 0.4794, "2018-09-30": 0.5037, "2018-06-30": 0.3959, "2018-03-31": "0.63480", "2017-12-31": 0.4042, "2017-09-30": 0.4546, "2017-06-30": 0.6994, "2017-03-31": "1.32600", "2016-12-31": 0.7562, "2016-09-30": 0.5197, "2016-06-30": 0.7594, "2016-03-31": "0.31620", "2015-12-31": 0.131, "2015-09-30": 0.5908, "2015-06-30": 0.5811, "2015-03-31": "0.42270", "2014-12-31": 0.5052, "2014-09-30": -0.2014, "2014-06-30": 0.8082, "2014-03-31": "0.13530", "2013-12-31": 0.6782, "2013-09-30": 0.2656, "2013-06-30": 0.4199, "2013-03-31": "-0.15680", "2012-12-31": 0.1111, "2012-09-30": 0.1679, "2012-06-30": 0.2341, "2012-03-31": "0.03800", "2011-12-31": 0.2958, "2011-09-30": 0.2259, "2011-06-30": 0.4706, "2011-03-31": "0.33830", "2010-12-31": 0.5957, "2010-09-30": 0.1473, "2010-06-30": 0.3262, "2010-03-31": "0.09450", "2009-12-31": 0.4175, "2009-09-30": 0.3491, "2009-06-30": 0.1903, "2009-03-31": "0.24720", "2008-12-31": 0.3175, "2008-09-30": 0.3014, "2008-06-30": 0.2745, "2008-03-31": "0.39520", "2007-12-31": 0.3364, "2007-09-30": 0.2934, "2007-06-30": 0.2778, "2007-03-31": "0.19690", "2006-12-31": 0.3986, "2006-09-30": 0.2001, "2006-06-30": 0.3536, "2006-03-31": "0.19940", "2005-12-31": 0.2701, "2005-09-30": 0.1987, "2005-06-30": 0.2485, "2005-03-31": "0.19030"}}, "revenue": {"Juniper Networks Annual Revenue (Millions of US $)": {"2020": "$4,445", "2019": "$4,445", "2018": "$4,648", "2017": "$5,027", "2016": "$4,990", "2015": "$4,858", "2014": "$4,627", "2013": "$4,669", "2012": "$4,365", "2011": "$4,449", "2010": "$4,093", "2009": "$3,316", "2008": "$3,572", "2007": "$2,836", "2006": "$2,304", "2005": "$2,064"}, "Juniper Networks Quarterly Revenue (Millions of US $)": {"2020-12-31": "$1,223", "2020-09-30": "$1,138", "2020-06-30": "$1,086", "2020-03-31": "$998", "2019-12-31": "$1,208", "2019-09-30": "$1,133", "2019-06-30": "$1,103", "2019-03-31": "$1,002", "2018-12-31": "$1,181", "2018-09-30": "$1,180", "2018-06-30": "$1,204", "2018-03-31": "$1,083", "2017-12-31": "$1,240", "2017-09-30": "$1,258", "2017-06-30": "$1,309", "2017-03-31": "$1,221", "2016-12-31": "$1,386", "2016-09-30": "$1,285", "2016-06-30": "$1,221", "2016-03-31": "$1,098", "2015-12-31": "$1,320", "2015-09-30": "$1,249", "2015-06-30": "$1,222", "2015-03-31": "$1,067", "2014-12-31": "$1,102", "2014-09-30": "$1,126", "2014-06-30": "$1,230", "2014-03-31": "$1,170", "2013-12-31": "$1,274", "2013-09-30": "$1,186", "2013-06-30": "$1,151", "2013-03-31": "$1,059", "2012-12-31": "$1,141", "2012-09-30": "$1,118", "2012-06-30": "$1,074", "2012-03-31": "$1,033", "2011-12-31": "$1,121", "2011-09-30": "$1,106", "2011-06-30": "$1,121", "2011-03-31": "$1,102", "2010-12-31": "$1,190", "2010-09-30": "$1,012", "2010-06-30": "$978", "2010-03-31": "$913", "2009-12-31": "$941", "2009-09-30": "$824", "2009-06-30": "$786", "2009-03-31": "$764", "2008-12-31": "$923", "2008-09-30": "$947", "2008-06-30": "$879", "2008-03-31": "$823", "2007-12-31": "$809", "2007-09-30": "$735", "2007-06-30": "$665", "2007-03-31": "$627", "2006-12-31": "$596", "2006-09-30": "$574", "2006-06-30": "$567", "2006-03-31": "$567", "2005-12-31": "$575", "2005-09-30": "$546", "2005-06-30": "$493", "2005-03-31": "$449"}}, "gross-profit": {"Juniper Networks Annual Gross Profit (Millions of US $)": {"2020": "$2,574", "2019": "$2,617", "2018": "$2,741", "2017": "$3,072", "2016": "$3,105", "2015": "$3,079", "2014": "$2,858", "2013": "$2,941", "2012": "$2,709", "2011": "$2,869", "2010": "$2,742", "2009": "$2,183", "2008": "$2,435", "2007": "$1,908", "2006": "$1,549", "2005": "$1,411"}, "Juniper Networks Quarterly Gross Profit (Millions of US $)": {"2020-12-31": "$717", "2020-09-30": "$658", "2020-06-30": "$620", "2020-03-31": "$579", "2019-12-31": "$719", "2019-09-30": "$678", "2019-06-30": "$637", "2019-03-31": "$582", "2018-12-31": "$711", "2018-09-30": "$711", "2018-06-30": "$701", "2018-03-31": "$618", "2017-12-31": "$751", "2017-09-30": "$772", "2017-06-30": "$802", "2017-03-31": "$747", "2016-12-31": "$858", "2016-09-30": "$800", "2016-06-30": "$756", "2016-03-31": "$691", "2015-12-31": "$842", "2015-09-30": "$797", "2015-06-30": "$782", "2015-03-31": "$657", "2014-12-31": "$675", "2014-09-30": "$715", "2014-06-30": "$748", "2014-03-31": "$720", "2013-12-31": "$804", "2013-09-30": "$747", "2013-06-30": "$721", "2013-03-31": "$671", "2012-12-31": "$733", "2012-09-30": "$674", "2012-06-30": "$668", "2012-03-31": "$634", "2011-12-31": "$699", "2011-09-30": "$712", "2011-06-30": "$722", "2011-03-31": "$736", "2010-12-31": "$792", "2010-09-30": "$678", "2010-06-30": "$660", "2010-03-31": "$612", "2009-12-31": "$631", "2009-09-30": "$543", "2009-06-30": "$506", "2009-03-31": "$502", "2008-12-31": "$648", "2008-09-30": "$639", "2008-06-30": "$590", "2008-03-31": "$558", "2007-12-31": "$547", "2007-09-30": "$503", "2007-06-30": "$444", "2007-03-31": "$415", "2006-12-31": "$406", "2006-09-30": "$383", "2006-06-30": "$379", "2006-03-31": "$382", "2005-12-31": "$393", "2005-09-30": "$375", "2005-06-30": "$337", "2005-03-31": "$305"}}, "operating-income": {"Juniper Networks Annual Operating Income (Millions of US $)": {"2020": "$353", "2019": "$442", "2018": "$572", "2017": "$848", "2016": "$890", "2015": "$912", "2014": "$-420", "2013": "$566", "2012": "$308", "2011": "$619", "2010": "$768", "2009": "$311", "2008": "$695", "2007": "$407", "2006": "$-998", "2005": "$441"}, "Juniper Networks Quarterly Operating Income (Millions of US $)": {"2020-12-31": "$98", "2020-09-30": "$125", "2020-06-30": "$91", "2020-03-31": "$39", "2019-12-31": "$179", "2019-09-30": "$139", "2019-06-30": "$82", "2019-03-31": "$43", "2018-12-31": "$197", "2018-09-30": "$160", "2018-06-30": "$160", "2018-03-31": "$56", "2017-12-31": "$203", "2017-09-30": "$231", "2017-06-30": "$258", "2017-03-31": "$156", "2016-12-31": "$287", "2016-09-30": "$250", "2016-06-30": "$204", "2016-03-31": "$149", "2015-12-31": "$279", "2015-09-30": "$258", "2015-06-30": "$243", "2015-03-31": "$132", "2014-12-31": "$-702", "2014-09-30": "$172", "2014-06-30": "$116", "2014-03-31": "$-6", "2013-12-31": "$195", "2013-09-30": "$145", "2013-06-30": "$139", "2013-03-31": "$87", "2012-12-31": "$131", "2012-09-30": "$43", "2012-06-30": "$87", "2012-03-31": "$48", "2011-12-31": "$133", "2011-09-30": "$137", "2011-06-30": "$171", "2011-03-31": "$177", "2010-12-31": "$227", "2010-09-30": "$196", "2010-06-30": "$185", "2010-03-31": "$160", "2009-12-31": "$6", "2009-09-30": "$128", "2009-06-30": "$96", "2009-03-31": "$81", "2008-12-31": "$190", "2008-09-30": "$202", "2008-06-30": "$160", "2008-03-31": "$143", "2007-12-31": "$148", "2007-09-30": "$113", "2007-06-30": "$86", "2007-03-31": "$60", "2006-12-31": "$62", "2006-09-30": "$58", "2006-06-30": "$-1,209", "2006-03-31": "$91", "2005-12-31": "$114", "2005-09-30": "$108", "2005-06-30": "$118", "2005-03-31": "$101"}}, "ebitda": {"Juniper Networks Annual EBITDA (Millions of US $)": {"2019": "$653", "2018": "$783", "2017": "$1,074", "2016": "$1,096", "2015": "$1,089", "2014": "$616", "2013": "$756", "2012": "$496", "2011": "$789", "2010": "$923", "2009": "$459", "2008": "$867", "2007": "$600", "2006": "$-824", "2005": "$580"}, "Juniper Networks Quarterly EBITDA (Millions of US $)": {"2020-09-30": "$177", "2020-06-30": "$143", "2020-03-31": "$93", "2019-12-31": "$233", "2019-09-30": "$192", "2019-06-30": "$135", "2019-03-31": "$91", "2018-12-31": "$248", "2018-09-30": "$208", "2018-06-30": "$215", "2018-03-31": "$111", "2017-12-31": "$259", "2017-09-30": "$289", "2017-06-30": "$315", "2017-03-31": "$212", "2016-12-31": "$342", "2016-09-30": "$303", "2016-06-30": "$255", "2016-03-31": "$196", "2015-12-31": "$324", "2015-09-30": "$301", "2015-06-30": "$285", "2015-03-31": "$179", "2014-12-31": "$192", "2014-09-30": "$219", "2014-06-30": "$163", "2014-03-31": "$42", "2013-12-31": "$250", "2013-09-30": "$186", "2013-06-30": "$181", "2013-03-31": "$139", "2012-12-31": "$181", "2012-09-30": "$91", "2012-06-30": "$133", "2012-03-31": "$91", "2011-12-31": "$177", "2011-09-30": "$181", "2011-06-30": "$213", "2011-03-31": "$218", "2010-12-31": "$270", "2010-09-30": "$235", "2010-06-30": "$222", "2010-03-31": "$196", "2009-12-31": "$42", "2009-09-30": "$164", "2009-06-30": "$134", "2009-03-31": "$119", "2008-12-31": "$228", "2008-09-30": "$241", "2008-06-30": "$201", "2008-03-31": "$198", "2007-12-31": "$197", "2007-09-30": "$161", "2007-06-30": "$135", "2007-03-31": "$107", "2006-12-31": "$-1,177", "2006-09-30": "$102", "2006-06-30": "$118", "2006-03-31": "$133", "2005-12-31": "$153", "2005-09-30": "$144", "2005-06-30": "$151", "2005-03-31": "$131"}}, "net-income": {"Juniper Networks Annual Net Income (Millions of US $)": {"2020": "$258", "2019": "$345", "2018": "$567", "2017": "$306", "2016": "$593", "2015": "$634", "2014": "$-334", "2013": "$440", "2012": "$187", "2011": "$425", "2010": "$618", "2009": "$117", "2008": "$512", "2007": "$361", "2006": "$-1,001", "2005": "$351"}, "Juniper Networks Quarterly Net Income (Millions of US $)": {"2020-12-31": "$31", "2020-09-30": "$145", "2020-06-30": "$61", "2020-03-31": "$20", "2019-12-31": "$168", "2019-09-30": "$99", "2019-06-30": "$46", "2019-03-31": "$31", "2018-12-31": "$192", "2018-09-30": "$224", "2018-06-30": "$117", "2018-03-31": "$34", "2017-12-31": "$-148", "2017-09-30": "$166", "2017-06-30": "$180", "2017-03-31": "$109", "2016-12-31": "$189", "2016-09-30": "$172", "2016-06-30": "$140", "2016-03-31": "$91", "2015-12-31": "$198", "2015-09-30": "$198", "2015-06-30": "$158", "2015-03-31": "$80", "2014-12-31": "$-770", "2014-09-30": "$104", "2014-06-30": "$221", "2014-03-31": "$111", "2013-12-31": "$152", "2013-09-30": "$99", "2013-06-30": "$98", "2013-03-31": "$91", "2012-12-31": "$96", "2012-09-30": "$17", "2012-06-30": "$58", "2012-03-31": "$16", "2011-12-31": "$96", "2011-09-30": "$84", "2011-06-30": "$116", "2011-03-31": "$130", "2010-12-31": "$190", "2010-09-30": "$135", "2010-06-30": "$131", "2010-03-31": "$163", "2009-12-31": "$23", "2009-09-30": "$84", "2009-06-30": "$15", "2009-03-31": "$-4", "2008-12-31": "$132", "2008-09-30": "$149", "2008-06-30": "$120", "2008-03-31": "$110", "2007-12-31": "$123", "2007-09-30": "$85", "2007-06-30": "$86", "2007-03-31": "$67", "2006-12-31": "$71", "2006-09-30": "$58", "2006-06-30": "$-1,206", "2006-03-31": "$76", "2005-12-31": "$104", "2005-09-30": "$83", "2005-06-30": "$88", "2005-03-31": "$75"}}, "eps-earnings-per-share-diluted": {"Juniper Networks Annual EPS": {"2020": "$0.77", "2019": "$0.99", "2018": "$1.60", "2017": "$0.80", "2016": "$1.53", "2015": "$1.59", "2014": "$-0.73", "2013": "$0.86", "2012": "$0.35", "2011": "$0.79", "2010": "$1.15", "2009": "$0.22", "2008": "$0.93", "2007": "$0.62", "2006": "$-1.76", "2005": "$0.58"}, "Juniper Networks Quarterly EPS": {"2020-12-31": "$0.09", "2020-09-30": "$0.43", "2020-06-30": "$0.18", "2020-03-31": "$0.06", "2019-12-31": "$0.48", "2019-09-30": "$0.29", "2019-06-30": "$0.13", "2019-03-31": "$0.09", "2018-12-31": "$0.53", "2018-09-30": "$0.64", "2018-06-30": "$0.33", "2018-03-31": "$0.10", "2017-12-31": "$-0.38", "2017-09-30": "$0.43", "2017-06-30": "$0.47", "2017-03-31": "$0.28", "2016-12-31": "$0.49", "2016-09-30": "$0.45", "2016-06-30": "$0.36", "2016-03-31": "$0.23", "2015-12-31": "$0.49", "2015-09-30": "$0.51", "2015-06-30": "$0.40", "2015-03-31": "$0.19", "2014-12-31": "$-1.64", "2014-09-30": "$0.23", "2014-06-30": "$0.46", "2014-03-31": "$0.22", "2013-12-31": "$0.30", "2013-09-30": "$0.19", "2013-06-30": "$0.19", "2013-03-31": "$0.18", "2012-12-31": "$0.18", "2012-09-30": "$0.03", "2012-06-30": "$0.11", "2012-03-31": "$0.03", "2011-12-31": "$0.18", "2011-09-30": "$0.16", "2011-06-30": "$0.21", "2011-03-31": "$0.24", "2010-12-31": "$0.36", "2010-09-30": "$0.25", "2010-06-30": "$0.24", "2010-03-31": "$0.30", "2009-12-31": "$0.04", "2009-09-30": "$0.16", "2009-06-30": "$0.03", "2009-03-31": "$-0.01", "2008-12-31": "$0.24", "2008-09-30": "$0.27", "2008-06-30": "$0.22", "2008-03-31": "$0.20", "2007-12-31": "$0.21", "2007-09-30": "$0.15", "2007-06-30": "$0.15", "2007-03-31": "$0.11", "2006-12-31": "$0.14", "2006-09-30": "$0.10", "2006-06-30": "$-2.13", "2006-03-31": "$0.13", "2005-12-31": "$0.16", "2005-09-30": "$0.14", "2005-06-30": "$0.15", "2005-03-31": "$0.13"}}, "shares-outstanding": {"Juniper Networks Annual Shares Outstanding (Millions of Shares)": {"2020": "335", "2019": "348", "2018": "354", "2017": "384", "2016": "388", "2015": "399", "2014": "457", "2013": "510", "2012": "526", "2011": "541", "2010": "539", "2009": "534", "2008": "551", "2007": "579", "2006": "567", "2005": "600"}, "Juniper Networks Quarterly Shares Outstanding (Millions of Shares)": {"2020-12-31": "333", "2020-09-30": "335", "2020-06-30": "333", "2020-03-31": "335", "2019-12-31": "348", "2019-09-30": "346", "2019-06-30": "349", "2019-03-31": "353", "2018-12-31": "354", "2018-09-30": "351", "2018-06-30": "351", "2018-03-31": "361", "2017-12-31": "384", "2017-09-30": "383", "2017-06-30": "386", "2017-03-31": "388", "2016-12-31": "388", "2016-09-30": "385", "2016-06-30": "386", "2016-03-31": "389", "2015-12-31": "399", "2015-09-30": "389", "2015-06-30": "397", "2015-03-31": "414", "2014-12-31": "457", "2014-09-30": "455", "2014-06-30": "477", "2014-03-31": "497", "2013-12-31": "510", "2013-09-30": "509", "2013-06-30": "506", "2013-03-31": "513", "2012-12-31": "526", "2012-09-30": "525", "2012-06-30": "532", "2012-03-31": "534", "2011-12-31": "541", "2011-09-30": "537", "2011-06-30": "546", "2011-03-31": "549", "2010-12-31": "539", "2010-09-30": "535", "2010-06-30": "539", "2010-03-31": "537", "2009-12-31": "534", "2009-09-30": "538", "2009-06-30": "533", "2009-03-31": "524", "2008-12-31": "551", "2008-09-30": "554", "2008-06-30": "559", "2008-03-31": "560", "2007-12-31": "579", "2007-09-30": "561", "2007-06-30": "581", "2007-03-31": "605", "2006-12-31": "567", "2006-09-30": "600", "2006-06-30": "566", "2006-03-31": "604", "2005-12-31": "600", "2005-09-30": "606", "2005-06-30": "592", "2005-03-31": "588"}}, "total-assets": {"Juniper Networks Annual Total Assets (Millions of US $)": {"2019": "$8,838", "2018": "$9,363", "2017": "$9,834", "2016": "$9,657", "2015": "$8,608", "2014": "$8,281", "2013": "$10,326", "2012": "$9,832", "2011": "$9,984", "2010": "$8,468", "2009": "$7,590", "2008": "$7,187", "2007": "$6,885", "2006": "$7,368", "2005": "$8,184"}, "Juniper Networks Quarterly Total Assets (Millions of US $)": {"2020-09-30": "$8,695", "2020-06-30": "$8,742", "2020-03-31": "$8,610", "2019-12-31": "$8,838", "2019-09-30": "$8,754", "2019-06-30": "$8,903", "2019-03-31": "$9,138", "2018-12-31": "$9,363", "2018-09-30": "$9,100", "2018-06-30": "$9,121", "2018-03-31": "$9,079", "2017-12-31": "$9,834", "2017-09-30": "$9,744", "2017-06-30": "$9,753", "2017-03-31": "$9,638", "2016-12-31": "$9,657", "2016-09-30": "$9,145", "2016-06-30": "$9,063", "2016-03-31": "$8,918", "2015-12-31": "$8,608", "2015-09-30": "$8,506", "2015-06-30": "$8,283", "2015-03-31": "$8,667", "2014-12-31": "$8,281", "2014-09-30": "$9,569", "2014-06-30": "$10,137", "2014-03-31": "$9,724", "2013-12-31": "$10,326", "2013-09-30": "$10,198", "2013-06-30": "$10,014", "2013-03-31": "$9,830", "2012-12-31": "$9,832", "2012-09-30": "$9,961", "2012-06-30": "$10,046", "2012-03-31": "$9,945", "2011-12-31": "$9,984", "2011-09-30": "$9,707", "2011-06-30": "$9,793", "2011-03-31": "$9,694", "2010-12-31": "$8,468", "2010-09-30": "$7,891", "2010-06-30": "$7,744", "2010-03-31": "$7,679", "2009-12-31": "$7,590", "2009-09-30": "$7,414", "2009-06-30": "$7,226", "2009-03-31": "$7,066", "2008-12-31": "$7,187", "2008-09-30": "$6,992", "2008-06-30": "$7,260", "2008-03-31": "$7,059", "2007-12-31": "$6,885", "2007-09-30": "$6,504", "2007-06-30": "$6,117", "2007-03-31": "$7,474", "2006-12-31": "$7,368", "2006-09-30": "$7,206", "2006-06-30": "$7,040", "2006-03-31": "$8,036", "2005-12-31": "$8,184", "2005-09-30": "$7,818", "2005-06-30": "$7,384", "2005-03-31": "$7,161"}}, "cash-on-hand": {"Juniper Networks Annual Cash on Hand (Millions of US $)": {"2019": "$1,954", "2018": "$3,559", "2017": "$3,033", "2016": "$2,586", "2015": "$1,948", "2014": "$1,972", "2013": "$2,846", "2012": "$2,849", "2011": "$3,552", "2010": "$2,286", "2009": "$2,175", "2008": "$2,192", "2007": "$1,956", "2006": "$2,040", "2005": "$1,429"}, "Juniper Networks Quarterly Cash on Hand (Millions of US $)": {"2020-09-30": "$1,841", "2020-06-30": "$1,858", "2020-03-31": "$1,922", "2019-12-31": "$1,954", "2019-09-30": "$2,246", "2019-06-30": "$2,800", "2019-03-31": "$3,383", "2018-12-31": "$3,559", "2018-09-30": "$3,389", "2018-06-30": "$3,123", "2018-03-31": "$2,932", "2017-12-31": "$3,033", "2017-09-30": "$3,286", "2017-06-30": "$3,145", "2017-03-31": "$2,984", "2016-12-31": "$2,586", "2016-09-30": "$2,322", "2016-06-30": "$2,344", "2016-03-31": "$2,245", "2015-12-31": "$1,948", "2015-09-30": "$1,983", "2015-06-30": "$1,848", "2015-03-31": "$2,209", "2014-12-31": "$1,972", "2014-09-30": "$1,915", "2014-06-30": "$2,620", "2014-03-31": "$2,958", "2013-12-31": "$2,846", "2013-09-30": "$2,845", "2013-06-30": "$2,793", "2013-03-31": "$2,657", "2012-12-31": "$2,849", "2012-09-30": "$3,147", "2012-06-30": "$3,439", "2012-03-31": "$3,430", "2011-12-31": "$3,552", "2011-09-30": "$3,355", "2011-06-30": "$3,470", "2011-03-31": "$3,438", "2010-12-31": "$2,286", "2010-09-30": "$2,099", "2010-06-30": "$2,223", "2010-03-31": "$2,317", "2009-12-31": "$2,175", "2009-09-30": "$2,068", "2009-06-30": "$1,978", "2009-03-31": "$2,218", "2008-12-31": "$2,192", "2008-09-30": "$2,021", "2008-06-30": "$2,304", "2008-03-31": "$2,184", "2007-12-31": "$1,956", "2007-09-30": "$1,622", "2007-06-30": "$1,203", "2007-03-31": "$2,465", "2006-12-31": "$2,040", "2006-09-30": "$1,848", "2006-06-30": "$1,636", "2006-03-31": "$1,415", "2005-12-31": "$1,429", "2005-09-30": "$1,386", "2005-06-30": "$1,303", "2005-03-31": "$1,255"}}, "long-term-debt": {"Juniper Networks Annual Long Term Debt (Millions of US $)": {"2019": "$1,684", "2018": "$1,789", "2017": "$2,136", "2016": "$2,134", "2015": "$1,638", "2014": "$1,349", "2013": "$999", "2012": "$999", "2011": "$999", "2010": "$", "2009": "$", "2008": "$", "2007": "$", "2006": "$400", "2005": "$400"}, "Juniper Networks Quarterly Long Term Debt (Millions of US $)": {"2020-09-30": "$1,714", "2020-06-30": "$1,720", "2020-03-31": "$1,713", "2019-12-31": "$1,684", "2019-09-30": "$1,688", "2019-06-30": "$1,491", "2019-03-31": "$1,790", "2018-12-31": "$1,789", "2018-09-30": "$1,789", "2018-06-30": "$1,788", "2018-03-31": "$1,788", "2017-12-31": "$2,136", "2017-09-30": "$2,136", "2017-06-30": "$2,135", "2017-03-31": "$2,134", "2016-12-31": "$2,134", "2016-09-30": "$2,133", "2016-06-30": "$2,133", "2016-03-31": "$2,132", "2015-12-31": "$1,638", "2015-09-30": "$1,649", "2015-06-30": "$1,649", "2015-03-31": "$1,649", "2014-12-31": "$1,349", "2014-09-30": "$1,349", "2014-06-30": "$1,349", "2014-03-31": "$1,349", "2013-12-31": "$999", "2013-09-30": "$999", "2013-06-30": "$999", "2013-03-31": "$999", "2012-12-31": "$999", "2012-09-30": "$999", "2012-06-30": "$999", "2012-03-31": "$999", "2011-12-31": "$999", "2011-09-30": "$999", "2011-06-30": "$999", "2011-03-31": "$999", "2010-12-31": "", "2010-09-30": "", "2010-06-30": "", "2010-03-31": "", "2009-12-31": "", "2009-09-30": "", "2009-06-30": "", "2009-03-31": "", "2008-12-31": "", "2008-09-30": "", "2008-06-30": "", "2008-03-31": "", "2007-12-31": "", "2007-09-30": "", "2007-06-30": "", "2007-03-31": "$400", "2006-12-31": "$400", "2006-09-30": "$400", "2006-06-30": "$400", "2006-03-31": "$400", "2005-12-31": "$400", "2005-09-30": "$489", "2005-06-30": "$476", "2005-03-31": "$479"}}, "total-liabilities": {"Juniper Networks Annual Total Liabilities (Millions of US $)": {"2019": "$4,227", "2018": "$4,540", "2017": "$5,153", "2016": "$4,694", "2015": "$4,034", "2014": "$3,362", "2013": "$3,024", "2012": "$2,833", "2011": "$2,894", "2010": "$1,859", "2009": "$1,765", "2008": "$1,286", "2007": "$1,532", "2006": "$1,253", "2005": "$1,095"}, "Juniper Networks Quarterly Total Liabilities (Millions of US $)": {"2020-09-30": "$4,134", "2020-06-30": "$4,277", "2020-03-31": "$4,219", "2019-12-31": "$4,227", "2019-09-30": "$4,111", "2019-06-30": "$4,312", "2019-03-31": "$4,287", "2018-12-31": "$4,540", "2018-09-30": "$4,449", "2018-06-30": "$4,703", "2018-03-31": "$4,754", "2017-12-31": "$5,153", "2017-09-30": "$4,586", "2017-06-30": "$4,667", "2017-03-31": "$4,620", "2016-12-31": "$4,694", "2016-09-30": "$4,373", "2016-06-30": "$4,387", "2016-03-31": "$4,280", "2015-12-31": "$4,034", "2015-09-30": "$4,078", "2015-06-30": "$4,035", "2015-03-31": "$4,050", "2014-12-31": "$3,362", "2014-09-30": "$3,379", "2014-06-30": "$3,526", "2014-03-31": "$3,414", "2013-12-31": "$3,024", "2013-09-30": "$2,886", "2013-06-30": "$2,896", "2013-03-31": "$2,774", "2012-12-31": "$2,833", "2012-09-30": "$2,881", "2012-06-30": "$2,837", "2012-03-31": "$2,772", "2011-12-31": "$2,894", "2011-09-30": "$2,769", "2011-06-30": "$2,831", "2011-03-31": "$2,797", "2010-12-31": "$1,859", "2010-09-30": "$1,574", "2010-06-30": "$1,573", "2010-03-31": "$1,557", "2009-12-31": "$1,765", "2009-09-30": "$1,457", "2009-06-30": "$1,409", "2009-03-31": "$1,236", "2008-12-31": "$1,286", "2008-09-30": "$1,215", "2008-06-30": "$1,255", "2008-03-31": "$1,577", "2007-12-31": "$1,532", "2007-09-30": "$1,344", "2007-06-30": "$1,316", "2007-03-31": "$1,277", "2006-12-31": "$1,253", "2006-09-30": "$1,179", "2006-06-30": "$1,139", "2006-03-31": "$1,116", "2005-12-31": "$1,095", "2005-09-30": "$1,107", "2005-06-30": "$1,061", "2005-03-31": "$1,026"}}, "total-share-holder-equity": {"Juniper Networks Annual Share Holder Equity (Millions of US $)": {"2019": "$4,611", "2018": "$4,823", "2017": "$4,681", "2016": "$4,963", "2015": "$4,574", "2014": "$4,919", "2013": "$7,302", "2012": "$7,000", "2011": "$7,090", "2010": "$6,609", "2009": "$5,825", "2008": "$5,901", "2007": "$5,354", "2006": "$6,115", "2005": "$7,088"}, "Juniper Networks Quarterly Share Holder Equity (Millions of US $)": {"2020-09-30": "$4,561", "2020-06-30": "$4,464", "2020-03-31": "$4,391", "2019-12-31": "$4,611", "2019-09-30": "$4,642", "2019-06-30": "$4,591", "2019-03-31": "$4,851", "2018-12-31": "$4,823", "2018-09-30": "$4,651", "2018-06-30": "$4,418", "2018-03-31": "$4,325", "2017-12-31": "$4,681", "2017-09-30": "$5,158", "2017-06-30": "$5,086", "2017-03-31": "$5,018", "2016-12-31": "$4,963", "2016-09-30": "$4,773", "2016-06-30": "$4,676", "2016-03-31": "$4,638", "2015-12-31": "$4,574", "2015-09-30": "$4,428", "2015-06-30": "$4,248", "2015-03-31": "$4,617", "2014-12-31": "$4,919", "2014-09-30": "$6,190", "2014-06-30": "$6,612", "2014-03-31": "$6,310", "2013-12-31": "$7,302", "2013-09-30": "$7,312", "2013-06-30": "$7,118", "2013-03-31": "$7,056", "2012-12-31": "$7,000", "2012-09-30": "$7,080", "2012-06-30": "$7,209", "2012-03-31": "$7,173", "2011-12-31": "$7,090", "2011-09-30": "$6,938", "2011-06-30": "$6,962", "2011-03-31": "$6,897", "2010-12-31": "$6,609", "2010-09-30": "$6,317", "2010-06-30": "$6,172", "2010-03-31": "$6,121", "2009-12-31": "$5,825", "2009-09-30": "$5,957", "2009-06-30": "$5,817", "2009-03-31": "$5,830", "2008-12-31": "$5,901", "2008-09-30": "$5,777", "2008-06-30": "$6,005", "2008-03-31": "$5,482", "2007-12-31": "$5,354", "2007-09-30": "$5,160", "2007-06-30": "$4,800", "2007-03-31": "$6,198", "2006-12-31": "$6,115", "2006-09-30": "$6,027", "2006-06-30": "$5,902", "2006-03-31": "$6,920", "2005-12-31": "$7,088", "2005-09-30": "$6,711", "2005-06-30": "$6,323", "2005-03-31": "$6,135"}}, "profit-margins": {"current": "5.8%"}, "gross margin": {"2020-12-31": "57.91%", "2020-09-30": "58.15%", "2020-06-30": "58.67%", "2020-03-31": "58.82%", "2019-12-31": "58.84%", "2019-09-30": "59.02%", "2019-06-30": "59.14%", "2019-03-31": "59.23%", "2018-12-31": "58.97%", "2018-09-30": "59.08%", "2018-06-30": "59.39%", "2018-03-31": "60.18%", "2017-12-31": "61.10%", "2017-09-30": "61.44%", "2017-06-30": "61.66%", "2017-03-31": "61.82%", "2016-12-31": "62.22%", "2016-09-30": "62.73%", "2016-06-30": "63.13%", "2016-03-31": "63.63%", "2015-12-31": "63.34%", "2015-09-30": "62.72%", "2015-06-30": "62.61%", "2015-03-31": "61.77%", "2014-12-31": "61.75%", "2014-09-30": "62.23%", "2014-06-30": "62.12%", "2014-03-31": "62.58%", "2013-12-31": "63.02%", "2013-09-30": "63.30%", "2013-06-30": "62.63%", "2013-03-31": "62.52%", "2012-12-31": "62.05%", "2012-09-30": "61.55%", "2012-06-30": "62.60%", "2012-03-31": "63.16%", "2011-12-31": "64.47%", "2011-09-30": "65.55%", "2011-06-30": "66.17%", "2011-03-31": "66.93%", "2010-12-31": "66.99%", "2010-09-30": "67.14%", "2010-06-30": "66.90%", "2010-03-31": "66.17%", "2009-12-31": "65.82%", "2009-09-30": "66.70%", "2009-06-30": "67.11%", "2009-03-31": "67.72%", "2008-12-31": "68.17%", "2008-09-30": "67.50%", "2008-06-30": "67.71%", "2008-03-31": "67.68%", "2007-12-31": "67.31%", "2007-09-30": "67.40%", "2007-06-30": "66.94%", "2007-03-31": "66.96%", "2006-12-31": "67.27%", "2006-09-30": "67.32%", "2006-06-30": "67.80%", "2006-03-31": "68.18%", "2005-12-31": "68.35%"}, "operating margin": {"2020-12-31": "7.94%", "2020-09-30": "9.80%", "2020-06-30": "10.10%", "2020-03-31": "9.86%", "2019-12-31": "9.94%", "2019-09-30": "10.41%", "2019-06-30": "10.79%", "2019-03-31": "12.26%", "2018-12-31": "12.33%", "2018-09-30": "12.30%", "2018-06-30": "13.58%", "2018-03-31": "15.30%", "2017-12-31": "16.87%", "2017-09-30": "18.01%", "2017-06-30": "18.28%", "2017-03-31": "17.54%", "2016-12-31": "17.84%", "2016-09-30": "17.91%", "2016-06-30": "18.21%", "2016-03-31": "19.00%", "2015-12-31": "18.77%", "2015-09-30": "-1.49%", "2015-06-30": "-3.43%", "2015-03-31": "-6.23%", "2014-12-31": "-9.08%", "2014-09-30": "9.94%", "2014-06-30": "9.26%", "2014-03-31": "9.87%", "2013-12-31": "12.10%", "2013-09-30": "11.04%", "2013-06-30": "8.93%", "2013-03-31": "7.92%", "2012-12-31": "7.08%", "2012-09-30": "7.16%", "2012-06-30": "9.34%", "2012-03-31": "11.16%", "2011-12-31": "13.89%", "2011-09-30": "15.76%", "2011-06-30": "17.42%", "2011-03-31": "18.33%", "2010-12-31": "18.76%", "2010-09-30": "14.23%", "2010-06-30": "13.10%", "2010-03-31": "11.26%", "2009-12-31": "9.38%", "2009-09-30": "15.01%", "2009-06-30": "16.64%", "2009-03-31": "18.02%", "2008-12-31": "19.46%", "2008-09-30": "18.88%", "2008-06-30": "17.38%", "2008-03-31": "16.16%", "2007-12-31": "14.35%", "2007-09-30": "12.24%", "2007-06-30": "10.80%", "2007-03-31": "-43.53%", "2006-12-31": "-43.32%", "2006-09-30": "-41.44%", "2006-06-30": "-39.73%", "2006-03-31": "19.76%", "2005-12-31": "21.38%"}, "ebitda margin": {"2020-09-30": "14.58%", "2020-06-30": "14.94%", "2020-03-31": "14.70%", "2019-12-31": "14.64%", "2019-09-30": "15.07%", "2019-06-30": "15.27%", "2019-03-31": "16.68%", "2018-12-31": "16.82%", "2018-09-30": "16.85%", "2018-06-30": "18.27%", "2018-03-31": "19.92%", "2017-12-31": "21.38%", "2017-09-30": "22.38%", "2017-06-30": "22.53%", "2017-03-31": "21.75%", "2016-12-31": "21.96%", "2016-09-30": "21.89%", "2016-06-30": "22.01%", "2016-03-31": "22.62%", "2015-12-31": "22.42%", "2015-09-30": "20.63%", "2015-06-30": "19.37%", "2015-03-31": "16.64%", "2014-12-31": "13.31%", "2014-09-30": "14.04%", "2014-06-30": "13.19%", "2014-03-31": "13.78%", "2013-12-31": "16.19%", "2013-09-30": "15.14%", "2013-06-30": "13.25%", "2013-03-31": "12.39%", "2012-12-31": "11.36%", "2012-09-30": "11.32%", "2012-06-30": "13.43%", "2012-03-31": "15.11%", "2011-12-31": "17.73%", "2011-09-30": "19.52%", "2011-06-30": "21.15%", "2011-03-31": "22.07%", "2010-12-31": "22.55%", "2010-09-30": "18.08%", "2010-06-30": "17.07%", "2010-03-31": "15.47%", "2009-12-31": "13.85%", "2009-09-30": "19.56%", "2009-06-30": "21.11%", "2009-03-31": "22.46%", "2008-12-31": "24.30%", "2008-09-30": "24.20%", "2008-06-30": "23.32%", "2008-03-31": "22.79%", "2007-12-31": "21.16%", "2007-09-30": "-29.51%", "2007-06-30": "-33.83%", "2007-03-31": "-35.96%", "2006-12-31": "-35.76%", "2006-09-30": "22.16%", "2006-06-30": "24.30%", "2006-03-31": "26.64%", "2005-12-31": "28.07%"}, "pre tax profit margin": {"2020-12-31": "5.96%", "2020-09-30": "9.03%", "2020-06-30": "9.18%", "2020-03-31": "8.96%", "2019-12-31": "9.33%", "2019-09-30": "9.71%", "2019-06-30": "10.37%", "2019-03-31": "11.74%", "2018-12-31": "11.45%", "2018-09-30": "11.56%", "2018-06-30": "12.92%", "2018-03-31": "14.56%", "2017-12-31": "16.15%", "2017-09-30": "17.09%", "2017-06-30": "17.21%", "2017-03-31": "16.47%", "2016-12-31": "16.59%", "2016-09-30": "16.59%", "2016-06-30": "16.98%", "2016-03-31": "17.67%", "2015-12-31": "17.56%", "2015-09-30": "-2.20%", "2015-06-30": "-4.12%", "2015-03-31": "-2.59%", "2014-12-31": "-1.84%", "2014-09-30": "16.54%", "2014-06-30": "15.76%", "2014-03-31": "12.49%", "2013-12-31": "11.26%", "2013-09-30": "10.60%", "2013-06-30": "8.55%", "2013-03-31": "7.88%", "2012-12-31": "6.69%", "2012-09-30": "6.30%", "2012-06-30": "8.21%", "2012-03-31": "9.66%", "2011-12-31": "12.83%", "2011-09-30": "15.07%", "2011-06-30": "17.08%", "2011-03-31": "18.40%", "2010-12-31": "19.03%", "2010-09-30": "14.33%", "2010-06-30": "13.27%", "2010-03-31": "11.35%", "2009-12-31": "9.41%", "2009-09-30": "14.95%", "2009-06-30": "16.81%", "2009-03-31": "18.50%", "2008-12-31": "20.41%", "2008-09-30": "20.59%", "2008-06-30": "19.44%", "2008-03-31": "19.03%", "2007-12-31": "17.98%", "2007-09-30": "16.55%", "2007-06-30": "15.80%", "2007-03-31": "-38.71%", "2006-12-31": "-38.93%", "2006-09-30": "-37.58%", "2006-06-30": "-36.36%", "2006-03-31": "22.79%", "2005-12-31": "24.09%"}, "net profit margin": {"2020-12-31": "5.78%", "2020-09-30": "8.89%", "2020-06-30": "7.86%", "2020-03-31": "7.50%", "2019-12-31": "7.74%", "2019-09-30": "8.33%", "2019-06-30": "11.04%", "2019-03-31": "12.35%", "2018-12-31": "12.20%", "2018-09-30": "4.82%", "2018-06-30": "3.53%", "2018-03-31": "4.74%", "2017-12-31": "6.11%", "2017-09-30": "12.45%", "2017-06-30": "12.50%", "2017-03-31": "11.93%", "2016-12-31": "11.86%", "2016-09-30": "12.21%", "2016-06-30": "12.83%", "2016-03-31": "13.19%", "2015-12-31": "13.05%", "2015-09-30": "-7.20%", "2015-06-30": "-9.48%", "2015-03-31": "-8.07%", "2014-12-31": "-7.22%", "2014-09-30": "12.25%", "2014-06-30": "12.00%", "2014-03-31": "9.62%", "2013-12-31": "9.42%", "2013-09-30": "8.46%", "2013-06-30": "6.76%", "2013-03-31": "5.97%", "2012-12-31": "4.28%", "2012-09-30": "4.30%", "2012-06-30": "5.86%", "2012-03-31": "7.12%", "2011-12-31": "9.57%", "2011-09-30": "11.51%", "2011-06-30": "12.90%", "2011-03-31": "13.69%", "2010-12-31": "15.12%", "2010-09-30": "11.76%", "2010-06-30": "10.97%", "2010-03-31": "8.23%", "2009-12-31": "3.56%", "2009-09-30": "6.89%", "2009-06-30": "8.54%", "2009-03-31": "11.30%", "2008-12-31": "14.31%", "2008-09-30": "14.52%", "2008-06-30": "13.49%", "2008-03-31": "13.32%", "2007-12-31": "12.73%", "2007-09-30": "11.78%", "2007-06-30": "11.45%", "2007-03-31": "-42.72%", "2006-12-31": "-43.45%", "2006-09-30": "-42.40%", "2006-06-30": "-41.82%", "2006-03-31": "16.09%", "2005-12-31": "16.97%"}, "pe ratio": {"current": "23.83", "2021-02-11": "38.45", "2020-12-31": "33.60", "2020-09-30": "18.37", "2020-06-30": "22.03", "2020-03-31": "19.24", "2019-12-31": "23.79", "2019-09-30": "22.38", "2019-06-30": "17.95", "2019-03-31": "15.51", "2018-12-31": "15.56", "2018-09-30": "41.90", "2018-06-30": "52.09", "2018-03-31": "35.71", "2017-12-31": "32.31", "2017-09-30": "14.80", "2017-06-30": "14.86", "2017-03-31": "15.80", "2016-12-31": "16.51", "2016-09-30": "14.00", "2016-06-30": "12.55", "2016-03-31": "13.82", "2015-12-31": "15.27", "2015-09-30": "0.00", "2015-06-30": "0.00", "2015-03-31": "0.00", "2014-12-31": "0.00", "2014-09-30": "15.99", "2014-06-30": "18.24", "2014-03-31": "24.89", "2013-12-31": "22.82", "2013-09-30": "23.03", "2013-06-30": "28.46", "2013-03-31": "31.62", "2012-12-31": "47.52", "2012-09-30": "42.52", "2012-06-30": "29.55", "2012-03-31": "34.31", "2011-12-31": "22.47", "2011-09-30": "15.64", "2011-06-30": "26.09", "2011-03-31": "33.89", "2010-12-31": "28.17", "2010-09-30": "25.63", "2010-06-30": "21.11", "2010-03-31": "36.55", "2009-12-31": "55.23", "2009-09-30": "54.65", "2009-06-30": "38.01", "2009-03-31": "17.93", "2008-12-31": "16.20", "2008-09-30": "20.14", "2008-06-30": "24.42", "2008-03-31": "30.20", "2007-12-31": "45.83", "2007-09-30": "60.08", "2007-06-30": "45.61", "2007-03-31": "0.00", "2006-12-31": "0.00"}, "price sales": {"2021-02-11": "1.93", "2020-12-31": "1.69", "2020-09-30": "1.62", "2020-06-30": "1.73", "2020-03-31": "1.45", "2019-12-31": "1.87", "2019-09-30": "1.88", "2019-06-30": "1.99", "2019-03-31": "1.93", "2018-12-31": "1.92", "2018-09-30": "2.16", "2018-06-30": "1.97", "2018-03-31": "1.74", "2017-12-31": "2.00", "2017-09-30": "1.90", "2017-06-30": "1.89", "2017-03-31": "1.91", "2016-12-31": "1.98", "2016-09-30": "1.72", "2016-06-30": "1.62", "2016-03-31": "1.84", "2015-12-31": "2.02", "2015-09-30": "2.02", "2015-06-30": "2.18", "2015-03-31": "1.98", "2014-12-31": "1.99", "2014-09-30": "1.95", "2014-06-30": "2.19", "2014-03-31": "2.37", "2013-12-31": "2.14", "2013-09-30": "1.95", "2013-06-30": "1.94", "2013-03-31": "1.92", "2012-12-31": "2.07", "2012-09-30": "1.82", "2012-06-30": "1.75", "2012-03-31": "2.45", "2011-12-31": "2.17", "2011-09-30": "1.80", "2011-06-30": "3.36", "2011-03-31": "4.62", "2010-12-31": "4.22", "2010-09-30": "3.68", "2010-06-30": "2.91", "2010-03-31": "4.12", "2009-12-31": "3.72", "2009-09-30": "3.83", "2009-06-30": "3.25", "2009-03-31": "2.04", "2008-12-31": "2.37", "2008-09-30": "2.98", "2008-06-30": "3.36", "2008-03-31": "4.09", "2007-12-31": "5.91", "2007-09-30": "7.01", "2007-06-30": "5.23", "2007-03-31": "4.23", "2006-12-31": "4.17"}, "price book": {"current": "1.85", "2021-02-11": "1.86", "2020-09-30": "1.54", "2020-06-30": "1.67", "2020-03-31": "1.41", "2019-12-31": "1.73", "2019-09-30": "1.74", "2019-06-30": "1.90", "2019-03-31": "1.81", "2018-12-31": "1.81", "2018-09-30": "2.08", "2018-06-30": "2.02", "2018-03-31": "1.82", "2017-12-31": "2.04", "2017-09-30": "1.86", "2017-06-30": "1.90", "2017-03-31": "1.93", "2016-12-31": "1.96", "2016-09-30": "1.73", "2016-06-30": "1.65", "2016-03-31": "1.90", "2015-12-31": "2.06", "2015-09-30": "1.98", "2015-06-30": "2.08", "2015-03-31": "1.74", "2014-12-31": "1.66", "2014-09-30": "1.37", "2014-06-30": "1.53", "2014-03-31": "1.68", "2013-12-31": "1.33", "2013-09-30": "1.19", "2013-06-30": "1.19", "2013-03-31": "1.17", "2012-12-31": "1.24", "2012-09-30": "1.08", "2012-06-30": "1.04", "2012-03-31": "1.47", "2011-12-31": "1.32", "2011-09-30": "1.14", "2011-06-30": "2.10", "2011-03-31": "2.84", "2010-12-31": "2.55", "2010-09-30": "2.18", "2010-06-30": "1.68", "2010-03-31": "2.29", "2009-12-31": "2.07", "2009-09-30": "2.07", "2009-06-30": "1.84", "2009-03-31": "1.17", "2008-12-31": "1.36", "2008-09-30": "1.68", "2008-06-30": "1.75", "2008-03-31": "2.08", "2007-12-31": "2.82", "2007-09-30": "3.21", "2007-06-30": "2.32", "2007-03-31": "1.57", "2006-12-31": "1.53", "2006-09-30": "1.42", "2006-06-30": "1.34", "2006-03-31": "1.36"}, "price fcf": {"2021-02-11": "", "2020-09-30": "$1.44", "2020-06-30": "$1.63", "2020-03-31": "$1.58", "2019-12-31": "$1.20", "2019-09-30": "$1.49", "2019-06-30": "$1.54", "2019-03-31": "$1.75", "2018-12-31": "$2.01", "2018-09-30": "$1.94", "2018-06-30": "$1.89", "2018-03-31": "$2.19", "2017-12-31": "$2.88", "2017-09-30": "$3.24", "2017-06-30": "$3.30", "2017-03-31": "$3.36", "2016-12-31": "$2.35", "2016-09-30": "$1.73", "2016-06-30": "$1.80", "2016-03-31": "$1.62", "2015-12-31": "$1.73", "2015-09-30": "$2.10", "2015-06-30": "$1.31", "2015-03-31": "$1.53", "2014-12-31": "$1.25", "2014-09-30": "$1.42", "2014-06-30": "$1.89", "2014-03-31": "$1.50", "2013-12-31": "$1.21", "2013-09-30": "$0.64", "2013-06-30": "$0.54", "2013-03-31": "$0.36", "2012-12-31": "$0.55", "2012-09-30": "$0.74", "2012-06-30": "$0.79", "2012-03-31": "$1.03", "2011-12-31": "$1.33", "2011-09-30": "$1.63", "2011-06-30": "$1.55", "2011-03-31": "$1.41", "2010-12-31": "$1.16", "2010-09-30": "$0.99", "2010-06-30": "$1.19", "2010-03-31": "$1.05", "2009-12-31": "$1.20", "2009-09-30": "$1.10", "2009-06-30": "$1.06", "2009-03-31": "$1.14", "2008-12-31": "$1.29", "2008-09-30": "$1.31", "2008-06-30": "$1.30", "2008-03-31": "$1.30", "2007-12-31": "$1.10", "2007-09-30": "$1.17", "2007-06-30": "$1.07", "2007-03-31": "$1.15", "2006-12-31": "$1.15"}, "net worth": {"value": "$8.41B"}, "current ratio": {"2020-12-31": "1.51", "2020-09-30": "2.02", "2020-06-30": "1.88", "2020-03-31": "1.94", "2019-12-31": "2.08", "2019-09-30": "2.24", "2019-06-30": "2.13", "2019-03-31": "2.89", "2018-12-31": "2.49", "2018-09-30": "2.47", "2018-06-30": "2.27", "2018-03-31": "2.14", "2017-12-31": "2.41", "2017-09-30": "2.70", "2017-06-30": "2.48", "2017-03-31": "2.52", "2016-12-31": "2.29", "2016-09-30": "2.27", "2016-06-30": "2.18", "2016-03-31": "2.16", "2015-12-31": "1.62", "2015-09-30": "1.67", "2015-06-30": "1.55", "2015-03-31": "1.75", "2014-12-31": "1.86", "2014-09-30": "2.11", "2014-06-30": "2.22", "2014-03-31": "2.68", "2013-12-31": "2.57", "2013-09-30": "2.63", "2013-06-30": "2.57", "2013-03-31": "2.49", "2012-12-31": "2.53", "2012-09-30": "2.63", "2012-06-30": "2.91", "2012-03-31": "3.11", "2011-12-31": "3.03", "2011-09-30": "3.02", "2011-06-30": "3.00", "2011-03-31": "3.07", "2010-12-31": "2.18", "2010-09-30": "2.31", "2010-06-30": "2.37", "2010-03-31": "2.39", "2009-12-31": "2.09", "2009-09-30": "2.45", "2009-06-30": "2.44", "2009-03-31": "2.77", "2008-12-31": "2.67", "2008-09-30": "2.65", "2008-06-30": "2.86", "2008-03-31": "1.97", "2007-12-31": "1.85", "2007-09-30": "1.71", "2007-06-30": "1.39", "2007-03-31": "3.92", "2006-12-31": "3.31", "2006-09-30": "3.32", "2006-06-30": "3.10", "2006-03-31": "2.94", "2005-12-31": "3.01", "2005-09-30": "2.98", "2005-06-30": "2.91", "2005-03-31": "3.01"}, "quick ratio": {"2020-12-31": "0.00", "2020-09-30": "0.00", "2020-06-30": "0.00", "2020-03-31": "0.00", "2019-12-31": "0.00", "2019-09-30": "0.00", "2019-06-30": "0.00", "2019-03-31": "0.00", "2018-12-31": "0.00", "2018-09-30": "0.00", "2018-06-30": "0.00", "2018-03-31": "0.00", "2017-12-31": "0.00", "2017-09-30": "0.00", "2017-06-30": "0.00", "2017-03-31": "0.00", "2016-12-31": "0.00", "2016-09-30": "0.00", "2016-06-30": "0.00", "2016-03-31": "0.00", "2015-12-31": "0.00", "2015-09-30": "0.00", "2015-06-30": "0.00", "2015-03-31": "0.00", "2014-12-31": "0.00", "2014-09-30": "0.00", "2014-06-30": "0.00", "2014-03-31": "0.00", "2013-12-31": "0.00", "2013-09-30": "0.00", "2013-06-30": "0.00", "2013-03-31": "0.00", "2012-12-31": "0.00", "2012-09-30": "0.00", "2012-06-30": "0.00", "2012-03-31": "0.00", "2011-12-31": "0.00", "2011-09-30": "0.00", "2011-06-30": "0.00", "2011-03-31": "0.00", "2010-12-31": "0.00", "2010-09-30": "0.00", "2010-06-30": "0.00", "2010-03-31": "0.00", "2009-12-31": "0.00", "2009-09-30": "0.00", "2009-06-30": "0.00", "2009-03-31": "0.00", "2008-12-31": "0.00", "2008-09-30": "0.00", "2008-06-30": "0.00", "2008-03-31": "0.00", "2007-12-31": "0.00", "2007-09-30": "0.00", "2007-06-30": "0.00", "2007-03-31": "0.00", "2006-12-31": "0.00", "2006-09-30": "0.00", "2006-06-30": "0.00", "2006-03-31": "0.00", "2005-12-31": "0.00", "2005-09-30": "0.00", "2005-06-30": "0.00", "2005-03-31": "0.00"}, "debt equity ratio": {"current": "0.38", "2020-12-31": "1.06", "2020-09-30": "0.91", "2020-06-30": "0.96", "2020-03-31": "0.96", "2019-12-31": "0.92", "2019-09-30": "0.89", "2019-06-30": "0.94", "2019-03-31": "0.88", "2018-12-31": "0.94", "2018-09-30": "0.96", "2018-06-30": "1.07", "2018-03-31": "1.10", "2017-12-31": "1.10", "2017-09-30": "0.89", "2017-06-30": "0.92", "2017-03-31": "0.92", "2016-12-31": "0.95", "2016-09-30": "0.92", "2016-06-30": "0.94", "2016-03-31": "0.92", "2015-12-31": "0.88", "2015-09-30": "0.92", "2015-06-30": "0.95", "2015-03-31": "0.88", "2014-12-31": "0.68", "2014-09-30": "0.55", "2014-06-30": "0.53", "2014-03-31": "0.54", "2013-12-31": "0.41", "2013-09-30": "0.40", "2013-06-30": "0.41", "2013-03-31": "0.39", "2012-12-31": "0.41", "2012-09-30": "0.41", "2012-06-30": "0.39", "2012-03-31": "0.39", "2011-12-31": "0.41", "2011-09-30": "0.40", "2011-06-30": "0.41", "2011-03-31": "0.41", "2010-12-31": "0.28", "2010-09-30": "0.25", "2010-06-30": "0.26", "2010-03-31": "0.25", "2009-12-31": "0.30", "2009-09-30": "0.25", "2009-06-30": "0.24", "2009-03-31": "0.21", "2008-12-31": "0.22", "2008-09-30": "0.21", "2008-06-30": "0.21", "2008-03-31": "0.29", "2007-12-31": "0.29", "2007-09-30": "0.26", "2007-06-30": "0.27", "2007-03-31": "0.21", "2006-12-31": "0.21", "2006-09-30": "0.20", "2006-06-30": "0.19", "2006-03-31": "0.16", "2005-12-31": "0.16", "2005-09-30": "0.17", "2005-06-30": "0.17", "2005-03-31": "0.17"}, "return on equity": {"2020-12-31": "5.72%", "2020-09-30": "8.74%", "2020-06-30": "7.69%", "2020-03-31": "7.30%", "2019-12-31": "7.36%", "2019-09-30": "7.79%", "2019-06-30": "10.43%", "2019-03-31": "12.04%", "2018-12-31": "12.45%", "2018-09-30": "5.02%", "2018-06-30": "3.64%", "2018-03-31": "4.82%", "2017-12-31": "6.16%", "2017-09-30": "12.74%", "2017-06-30": "13.10%", "2017-03-31": "12.56%", "2016-12-31": "12.43%", "2016-09-30": "12.88%", "2016-06-30": "13.69%", "2016-03-31": "14.42%", "2015-12-31": "14.19%", "2015-09-30": "-7.34%", "2015-06-30": "-8.57%", "2015-03-31": "-6.54%", "2014-12-31": "-5.56%", "2014-09-30": "8.90%", "2014-06-30": "8.47%", "2014-03-31": "6.56%", "2013-12-31": "6.11%", "2013-09-30": "5.39%", "2013-06-30": "4.28%", "2013-03-31": "3.70%", "2012-12-31": "2.63%", "2012-09-30": "2.62%", "2012-06-30": "3.58%", "2012-03-31": "4.43%", "2011-12-31": "6.11%", "2011-09-30": "7.59%", "2011-06-30": "8.53%", "2011-03-31": "9.02%", "2010-12-31": "9.82%", "2010-09-30": "7.40%", "2010-06-30": "6.66%", "2010-03-31": "4.81%", "2009-12-31": "2.01%", "2009-09-30": "3.86%", "2009-06-30": "5.01%", "2009-03-31": "6.75%", "2008-12-31": "8.82%", "2008-09-30": "8.88%", "2008-06-30": "7.96%", "2008-03-31": "7.77%", "2007-12-31": "6.71%", "2007-09-30": "5.55%", "2007-06-30": "4.87%", "2007-03-31": "-16.67%", "2006-12-31": "-16.04%", "2006-09-30": "-14.93%", "2006-06-30": "-14.17%", "2006-03-31": "5.19%", "2005-12-31": "5.33%"}, "return on assets": {"2020-12-31": "2.90%", "2020-09-30": "4.52%", "2020-06-30": "3.98%", "2020-03-31": "3.79%", "2019-12-31": "3.86%", "2019-09-30": "4.07%", "2019-06-30": "5.40%", "2019-03-31": "6.14%", "2018-12-31": "6.19%", "2018-09-30": "2.45%", "2018-06-30": "1.79%", "2018-03-31": "2.42%", "2017-12-31": "3.15%", "2017-09-30": "6.64%", "2017-06-30": "6.81%", "2017-03-31": "6.51%", "2016-12-31": "6.44%", "2016-09-30": "6.73%", "2016-06-30": "7.15%", "2016-03-31": "7.52%", "2015-12-31": "7.44%", "2015-09-30": "-3.96%", "2015-06-30": "-4.92%", "2015-03-31": "-3.98%", "2014-12-31": "-3.54%", "2014-09-30": "5.92%", "2014-06-30": "5.77%", "2014-03-31": "4.57%", "2013-12-31": "4.36%", "2013-09-30": "3.85%", "2013-06-30": "3.05%", "2013-03-31": "2.64%", "2012-12-31": "1.88%", "2012-09-30": "1.87%", "2012-06-30": "2.56%", "2012-03-31": "3.17%", "2011-12-31": "4.35%", "2011-09-30": "5.52%", "2011-06-30": "6.37%", "2011-03-31": "6.94%", "2010-12-31": "7.79%", "2010-09-30": "5.85%", "2010-06-30": "5.27%", "2010-03-31": "3.81%", "2009-12-31": "1.61%", "2009-09-30": "3.14%", "2009-06-30": "4.10%", "2009-03-31": "5.57%", "2008-12-31": "7.17%", "2008-09-30": "7.12%", "2008-06-30": "6.32%", "2008-03-31": "6.08%", "2007-12-31": "5.35%", "2007-09-30": "4.50%", "2007-06-30": "4.00%", "2007-03-31": "-13.89%", "2006-12-31": "-13.50%", "2006-09-30": "-12.71%", "2006-06-30": "-12.14%", "2006-03-31": "4.47%", "2005-12-31": "4.58%"}, "return on investments": {"2020-12-31": "5.69%", "2020-09-30": "6.98%", "2020-06-30": "7.18%", "2020-03-31": "7.06%", "2019-12-31": "6.97%", "2019-09-30": "7.17%", "2019-06-30": "7.48%", "2019-03-31": "8.65%", "2018-12-31": "9.03%", "2018-09-30": "9.06%", "2018-06-30": "9.84%", "2018-03-31": "10.90%", "2017-12-31": "11.91%", "2017-09-30": "12.96%", "2017-06-30": "13.41%", "2017-03-31": "12.83%", "2016-12-31": "12.91%", "2016-09-30": "13.21%", "2016-06-30": "13.76%", "2016-03-31": "14.89%", "2015-12-31": "14.92%", "2015-09-30": "-1.13%", "2015-06-30": "-2.39%", "2015-03-31": "-4.02%", "2014-12-31": "-5.71%", "2014-09-30": "6.07%", "2014-06-30": "5.58%", "2014-03-31": "5.83%", "2013-12-31": "6.89%", "2013-09-30": "6.17%", "2013-06-30": "4.95%", "2013-03-31": "4.30%", "2012-12-31": "3.81%", "2012-09-30": "3.82%", "2012-06-30": "5.00%", "2012-03-31": "6.08%", "2011-12-31": "7.75%", "2011-09-30": "11.97%", "2011-06-30": "19.45%", "2011-03-31": "39.77%", "2010-12-31": "inf%", "2010-09-30": "inf%", "2010-06-30": "inf%", "2010-03-31": "inf%", "2009-12-31": "inf%", "2009-09-30": "inf%", "2009-06-30": "inf%", "2009-03-31": "inf%", "2008-12-31": "inf%", "2008-09-30": "inf%", "2008-06-30": "inf%", "2008-03-31": "inf%", "2007-12-31": "24.67%", "2007-09-30": "9.79%", "2007-06-30": "5.45%", "2007-03-31": "-15.93%", "2006-12-31": "-15.03%", "2006-09-30": "-13.74%", "2006-06-30": "-12.66%", "2006-03-31": "5.98%", "2005-12-31": "6.28%"}, "return on tangible equity": {"2020-09-30": "39.31%", "2020-06-30": "34.41%", "2020-03-31": "32.28%", "2019-12-31": "28.25%", "2019-09-30": "27.37%", "2019-06-30": "34.52%", "2019-03-31": "38.45%", "2018-12-31": "42.43%", "2018-09-30": "17.44%", "2018-06-30": "11.87%", "2018-03-31": "14.55%", "2017-12-31": "17.33%", "2017-09-30": "34.91%", "2017-06-30": "36.83%", "2017-03-31": "35.98%", "2016-12-31": "35.91%", "2016-09-30": "37.55%", "2016-06-30": "40.46%", "2016-03-31": "44.37%", "2015-12-31": "43.92%", "2015-09-30": "-21.94%", "2015-06-30": "-24.92%", "2015-03-31": "-18.06%", "2014-12-31": "-15.50%", "2014-09-30": "23.80%", "2014-06-30": "21.52%", "2014-03-31": "16.23%", "2013-12-31": "14.57%", "2013-09-30": "13.07%", "2013-06-30": "10.42%", "2013-03-31": "8.93%", "2012-12-31": "6.29%", "2012-09-30": "6.17%", "2012-06-30": "8.45%", "2012-03-31": "10.53%", "2011-12-31": "14.64%", "2011-09-30": "18.63%", "2011-06-30": "21.16%", "2011-03-31": "22.69%", "2010-12-31": "24.87%", "2010-09-30": "18.93%", "2010-06-30": "17.21%", "2010-03-31": "12.63%", "2009-12-31": "5.41%", "2009-09-30": "10.34%", "2009-06-30": "13.61%", "2009-03-31": "18.15%", "2008-12-31": "24.41%", "2008-09-30": "25.82%", "2008-06-30": "24.69%", "2008-03-31": "27.77%", "2007-12-31": "22.39%", "2007-09-30": "17.28%", "2007-06-30": "14.17%", "2007-03-31": "-44.94%", "2006-12-31": "-47.91%", "2006-09-30": "-48.55%", "2006-06-30": "-51.43%", "2006-03-31": "20.83%", "2005-12-31": "21.80%"}, "dividend yield history": {"last payout": "$0.80", "last yield": "3.14%"}}