{"ticker": "DE", "price": {"title": "Deere Historical Annual Stock Price Data", "value": 309.24, "historical": {"2021": {"Average Stock Price": "295.8375", "Year Open": "267.6400", "Year High": "309.2700", "Year Low": "267.6400", "Year Close": "309.2400", "Annual % Change": "14.94%"}, "2020": {"Average Stock Price": "186.5415", "Year Open": "176.8600", "Year High": "270.7000", "Year Low": "111.1500", "Year Close": "269.0500", "Annual % Change": "55.29%"}, "2019": {"Average Stock Price": "161.9417", "Year Open": "148.1000", "Year High": "179.8000", "Year Low": "134.8200", "Year Close": "173.2600", "Annual % Change": "16.15%"}, "2018": {"Average Stock Price": "149.7977", "Year Open": "158.0100", "Year High": "171.4900", "Year Low": "130.5600", "Year Close": "149.1700", "Annual % Change": "-4.69%"}, "2017": {"Average Stock Price": "122.2985", "Year Open": "104.0500", "Year High": "158.7500", "Year Low": "104.0500", "Year Close": "156.5100", "Annual % Change": "51.89%"}, "2016": {"Average Stock Price": "84.0546", "Year Open": "76.0800", "Year High": "103.9200", "Year Low": "71.7800", "Year Close": "103.0400", "Annual % Change": "35.10%"}, "2015": {"Average Stock Price": "86.2183", "Year Open": "88.3400", "Year High": "97.3300", "Year Low": "72.8900", "Year Close": "76.2700", "Annual % Change": "-13.79%"}, "2014": {"Average Stock Price": "87.8142", "Year Open": "90.2600", "Year High": "94.5300", "Year Low": "80.0100", "Year Close": "88.4700", "Annual % Change": "-3.13%"}, "2013": {"Average Stock Price": "86.0814", "Year Open": "87.9900", "Year High": "95.0500", "Year Low": "80.9000", "Year Close": "91.3300", "Annual % Change": "5.68%"}, "2012": {"Average Stock Price": "81.0818", "Year Open": "79.3100", "Year High": "89.0500", "Year Low": "70.5900", "Year Close": "86.4200", "Annual % Change": "11.73%"}, "2011": {"Average Stock Price": "82.3363", "Year Open": "83.5900", "Year High": "99.2400", "Year Low": "61.7200", "Year Close": "77.3500", "Annual % Change": "-6.86%"}, "2010": {"Average Stock Price": "64.7814", "Year Open": "56.0600", "Year High": "84.4600", "Year Low": "48.9600", "Year Close": "83.0500", "Annual % Change": "53.54%"}, "2009": {"Average Stock Price": "42.1163", "Year Open": "41.5100", "Year High": "56.5900", "Year Low": "24.8300", "Year Close": "54.0900", "Annual % Change": "41.15%"}, "2008": {"Average Stock Price": "67.3875", "Year Open": "90.2000", "Year High": "94.6900", "Year Low": "28.7700", "Year Close": "38.3200", "Annual % Change": "-58.85%"}, "2007": {"Average Stock Price": "63.9727", "Year Open": "46.7400", "Year High": "93.1200", "Year Low": "45.4450", "Year Close": "93.1200", "Annual % Change": "95.90%"}, "2006": {"Average Stock Price": "40.7458", "Year Open": "34.0000", "Year High": "49.0700", "Year Low": "34.0000", "Year Close": "47.5350", "Annual % Change": "39.58%"}, "2005": {"Average Stock Price": "33.1285", "Year Open": "36.4700", "Year High": "36.7650", "Year Low": "28.5800", "Year Close": "34.0550", "Annual % Change": "-8.45%"}, "2004": {"Average Stock Price": "32.9680", "Year Open": "32.1500", "Year High": "37.4250", "Year Low": "28.8000", "Year Close": "37.2000", "Annual % Change": "14.37%"}, "2003": {"Average Stock Price": "24.8532", "Year Open": "23.7100", "Year High": "33.5500", "Year Low": "18.9800", "Year Close": "32.5250", "Annual % Change": "41.88%"}, "2002": {"Average Stock Price": "22.7948", "Year Open": "21.7000", "Year High": "25.5900", "Year Low": "19.1350", "Year Close": "22.9250", "Annual % Change": "5.02%"}, "2001": {"Average Stock Price": "20.1689", "Year Open": "22.4050", "Year High": "22.9550", "Year Low": "17.3000", "Year Close": "21.8300", "Annual % Change": "-4.69%"}, "2000": {"Average Stock Price": "19.4288", "Year Open": "21.4400", "Year High": "24.7800", "Year Low": "15.1900", "Year Close": "22.9050", "Annual % Change": "5.60%"}, "1999": {"Average Stock Price": "19.3046", "Year Open": "16.5950", "Year High": "22.5650", "Year Low": "16.1250", "Year Close": "21.6900", "Annual % Change": "31.93%"}, "1998": {"Average Stock Price": "23.0265", "Year Open": "28.7200", "Year High": "31.5000", "Year Low": "14.3450", "Year Close": "16.4400", "Annual % Change": "-43.55%"}, "1997": {"Average Stock Price": "25.5149", "Year Open": "20.1900", "Year High": "30.0000", "Year Low": "20.1900", "Year Close": "29.1250", "Annual % Change": "43.83%"}, "1996": {"Average Stock Price": "20.1285", "Year Open": "17.7500", "Year High": "23.3125", "Year Low": "16.5625", "Year Close": "20.2500", "Annual % Change": "14.89%"}, "1995": {"Average Stock Price": "14.1309", "Year Open": "11.0633", "Year High": "17.7500", "Year Low": "10.8333", "Year Close": "17.6250", "Annual % Change": "60.23%"}, "1994": {"Average Stock Price": "12.2367", "Year Open": "11.9583", "Year High": "15.0833", "Year Low": "10.4167", "Year Close": "11.0000", "Annual % Change": "-10.81%"}, "1993": {"Average Stock Price": "10.4565", "Year Open": "7.2300", "Year High": "12.9383", "Year Low": "7.1467", "Year Close": "12.3333", "Annual % Change": "69.14%"}, "1992": {"Average Stock Price": "7.4581", "Year Open": "7.9383", "Year High": "8.8750", "Year Low": "6.2300", "Year Close": "7.2917", "Annual % Change": "-8.85%"}, "1991": {"Average Stock Price": "8.5152", "Year Open": "7.9167", "Year High": "9.4383", "Year Low": "6.8133", "Year Close": "8.0000", "Annual % Change": "2.39%"}, "1990": {"Average Stock Price": "10.3446", "Year Open": "10.4583", "Year High": "13.0000", "Year Low": "6.3967", "Year Close": "7.8133", "Annual % Change": "-23.77%"}, "1989": {"Average Stock Price": "9.2738", "Year Open": "7.8333", "Year High": "10.7083", "Year Low": "7.5200", "Year Close": "10.2500", "Annual % Change": "28.13%"}, "1988": {"Average Stock Price": "7.4255", "Year Open": "5.9800", "Year High": "8.3333", "Year Low": "5.6450", "Year Close": "8.0000", "Annual % Change": "38.13%"}, "1987": {"Average Stock Price": "5.1905", "Year Open": "3.8133", "Year High": "7.0000", "Year Low": "3.7700", "Year Close": "5.7917", "Annual % Change": "51.88%"}, "1986": {"Average Stock Price": "4.5820", "Year Open": "4.7917", "Year High": "5.8333", "Year Low": "3.6050", "Year Close": "3.8133", "Annual % Change": "-20.42%"}, "1985": {"Average Stock Price": "4.7929", "Year Open": "4.9583", "Year High": "5.4800", "Year Low": "4.0833", "Year Close": "4.7917", "Annual % Change": "-3.36%"}, "1984": {"Average Stock Price": "5.1042", "Year Open": "6.3333", "Year High": "6.7083", "Year Low": "4.1050", "Year Close": "4.9583", "Annual % Change": "-22.73%"}, "1983": {"Average Stock Price": "6.0889", "Year Open": "4.8550", "Year High": "6.9800", "Year Low": "4.8550", "Year Close": "6.4167", "Annual % Change": "30.51%"}, "1982": {"Average Stock Price": "4.7876", "Year Open": "6.0000", "Year High": "6.0000", "Year Low": "3.6667", "Year Close": "4.9167", "Annual % Change": "-16.90%"}, "1981": {"Average Stock Price": "6.6874", "Year Open": "7.5633", "Year High": "7.8133", "Year Low": "5.3550", "Year Close": "5.9167", "Annual % Change": "-26.04%"}, "1980": {"Average Stock Price": "6.0847", "Year Open": "6.4367", "Year High": "8.2500", "Year Low": "4.7700", "Year Close": "8.0000", "Annual % Change": "22.70%"}, "1979": {"Average Stock Price": "6.1660", "Year Open": "5.8133", "Year High": "6.8750", "Year Low": "5.5417", "Year Close": "6.5200", "Annual % Change": "13.00%"}, "1978": {"Average Stock Price": "5.0602", "Year Open": "4.1250", "Year High": "6.1050", "Year Low": "3.8333", "Year Close": "5.7700", "Annual % Change": "39.88%"}, "1977": {"Average Stock Price": "4.6841", "Year Open": "5.1667", "Year High": "5.5200", "Year Low": "4.0417", "Year Close": "4.1250", "Annual % Change": "-21.73%"}, "1976": {"Average Stock Price": "5.3206", "Year Open": "4.3333", "Year High": "6.0933", "Year Low": "4.3233", "Year Close": "5.2700", "Annual % Change": "21.90%"}, "1975": {"Average Stock Price": "3.5982", "Year Open": "3.5733", "Year High": "4.3233", "Year Low": "2.9267", "Year Close": "4.3233", "Annual % Change": "21.72%"}, "1974": {"Average Stock Price": "3.2652", "Year Open": "4.2292", "Year High": "4.4375", "Year Low": "2.3333", "Year Close": "3.5517", "Annual % Change": "-15.60%"}, "1973": {"Average Stock Price": "3.9985", "Year Open": "3.7292", "Year High": "5.4375", "Year Low": "3.0108", "Year Close": "4.2083", "Annual % Change": "10.38%"}}}, "market cap": {"value": "$97.23B"}, "income statement": {"Revenue": {"2020-10-31": "35540.00000", "2019-10-31": "39258.00000", "2018-10-31": "37358.00000", "2017-10-31": "29738.00000", "2016-10-31": "26644.00000", "2015-10-31": "28862.80000", "2014-10-31": "36066.90000", "2013-10-31": "37795.40000", "2012-10-31": "36157.10000", "2011-10-31": "32012.50000", "2010-10-31": "26004.60000", "2009-10-31": "23112.40000", "2008-10-31": "28437.60000", "2007-10-31": "24082.20000", "2006-10-31": "22147.80000", "2005-10-31": "21190.80000"}, "Cost Of Goods Sold": {"2020-10-31": "23677.00000", "2019-10-31": "26792.00000", "2018-10-31": "25571.00000", "2017-10-31": "19866.00000", "2016-10-31": "18196.10000", "2015-10-31": "20143.20000", "2014-10-31": "24775.80000", "2013-10-31": "25667.30000", "2012-10-31": "25007.80000", "2011-10-31": "21919.40000", "2010-10-31": "17398.80000", "2009-10-31": "16255.20000", "2008-10-31": "19574.80000", "2007-10-31": "16252.80000", "2006-10-31": "15362.00000", "2005-10-31": "15179.30000"}, "Gross Profit": {"2020-10-31": "11863.00000", "2019-10-31": "12466.00000", "2018-10-31": "11787.00000", "2017-10-31": "9872.00000", "2016-10-31": "8447.90000", "2015-10-31": "8719.60200", "2014-10-31": "11291.10000", "2013-10-31": "12128.10000", "2012-10-31": "11149.30000", "2011-10-31": "10093.10000", "2010-10-31": "8605.79900", "2009-10-31": "6857.20000", "2008-10-31": "8862.79900", "2007-10-31": "7829.39900", "2006-10-31": "6785.80100", "2005-10-31": "6011.50100"}, "Research And Development Expenses": {"2020-10-31": "1644.00000", "2019-10-31": "1783.00000", "2018-10-31": "1658.00000", "2017-10-31": "1373.00000", "2016-10-31": "1393.70000", "2015-10-31": "1425.10000", "2014-10-31": "1452.00000", "2013-10-31": "1477.30000", "2012-10-31": "1433.60000", "2011-10-31": "1226.20000", "2010-10-31": "1052.40000", "2009-10-31": "977.00000", "2008-10-31": "943.10000", "2007-10-31": "816.80000", "2006-10-31": "725.80000", "2005-10-31": "677.30000"}, "SG&A Expenses": {"2020-10-31": "3477.00000", "2019-10-31": "3551.00000", "2018-10-31": "3455.00000", "2017-10-31": "3098.00000", "2016-10-31": "2791.20000", "2015-10-31": "2873.30000", "2014-10-31": "3284.40000", "2013-10-31": "3605.50000", "2012-10-31": "3417.00000", "2011-10-31": "3168.70000", "2010-10-31": "2968.70000", "2009-10-31": "2780.60000", "2008-10-31": "2960.20000", "2007-10-31": "2620.80000", "2006-10-31": "2323.90000", "2005-10-31": "2086.10000"}, "Other Operating Income Or Expenses": {"2020-10-31": "-1612.00000", "2019-10-31": "-1578.00000", "2018-10-31": "-1399.00000", "2017-10-31": "-1348.00000", "2016-10-31": "-1275.30000", "2015-10-31": "-961.10000", "2014-10-31": "-1093.30000", "2013-10-31": "-820.60000", "2012-10-31": "-781.50000", "2011-10-31": "-716.00000", "2010-10-31": "-748.10000", "2009-10-31": "-718.00000", "2008-10-31": "-697.80000", "2007-10-31": "-565.10000", "2006-10-31": "-544.80000", "2005-10-31": "-380.60000"}, "Operating Expenses": {"2020-10-31": "31657.00000", "2019-10-31": "35170.00000", "2018-10-31": "33287.00000", "2017-10-31": "26584.00000", "2016-10-31": "24420.00000", "2015-10-31": "26082.70000", "2014-10-31": "31269.50000", "2013-10-31": "32312.00000", "2012-10-31": "31422.70000", "2011-10-31": "27789.70000", "2010-10-31": "22979.40000", "2009-10-31": "21773.20000", "2008-10-31": "25312.90000", "2007-10-31": "21406.70000", "2006-10-31": "19974.00000", "2005-10-31": "19084.30000"}, "Operating Income": {"2020-10-31": "3883.00000", "2019-10-31": "4088.00000", "2018-10-31": "4071.00000", "2017-10-31": "3154.00000", "2016-10-31": "2224.00200", "2015-10-31": "2780.10200", "2014-10-31": "4797.39600", "2013-10-31": "5483.39600", "2012-10-31": "4734.40000", "2011-10-31": "4222.80100", "2010-10-31": "3025.19900", "2009-10-31": "1339.20100", "2008-10-31": "3124.69900", "2007-10-31": "2675.49800", "2006-10-31": "2173.79900", "2005-10-31": "2106.50200"}, "Total Non-Operating Income/Expense": {"2020-10-31": "", "2019-10-31": "", "2018-10-31": "", "2017-10-31": "", "2016-10-31": "", "2015-10-31": "", "2014-10-31": "", "2013-10-31": "", "2012-10-31": "", "2011-10-31": "", "2010-10-31": "", "2009-10-31": "", "2008-10-31": "", "2007-10-31": "", "2006-10-31": "", "2005-10-31": ""}, "Pre-Tax Income": {"2020-10-31": "3883.00000", "2019-10-31": "4088.00000", "2018-10-31": "4071.00000", "2017-10-31": "3154.00000", "2016-10-31": "2224.00000", "2015-10-31": "2780.10000", "2014-10-31": "4797.40000", "2013-10-31": "5483.40000", "2012-10-31": "4734.40000", "2011-10-31": "4222.80000", "2010-10-31": "3025.20000", "2009-10-31": "1339.20000", "2008-10-31": "3124.70000", "2007-10-31": "2675.50000", "2006-10-31": "2173.80000", "2005-10-31": "2106.50000"}, "Income Taxes": {"2020-10-31": "1082.00000", "2019-10-31": "852.00000", "2018-10-31": "1727.00000", "2017-10-31": "971.00000", "2016-10-31": "700.10000", "2015-10-31": "840.10000", "2014-10-31": "1626.50000", "2013-10-31": "1945.90000", "2012-10-31": "1659.40000", "2011-10-31": "1423.60000", "2010-10-31": "1161.60000", "2009-10-31": "460.00000", "2008-10-31": "1111.20000", "2007-10-31": "883.00000", "2006-10-31": "741.60000", "2005-10-31": "698.60000"}, "Income After Taxes": {"2020-10-31": "2801.00000", "2019-10-31": "3236.00000", "2018-10-31": "2344.00000", "2017-10-31": "2183.00000", "2016-10-31": "1523.90000", "2015-10-31": "1940.00000", "2014-10-31": "3170.90000", "2013-10-31": "3537.50000", "2012-10-31": "3075.00000", "2011-10-31": "2799.20000", "2010-10-31": "1863.60000", "2009-10-31": "879.20000", "2008-10-31": "2013.50000", "2007-10-31": "1792.50000", "2006-10-31": "1432.20000", "2005-10-31": "1407.90000"}, "Other Income": {"2020-10-31": "", "2019-10-31": "", "2018-10-31": "", "2017-10-31": "", "2016-10-31": "", "2015-10-31": "", "2014-10-31": "", "2013-10-31": "", "2012-10-31": "", "2011-10-31": "", "2010-10-31": "", "2009-10-31": "", "2008-10-31": "", "2007-10-31": "", "2006-10-31": "", "2005-10-31": ""}, "Income From Continuous Operations": {"2020-10-31": "2753.00000", "2019-10-31": "3257.00000", "2018-10-31": "2371.00000", "2017-10-31": "2159.00000", "2016-10-31": "1521.50000", "2015-10-31": "1940.90000", "2014-10-31": "3163.30000", "2013-10-31": "3537.60000", "2012-10-31": "3071.60000", "2011-10-31": "2807.80000", "2010-10-31": "1874.30000", "2009-10-31": "872.90000", "2008-10-31": "2053.70000", "2007-10-31": "1821.70000", "2006-10-31": "1453.20000", "2005-10-31": "1414.00000"}, "Income From Discontinued Operations": {"2020-10-31": "", "2019-10-31": "", "2018-10-31": "", "2017-10-31": "", "2016-10-31": "", "2015-10-31": "", "2014-10-31": "", "2013-10-31": "", "2012-10-31": "", "2011-10-31": "", "2010-10-31": "", "2009-10-31": "", "2008-10-31": "", "2007-10-31": "", "2006-10-31": "240.60000", "2005-10-31": "32.80000"}, "Net Income": {"2020-10-31": "2751.00000", "2019-10-31": "3253.00000", "2018-10-31": "2368.00000", "2017-10-31": "2159.00000", "2016-10-31": "1523.90000", "2015-10-31": "1940.00000", "2014-10-31": "3161.70000", "2013-10-31": "3537.30000", "2012-10-31": "3064.70000", "2011-10-31": "2799.90000", "2010-10-31": "1864.30000", "2009-10-31": "873.50000", "2008-10-31": "2052.80000", "2007-10-31": "1821.70000", "2006-10-31": "1693.80000", "2005-10-31": "1446.80000"}, "EBITDA": {"2020-10-31": "7248.00000", "2019-10-31": "7573.00000", "2018-10-31": "7202.00000", "2017-10-31": "5769.00000", "2016-10-31": "4547.50200", "2015-10-31": "4842.50100", "2014-10-31": "6767.89600", "2013-10-31": "7364.99600", "2012-10-31": "6521.40000", "2011-10-31": "5897.10100", "2010-10-31": "4778.59900", "2009-10-31": "3544.10100", "2008-10-31": "5092.69900", "2007-10-31": "4571.09800", "2006-10-31": "3882.69900", "2005-10-31": "3504.00200"}, "EBIT": {"2020-10-31": "5130.00000", "2019-10-31": "5554.00000", "2018-10-31": "5275.00000", "2017-10-31": "4053.00000", "2016-10-31": "2987.70200", "2015-10-31": "3460.10200", "2014-10-31": "5461.39600", "2013-10-31": "6224.69600", "2012-10-31": "5517.20000", "2011-10-31": "4982.20100", "2010-10-31": "3836.59900", "2009-10-31": "2381.60100", "2008-10-31": "4261.69900", "2007-10-31": "3826.69800", "2006-10-31": "3191.29900", "2005-10-31": "2867.50200"}, "Basic Shares Outstanding": {"2020-10-31": "313.50000", "2019-10-31": "316.50000", "2018-10-31": "322.60000", "2017-10-31": "319.50000", "2016-10-31": "315.20000", "2015-10-31": "333.60000", "2014-10-31": "363.00000", "2013-10-31": "385.30000", "2012-10-31": "397.10000", "2011-10-31": "417.40000", "2010-10-31": "424.00000", "2009-10-31": "422.80000", "2008-10-31": "431.10000", "2007-10-31": "449.30000", "2006-10-31": "466.80000", "2005-10-31": "486.60000"}, "Shares Outstanding": {"2020-10-31": "316.60000", "2019-10-31": "320.60000", "2018-10-31": "327.30000", "2017-10-31": "323.30000", "2016-10-31": "316.60000", "2015-10-31": "336.00000", "2014-10-31": "366.10000", "2013-10-31": "389.20000", "2012-10-31": "401.50000", "2011-10-31": "422.40000", "2010-10-31": "428.60000", "2009-10-31": "424.40000", "2008-10-31": "436.30000", "2007-10-31": "455.00000", "2006-10-31": "471.60000", "2005-10-31": "492.90000"}, "Basic EPS": {"2020-10-31": "8.77000", "2019-10-31": "10.28000", "2018-10-31": "7.34000", "2017-10-31": "6.76000", "2016-10-31": "4.83000", "2015-10-31": "5.81000", "2014-10-31": "8.71000", "2013-10-31": "9.18000", "2012-10-31": "7.72000", "2011-10-31": "6.71000", "2010-10-31": "4.40000", "2009-10-31": "2.07000", "2008-10-31": "4.76000", "2007-10-31": "4.05000", "2006-10-31": "3.63000", "2005-10-31": "2.97000"}, "EPS - Earnings Per Share": {"2020-10-31": "8.69000", "2019-10-31": "10.15000", "2018-10-31": "7.24000", "2017-10-31": "6.68000", "2016-10-31": "4.81000", "2015-10-31": "5.77000", "2014-10-31": "8.63000", "2013-10-31": "9.09000", "2012-10-31": "7.63000", "2011-10-31": "6.63000", "2010-10-31": "4.35000", "2009-10-31": "2.06000", "2008-10-31": "4.70000", "2007-10-31": "4.00000", "2006-10-31": "3.59000", "2005-10-31": "2.94000"}}, "income statement, quarterly": {"Revenue": {"2020-10-31": "9731.00000", "2020-07-31": "8925.00000", "2020-04-30": "9253.00000", "2020-01-31": "7631.00000", "2019-10-31": "9896.00000", "2019-07-31": "10036.00000", "2019-04-30": "11342.00000", "2019-01-31": "7984.00000", "2018-10-31": "9416.50000", "2018-07-31": "10308.00000", "2018-04-30": "10720.00000", "2018-01-31": "6913.50000", "2017-10-31": "8017.99900", "2017-07-31": "7807.80000", "2017-04-30": "8287.00000", "2017-01-31": "5625.20000", "2016-10-31": "6519.69900", "2016-07-31": "6724.40000", "2016-04-30": "7875.40000", "2016-01-31": "5524.50000", "2015-10-31": "6715.30100", "2015-07-31": "7593.70000", "2015-04-30": "8170.70000", "2015-01-31": "6383.10000", "2014-10-31": "8964.79900", "2014-07-31": "9500.20000", "2014-04-30": "9947.90000", "2014-01-31": "7654.00000", "2013-10-31": "9450.59800", "2013-07-31": "10009.90000", "2013-04-30": "10913.50000", "2013-01-31": "7421.40000", "2012-10-31": "9791.60200", "2012-07-31": "9590.40000", "2012-04-30": "10008.60000", "2012-01-31": "6766.50000", "2011-10-31": "8611.69900", "2011-07-31": "8371.90000", "2011-04-30": "8909.70000", "2011-01-31": "6119.20000", "2010-10-31": "7201.99900", "2010-07-31": "6836.90000", "2010-04-30": "7130.90000", "2010-01-31": "4834.80000", "2009-10-31": "5334.10100", "2009-07-31": "5884.60000", "2009-04-30": "6747.80000", "2009-01-31": "5145.90000", "2008-10-31": "7401.19800", "2008-07-31": "7738.70000", "2008-04-30": "8096.70000", "2008-01-31": "5201.00000", "2007-10-31": "6140.80000", "2007-07-31": "6633.70000", "2007-04-30": "6882.50000", "2007-01-31": "4425.20000", "2006-10-31": "5117.50000", "2006-07-31": "6266.70000", "2006-04-30": "6561.50000", "2006-01-31": "4202.10000", "2005-10-31": "4992.10100", "2005-07-31": "5823.40000", "2005-04-30": "6440.80000", "2005-01-31": "3934.50000"}, "Cost Of Goods Sold": {"2020-10-31": "6471.00000", "2020-07-31": "5835.00000", "2020-04-30": "6294.00000", "2020-01-31": "5077.00000", "2019-10-31": "6735.00000", "2019-07-31": "6870.00000", "2019-04-30": "7755.00000", "2019-01-31": "5432.00000", "2018-10-31": "6381.20000", "2018-07-31": "7152.00000", "2018-04-30": "7333.30000", "2018-01-31": "4704.50000", "2017-10-31": "5408.20000", "2017-07-31": "5248.60000", "2017-04-30": "5427.70000", "2017-01-31": "3781.50000", "2016-10-31": "4330.79900", "2016-07-31": "4494.20000", "2016-04-30": "5531.00000", "2016-01-31": "3840.10000", "2015-10-31": "4670.39900", "2015-07-31": "5358.00000", "2015-04-30": "5694.20000", "2015-01-31": "4420.60000", "2014-10-31": "6097.20000", "2014-07-31": "6611.30000", "2014-04-30": "6871.80000", "2014-01-31": "5195.50000", "2013-10-31": "6332.40000", "2013-07-31": "6837.90000", "2013-04-30": "7482.20000", "2013-01-31": "5014.80000", "2012-10-31": "6841.30100", "2012-07-31": "6756.00000", "2012-04-30": "6834.50000", "2012-01-31": "4576.00000", "2011-10-31": "5926.20100", "2011-07-31": "5792.20000", "2011-04-30": "6106.90000", "2011-01-31": "4094.10000", "2010-10-31": "4908.50100", "2010-07-31": "4519.60000", "2010-04-30": "4765.20000", "2010-01-31": "3205.50000", "2009-10-31": "3898.70000", "2009-07-31": "4057.60000", "2009-04-30": "4756.40000", "2009-01-31": "3542.50000", "2008-10-31": "5282.50100", "2008-07-31": "5421.90000", "2008-04-30": "5508.60000", "2008-01-31": "3361.80000", "2007-10-31": "4054.20000", "2007-07-31": "4542.90000", "2007-04-30": "4705.50000", "2007-01-31": "2950.20000", "2006-10-31": "3524.20000", "2006-07-31": "4398.80000", "2006-04-30": "4542.70000", "2006-01-31": "2896.30000", "2005-10-31": "3599.80000", "2005-07-31": "4264.00000", "2005-04-30": "4545.70000", "2005-01-31": "2769.80000"}, "Gross Profit": {"2020-10-31": "3260.00000", "2020-07-31": "3090.00000", "2020-04-30": "2959.00000", "2020-01-31": "2554.00000", "2019-10-31": "3161.00000", "2019-07-31": "3166.00000", "2019-04-30": "3587.00000", "2019-01-31": "2552.00000", "2018-10-31": "3035.30000", "2018-07-31": "3156.00000", "2018-04-30": "3386.70000", "2018-01-31": "2209.00000", "2017-10-31": "2609.79900", "2017-07-31": "2559.20000", "2017-04-30": "2859.30000", "2017-01-31": "1843.70000", "2016-10-31": "2188.90000", "2016-07-31": "2230.20000", "2016-04-30": "2344.40000", "2016-01-31": "1684.40000", "2015-10-31": "2044.90200", "2015-07-31": "2235.70000", "2015-04-30": "2476.50000", "2015-01-31": "1962.50000", "2014-10-31": "2867.59900", "2014-07-31": "2888.90000", "2014-04-30": "3076.10100", "2014-01-31": "2458.50000", "2013-10-31": "3118.19700", "2013-07-31": "3172.00000", "2013-04-30": "3431.30000", "2013-01-31": "2406.60000", "2012-10-31": "2950.30100", "2012-07-31": "2834.40000", "2012-04-30": "3174.10000", "2012-01-31": "2190.50000", "2011-10-31": "2685.49900", "2011-07-31": "2579.70000", "2011-04-30": "2802.80000", "2011-01-31": "2025.10000", "2010-10-31": "2293.49800", "2010-07-31": "2317.30000", "2010-04-30": "2365.70000", "2010-01-31": "1629.30000", "2009-10-31": "1435.40100", "2009-07-31": "1827.00000", "2009-04-30": "1991.40000", "2009-01-31": "1603.40000", "2008-10-31": "2118.69700", "2008-07-31": "2316.80000", "2008-04-30": "2588.10000", "2008-01-31": "1839.20000", "2007-10-31": "2086.59900", "2007-07-31": "2090.80000", "2007-04-30": "2177.00000", "2007-01-31": "1475.00000", "2006-10-31": "1593.30100", "2006-07-31": "1867.90000", "2006-04-30": "2018.80000", "2006-01-31": "1305.80000", "2005-10-31": "1392.30100", "2005-07-31": "1559.40000", "2005-04-30": "1895.10000", "2005-01-31": "1164.70000"}, "Research And Development Expenses": {"2020-10-31": "443.00000", "2020-07-31": "370.00000", "2020-04-30": "406.00000", "2020-01-31": "425.00000", "2019-10-31": "488.00000", "2019-07-31": "431.00000", "2019-04-30": "457.00000", "2019-01-31": "407.00000", "2018-10-31": "470.00000", "2018-07-31": "416.00000", "2018-04-30": "415.20000", "2018-01-31": "356.80000", "2017-10-31": "398.69990", "2017-07-31": "336.80000", "2017-04-30": "325.40000", "2017-01-31": "312.10000", "2016-10-31": "390.59990", "2016-07-31": "338.80000", "2016-04-30": "345.00000", "2016-01-31": "319.30000", "2015-10-31": "404.00010", "2015-07-31": "346.80000", "2015-04-30": "341.10000", "2015-01-31": "333.20000", "2014-10-31": "412.10000", "2014-07-31": "362.10000", "2014-04-30": "354.10000", "2014-01-31": "323.70000", "2013-10-31": "405.30010", "2013-07-31": "338.70000", "2013-04-30": "376.80000", "2013-01-31": "356.50000", "2012-10-31": "401.30000", "2012-07-31": "367.80000", "2012-04-30": "352.00000", "2012-01-31": "312.50000", "2011-10-31": "346.80000", "2011-07-31": "312.00000", "2011-04-30": "298.50000", "2011-01-31": "268.90000", "2010-10-31": "294.40000", "2010-07-31": "256.30000", "2010-04-30": "266.00000", "2010-01-31": "235.70000", "2009-10-31": "258.60000", "2009-07-31": "243.30000", "2009-04-30": "255.70000", "2009-01-31": "219.40000", "2008-10-31": "270.50000", "2008-07-31": "238.10000", "2008-04-30": "230.20000", "2008-01-31": "204.30000", "2007-10-31": "231.40000", "2007-07-31": "204.30000", "2007-04-30": "204.30000", "2007-01-31": "176.80000", "2006-10-31": "201.10000", "2006-07-31": "175.90000", "2006-04-30": "187.80000", "2006-01-31": "161.00000", "2005-10-31": "192.20000", "2005-07-31": "165.40000", "2005-04-30": "170.40000", "2005-01-31": "149.30000"}, "SG&A Expenses": {"2020-10-31": "1010.00000", "2020-07-31": "752.00000", "2020-04-30": "906.00000", "2020-01-31": "809.00000", "2019-10-31": "944.00000", "2019-07-31": "896.00000", "2019-04-30": "947.00000", "2019-01-31": "764.00000", "2018-10-31": "897.80000", "2018-07-31": "913.00000", "2018-04-30": "939.20000", "2018-01-31": "705.00000", "2017-10-31": "847.99990", "2017-07-31": "799.10000", "2017-04-30": "783.60000", "2017-01-31": "667.30000", "2016-10-31": "774.49990", "2016-07-31": "709.00000", "2016-04-30": "714.80000", "2016-01-31": "592.90000", "2015-10-31": "719.00000", "2015-07-31": "755.30000", "2015-04-30": "740.00000", "2015-01-31": "659.00000", "2014-10-31": "851.29990", "2014-07-31": "820.70000", "2014-04-30": "846.50000", "2014-01-31": "765.90000", "2013-10-31": "947.89990", "2013-07-31": "919.80000", "2013-04-30": "956.30000", "2013-01-31": "781.50000", "2012-10-31": "948.20010", "2012-07-31": "878.40000", "2012-04-30": "881.40000", "2012-01-31": "709.00000", "2011-10-31": "859.70000", "2011-07-31": "815.80000", "2011-04-30": "828.20000", "2011-01-31": "665.00000", "2010-10-31": "842.10000", "2010-07-31": "751.20000", "2010-04-30": "733.30000", "2010-01-31": "642.10000", "2009-10-31": "794.20010", "2009-07-31": "659.50000", "2009-04-30": "688.00000", "2009-01-31": "638.90000", "2008-10-31": "768.80000", "2008-07-31": "772.00000", "2008-04-30": "766.60000", "2008-01-31": "652.80000", "2007-10-31": "754.20000", "2007-07-31": "665.80000", "2007-04-30": "657.30000", "2007-01-31": "543.50000", "2006-10-31": "619.40000", "2006-07-31": "623.10000", "2006-04-30": "613.80000", "2006-01-31": "467.60000", "2005-10-31": "560.20010", "2005-07-31": "533.10000", "2005-04-30": "563.10000", "2005-01-31": "429.70000"}, "Other Operating Income Or Expenses": {"2020-10-31": "-412.00000", "2020-07-31": "-408.00000", "2020-04-30": "-377.00000", "2020-01-31": "-415.00000", "2019-10-31": "-516.00000", "2019-07-31": "-352.00000", "2019-04-30": "-359.00000", "2019-01-31": "-351.00000", "2018-10-31": "-365.10000", "2018-07-31": "-346.00000", "2018-04-30": "-344.90000", "2018-01-31": "-343.00000", "2017-10-31": "-348.60000", "2017-07-31": "-317.10000", "2017-04-30": "-354.10000", "2017-01-31": "-328.20000", "2016-10-31": "-390.60010", "2016-07-31": "-276.60000", "2016-04-30": "-360.30000", "2016-01-31": "-247.80000", "2015-10-31": "-302.00000", "2015-07-31": "-223.60000", "2015-04-30": "-212.90000", "2015-01-31": "-222.60000", "2014-10-31": "-355.10000", "2014-07-31": "-260.00000", "2014-04-30": "-245.90000", "2014-01-31": "-232.30000", "2013-10-31": "-333.20000", "2013-07-31": "-181.60000", "2013-04-30": "-163.40000", "2013-01-31": "-142.40000", "2012-10-31": "-278.30000", "2012-07-31": "-178.60000", "2012-04-30": "-148.00000", "2012-01-31": "-176.60000", "2011-10-31": "-241.70000", "2011-07-31": "-188.50000", "2011-04-30": "-143.10000", "2011-01-31": "-142.70000", "2010-10-31": "-214.20000", "2010-07-31": "-195.00000", "2010-04-30": "-170.20000", "2010-01-31": "-168.70000", "2009-10-31": "-188.60000", "2009-07-31": "-166.20000", "2009-04-30": "-166.40000", "2009-01-31": "-196.80000", "2008-10-31": "-229.70000", "2008-07-31": "-167.50000", "2008-04-30": "-145.10000", "2008-01-31": "-155.50000", "2007-10-31": "-173.50000", "2007-07-31": "-126.80000", "2007-04-30": "-142.60000", "2007-01-31": "-122.20000", "2006-10-31": "-130.00000", "2006-07-31": "-126.00000", "2006-04-30": "-181.60000", "2006-01-31": "-107.20000", "2005-10-31": "-106.50000", "2005-07-31": "-94.70000", "2005-04-30": "-94.10000", "2005-01-31": "-85.30000"}, "Operating Expenses": {"2020-10-31": "8615.00000", "2020-07-31": "7655.00000", "2020-04-30": "8325.00000", "2020-01-31": "7062.00000", "2019-10-31": "9071.00000", "2019-07-31": "8923.00000", "2019-04-30": "9869.00000", "2019-01-31": "7307.00000", "2018-10-31": "8437.10000", "2018-07-31": "9118.00000", "2018-04-30": "9336.30100", "2018-01-31": "6395.60000", "2017-10-31": "7251.19900", "2017-07-31": "6917.90000", "2017-04-30": "7117.70000", "2017-01-31": "5297.20000", "2016-10-31": "6085.29800", "2016-07-31": "6019.30000", "2016-04-30": "7142.10000", "2016-01-31": "5173.30000", "2015-10-31": "6258.29900", "2015-07-31": "6855.20000", "2015-04-30": "7153.70000", "2015-01-31": "5815.50000", "2014-10-31": "7888.30200", "2014-07-31": "8208.00000", "2014-04-30": "8484.10000", "2014-01-31": "6689.10000", "2013-10-31": "8206.40200", "2013-07-31": "8460.60000", "2013-04-30": "9169.70000", "2013-01-31": "6475.30000", "2012-10-31": "8669.20100", "2012-07-31": "8375.69900", "2012-04-30": "8411.60100", "2012-01-31": "5966.20000", "2011-10-31": "7554.69800", "2011-07-31": "7292.80000", "2011-04-30": "7569.00000", "2011-01-31": "5373.20000", "2010-10-31": "6451.69900", "2010-07-31": "5915.20000", "2010-04-30": "6142.00000", "2010-01-31": "4470.50000", "2009-10-31": "5389.29900", "2009-07-31": "5375.90000", "2009-04-30": "6135.90000", "2009-01-31": "4872.10000", "2008-10-31": "6839.59900", "2008-07-31": "6869.70000", "2008-04-30": "6934.10100", "2008-01-31": "4669.50000", "2007-10-31": "5522.20200", "2007-07-31": "5831.39900", "2007-04-30": "5993.30000", "2007-01-31": "4059.80000", "2006-10-31": "4750.00300", "2006-07-31": "5585.70000", "2006-04-30": "5776.30000", "2006-01-31": "3862.00000", "2005-10-31": "4675.99800", "2005-07-31": "5253.70000", "2005-04-30": "5553.40000", "2005-01-31": "3601.20000"}, "Operating Income": {"2020-10-31": "1116.00000", "2020-07-31": "1270.00000", "2020-04-30": "928.00000", "2020-01-31": "569.00000", "2019-10-31": "825.00000", "2019-07-31": "1113.00000", "2019-04-30": "1473.00000", "2019-01-31": "677.00000", "2018-10-31": "979.40040", "2018-07-31": "1190.00000", "2018-04-30": "1383.69900", "2018-01-31": "517.90040", "2017-10-31": "766.79980", "2017-07-31": "889.89990", "2017-04-30": "1169.30000", "2017-01-31": "328.00000", "2016-10-31": "434.40140", "2016-07-31": "705.09960", "2016-04-30": "733.30030", "2016-01-31": "351.20020", "2015-10-31": "457.00200", "2015-07-31": "738.50050", "2015-04-30": "1017.00000", "2015-01-31": "567.59960", "2014-10-31": "1076.49700", "2014-07-31": "1292.20000", "2014-04-30": "1463.80100", "2014-01-31": "964.89990", "2013-10-31": "1244.19500", "2013-07-31": "1549.30100", "2013-04-30": "1743.80000", "2013-01-31": "946.10010", "2012-10-31": "1122.40000", "2012-07-31": "1214.70100", "2012-04-30": "1596.99900", "2012-01-31": "800.29980", "2011-10-31": "1057.00100", "2011-07-31": "1079.10100", "2011-04-30": "1340.70000", "2011-01-31": "746.00000", "2010-10-31": "750.29980", "2010-07-31": "921.69970", "2010-04-30": "988.89990", "2010-01-31": "364.29980", "2009-10-31": "-55.19780", "2009-07-31": "508.70020", "2009-04-30": "611.89990", "2009-01-31": "273.80030", "2008-10-31": "561.59960", "2008-07-31": "869.00000", "2008-04-30": "1162.60000", "2008-01-31": "531.50000", "2007-10-31": "618.59770", "2007-07-31": "802.30080", "2007-04-30": "889.20020", "2007-01-31": "365.40010", "2006-10-31": "367.49760", "2006-07-31": "681.00050", "2006-04-30": "785.20020", "2006-01-31": "340.10010", "2005-10-31": "316.10250", "2005-07-31": "569.69970", "2005-04-30": "887.39940", "2005-01-31": "333.29980"}, "Total Non-Operating Income/Expense": {"2020-10-31": "", "2020-07-31": "", "2020-04-30": "", "2020-01-31": "", "2019-10-31": "", "2019-07-31": "", "2019-04-30": "", "2019-01-31": "", "2018-10-31": "", "2018-07-31": "", "2018-04-30": "", "2018-01-31": "", "2017-10-31": "", "2017-07-31": "", "2017-04-30": "", "2017-01-31": "", "2016-10-31": "", "2016-07-31": "", "2016-04-30": "", "2016-01-31": "", "2015-10-31": "", "2015-07-31": "", "2015-04-30": "", "2015-01-31": "", "2014-10-31": "", "2014-07-31": "", "2014-04-30": "", "2014-01-31": "", "2013-10-31": "", "2013-07-31": "", "2013-04-30": "", "2013-01-31": "", "2012-10-31": "", "2012-07-31": "", "2012-04-30": "", "2012-01-31": "", "2011-10-31": "", "2011-07-31": "", "2011-04-30": "", "2011-01-31": "", "2010-10-31": "", "2010-07-31": "", "2010-04-30": "", "2010-01-31": "", "2009-10-31": "", "2009-07-31": "", "2009-04-30": "", "2009-01-31": "", "2008-10-31": "", "2008-07-31": "", "2008-04-30": "", "2008-01-31": "", "2007-10-31": "", "2007-07-31": "", "2007-04-30": "", "2007-01-31": "", "2006-10-31": "", "2006-07-31": "", "2006-04-30": "", "2006-01-31": "", "2005-10-31": "", "2005-07-31": "", "2005-04-30": "", "2005-01-31": ""}, "Pre-Tax Income": {"2020-10-31": "1116.00000", "2020-07-31": "1270.00000", "2020-04-30": "928.00000", "2020-01-31": "569.00000", "2019-10-31": "825.00000", "2019-07-31": "1113.00000", "2019-04-30": "1473.00000", "2019-01-31": "677.00000", "2018-10-31": "979.40000", "2018-07-31": "1190.00000", "2018-04-30": "1383.70000", "2018-01-31": "517.90000", "2017-10-31": "766.80000", "2017-07-31": "889.90000", "2017-04-30": "1169.30000", "2017-01-31": "328.00000", "2016-10-31": "434.40000", "2016-07-31": "705.10000", "2016-04-30": "733.30000", "2016-01-31": "351.20000", "2015-10-31": "457.00010", "2015-07-31": "738.50000", "2015-04-30": "1017.00000", "2015-01-31": "567.60000", "2014-10-31": "1076.50000", "2014-07-31": "1292.20000", "2014-04-30": "1463.80000", "2014-01-31": "964.90000", "2013-10-31": "1244.20000", "2013-07-31": "1549.30000", "2013-04-30": "1743.80000", "2013-01-31": "946.10000", "2012-10-31": "1122.40000", "2012-07-31": "1214.70000", "2012-04-30": "1597.00000", "2012-01-31": "800.30000", "2011-10-31": "1057.00000", "2011-07-31": "1079.10000", "2011-04-30": "1340.70000", "2011-01-31": "746.00000", "2010-10-31": "750.30000", "2010-07-31": "921.70000", "2010-04-30": "988.90000", "2010-01-31": "364.30000", "2009-10-31": "-55.20010", "2009-07-31": "508.70000", "2009-04-30": "611.90000", "2009-01-31": "273.80000", "2008-10-31": "561.60000", "2008-07-31": "869.00000", "2008-04-30": "1162.60000", "2008-01-31": "531.50000", "2007-10-31": "618.60000", "2007-07-31": "802.30000", "2007-04-30": "889.20000", "2007-01-31": "365.40000", "2006-10-31": "367.50000", "2006-07-31": "681.00000", "2006-04-30": "785.20000", "2006-01-31": "340.10000", "2005-10-31": "316.10000", "2005-07-31": "569.70000", "2005-04-30": "887.40000", "2005-01-31": "333.30000"}, "Income Taxes": {"2020-10-31": "330.00000", "2020-07-31": "457.00000", "2020-04-30": "245.00000", "2020-01-31": "50.00000", "2019-10-31": "104.00000", "2019-07-31": "221.00000", "2019-04-30": "343.00000", "2019-01-31": "184.00000", "2018-10-31": "203.40000", "2018-07-31": "289.00000", "2018-04-30": "177.10000", "2018-01-31": "1057.50000", "2017-10-31": "222.80000", "2017-07-31": "253.20000", "2017-04-30": "365.80000", "2017-01-31": "129.20000", "2016-10-31": "140.30000", "2016-07-31": "226.50000", "2016-04-30": "237.80000", "2016-01-31": "95.50000", "2015-10-31": "104.60000", "2015-07-31": "241.00000", "2015-04-30": "324.00000", "2015-01-31": "170.50000", "2014-10-31": "416.80000", "2014-07-31": "450.20000", "2014-04-30": "479.00000", "2014-01-31": "280.50000", "2013-10-31": "437.00000", "2013-07-31": "553.50000", "2013-04-30": "666.40000", "2013-01-31": "289.00000", "2012-10-31": "425.10010", "2012-07-31": "426.80000", "2012-04-30": "541.30000", "2012-01-31": "266.20000", "2011-10-31": "382.99990", "2011-07-31": "369.50000", "2011-04-30": "438.90000", "2011-01-31": "232.20000", "2010-10-31": "295.20000", "2010-07-31": "308.10000", "2010-04-30": "448.40000", "2010-01-31": "109.90000", "2009-10-31": "161.50000", "2009-07-31": "87.90000", "2009-04-30": "137.10000", "2009-01-31": "73.50000", "2008-10-31": "223.00000", "2008-07-31": "307.10000", "2008-04-30": "411.10000", "2008-01-31": "170.00000", "2007-10-31": "202.80000", "2007-07-31": "272.20000", "2007-04-30": "279.90000", "2007-01-31": "128.10000", "2006-10-31": "108.00000", "2006-07-31": "247.60000", "2006-04-30": "269.90000", "2006-01-31": "116.10000", "2005-10-31": "94.50000", "2005-07-31": "194.30000", "2005-04-30": "294.40000", "2005-01-31": "115.40000"}, "Income After Taxes": {"2020-10-31": "786.00000", "2020-07-31": "813.00000", "2020-04-30": "683.00000", "2020-01-31": "519.00000", "2019-10-31": "721.00000", "2019-07-31": "892.00000", "2019-04-30": "1130.00000", "2019-01-31": "493.00000", "2018-10-31": "776.00000", "2018-07-31": "901.00000", "2018-04-30": "1206.60000", "2018-01-31": "-539.60000", "2017-10-31": "544.00000", "2017-07-31": "636.70000", "2017-04-30": "803.50010", "2017-01-31": "198.80000", "2016-10-31": "294.10000", "2016-07-31": "478.60000", "2016-04-30": "495.50000", "2016-01-31": "255.70000", "2015-10-31": "352.40010", "2015-07-31": "497.50000", "2015-04-30": "693.00000", "2015-01-31": "397.10000", "2014-10-31": "659.69980", "2014-07-31": "841.99990", "2014-04-30": "984.80000", "2014-01-31": "684.40000", "2013-10-31": "807.20000", "2013-07-31": "995.80000", "2013-04-30": "1077.40000", "2013-01-31": "657.10000", "2012-10-31": "697.30020", "2012-07-31": "787.90000", "2012-04-30": "1055.70000", "2012-01-31": "534.10000", "2011-10-31": "673.99970", "2011-07-31": "709.60000", "2011-04-30": "901.79990", "2011-01-31": "513.80000", "2010-10-31": "455.10000", "2010-07-31": "613.60000", "2010-04-30": "540.50000", "2010-01-31": "254.40000", "2009-10-31": "-216.70010", "2009-07-31": "420.80000", "2009-04-30": "474.80000", "2009-01-31": "200.30000", "2008-10-31": "338.60000", "2008-07-31": "561.90000", "2008-04-30": "751.50000", "2008-01-31": "361.50000", "2007-10-31": "415.80000", "2007-07-31": "530.10000", "2007-04-30": "609.30000", "2007-01-31": "237.30000", "2006-10-31": "259.50000", "2006-07-31": "433.40000", "2006-04-30": "515.30000", "2006-01-31": "224.00000", "2005-10-31": "221.60000", "2005-07-31": "375.40000", "2005-04-30": "593.00000", "2005-01-31": "217.90000"}, "Other Income": {"2020-10-31": "", "2020-07-31": "", "2020-04-30": "", "2020-01-31": "", "2019-10-31": "", "2019-07-31": "", "2019-04-30": "", "2019-01-31": "", "2018-10-31": "", "2018-07-31": "", "2018-04-30": "", "2018-01-31": "", "2017-10-31": "", "2017-07-31": "", "2017-04-30": "", "2017-01-31": "", "2016-10-31": "", "2016-07-31": "", "2016-04-30": "", "2016-01-31": "", "2015-10-31": "", "2015-07-31": "", "2015-04-30": "", "2015-01-31": "", "2014-10-31": "", "2014-07-31": "", "2014-04-30": "", "2014-01-31": "", "2013-10-31": "", "2013-07-31": "", "2013-04-30": "", "2013-01-31": "", "2012-10-31": "", "2012-07-31": "", "2012-04-30": "", "2012-01-31": "", "2011-10-31": "", "2011-07-31": "", "2011-04-30": "", "2011-01-31": "", "2010-10-31": "", "2010-07-31": "", "2010-04-30": "", "2010-01-31": "", "2009-10-31": "", "2009-07-31": "", "2009-04-30": "", "2009-01-31": "", "2008-10-31": "", "2008-07-31": "", "2008-04-30": "", "2008-01-31": "", "2007-10-31": "", "2007-07-31": "", "2007-04-30": "", "2007-01-31": "", "2006-10-31": "", "2006-07-31": "", "2006-04-30": "", "2006-01-31": "", "2005-10-31": "", "2005-07-31": "", "2005-04-30": "", "2005-01-31": ""}, "Income From Continuous Operations": {"2020-10-31": "758.00000", "2020-07-31": "811.00000", "2020-04-30": "666.00000", "2020-01-31": "518.00000", "2019-10-31": "722.00000", "2019-07-31": "899.00000", "2019-04-30": "1136.00000", "2019-01-31": "500.00000", "2018-10-31": "785.00000", "2018-07-31": "911.00000", "2018-04-30": "1209.70000", "2018-01-31": "-534.70000", "2017-10-31": "509.99990", "2017-07-31": "642.30000", "2017-04-30": "808.30000", "2017-01-31": "198.40000", "2016-10-31": "284.40000", "2016-07-31": "488.60000", "2016-04-30": "494.70000", "2016-01-31": "253.80000", "2015-10-31": "351.50020", "2015-07-31": "511.70000", "2015-04-30": "690.80000", "2015-01-31": "386.90000", "2014-10-31": "649.89980", "2014-07-31": "850.90000", "2014-04-30": "981.20010", "2014-01-31": "681.30000", "2013-10-31": "807.10000", "2013-07-31": "996.60000", "2013-04-30": "1084.30000", "2013-01-31": "649.60000", "2012-10-31": "688.90020", "2012-07-31": "790.20000", "2012-04-30": "1058.10000", "2012-01-31": "534.40000", "2011-10-31": "671.99980", "2011-07-31": "714.80000", "2011-04-30": "906.70000", "2011-01-31": "514.30000", "2010-10-31": "459.40000", "2010-07-31": "619.50000", "2010-04-30": "549.80000", "2010-01-31": "245.60000", "2009-10-31": "-222.80010", "2009-07-31": "419.50000", "2009-04-30": "472.20000", "2009-01-31": "204.00000", "2008-10-31": "345.90000", "2008-07-31": "575.20000", "2008-04-30": "763.50000", "2008-01-31": "369.10000", "2007-10-31": "422.20000", "2007-07-31": "537.20000", "2007-04-30": "623.60000", "2007-01-31": "238.70000", "2006-10-31": "276.59990", "2006-07-31": "435.70000", "2006-04-30": "517.00000", "2006-01-31": "223.90000", "2005-10-31": "220.90000", "2005-07-31": "378.80000", "2005-04-30": "599.30000", "2005-01-31": "215.00000"}, "Income From Discontinued Operations": {"2020-10-31": "", "2020-07-31": "", "2020-04-30": "", "2020-01-31": "", "2019-10-31": "", "2019-07-31": "", "2019-04-30": "", "2019-01-31": "", "2018-10-31": "", "2018-07-31": "", "2018-04-30": "", "2018-01-31": "", "2017-10-31": "", "2017-07-31": "", "2017-04-30": "", "2017-01-31": "", "2016-10-31": "", "2016-07-31": "", "2016-04-30": "", "2016-01-31": "", "2015-10-31": "", "2015-07-31": "", "2015-04-30": "", "2015-01-31": "", "2014-10-31": "", "2014-07-31": "", "2014-04-30": "", "2014-01-31": "", "2013-10-31": "", "2013-07-31": "", "2013-04-30": "", "2013-01-31": "", "2012-10-31": "", "2012-07-31": "", "2012-04-30": "", "2012-01-31": "", "2011-10-31": "", "2011-07-31": "", "2011-04-30": "", "2011-01-31": "", "2010-10-31": "", "2010-07-31": "", "2010-04-30": "", "2010-01-31": "", "2009-10-31": "", "2009-07-31": "", "2009-04-30": "", "2009-01-31": "", "2008-10-31": "", "2008-07-31": "", "2008-04-30": "", "2008-01-31": "", "2007-10-31": "", "2007-07-31": "", "2007-04-30": "", "2007-01-31": "", "2006-10-31": "0.70000", "2006-07-31": "0.30000", "2006-04-30": "227.60000", "2006-01-31": "12.00000", "2005-10-31": "12.00000", "2005-07-31": "8.30000", "2005-04-30": "4.70000", "2005-01-31": "7.80000"}, "Net Income": {"2020-10-31": "757.00000", "2020-07-31": "811.00000", "2020-04-30": "666.00000", "2020-01-31": "517.00000", "2019-10-31": "721.00000", "2019-07-31": "899.00000", "2019-04-30": "1135.00000", "2019-01-31": "498.00000", "2018-10-31": "785.00000", "2018-07-31": "910.00000", "2018-04-30": "1208.10000", "2018-01-31": "-535.10000", "2017-10-31": "510.00000", "2017-07-31": "641.80000", "2017-04-30": "808.30000", "2017-01-31": "198.90000", "2016-10-31": "285.90000", "2016-07-31": "488.50000", "2016-04-30": "495.20000", "2016-01-31": "254.30000", "2015-10-31": "351.70000", "2015-07-31": "511.40000", "2015-04-30": "690.20000", "2015-01-31": "386.70000", "2014-10-31": "649.89980", "2014-07-31": "850.40000", "2014-04-30": "980.30000", "2014-01-31": "681.10000", "2013-10-31": "807.50000", "2013-07-31": "996.30000", "2013-04-30": "1083.90000", "2013-01-31": "649.60000", "2012-10-31": "687.60000", "2012-07-31": "788.00000", "2012-04-30": "1056.20000", "2012-01-31": "532.90000", "2011-10-31": "669.89980", "2011-07-31": "712.30000", "2011-04-30": "904.00000", "2011-01-31": "513.70000", "2010-10-31": "456.60000", "2010-07-31": "617.00000", "2010-04-30": "547.50000", "2010-01-31": "243.20000", "2009-10-31": "-222.70000", "2009-07-31": "420.00000", "2009-04-30": "472.30000", "2009-01-31": "203.90000", "2008-10-31": "345.00010", "2008-07-31": "575.20000", "2008-04-30": "763.50000", "2008-01-31": "369.10000", "2007-10-31": "422.20000", "2007-07-31": "537.20000", "2007-04-30": "623.60000", "2007-01-31": "238.70000", "2006-10-31": "277.30010", "2006-07-31": "436.00000", "2006-04-30": "744.60000", "2006-01-31": "235.90000", "2005-10-31": "232.90010", "2005-07-31": "387.10000", "2005-04-30": "604.00000", "2005-01-31": "222.80000"}, "EBITDA": {"2020-10-31": "1899.00000", "2020-07-31": "2107.00000", "2020-04-30": "1799.00000", "2020-01-31": "1443.00000", "2019-10-31": "1710.00000", "2019-07-31": "1993.00000", "2019-04-30": "2337.00000", "2019-01-31": "1533.00000", "2018-10-31": "1784.40000", "2018-07-31": "1975.20000", "2018-04-30": "2174.99900", "2018-01-31": "1267.40000", "2017-10-31": "1451.50000", "2017-07-31": "1542.10000", "2017-04-30": "1823.60000", "2017-01-31": "951.80000", "2016-10-31": "1034.60100", "2016-07-31": "1302.40000", "2016-04-30": "1311.90000", "2016-01-31": "898.60020", "2015-10-31": "973.10210", "2015-07-31": "1256.30000", "2015-04-30": "1522.50000", "2015-01-31": "1090.60000", "2014-10-31": "1598.19700", "2014-07-31": "1773.20000", "2014-04-30": "1916.80100", "2014-01-31": "1479.70000", "2013-10-31": "1730.89500", "2013-07-31": "2018.70100", "2013-04-30": "2212.10000", "2013-01-31": "1403.30000", "2012-10-31": "1584.00000", "2012-07-31": "1653.60100", "2012-04-30": "2048.09900", "2012-01-31": "1235.70000", "2011-10-31": "1474.30100", "2011-07-31": "1492.60100", "2011-04-30": "1762.70000", "2011-01-31": "1167.50000", "2010-10-31": "1191.90000", "2010-07-31": "1344.30000", "2010-04-30": "1418.20000", "2010-01-31": "824.19980", "2009-10-31": "703.30230", "2009-07-31": "980.50020", "2009-04-30": "1095.10000", "2009-01-31": "765.20030", "2008-10-31": "1053.80000", "2008-07-31": "1358.00000", "2008-04-30": "1654.60000", "2008-01-31": "1026.30000", "2007-10-31": "1118.39800", "2007-07-31": "1280.00100", "2007-04-30": "1354.50000", "2007-01-31": "818.20010", "2006-10-31": "831.69760", "2006-07-31": "1113.50000", "2006-04-30": "1206.30000", "2006-01-31": "731.20010", "2005-10-31": "698.10250", "2005-07-31": "924.19970", "2005-04-30": "1220.99900", "2005-01-31": "660.69980"}, "EBIT": {"2020-10-31": "1395.00000", "2020-07-31": "1560.00000", "2020-04-30": "1270.00000", "2020-01-31": "905.00000", "2019-10-31": "1213.00000", "2019-07-31": "1487.00000", "2019-04-30": "1824.00000", "2019-01-31": "1030.00000", "2018-10-31": "1302.40000", "2018-07-31": "1481.00000", "2018-04-30": "1687.39900", "2018-01-31": "804.20040", "2017-10-31": "1014.50000", "2017-07-31": "1106.20000", "2017-04-30": "1396.20000", "2017-01-31": "536.10000", "2016-10-31": "633.20180", "2016-07-31": "905.79960", "2016-04-30": "924.30030", "2016-01-31": "524.40020", "2015-10-31": "619.90150", "2015-07-31": "910.00050", "2015-04-30": "1182.50000", "2015-01-31": "747.69960", "2014-10-31": "1249.09600", "2014-07-31": "1446.10000", "2014-04-30": "1629.60100", "2014-01-31": "1136.60000", "2013-10-31": "1431.79600", "2013-07-31": "1731.90100", "2013-04-30": "1934.80000", "2013-01-31": "1126.20000", "2012-10-31": "1322.50000", "2012-07-31": "1409.60100", "2012-04-30": "1792.69900", "2012-01-31": "992.39980", "2011-10-31": "1237.30000", "2011-07-31": "1263.40100", "2011-04-30": "1533.00000", "2011-01-31": "948.50000", "2010-10-31": "942.79960", "2010-07-31": "1114.80000", "2010-04-30": "1196.20000", "2010-01-31": "582.79980", "2009-10-31": "194.00060", "2009-07-31": "758.00020", "2009-04-30": "881.29990", "2009-01-31": "548.30030", "2008-10-31": "849.69970", "2008-07-31": "1139.20000", "2008-04-30": "1446.20000", "2008-01-31": "826.60000", "2007-10-31": "927.49710", "2007-07-31": "1093.90100", "2007-04-30": "1172.80000", "2007-01-31": "632.50010", "2006-10-31": "642.79810", "2006-07-31": "942.90050", "2006-04-30": "1035.60000", "2006-01-31": "570.00010", "2005-10-31": "533.40310", "2005-07-31": "766.19970", "2005-04-30": "1067.49900", "2005-01-31": "500.39980"}, "Basic Shares Outstanding": {"2020-10-31": "313.50000", "2020-07-31": "313.00000", "2020-04-30": "313.20000", "2020-01-31": "313.50000", "2019-10-31": "316.50000", "2019-07-31": "315.90000", "2019-04-30": "317.90000", "2019-01-31": "318.50000", "2018-10-31": "322.60000", "2018-07-31": "323.50000", "2018-04-30": "324.20000", "2018-01-31": "322.80000", "2017-10-31": "319.50000", "2017-07-31": "320.80000", "2017-04-30": "319.20000", "2017-01-31": "316.70000", "2016-10-31": "315.20000", "2016-07-31": "314.30000", "2016-04-30": "315.10000", "2016-01-31": "316.40000", "2015-10-31": "333.60000", "2015-07-31": "331.40000", "2015-04-30": "337.10000", "2015-01-31": "343.10000", "2014-10-31": "363.00000", "2014-07-31": "361.90000", "2014-04-30": "366.60000", "2014-01-31": "371.90000", "2013-10-31": "385.30000", "2013-07-31": "386.00000", "2013-04-30": "389.20000", "2013-01-31": "388.40000", "2012-10-31": "397.10000", "2012-07-31": "394.70000", "2012-04-30": "400.20000", "2012-01-31": "404.00000", "2011-10-31": "417.40000", "2011-07-31": "417.40000", "2011-04-30": "420.70000", "2011-01-31": "421.80000", "2010-10-31": "424.00000", "2010-07-31": "424.50000", "2010-04-30": "424.40000", "2010-01-31": "423.60000", "2009-10-31": "422.80000", "2009-07-31": "422.90000", "2009-04-30": "422.70000", "2009-01-31": "422.50000", "2008-10-31": "431.10000", "2008-07-31": "429.30000", "2008-04-30": "433.70000", "2008-01-31": "437.70000", "2007-10-31": "449.30000", "2007-07-31": "447.60000", "2007-04-30": "452.90000", "2007-01-31": "454.50000", "2006-10-31": "466.80000", "2006-07-31": "467.40000", "2006-04-30": "470.60000", "2006-01-31": "471.80000", "2005-10-31": "486.60000", "2005-07-31": "483.40000", "2005-04-30": "490.80000", "2005-01-31": "494.20000"}, "Shares Outstanding": {"2020-10-31": "316.60000", "2020-07-31": "315.80000", "2020-04-30": "316.20000", "2020-01-31": "317.20000", "2019-10-31": "320.60000", "2019-07-31": "319.80000", "2019-04-30": "322.20000", "2019-01-31": "322.70000", "2018-10-31": "327.30000", "2018-07-31": "328.00000", "2018-04-30": "329.20000", "2018-01-31": "322.80000", "2017-10-31": "323.30000", "2017-07-31": "325.10000", "2017-04-30": "323.00000", "2017-01-31": "319.70000", "2016-10-31": "316.60000", "2016-07-31": "315.70000", "2016-04-30": "316.50000", "2016-01-31": "317.60000", "2015-10-31": "336.00000", "2015-07-31": "334.10000", "2015-04-30": "339.70000", "2015-01-31": "345.70000", "2014-10-31": "366.10000", "2014-07-31": "365.10000", "2014-04-30": "369.80000", "2014-01-31": "375.40000", "2013-10-31": "389.20000", "2013-07-31": "389.60000", "2013-04-30": "393.10000", "2013-01-31": "393.00000", "2012-10-31": "401.50000", "2012-07-31": "398.80000", "2012-04-30": "404.70000", "2012-01-31": "408.40000", "2011-10-31": "422.40000", "2011-07-31": "422.00000", "2011-04-30": "426.40000", "2011-01-31": "427.50000", "2010-10-31": "428.60000", "2010-07-31": "429.00000", "2010-04-30": "429.00000", "2010-01-31": "427.50000", "2009-10-31": "424.40000", "2009-07-31": "424.80000", "2009-04-30": "423.70000", "2009-01-31": "423.70000", "2008-10-31": "436.30000", "2008-07-31": "434.40000", "2008-04-30": "439.60000", "2008-01-31": "444.20000", "2007-10-31": "455.00000", "2007-07-31": "453.60000", "2007-04-30": "458.60000", "2007-01-31": "459.70000", "2006-10-31": "471.60000", "2006-07-31": "471.80000", "2006-04-30": "476.20000", "2006-01-31": "477.00000", "2005-10-31": "492.90000", "2005-07-31": "489.40000", "2005-04-30": "497.40000", "2005-01-31": "502.00000"}, "Basic EPS": {"2020-10-31": "2.40000", "2020-07-31": "2.59000", "2020-04-30": "2.13000", "2020-01-31": "1.65000", "2019-10-31": "2.31000", "2019-07-31": "2.84000", "2019-04-30": "3.57000", "2019-01-31": "1.56000", "2018-10-31": "2.46000", "2018-07-31": "2.81000", "2018-04-30": "3.73000", "2018-01-31": "-1.66000", "2017-10-31": "1.60000", "2017-07-31": "2.00000", "2017-04-30": "2.53000", "2017-01-31": "0.63000", "2016-10-31": "0.91000", "2016-07-31": "1.55000", "2016-04-30": "1.57000", "2016-01-31": "0.80000", "2015-10-31": "1.09000", "2015-07-31": "1.54000", "2015-04-30": "2.05000", "2015-01-31": "1.13000", "2014-10-31": "1.86000", "2014-07-31": "2.35000", "2014-04-30": "2.67000", "2014-01-31": "1.83000", "2013-10-31": "2.14000", "2013-07-31": "2.58000", "2013-04-30": "2.79000", "2013-01-31": "1.67000", "2012-10-31": "1.76000", "2012-07-31": "2.00000", "2012-04-30": "2.64000", "2012-01-31": "1.32000", "2011-10-31": "1.63000", "2011-07-31": "1.71000", "2011-04-30": "2.15000", "2011-01-31": "1.22000", "2010-10-31": "1.09000", "2010-07-31": "1.45000", "2010-04-30": "1.29000", "2010-01-31": "0.57000", "2009-10-31": "-0.52000", "2009-07-31": "0.99000", "2009-04-30": "1.12000", "2009-01-31": "0.48000", "2008-10-31": "0.82000", "2008-07-31": "1.34000", "2008-04-30": "1.76000", "2008-01-31": "0.84000", "2007-10-31": "0.94000", "2007-07-31": "1.20000", "2007-04-30": "1.38000", "2007-01-31": "0.53000", "2006-10-31": "0.61500", "2006-07-31": "0.93500", "2006-04-30": "1.58000", "2006-01-31": "0.50000", "2005-10-31": "0.49000", "2005-07-31": "0.80000", "2005-04-30": "1.23000", "2005-01-31": "0.45000"}, "EPS - Earnings Per Share": {"2020-10-31": "2.38000", "2020-07-31": "2.57000", "2020-04-30": "2.11000", "2020-01-31": "1.63000", "2019-10-31": "2.28000", "2019-07-31": "2.81000", "2019-04-30": "3.52000", "2019-01-31": "1.54000", "2018-10-31": "2.45000", "2018-07-31": "2.78000", "2018-04-30": "3.67000", "2018-01-31": "-1.66000", "2017-10-31": "1.59000", "2017-07-31": "1.97000", "2017-04-30": "2.50000", "2017-01-31": "0.62000", "2016-10-31": "0.90000", "2016-07-31": "1.55000", "2016-04-30": "1.56000", "2016-01-31": "0.80000", "2015-10-31": "1.09000", "2015-07-31": "1.53000", "2015-04-30": "2.03000", "2015-01-31": "1.12000", "2014-10-31": "1.84000", "2014-07-31": "2.33000", "2014-04-30": "2.65000", "2014-01-31": "1.81000", "2013-10-31": "2.12000", "2013-07-31": "2.56000", "2013-04-30": "2.76000", "2013-01-31": "1.65000", "2012-10-31": "1.74000", "2012-07-31": "1.98000", "2012-04-30": "2.61000", "2012-01-31": "1.30000", "2011-10-31": "1.62000", "2011-07-31": "1.69000", "2011-04-30": "2.12000", "2011-01-31": "1.20000", "2010-10-31": "1.06000", "2010-07-31": "1.44000", "2010-04-30": "1.28000", "2010-01-31": "0.57000", "2009-10-31": "-0.52000", "2009-07-31": "0.99000", "2009-04-30": "1.11000", "2009-01-31": "0.48000", "2008-10-31": "0.81000", "2008-07-31": "1.32000", "2008-04-30": "1.74000", "2008-01-31": "0.83000", "2007-10-31": "0.94000", "2007-07-31": "1.18000", "2007-04-30": "1.36000", "2007-01-31": "0.52000", "2006-10-31": "0.60500", "2006-07-31": "0.92500", "2006-04-30": "1.56500", "2006-01-31": "0.49500", "2005-10-31": "0.49000", "2005-07-31": "0.79000", "2005-04-30": "1.21500", "2005-01-31": "0.44500"}}, "balance sheet": {"Cash On Hand": {"2020-10-31": "7707.00000", "2019-10-31": "4438.00000", "2018-10-31": "4394.00000", "2017-10-31": "9786.50000", "2016-10-31": "4789.30000", "2015-10-31": "4599.60000", "2014-10-31": "5002.10000", "2013-10-31": "5128.80000", "2012-10-31": "6122.60000", "2011-10-31": "4434.50000", "2010-10-31": "4018.50000", "2009-10-31": "4843.70000", "2008-10-31": "3188.80000", "2007-10-31": "3901.90000", "2006-10-31": "3504.20000", "2005-10-31": "4427.30000"}, "Receivables": {"2020-10-31": "5422.00000", "2019-10-31": "6763.00000", "2018-10-31": "6762.00000", "2017-10-31": "5160.80000", "2016-10-31": "4046.30000", "2015-10-31": "4075.60000", "2014-10-31": "4808.10000", "2013-10-31": "5253.40000", "2012-10-31": "5649.70000", "2011-10-31": "4673.10000", "2010-10-31": "4428.60000", "2009-10-31": "3519.80000", "2008-10-31": "3944.20000", "2007-10-31": "3680.90000", "2006-10-31": "3508.10000", "2005-10-31": "3659.20000"}, "Inventory": {"2020-10-31": "4999.00000", "2019-10-31": "5975.00000", "2018-10-31": "6149.00000", "2017-10-31": "3904.10000", "2016-10-31": "3340.50000", "2015-10-31": "3817.00000", "2014-10-31": "4209.70000", "2013-10-31": "4934.70000", "2012-10-31": "5170.00000", "2011-10-31": "4370.60000", "2010-10-31": "3063.00000", "2009-10-31": "2397.30000", "2008-10-31": "3041.80000", "2007-10-31": "2337.30000", "2006-10-31": "1957.30000", "2005-10-31": "2134.90000"}, "Pre-Paid Expenses": {"2020-10-31": "", "2019-10-31": "", "2018-10-31": "", "2017-10-31": "", "2016-10-31": "", "2015-10-31": "", "2014-10-31": "", "2013-10-31": "", "2012-10-31": "", "2011-10-31": "", "2010-10-31": "", "2009-10-31": "", "2008-10-31": "", "2007-10-31": "", "2006-10-31": "", "2005-10-31": ""}, "Other Current Assets": {"2020-10-31": "", "2019-10-31": "", "2018-10-31": "", "2017-10-31": "", "2016-10-31": "", "2015-10-31": "", "2014-10-31": "", "2013-10-31": "", "2012-10-31": "", "2011-10-31": "", "2010-10-31": "", "2009-10-31": "", "2008-10-31": "", "2007-10-31": "", "2006-10-31": "", "2005-10-31": ""}, "Total Current Assets": {"2020-10-31": "52581.00000", "2019-10-31": "50754.00000", "2018-10-31": "48381.00000", "2017-10-31": "48114.30000", "2016-10-31": "41004.90000", "2015-10-31": "42135.80000", "2014-10-31": "46044.40000", "2013-10-31": "45102.70000", "2012-10-31": "42719.00000", "2011-10-31": "36306.70000", "2010-10-31": "31430.60000", "2009-10-31": "29123.90000", "2008-10-31": "27836.60000", "2007-10-31": "27840.30000", "2006-10-31": "25344.40000", "2005-10-31": "24548.70000"}, "Property, Plant, And Equipment": {"2020-10-31": "5817.00000", "2019-10-31": "5973.00000", "2018-10-31": "5868.00000", "2017-10-31": "5067.70000", "2016-10-31": "5170.60000", "2015-10-31": "5181.50000", "2014-10-31": "5577.80000", "2013-10-31": "5466.90000", "2012-10-31": "5011.90000", "2011-10-31": "4352.30000", "2010-10-31": "3790.70000", "2009-10-31": "4532.20000", "2008-10-31": "4127.70000", "2007-10-31": "3534.00000", "2006-10-31": "2763.60000", "2005-10-31": "2343.30000"}, "Long-Term Investments": {"2020-10-31": "193.00000", "2019-10-31": "215.00000", "2018-10-31": "207.00000", "2017-10-31": "182.50000", "2016-10-31": "232.60000", "2015-10-31": "303.50000", "2014-10-31": "303.20000", "2013-10-31": "221.40000", "2012-10-31": "215.00000", "2011-10-31": "201.70000", "2010-10-31": "244.50000", "2009-10-31": "212.80000", "2008-10-31": "224.40000", "2007-10-31": "149.50000", "2006-10-31": "124.00000", "2005-10-31": "106.70000"}, "Goodwill And Intangible Assets": {"2020-10-31": "4408.00000", "2019-10-31": "4297.00000", "2018-10-31": "4663.00000", "2017-10-31": "1251.30000", "2016-10-31": "919.80000", "2015-10-31": "789.60000", "2014-10-31": "860.00000", "2013-10-31": "921.90000", "2012-10-31": "1026.20000", "2011-10-31": "1127.20000", "2010-10-31": "1115.60000", "2009-10-31": "1172.80000", "2008-10-31": "1386.00000", "2007-10-31": "1365.30000", "2006-10-31": "1166.40000", "2005-10-31": "1106.80000"}, "Other Long-Term Assets": {"2020-10-31": "10593.00000", "2019-10-31": "10306.00000", "2018-10-31": "10181.00000", "2017-10-31": "8755.50000", "2016-10-31": "7626.20000", "2015-10-31": "6769.90000", "2014-10-31": "5774.40000", "2013-10-31": "5483.00000", "2012-10-31": "4013.30000", "2011-10-31": "3360.90000", "2010-10-31": "4208.30000", "2009-10-31": "3191.70000", "2008-10-31": "2613.30000", "2007-10-31": "2311.10000", "2006-10-31": "2097.40000", "2005-10-31": "1755.40000"}, "Total Long-Term Assets": {"2020-10-31": "22510.00000", "2019-10-31": "22257.00000", "2018-10-31": "21727.00000", "2017-10-31": "17672.00000", "2016-10-31": "16913.60000", "2015-10-31": "15811.80000", "2014-10-31": "15292.00000", "2013-10-31": "14418.60000", "2012-10-31": "13546.80000", "2011-10-31": "11900.70000", "2010-10-31": "11836.20000", "2009-10-31": "12008.70000", "2008-10-31": "10898.00000", "2007-10-31": "10735.40000", "2006-10-31": "9376.00000", "2005-10-31": "9088.10000"}, "Total Assets": {"2020-10-31": "75091.00000", "2019-10-31": "73011.00000", "2018-10-31": "70108.00000", "2017-10-31": "65786.30000", "2016-10-31": "57918.50000", "2015-10-31": "57947.60000", "2014-10-31": "61336.40000", "2013-10-31": "59521.30000", "2012-10-31": "56265.80000", "2011-10-31": "48207.40000", "2010-10-31": "43266.80000", "2009-10-31": "41132.60000", "2008-10-31": "38734.60000", "2007-10-31": "38575.70000", "2006-10-31": "34720.40000", "2005-10-31": "33636.80000"}, "Total Current Liabilities": {"2020-10-31": "23481.00000", "2019-10-31": "24903.00000", "2018-10-31": "25259.00000", "2017-10-31": "22692.90000", "2016-10-31": "19230.20000", "2015-10-31": "20408.70000", "2014-10-31": "21232.80000", "2013-10-31": "21978.50000", "2012-10-31": "19091.40000", "2011-10-31": "17552.20000", "2010-10-31": "14219.70000", "2009-10-31": "12585.30000", "2008-10-31": "15083.30000", "2007-10-31": "15738.10000", "2006-10-31": "12787.50000", "2005-10-31": "11559.80000"}, "Long Term Debt": {"2020-10-31": "32734.00000", "2019-10-31": "30229.00000", "2018-10-31": "27237.00000", "2017-10-31": "25891.30000", "2016-10-31": "23703.00000", "2015-10-31": "23832.80000", "2014-10-31": "24380.70000", "2013-10-31": "21577.70000", "2012-10-31": "22453.10000", "2011-10-31": "16959.90000", "2010-10-31": "16814.50000", "2009-10-31": "17391.70000", "2008-10-31": "13898.50000", "2007-10-31": "11798.20000", "2006-10-31": "11584.00000", "2005-10-31": "11738.80000"}, "Other Non-Current Liabilities": {"2020-10-31": "", "2019-10-31": "", "2018-10-31": "", "2017-10-31": "", "2016-10-31": "", "2015-10-31": "", "2014-10-31": "", "2013-10-31": "120.40000", "2012-10-31": "", "2011-10-31": "", "2010-10-31": "", "2009-10-31": "", "2008-10-31": "", "2007-10-31": "", "2006-10-31": "", "2005-10-31": ""}, "Total Long Term Liabilities": {"2020-10-31": "38666.00000", "2019-10-31": "36691.00000", "2018-10-31": "33558.00000", "2017-10-31": "33532.90000", "2016-10-31": "32157.50000", "2015-10-31": "30781.30000", "2014-10-31": "31038.10000", "2013-10-31": "27275.10000", "2012-10-31": "30312.40000", "2011-10-31": "23840.30000", "2010-10-31": "22743.70000", "2009-10-31": "23724.50000", "2008-10-31": "17118.60000", "2007-10-31": "15681.80000", "2006-10-31": "14441.70000", "2005-10-31": "15225.50000"}, "Total Liabilities": {"2020-10-31": "62147.00000", "2019-10-31": "61594.00000", "2018-10-31": "58817.00000", "2017-10-31": "56225.80000", "2016-10-31": "51387.70000", "2015-10-31": "51190.00000", "2014-10-31": "52270.90000", "2013-10-31": "49253.60000", "2012-10-31": "49403.80000", "2011-10-31": "41392.50000", "2010-10-31": "36963.40000", "2009-10-31": "36309.80000", "2008-10-31": "32201.90000", "2007-10-31": "31419.90000", "2006-10-31": "27229.20000", "2005-10-31": "26785.30000"}, "Common Stock Net": {"2020-10-31": "4895.00000", "2019-10-31": "4642.00000", "2018-10-31": "4474.00000", "2017-10-31": "4280.50000", "2016-10-31": "3911.80000", "2015-10-31": "3825.60000", "2014-10-31": "3675.40000", "2013-10-31": "3524.20000", "2012-10-31": "3352.20000", "2011-10-31": "3251.70000", "2010-10-31": "3106.30000", "2009-10-31": "2996.20000", "2008-10-31": "2934.00000", "2007-10-31": "2777.00000", "2006-10-31": "2203.50000", "2005-10-31": "2081.70000"}, "Retained Earnings (Accumulated Deficit)": {"2020-10-31": "31646.00000", "2019-10-31": "29852.00000", "2018-10-31": "27553.00000", "2017-10-31": "25301.30000", "2016-10-31": "23911.30000", "2015-10-31": "23144.80000", "2014-10-31": "22004.40000", "2013-10-31": "19645.60000", "2012-10-31": "16875.20000", "2011-10-31": "14519.40000", "2010-10-31": "12353.10000", "2009-10-31": "10980.50000", "2008-10-31": "10580.60000", "2007-10-31": "9031.70000", "2006-10-31": "7886.80000", "2005-10-31": "6556.10000"}, "Comprehensive Income": {"2020-10-31": "-5539.00000", "2019-10-31": "-5607.00000", "2018-10-31": "-4427.00000", "2017-10-31": "-4563.70000", "2016-10-31": "-5626.00000", "2015-10-31": "-4729.40000", "2014-10-31": "-3783.00000", "2013-10-31": "-2693.10000", "2012-10-31": "-4571.50000", "2011-10-31": "-3678.00000", "2010-10-31": "-3379.60000", "2009-10-31": "-3593.30000", "2008-10-31": "-1387.30000", "2007-10-31": "-637.50000", "2006-10-31": "74.30000", "2005-10-31": "-26.40000"}, "Other Share Holders Equity": {"2020-10-31": "", "2019-10-31": "", "2018-10-31": "", "2017-10-31": "", "2016-10-31": "", "2015-10-31": "", "2014-10-31": "", "2013-10-31": "", "2012-10-31": "", "2011-10-31": "", "2010-10-31": "", "2009-10-31": "", "2008-10-31": "0.00000", "2007-10-31": "0.00000", "2006-10-31": "0.00000", "2005-10-31": "0.00000"}, "Share Holder Equity": {"2020-10-31": "12944.00000", "2019-10-31": "11417.00000", "2018-10-31": "11291.00000", "2017-10-31": "9560.50000", "2016-10-31": "6530.80000", "2015-10-31": "6757.60000", "2014-10-31": "9065.50000", "2013-10-31": "10267.70000", "2012-10-31": "6862.00000", "2011-10-31": "6814.90000", "2010-10-31": "6303.40000", "2009-10-31": "4822.80000", "2008-10-31": "6532.70000", "2007-10-31": "7155.80000", "2006-10-31": "7491.20000", "2005-10-31": "6851.50000"}, "Total Liabilities And Share Holders Equity": {"2020-10-31": "75091.00000", "2019-10-31": "73011.00000", "2018-10-31": "70108.00000", "2017-10-31": "65786.30000", "2016-10-31": "57918.50000", "2015-10-31": "57947.60000", "2014-10-31": "61336.40000", "2013-10-31": "59521.30000", "2012-10-31": "56265.80000", "2011-10-31": "48207.40000", "2010-10-31": "43266.80000", "2009-10-31": "41132.60000", "2008-10-31": "38734.60000", "2007-10-31": "38575.70000", "2006-10-31": "34720.40000", "2005-10-31": "33636.80000"}}, "balance sheet, quarterly": {"Cash On Hand": {"2020-10-31": "7707.00000", "2020-07-31": "8830.00000", "2020-04-30": "9526.00000", "2020-01-31": "4211.00000", "2019-10-31": "4438.00000", "2019-07-31": "3948.00000", "2019-04-30": "4029.00000", "2019-01-31": "4149.00000", "2018-10-31": "4394.00000", "2018-07-31": "4411.00000", "2018-04-30": "4680.70000", "2018-01-31": "4377.40000", "2017-10-31": "9786.50000", "2017-07-31": "6963.50000", "2017-04-30": "5072.10000", "2017-01-31": "4335.50000", "2016-10-31": "4789.30000", "2016-07-31": "4789.90000", "2016-04-30": "4608.70000", "2016-01-31": "3936.20000", "2015-10-31": "4599.60000", "2015-07-31": "4551.90000", "2015-04-30": "4748.30000", "2015-01-31": "4468.60000", "2014-10-31": "5002.10000", "2014-07-31": "4524.10000", "2014-04-30": "4650.20000", "2014-01-31": "4627.00000", "2013-10-31": "5128.80000", "2013-07-31": "4796.30000", "2013-04-30": "5050.40000", "2013-01-31": "5047.70000", "2012-10-31": "6122.60000", "2012-07-31": "4943.20000", "2012-04-30": "4358.70000", "2012-01-31": "4514.70000", "2011-10-31": "4434.50000", "2011-07-31": "4077.70000", "2011-04-30": "4189.30000", "2011-01-31": "3672.20000", "2010-10-31": "4018.50000", "2010-07-31": "3986.00000", "2010-04-30": "3849.10000", "2010-01-31": "5249.70000", "2009-10-31": "4843.70000", "2009-07-31": "4495.80000", "2009-04-30": "4983.00000", "2009-01-31": "5234.60000", "2008-10-31": "3188.80000", "2008-07-31": "3766.80000", "2008-04-30": "3269.60000", "2008-01-31": "2649.90000", "2007-10-31": "3901.90000", "2007-07-31": "3820.60000", "2007-04-30": "3848.50000", "2007-01-31": "2751.10000", "2006-10-31": "3504.20000", "2006-07-31": "3151.60000", "2006-04-30": "2976.60000", "2006-01-31": "3444.90000", "2005-10-31": "4427.30000", "2005-07-31": "3810.90000", "2005-04-30": "3058.40000", "2005-01-31": "2865.50000"}, "Receivables": {"2020-10-31": "5422.00000", "2020-07-31": "6716.00000", "2020-04-30": "7230.00000", "2020-01-31": "6765.00000", "2019-10-31": "6763.00000", "2019-07-31": "8347.00000", "2019-04-30": "9030.00000", "2019-01-31": "7184.00000", "2018-10-31": "6762.00000", "2018-07-31": "7536.00000", "2018-04-30": "7943.60000", "2018-01-31": "5754.40000", "2017-10-31": "5160.80000", "2017-07-31": "5247.50000", "2017-04-30": "5448.50000", "2017-01-31": "4147.50000", "2016-10-31": "4046.30000", "2016-07-31": "4755.20000", "2016-04-30": "5856.40000", "2016-01-31": "4523.70000", "2015-10-31": "4075.60000", "2015-07-31": "5086.70000", "2015-04-30": "5636.90000", "2015-01-31": "4283.10000", "2014-10-31": "4808.10000", "2014-07-31": "5778.20000", "2014-04-30": "6352.20000", "2014-01-31": "4909.60000", "2013-10-31": "5253.40000", "2013-07-31": "5923.30000", "2013-04-30": "6601.20000", "2013-01-31": "5251.20000", "2012-10-31": "5649.70000", "2012-07-31": "5952.20000", "2012-04-30": "6195.30000", "2012-01-31": "4627.60000", "2011-10-31": "4673.10000", "2011-07-31": "4837.70000", "2011-04-30": "5031.10000", "2011-01-31": "4166.00000", "2010-10-31": "4428.60000", "2010-07-31": "4252.20000", "2010-04-30": "4662.50000", "2010-01-31": "3933.40000", "2009-10-31": "3519.80000", "2009-07-31": "3963.40000", "2009-04-30": "5056.70000", "2009-01-31": "4209.50000", "2008-10-31": "3944.20000", "2008-07-31": "4706.40000", "2008-04-30": "5333.90000", "2008-01-31": "3887.20000", "2007-10-31": "3680.90000", "2007-07-31": "4294.00000", "2007-04-30": "4830.80000", "2007-01-31": "3620.50000", "2006-10-31": "3508.10000", "2006-07-31": "4403.40000", "2006-04-30": "4790.00000", "2006-01-31": "3564.40000", "2005-10-31": "3659.20000", "2005-07-31": "4433.10000", "2005-04-30": "4712.20000", "2005-01-31": "3469.20000"}, "Inventory": {"2020-10-31": "4999.00000", "2020-07-31": "5650.00000", "2020-04-30": "6171.00000", "2020-01-31": "6482.00000", "2019-10-31": "5975.00000", "2019-07-31": "6747.00000", "2019-04-30": "7161.00000", "2019-01-31": "7402.00000", "2018-10-31": "6149.00000", "2018-07-31": "6239.00000", "2018-04-30": "6888.90000", "2018-01-31": "6614.20000", "2017-10-31": "3904.10000", "2017-07-31": "4252.90000", "2017-04-30": "4114.80000", "2017-01-31": "3959.60000", "2016-10-31": "3340.50000", "2016-07-31": "3851.30000", "2016-04-30": "4061.00000", "2016-01-31": "4249.50000", "2015-10-31": "3817.00000", "2015-07-31": "4319.00000", "2015-04-30": "4624.20000", "2015-01-31": "4527.10000", "2014-10-31": "4209.70000", "2014-07-31": "5439.00000", "2014-04-30": "5849.60000", "2014-01-31": "5554.60000", "2013-10-31": "4934.70000", "2013-07-31": "5594.30000", "2013-04-30": "6173.00000", "2013-01-31": "6242.70000", "2012-10-31": "5170.00000", "2012-07-31": "5867.50000", "2012-04-30": "6112.40000", "2012-01-31": "5677.70000", "2011-10-31": "4370.60000", "2011-07-31": "4687.70000", "2011-04-30": "4687.00000", "2011-01-31": "4178.40000", "2010-10-31": "3063.00000", "2010-07-31": "3175.40000", "2010-04-30": "3002.90000", "2010-01-31": "2752.50000", "2009-10-31": "2397.30000", "2009-07-31": "3020.00000", "2009-04-30": "3551.00000", "2009-01-31": "3836.60000", "2008-10-31": "3041.80000", "2008-07-31": "3474.20000", "2008-04-30": "3570.80000", "2008-01-31": "3288.80000", "2007-10-31": "2337.30000", "2007-07-31": "2473.70000", "2007-04-30": "2572.80000", "2007-01-31": "2484.10000", "2006-10-31": "1957.30000", "2006-07-31": "2404.30000", "2006-04-30": "2711.80000", "2006-01-31": "2731.70000", "2005-10-31": "2134.90000", "2005-07-31": "2560.20000", "2005-04-30": "2890.00000", "2005-01-31": "2802.00000"}, "Pre-Paid Expenses": {"2020-10-31": "", "2020-07-31": "", "2020-04-30": "", "2020-01-31": "", "2019-10-31": "", "2019-07-31": "", "2019-04-30": "", "2019-01-31": "", "2018-10-31": "", "2018-07-31": "", "2018-04-30": "", "2018-01-31": "", "2017-10-31": "", "2017-07-31": "", "2017-04-30": "", "2017-01-31": "", "2016-10-31": "", "2016-07-31": "", "2016-04-30": "", "2016-01-31": "", "2015-10-31": "", "2015-07-31": "", "2015-04-30": "", "2015-01-31": "", "2014-10-31": "", "2014-07-31": "", "2014-04-30": "", "2014-01-31": "", "2013-10-31": "", "2013-07-31": "", "2013-04-30": "", "2013-01-31": "", "2012-10-31": "", "2012-07-31": "", "2012-04-30": "", "2012-01-31": "", "2011-10-31": "", "2011-07-31": "", "2011-04-30": "", "2011-01-31": "", "2010-10-31": "", "2010-07-31": "", "2010-04-30": "", "2010-01-31": "", "2009-10-31": "", "2009-07-31": "", "2009-04-30": "", "2009-01-31": "", "2008-10-31": "", "2008-07-31": "", "2008-04-30": "", "2008-01-31": "", "2007-10-31": "", "2007-07-31": "", "2007-04-30": "", "2007-01-31": "", "2006-10-31": "", "2006-07-31": "", "2006-04-30": "", "2006-01-31": "", "2005-10-31": "", "2005-07-31": "", "2005-04-30": "", "2005-01-31": ""}, "Other Current Assets": {"2020-10-31": "", "2020-07-31": "", "2020-04-30": "", "2020-01-31": "", "2019-10-31": "", "2019-07-31": "", "2019-04-30": "", "2019-01-31": "", "2018-10-31": "", "2018-07-31": "", "2018-04-30": "", "2018-01-31": "", "2017-10-31": "", "2017-07-31": "", "2017-04-30": "", "2017-01-31": "", "2016-10-31": "", "2016-07-31": "", "2016-04-30": "", "2016-01-31": "", "2015-10-31": "", "2015-07-31": "", "2015-04-30": "", "2015-01-31": "", "2014-10-31": "", "2014-07-31": "", "2014-04-30": "", "2014-01-31": "", "2013-10-31": "", "2013-07-31": "", "2013-04-30": "", "2013-01-31": "", "2012-10-31": "", "2012-07-31": "", "2012-04-30": "", "2012-01-31": "", "2011-10-31": "", "2011-07-31": "", "2011-04-30": "", "2011-01-31": "", "2010-10-31": "", "2010-07-31": "", "2010-04-30": "", "2010-01-31": "", "2009-10-31": "", "2009-07-31": "", "2009-04-30": "", "2009-01-31": "", "2008-10-31": "", "2008-07-31": "", "2008-04-30": "", "2008-01-31": "", "2007-10-31": "", "2007-07-31": "", "2007-04-30": "", "2007-01-31": "", "2006-10-31": "", "2006-07-31": "", "2006-04-30": "", "2006-01-31": "", "2005-10-31": "", "2005-07-31": "", "2005-04-30": "", "2005-01-31": ""}, "Total Current Assets": {"2020-10-31": "52581.00000", "2020-07-31": "54479.00000", "2020-04-30": "54868.00000", "2020-01-31": "49230.00000", "2019-10-31": "50754.00000", "2019-07-31": "51291.00000", "2019-04-30": "50904.00000", "2019-01-31": "48448.00000", "2018-10-31": "48381.00000", "2018-07-31": "48061.00000", "2018-04-30": "48225.00000", "2018-01-31": "45075.10000", "2017-10-31": "48114.30000", "2017-07-31": "45109.10000", "2017-04-30": "42218.30000", "2017-01-31": "39723.90000", "2016-10-31": "41004.90000", "2016-07-31": "41938.60000", "2016-04-30": "42676.10000", "2016-01-31": "40343.00000", "2015-10-31": "42135.80000", "2015-07-31": "43668.80000", "2015-04-30": "44496.30000", "2015-01-31": "42978.00000", "2014-10-31": "46044.40000", "2014-07-31": "47085.40000", "2014-04-30": "46693.50000", "2014-01-31": "43824.41000", "2013-10-31": "45102.70000", "2013-07-31": "44387.50000", "2013-04-30": "44357.80000", "2013-01-31": "41645.20000", "2012-10-31": "42719.00000", "2012-07-31": "40611.80000", "2012-04-30": "39235.10000", "2012-01-31": "36599.20000", "2011-10-31": "36306.70000", "2011-07-31": "35520.70000", "2011-04-30": "35234.00000", "2011-01-31": "31948.90000", "2010-10-31": "31430.60000", "2010-07-31": "30281.50000", "2010-04-30": "29638.80000", "2010-01-31": "29226.20000", "2009-10-31": "29123.90000", "2009-07-31": "29404.40000", "2009-04-30": "30269.50000", "2009-01-31": "29928.90000", "2008-10-31": "27836.60000", "2008-07-31": "29904.20000", "2008-04-30": "29612.30000", "2008-01-31": "27019.60000", "2007-10-31": "27840.30000", "2007-07-31": "27472.70000", "2007-04-30": "27333.20000", "2007-01-31": "24606.10000", "2006-10-31": "25344.40000", "2006-07-31": "25637.10000", "2006-04-30": "25246.60000", "2006-01-31": "23830.10000", "2005-10-31": "24548.70000", "2005-07-31": "24126.80000", "2005-04-30": "23030.80000", "2005-01-31": "20489.00000"}, "Property, Plant, And Equipment": {"2020-10-31": "5817.00000", "2020-07-31": "5754.00000", "2020-04-30": "5685.00000", "2020-01-31": "5900.00000", "2019-10-31": "5973.00000", "2019-07-31": "5798.00000", "2019-04-30": "5757.00000", "2019-01-31": "5785.00000", "2018-10-31": "5868.00000", "2018-07-31": "5638.00000", "2018-04-30": "5742.90000", "2018-01-31": "5781.20000", "2017-10-31": "5067.70000", "2017-07-31": "4968.50000", "2017-04-30": "4959.90000", "2017-01-31": "5030.40000", "2016-10-31": "5170.60000", "2016-07-31": "5047.30000", "2016-04-30": "5079.70000", "2016-01-31": "5039.20000", "2015-10-31": "5181.50000", "2015-07-31": "5126.40000", "2015-04-30": "5245.10000", "2015-01-31": "5347.50000", "2014-10-31": "5577.80000", "2014-07-31": "5385.50000", "2014-04-30": "5373.10000", "2014-01-31": "5351.00000", "2013-10-31": "5466.90000", "2013-07-31": "5107.60000", "2013-04-30": "5114.00000", "2013-01-31": "5042.60000", "2012-10-31": "5011.90000", "2012-07-31": "4463.40000", "2012-04-30": "4387.60000", "2012-01-31": "4303.80000", "2011-10-31": "4352.30000", "2011-07-31": "4068.90000", "2011-04-30": "3968.50000", "2011-01-31": "3781.50000", "2010-10-31": "3790.70000", "2010-07-31": "4398.60000", "2010-04-30": "4430.40000", "2010-01-31": "4424.80000", "2009-10-31": "4532.20000", "2009-07-31": "4411.00000", "2009-04-30": "4254.80000", "2009-01-31": "4149.40000", "2008-10-31": "4127.70000", "2008-07-31": "3938.50000", "2008-04-30": "3784.00000", "2008-01-31": "3651.70000", "2007-10-31": "3534.00000", "2007-07-31": "3228.50000", "2007-04-30": "3100.20000", "2007-01-31": "2951.00000", "2006-10-31": "2763.60000", "2006-07-31": "2534.30000", "2006-04-30": "2449.90000", "2006-01-31": "2393.30000", "2005-10-31": "2343.30000", "2005-07-31": "2159.80000", "2005-04-30": "2155.50000", "2005-01-31": "2136.90000"}, "Long-Term Investments": {"2020-10-31": "193.00000", "2020-07-31": "199.00000", "2020-04-30": "192.00000", "2020-01-31": "217.00000", "2019-10-31": "215.00000", "2019-07-31": "219.00000", "2019-04-30": "235.00000", "2019-01-31": "212.00000", "2018-10-31": "207.00000", "2018-07-31": "199.00000", "2018-04-30": "202.10000", "2018-01-31": "194.00000", "2017-10-31": "182.50000", "2017-07-31": "220.80000", "2017-04-30": "215.70000", "2017-01-31": "220.90000", "2016-10-31": "232.60000", "2016-07-31": "246.20000", "2016-04-30": "236.70000", "2016-01-31": "299.50000", "2015-10-31": "303.50000", "2015-07-31": "310.60000", "2015-04-30": "299.20000", "2015-01-31": "301.60000", "2014-10-31": "303.20000", "2014-07-31": "310.20000", "2014-04-30": "308.50000", "2014-01-31": "297.50000", "2013-10-31": "221.40000", "2013-07-31": "214.20000", "2013-04-30": "230.00000", "2013-01-31": "201.50000", "2012-10-31": "215.00000", "2012-07-31": "217.80000", "2012-04-30": "233.70000", "2012-01-31": "226.00000", "2011-10-31": "201.70000", "2011-07-31": "224.70000", "2011-04-30": "220.90000", "2011-01-31": "215.30000", "2010-10-31": "244.50000", "2010-07-31": "232.70000", "2010-04-30": "227.00000", "2010-01-31": "220.40000", "2009-10-31": "212.80000", "2009-07-31": "214.30000", "2009-04-30": "207.60000", "2009-01-31": "213.70000", "2008-10-31": "224.40000", "2008-07-31": "215.10000", "2008-04-30": "167.40000", "2008-01-31": "157.10000", "2007-10-31": "149.50000", "2007-07-31": "140.00000", "2007-04-30": "138.60000", "2007-01-31": "124.90000", "2006-10-31": "124.00000", "2006-07-31": "112.10000", "2006-04-30": "109.80000", "2006-01-31": "106.20000", "2005-10-31": "106.70000", "2005-07-31": "112.50000", "2005-04-30": "109.70000", "2005-01-31": "103.70000"}, "Goodwill And Intangible Assets": {"2020-10-31": "4408.00000", "2020-07-31": "4285.00000", "2020-04-30": "4228.00000", "2020-01-31": "4294.00000", "2019-10-31": "4297.00000", "2019-07-31": "4457.00000", "2019-04-30": "4501.00000", "2019-01-31": "4555.00000", "2018-10-31": "4663.00000", "2018-07-31": "4628.00000", "2018-04-30": "4880.90000", "2018-01-31": "4771.30000", "2017-10-31": "1251.30000", "2017-07-31": "937.80000", "2017-04-30": "897.00000", "2017-01-31": "904.70000", "2016-10-31": "919.80000", "2016-07-31": "933.10000", "2016-04-30": "955.50000", "2016-01-31": "778.30000", "2015-10-31": "789.60000", "2015-07-31": "773.70000", "2015-04-30": "797.40000", "2015-01-31": "803.60000", "2014-10-31": "860.00000", "2014-07-31": "899.20000", "2014-04-30": "910.80000", "2014-01-31": "909.20000", "2013-10-31": "921.90000", "2013-07-31": "1005.40000", "2013-04-30": "1016.70000", "2013-01-31": "1032.50000", "2012-10-31": "1026.20000", "2012-07-31": "1041.40000", "2012-04-30": "1079.50000", "2012-01-31": "1084.30000", "2011-10-31": "1127.20000", "2011-07-31": "1156.60000", "2011-04-30": "1169.40000", "2011-01-31": "1130.40000", "2010-10-31": "1115.60000", "2010-07-31": "1119.00000", "2010-04-30": "1135.70000", "2010-01-31": "1140.70000", "2009-10-31": "1172.80000", "2009-07-31": "1435.70000", "2009-04-30": "1401.90000", "2009-01-31": "1393.00000", "2008-10-31": "1386.00000", "2008-07-31": "1513.20000", "2008-04-30": "1405.30000", "2008-01-31": "1379.50000", "2007-10-31": "1365.30000", "2007-07-31": "1321.30000", "2007-04-30": "1194.90000", "2007-01-31": "1170.10000", "2006-10-31": "1166.40000", "2006-07-31": "1169.00000", "2006-04-30": "1136.60000", "2006-01-31": "1123.50000", "2005-10-31": "1106.80000", "2005-07-31": "1065.90000", "2005-04-30": "994.80000", "2005-01-31": "1005.90000"}, "Other Long-Term Assets": {"2020-10-31": "10593.00000", "2020-07-31": "11013.00000", "2020-04-30": "10918.00000", "2020-01-31": "10766.00000", "2019-10-31": "10306.00000", "2019-07-31": "10677.00000", "2019-04-30": "10294.00000", "2019-01-31": "10084.00000", "2018-10-31": "10181.00000", "2018-07-31": "9219.00000", "2018-04-30": "9103.60000", "2018-01-31": "8879.69900", "2017-10-31": "8755.50000", "2017-07-31": "8046.00000", "2017-04-30": "7636.00000", "2017-01-31": "7458.80000", "2016-10-31": "7626.20000", "2016-07-31": "7761.30000", "2016-04-30": "7486.30000", "2016-01-31": "6995.40000", "2015-10-31": "6769.90000", "2015-07-31": "6347.70000", "2015-04-30": "6096.60000", "2015-01-31": "6275.30000", "2014-10-31": "5774.40000", "2014-07-31": "5504.20000", "2014-04-30": "5118.40000", "2014-01-31": "4953.70000", "2013-10-31": "5483.00000", "2013-07-31": "4154.10000", "2013-04-30": "4063.40000", "2013-01-31": "3936.20000", "2012-10-31": "4013.30000", "2012-07-31": "3835.10000", "2012-04-30": "3524.80000", "2012-01-31": "3484.10000", "2011-10-31": "3360.90000", "2011-07-31": "3339.10000", "2011-04-30": "3166.90000", "2011-01-31": "3155.20000", "2010-10-31": "4208.30000", "2010-07-31": "3186.00000", "2010-04-30": "2988.80000", "2010-01-31": "3018.40000", "2009-10-31": "3191.70000", "2009-07-31": "4365.80000", "2009-04-30": "4095.10000", "2009-01-31": "2675.50000", "2008-10-31": "2613.30000", "2008-07-31": "4552.50000", "2008-04-30": "4469.70000", "2008-01-31": "4556.00000", "2007-10-31": "2311.10000", "2007-07-31": "4738.30000", "2007-04-30": "4644.70000", "2007-01-31": "4709.80000", "2006-10-31": "2097.40000", "2006-07-31": "1897.70000", "2006-04-30": "1819.20000", "2006-01-31": "1853.70000", "2005-10-31": "1755.40000", "2005-07-31": "1732.80000", "2005-04-30": "1664.70000", "2005-01-31": "1700.10000"}, "Total Long-Term Assets": {"2020-10-31": "22510.00000", "2020-07-31": "22785.00000", "2020-04-30": "22458.00000", "2020-01-31": "22591.00000", "2019-10-31": "22257.00000", "2019-07-31": "22239.00000", "2019-04-30": "21826.00000", "2019-01-31": "21470.00000", "2018-10-31": "21727.00000", "2018-07-31": "21329.00000", "2018-04-30": "21648.00000", "2018-01-31": "21502.40000", "2017-10-31": "17672.00000", "2017-07-31": "17240.80000", "2017-04-30": "16750.50000", "2017-01-31": "16572.30000", "2016-10-31": "16913.60000", "2016-07-31": "16600.50000", "2016-04-30": "16440.10000", "2016-01-31": "15629.00000", "2015-10-31": "15811.80000", "2015-07-31": "15263.40000", "2015-04-30": "15097.70000", "2015-01-31": "15312.10000", "2014-10-31": "15292.00000", "2014-07-31": "14663.10000", "2014-04-30": "14168.90000", "2014-01-31": "13834.80000", "2013-10-31": "14418.60000", "2013-07-31": "13949.40000", "2013-04-30": "13797.30000", "2013-01-31": "13524.40000", "2012-10-31": "13546.80000", "2012-07-31": "12586.80000", "2012-04-30": "12170.20000", "2012-01-31": "11977.70000", "2011-10-31": "11900.70000", "2011-07-31": "11614.40000", "2011-04-30": "11351.50000", "2011-01-31": "10946.90000", "2010-10-31": "11836.20000", "2010-07-31": "11528.80000", "2010-04-30": "11375.30000", "2010-01-31": "11554.50000", "2009-10-31": "12008.70000", "2009-07-31": "11982.30000", "2009-04-30": "11531.30000", "2009-01-31": "12403.20000", "2008-10-31": "10898.00000", "2008-07-31": "11783.50000", "2008-04-30": "11359.60000", "2008-01-31": "11195.70000", "2007-10-31": "10735.40000", "2007-07-31": "10157.90000", "2007-04-30": "9834.90000", "2007-01-31": "9541.00000", "2006-10-31": "9376.00000", "2006-07-31": "9130.70000", "2006-04-30": "8848.20000", "2006-01-31": "9227.20000", "2005-10-31": "9088.10000", "2005-07-31": "8925.20000", "2005-04-30": "8662.80000", "2005-01-31": "8459.10000"}, "Total Assets": {"2020-10-31": "75091.00000", "2020-07-31": "77264.00000", "2020-04-30": "77326.00000", "2020-01-31": "71821.00000", "2019-10-31": "73011.00000", "2019-07-31": "73530.00000", "2019-04-30": "72730.00000", "2019-01-31": "69918.00000", "2018-10-31": "70108.00000", "2018-07-31": "69390.00000", "2018-04-30": "69873.00000", "2018-01-31": "66577.50000", "2017-10-31": "65786.30000", "2017-07-31": "62349.90000", "2017-04-30": "58968.80000", "2017-01-31": "56296.20000", "2016-10-31": "57918.50000", "2016-07-31": "58539.10000", "2016-04-30": "59116.20000", "2016-01-31": "55972.00000", "2015-10-31": "57947.60000", "2015-07-31": "58932.20000", "2015-04-30": "59594.00000", "2015-01-31": "58290.10000", "2014-10-31": "61336.40000", "2014-07-31": "61748.50000", "2014-04-30": "60862.40000", "2014-01-31": "57659.20000", "2013-10-31": "59521.30000", "2013-07-31": "58336.90000", "2013-04-30": "58155.10000", "2013-01-31": "55169.60000", "2012-10-31": "56265.80000", "2012-07-31": "53198.60000", "2012-04-30": "51405.30000", "2012-01-31": "48576.90000", "2011-10-31": "48207.40000", "2011-07-31": "47135.10000", "2011-04-30": "46585.50000", "2011-01-31": "42895.80000", "2010-10-31": "43266.80000", "2010-07-31": "41810.30000", "2010-04-30": "41014.10000", "2010-01-31": "40780.70000", "2009-10-31": "41132.60000", "2009-07-31": "41386.70000", "2009-04-30": "41800.80000", "2009-01-31": "41339.60000", "2008-10-31": "38734.60000", "2008-07-31": "41687.70000", "2008-04-30": "40971.90000", "2008-01-31": "38215.30000", "2007-10-31": "38575.70000", "2007-07-31": "37630.60000", "2007-04-30": "37168.10000", "2007-01-31": "34147.10000", "2006-10-31": "34720.40000", "2006-07-31": "34767.80000", "2006-04-30": "34094.80000", "2006-01-31": "33057.30000", "2005-10-31": "33636.80000", "2005-07-31": "33052.00000", "2005-04-30": "31693.60000", "2005-01-31": "28948.10000"}, "Total Current Liabilities": {"2020-10-31": "23481.00000", "2020-07-31": "24081.00000", "2020-04-30": "24982.00000", "2020-01-31": "23201.00000", "2019-10-31": "24903.00000", "2019-07-31": "25716.00000", "2019-04-30": "26290.00000", "2019-01-31": "24432.00000", "2018-10-31": "25259.00000", "2018-07-31": "25126.00000", "2018-04-30": "25231.00000", "2018-01-31": "22779.50000", "2017-10-31": "22692.90000", "2017-07-31": "21477.10000", "2017-04-30": "19505.70000", "2017-01-31": "18091.00000", "2016-10-31": "19230.20000", "2016-07-31": "19956.90000", "2016-04-30": "20301.30000", "2016-01-31": "17975.60000", "2015-10-31": "20408.70000", "2015-07-31": "21252.80000", "2015-04-30": "21082.00000", "2015-01-31": "19051.70000", "2014-10-31": "21232.80000", "2014-07-31": "21246.90000", "2014-04-30": "21377.30000", "2014-01-31": "19567.20000", "2013-10-31": "21978.50000", "2013-07-31": "20379.90000", "2013-04-30": "20478.50000", "2013-01-31": "17646.40000", "2012-10-31": "19091.40000", "2012-07-31": "18241.90000", "2012-04-30": "18764.30000", "2012-01-31": "18050.40000", "2011-10-31": "17552.20000", "2011-07-31": "17573.90000", "2011-04-30": "16864.10000", "2011-01-31": "13645.50000", "2010-10-31": "14219.70000", "2010-07-31": "13502.50000", "2010-04-30": "12037.90000", "2010-01-31": "12534.10000", "2009-10-31": "12585.30000", "2009-07-31": "13714.30000", "2009-04-30": "14620.60000", "2009-01-31": "14976.30000", "2008-10-31": "15083.30000", "2008-07-31": "16998.00000", "2008-04-30": "17158.10000", "2008-01-31": "15155.30000", "2007-10-31": "15738.10000", "2007-07-31": "15678.00000", "2007-04-30": "15079.10000", "2007-01-31": "13303.30000", "2006-10-31": "12787.50000", "2006-07-31": "13164.50000", "2006-04-30": "12349.40000", "2006-01-31": "10657.80000", "2005-10-31": "11559.80000", "2005-07-31": "10672.60000", "2005-04-30": "9923.10100", "2005-01-31": "7828.10000"}, "Long Term Debt": {"2020-10-31": "32734.00000", "2020-07-31": "34037.00000", "2020-04-30": "34324.00000", "2020-01-31": "30475.00000", "2019-10-31": "30229.00000", "2019-07-31": "29242.00000", "2019-04-30": "28255.00000", "2019-01-31": "27855.00000", "2018-10-31": "27237.00000", "2018-07-31": "26838.00000", "2018-04-30": "26278.60000", "2018-01-31": "26421.80000", "2017-10-31": "25891.30000", "2017-07-31": "23674.30000", "2017-04-30": "23253.10000", "2017-01-31": "22916.60000", "2016-10-31": "23703.00000", "2016-07-31": "24068.90000", "2016-04-30": "24587.70000", "2016-01-31": "24474.40000", "2015-10-31": "23832.80000", "2015-07-31": "23200.90000", "2015-04-30": "23622.80000", "2015-01-31": "24106.70000", "2014-10-31": "24380.70000", "2014-07-31": "24035.50000", "2014-04-30": "23166.90000", "2014-01-31": "22265.20000", "2013-10-31": "21577.70000", "2013-07-31": "21698.70000", "2013-04-30": "21752.90000", "2013-01-31": "22170.20000", "2012-10-31": "22453.10000", "2012-07-31": "21157.20000", "2012-04-30": "18719.40000", "2012-01-31": "16924.00000", "2011-10-31": "16959.90000", "2011-07-31": "15892.50000", "2011-04-30": "16192.20000", "2011-01-31": "16705.90000", "2010-10-31": "16814.50000", "2010-07-31": "16374.20000", "2010-04-30": "17375.80000", "2010-01-31": "17090.60000", "2009-10-31": "17391.70000", "2009-07-31": "16720.90000", "2009-04-30": "16850.20000", "2009-01-31": "16574.70000", "2008-10-31": "13898.50000", "2008-07-31": "13397.40000", "2008-04-30": "12752.00000", "2008-01-31": "12344.40000", "2007-10-31": "11798.20000", "2007-07-31": "11096.10000", "2007-04-30": "11275.60000", "2007-01-31": "10571.10000", "2006-10-31": "11584.00000", "2006-07-31": "11240.30000", "2006-04-30": "11479.80000", "2006-01-31": "12201.40000", "2005-10-31": "11738.80000", "2005-07-31": "11738.20000", "2005-04-30": "11324.30000", "2005-01-31": "10954.70000"}, "Other Non-Current Liabilities": {"2020-10-31": "", "2020-07-31": "", "2020-04-30": "", "2020-01-31": "", "2019-10-31": "", "2019-07-31": "", "2019-04-30": "", "2019-01-31": "", "2018-10-31": "", "2018-07-31": "", "2018-04-30": "", "2018-01-31": "", "2017-10-31": "", "2017-07-31": "", "2017-04-30": "", "2017-01-31": "", "2016-10-31": "", "2016-07-31": "", "2016-04-30": "", "2016-01-31": "", "2015-10-31": "", "2015-07-31": "", "2015-04-30": "", "2015-01-31": "266.80000", "2014-10-31": "", "2014-07-31": "", "2014-04-30": "49.80000", "2014-01-31": "", "2013-10-31": "120.40000", "2013-07-31": "", "2013-04-30": "", "2013-01-31": "", "2012-10-31": "", "2012-07-31": "", "2012-04-30": "", "2012-01-31": "", "2011-10-31": "", "2011-07-31": "", "2011-04-30": "", "2011-01-31": "", "2010-10-31": "", "2010-07-31": "", "2010-04-30": "", "2010-01-31": "", "2009-10-31": "", "2009-07-31": "", "2009-04-30": "", "2009-01-31": "", "2008-10-31": "", "2008-07-31": "", "2008-04-30": "", "2008-01-31": "", "2007-10-31": "", "2007-07-31": "", "2007-04-30": "", "2007-01-31": "", "2006-10-31": "", "2006-07-31": "", "2006-04-30": "", "2006-01-31": "", "2005-10-31": "", "2005-07-31": "", "2005-04-30": "", "2005-01-31": ""}, "Total Long Term Liabilities": {"2020-10-31": "38666.00000", "2020-07-31": "40292.00000", "2020-04-30": "40479.00000", "2020-01-31": "36690.00000", "2019-10-31": "36691.00000", "2019-07-31": "35544.00000", "2019-04-30": "34516.00000", "2019-01-31": "34153.00000", "2018-10-31": "33558.00000", "2018-07-31": "33898.00000", "2018-04-30": "34222.00000", "2018-01-31": "34533.10000", "2017-10-31": "33532.90000", "2017-07-31": "32297.90000", "2017-04-30": "31769.30000", "2017-01-31": "31369.90000", "2016-10-31": "32157.50000", "2016-07-31": "31142.50000", "2016-04-30": "31638.20000", "2016-01-31": "31392.60000", "2015-10-31": "30781.30000", "2015-07-31": "29954.40000", "2015-04-30": "30336.00000", "2015-01-31": "30989.60000", "2014-10-31": "31038.10000", "2014-07-31": "29669.10000", "2014-04-30": "28817.50000", "2014-01-31": "27834.20000", "2013-10-31": "27275.10000", "2013-07-31": "29365.40000", "2013-04-30": "29409.80000", "2013-01-31": "30037.70000", "2012-10-31": "30312.40000", "2012-07-31": "27542.10000", "2012-04-30": "25245.00000", "2012-01-31": "23747.30000", "2011-10-31": "23840.30000", "2011-07-31": "22021.20000", "2011-04-30": "22287.80000", "2011-01-31": "22663.60000", "2010-10-31": "22743.70000", "2010-07-31": "22182.00000", "2010-04-30": "23316.80000", "2010-01-31": "23260.60000", "2009-10-31": "23724.50000", "2009-07-31": "20244.70000", "2009-04-30": "20307.30000", "2009-01-31": "19803.60000", "2008-10-31": "17118.60000", "2008-07-31": "17149.70000", "2008-04-30": "16464.20000", "2008-01-31": "16021.60000", "2007-10-31": "15681.80000", "2007-07-31": "13891.50000", "2007-04-30": "14129.40000", "2007-01-31": "13267.90000", "2006-10-31": "14441.70000", "2006-07-31": "14034.00000", "2006-04-30": "14185.10000", "2006-01-31": "15520.40000", "2005-10-31": "15225.50000", "2005-07-31": "15442.40000", "2005-04-30": "15030.80000", "2005-01-31": "14621.90000"}, "Total Liabilities": {"2020-10-31": "62147.00000", "2020-07-31": "64373.00000", "2020-04-30": "65461.00000", "2020-01-31": "59891.00000", "2019-10-31": "61594.00000", "2019-07-31": "61260.00000", "2019-04-30": "60806.00000", "2019-01-31": "58585.00000", "2018-10-31": "58817.00000", "2018-07-31": "59024.00000", "2018-04-30": "59453.00000", "2018-01-31": "57312.60000", "2017-10-31": "56225.80000", "2017-07-31": "53775.00000", "2017-04-30": "51275.00000", "2017-01-31": "49460.90000", "2016-10-31": "51387.70000", "2016-07-31": "51099.40000", "2016-04-30": "51939.50000", "2016-01-31": "49368.20000", "2015-10-31": "51190.00000", "2015-07-31": "51207.20000", "2015-04-30": "51418.00000", "2015-01-31": "50041.30000", "2014-10-31": "52270.90000", "2014-07-31": "50916.00000", "2014-04-30": "50194.80000", "2014-01-31": "47401.40000", "2013-10-31": "49253.60000", "2013-07-31": "49745.30000", "2013-04-30": "49888.30000", "2013-01-31": "47684.10000", "2012-10-31": "49403.80000", "2012-07-31": "45784.00000", "2012-04-30": "44009.30000", "2012-01-31": "41797.70000", "2011-10-31": "41392.50000", "2011-07-31": "39595.10000", "2011-04-30": "39151.90000", "2011-01-31": "36309.10000", "2010-10-31": "36963.40000", "2010-07-31": "35684.50000", "2010-04-30": "35354.70000", "2010-01-31": "35794.70000", "2009-10-31": "36309.80000", "2009-07-31": "33959.00000", "2009-04-30": "34927.90000", "2009-01-31": "34779.90000", "2008-10-31": "32201.90000", "2008-07-31": "34147.70000", "2008-04-30": "33622.30000", "2008-01-31": "31176.90000", "2007-10-31": "31419.90000", "2007-07-31": "29569.50000", "2007-04-30": "29208.50000", "2007-01-31": "26571.20000", "2006-10-31": "27229.20000", "2006-07-31": "27198.50000", "2006-04-30": "26534.50000", "2006-01-31": "26178.20000", "2005-10-31": "26785.30000", "2005-07-31": "26115.00000", "2005-04-30": "24953.90000", "2005-01-31": "22450.00000"}, "Common Stock Net": {"2020-10-31": "4895.00000", "2020-07-31": "4750.00000", "2020-04-30": "4713.00000", "2020-01-31": "4675.00000", "2019-10-31": "4642.00000", "2019-07-31": "4599.00000", "2019-04-30": "4559.00000", "2019-01-31": "4512.00000", "2018-10-31": "4474.00000", "2018-07-31": "4451.00000", "2018-04-30": "4423.40000", "2018-01-31": "4374.00000", "2017-10-31": "4280.50000", "2017-07-31": "4245.10000", "2017-04-30": "4165.40000", "2017-01-31": "4079.10000", "2016-10-31": "3911.80000", "2016-07-31": "3883.90000", "2016-04-30": "3862.00000", "2016-01-31": "3843.10000", "2015-10-31": "3825.60000", "2015-07-31": "3806.50000", "2015-04-30": "3745.20000", "2015-01-31": "3714.00000", "2014-10-31": "3675.40000", "2014-07-31": "3652.80000", "2014-04-30": "3621.60000", "2014-01-31": "3571.30000", "2013-10-31": "3524.20000", "2013-07-31": "3498.70000", "2013-04-30": "3474.40000", "2013-01-31": "3434.30000", "2012-10-31": "3352.20000", "2012-07-31": "3320.10000", "2012-04-30": "3298.90000", "2012-01-31": "3276.80000", "2011-10-31": "3251.70000", "2011-07-31": "3231.10000", "2011-04-30": "3211.70000", "2011-01-31": "3154.60000", "2010-10-31": "3106.30000", "2010-07-31": "3075.00000", "2010-04-30": "3058.10000", "2010-01-31": "3040.10000", "2009-10-31": "2996.20000", "2009-07-31": "2988.10000", "2009-04-30": "2976.60000", "2009-01-31": "2968.20000", "2008-10-31": "2934.00000", "2008-07-31": "2931.00000", "2008-04-30": "2908.80000", "2008-01-31": "2882.40000", "2007-10-31": "2777.00000", "2007-07-31": "2455.40000", "2007-04-30": "2386.50000", "2007-01-31": "2299.60000", "2006-10-31": "2203.50000", "2006-07-31": "2190.10000", "2006-04-30": "2157.50000", "2006-01-31": "2100.70000", "2005-10-31": "2081.70000", "2005-07-31": "2043.50000", "2005-04-30": "2043.50000", "2005-01-31": "2043.50000"}, "Retained Earnings (Accumulated Deficit)": {"2020-10-31": "31646.00000", "2020-07-31": "31128.00000", "2020-04-30": "30556.00000", "2020-01-31": "30129.00000", "2019-10-31": "29852.00000", "2019-07-31": "29369.00000", "2019-04-30": "28709.00000", "2019-01-31": "27816.00000", "2018-10-31": "27553.00000", "2018-07-31": "26272.00000", "2018-04-30": "25586.00000", "2018-01-31": "24571.90000", "2017-10-31": "25301.30000", "2017-07-31": "24984.20000", "2017-04-30": "24535.80000", "2017-01-31": "23919.60000", "2016-10-31": "23911.30000", "2016-07-31": "23815.00000", "2016-04-30": "23514.70000", "2016-01-31": "23209.10000", "2015-10-31": "23144.80000", "2015-07-31": "22986.50000", "2015-04-30": "22673.40000", "2015-01-31": "22185.20000", "2014-10-31": "22004.40000", "2014-07-31": "21564.60000", "2014-04-30": "20931.30000", "2014-01-31": "20136.90000", "2013-10-31": "19645.60000", "2013-07-31": "19031.50000", "2013-04-30": "18231.50000", "2013-01-31": "17346.10000", "2012-10-31": "16875.20000", "2012-07-31": "16366.50000", "2012-04-30": "15759.40000", "2012-01-31": "14887.10000", "2011-10-31": "14519.40000", "2011-07-31": "14017.70000", "2011-04-30": "13476.30000", "2011-01-31": "12719.20000", "2010-10-31": "12353.10000", "2010-07-31": "12023.10000", "2010-04-30": "11533.40000", "2010-01-31": "11105.00000", "2009-10-31": "10980.50000", "2009-07-31": "11321.70000", "2009-04-30": "11020.00000", "2009-01-31": "10666.10000", "2008-10-31": "10580.60000", "2008-07-31": "10353.80000", "2008-04-30": "9898.70000", "2008-01-31": "9243.40000", "2007-10-31": "9031.70000", "2007-07-31": "8988.10000", "2007-04-30": "8549.30000", "2007-01-31": "8025.30000", "2006-10-31": "7886.80000", "2006-07-31": "7697.50000", "2006-04-30": "7353.00000", "2006-01-31": "6700.00000", "2005-10-31": "6556.10000", "2005-07-31": "6401.00000", "2005-04-30": "6106.10000", "2005-01-31": "5583.70000"}, "Comprehensive Income": {"2020-10-31": "-5539.00000", "2020-07-31": "-5319.00000", "2020-04-30": "-5715.00000", "2020-01-31": "-5329.00000", "2019-10-31": "-5607.00000", "2019-07-31": "-4581.00000", "2019-04-30": "-4610.00000", "2019-01-31": "-4578.00000", "2018-10-31": "-4427.00000", "2018-07-31": "-4553.00000", "2018-04-30": "-4173.20000", "2018-01-31": "-4289.00000", "2017-10-31": "-4563.70000", "2017-07-31": "-5179.80000", "2017-04-30": "-5495.50000", "2017-01-31": "-5604.50000", "2016-10-31": "-5626.00000", "2016-07-31": "-4582.20000", "2016-04-30": "-4518.80000", "2016-01-31": "-4860.10000", "2015-10-31": "-4729.40000", "2015-07-31": "-4507.40000", "2015-04-30": "-4293.60000", "2015-01-31": "-4245.00000", "2014-10-31": "-3783.00000", "2014-07-31": "-2644.70000", "2014-04-30": "-2663.50000", "2014-01-31": "-2809.40000", "2013-10-31": "-2693.10000", "2013-07-31": "-4498.80000", "2013-04-30": "-4454.00000", "2013-01-31": "-4479.50000", "2012-10-31": "-4571.50000", "2012-07-31": "-3814.60000", "2012-04-30": "-3674.30000", "2012-01-31": "-3743.90000", "2011-10-31": "-3678.00000", "2011-07-31": "-2997.30000", "2011-04-30": "-3027.20000", "2011-01-31": "-3292.00000", "2010-10-31": "-3379.60000", "2010-07-31": "-3384.90000", "2010-04-30": "-3419.10000", "2010-01-31": "-3624.70000", "2009-10-31": "-3593.30000", "2009-07-31": "-1312.40000", "2009-04-30": "-1548.30000", "2009-01-31": "-1496.70000", "2008-10-31": "-1387.30000", "2008-07-31": "-467.40000", "2008-04-30": "-523.50000", "2008-01-31": "-638.00000", "2007-10-31": "-637.50000", "2007-07-31": "255.90000", "2007-04-30": "179.50000", "2007-01-31": "68.60000", "2006-10-31": "74.30000", "2006-07-31": "41.50000", "2006-04-30": "54.20000", "2006-01-31": "4.90000", "2005-10-31": "-26.40000", "2005-07-31": "-18.10000", "2005-04-30": "3.70000", "2005-01-31": "-2.80000"}, "Other Share Holders Equity": {"2020-10-31": "", "2020-07-31": "", "2020-04-30": "", "2020-01-31": "", "2019-10-31": "", "2019-07-31": "", "2019-04-30": "", "2019-01-31": "", "2018-10-31": "", "2018-07-31": "", "2018-04-30": "", "2018-01-31": "", "2017-10-31": "", "2017-07-31": "", "2017-04-30": "", "2017-01-31": "", "2016-10-31": "", "2016-07-31": "", "2016-04-30": "", "2016-01-31": "", "2015-10-31": "", "2015-07-31": "", "2015-04-30": "", "2015-01-31": "", "2014-10-31": "", "2014-07-31": "", "2014-04-30": "", "2014-01-31": "", "2013-10-31": "", "2013-07-31": "", "2013-04-30": "", "2013-01-31": "", "2012-10-31": "", "2012-07-31": "", "2012-04-30": "", "2012-01-31": "", "2011-10-31": "", "2011-07-31": "", "2011-04-30": "", "2011-01-31": "", "2010-10-31": "", "2010-07-31": "", "2010-04-30": "", "2010-01-31": "", "2009-10-31": "", "2009-07-31": "", "2009-04-30": "", "2009-01-31": "", "2008-10-31": "", "2008-07-31": "", "2008-04-30": "", "2008-01-31": "", "2007-10-31": "", "2007-07-31": "", "2007-04-30": "", "2007-01-31": "", "2006-10-31": "", "2006-07-31": "", "2006-04-30": "", "2006-01-31": "", "2005-10-31": "", "2005-07-31": "", "2005-04-30": "", "2005-01-31": ""}, "Share Holder Equity": {"2020-10-31": "12944.00000", "2020-07-31": "12891.00000", "2020-04-30": "11865.00000", "2020-01-31": "11930.00000", "2019-10-31": "11417.00000", "2019-07-31": "12270.00000", "2019-04-30": "11924.00000", "2019-01-31": "11333.00000", "2018-10-31": "11291.00000", "2018-07-31": "10366.00000", "2018-04-30": "10420.00000", "2018-01-31": "9264.90000", "2017-10-31": "9560.50000", "2017-07-31": "8574.90000", "2017-04-30": "7693.80000", "2017-01-31": "6835.30000", "2016-10-31": "6530.80000", "2016-07-31": "7439.70000", "2016-04-30": "7176.70000", "2016-01-31": "6603.80000", "2015-10-31": "6757.60000", "2015-07-31": "7725.00000", "2015-04-30": "8176.00000", "2015-01-31": "8248.80000", "2014-10-31": "9065.50000", "2014-07-31": "10832.50000", "2014-04-30": "10667.60000", "2014-01-31": "10257.80000", "2013-10-31": "10267.70000", "2013-07-31": "8591.60000", "2013-04-30": "8266.80000", "2013-01-31": "7485.50000", "2012-10-31": "6862.00000", "2012-07-31": "7414.60000", "2012-04-30": "7396.00000", "2012-01-31": "6779.20000", "2011-10-31": "6814.90000", "2011-07-31": "7540.00000", "2011-04-30": "7433.60000", "2011-01-31": "6586.70000", "2010-10-31": "6303.40000", "2010-07-31": "6125.80000", "2010-04-30": "5659.40000", "2010-01-31": "4986.00000", "2009-10-31": "4822.80000", "2009-07-31": "7427.70000", "2009-04-30": "6872.90000", "2009-01-31": "6559.70000", "2008-10-31": "6532.70000", "2008-07-31": "7540.00000", "2008-04-30": "7349.60000", "2008-01-31": "7038.40000", "2007-10-31": "7155.80000", "2007-07-31": "8061.10000", "2007-04-30": "7959.60000", "2007-01-31": "7575.90000", "2006-10-31": "7491.20000", "2006-07-31": "7569.30000", "2006-04-30": "7560.30000", "2006-01-31": "6879.10000", "2005-10-31": "6851.50000", "2005-07-31": "6937.00000", "2005-04-30": "6739.70000", "2005-01-31": "6498.10000"}, "Total Liabilities And Share Holders Equity": {"2020-10-31": "75091.00000", "2020-07-31": "77264.00000", "2020-04-30": "77326.00000", "2020-01-31": "71821.00000", "2019-10-31": "73011.00000", "2019-07-31": "73530.00000", "2019-04-30": "72730.00000", "2019-01-31": "69918.00000", "2018-10-31": "70108.00000", "2018-07-31": "69390.00000", "2018-04-30": "69873.00000", "2018-01-31": "66577.50000", "2017-10-31": "65786.30000", "2017-07-31": "62349.90000", "2017-04-30": "58968.80000", "2017-01-31": "56296.20000", "2016-10-31": "57918.50000", "2016-07-31": "58539.10000", "2016-04-30": "59116.20000", "2016-01-31": "55972.00000", "2015-10-31": "57947.60000", "2015-07-31": "58932.20000", "2015-04-30": "59594.00000", "2015-01-31": "58290.10000", "2014-10-31": "61336.40000", "2014-07-31": "61748.50000", "2014-04-30": "60862.40000", "2014-01-31": "57659.20000", "2013-10-31": "59521.30000", "2013-07-31": "58336.90000", "2013-04-30": "58155.10000", "2013-01-31": "55169.60000", "2012-10-31": "56265.80000", "2012-07-31": "53198.60000", "2012-04-30": "51405.30000", "2012-01-31": "48576.90000", "2011-10-31": "48207.40000", "2011-07-31": "47135.10000", "2011-04-30": "46585.50000", "2011-01-31": "42895.80000", "2010-10-31": "43266.80000", "2010-07-31": "41810.30000", "2010-04-30": "41014.10000", "2010-01-31": "40780.70000", "2009-10-31": "41132.60000", "2009-07-31": "41386.70000", "2009-04-30": "41800.80000", "2009-01-31": "41339.60000", "2008-10-31": "38734.60000", "2008-07-31": "41687.70000", "2008-04-30": "40971.90000", "2008-01-31": "38215.30000", "2007-10-31": "38575.70000", "2007-07-31": "37630.60000", "2007-04-30": "37168.10000", "2007-01-31": "34147.10000", "2006-10-31": "34720.40000", "2006-07-31": "34767.80000", "2006-04-30": "34094.80000", "2006-01-31": "33057.30000", "2005-10-31": "33636.80000", "2005-07-31": "33052.00000", "2005-04-30": "31693.60000", "2005-01-31": "28948.10000"}}, "cash flow statement": {"Net Income/Loss": {"2020-10-31": "2753.00000", "2019-10-31": "3257.00000", "2018-10-31": "2371.00000", "2017-10-31": "2159.00000", "2016-10-31": "1521.50000", "2015-10-31": "1940.90000", "2014-10-31": "3163.30000", "2013-10-31": "3537.60000", "2012-10-31": "3071.60000", "2011-10-31": "2807.80000", "2010-10-31": "1874.30000", "2009-10-31": "872.90000", "2008-10-31": "2053.70000", "2007-10-31": "1821.70000", "2006-10-31": "1693.80000", "2005-10-31": "1446.80000"}, "Total Depreciation And Amortization - Cash Flow": {"2020-10-31": "2118.00000", "2019-10-31": "2019.00000", "2018-10-31": "1927.00000", "2017-10-31": "1716.00000", "2016-10-31": "1559.80000", "2015-10-31": "1382.40000", "2014-10-31": "1306.50000", "2013-10-31": "1140.30000", "2012-10-31": "1004.20000", "2011-10-31": "914.90000", "2010-10-31": "942.00000", "2009-10-31": "1162.50000", "2008-10-31": "831.00000", "2007-10-31": "744.40000", "2006-10-31": "691.40000", "2005-10-31": "636.50000"}, "Other Non-Cash Items": {"2020-10-31": "391.00000", "2019-10-31": "-249.00000", "2018-10-31": "1603.00000", "2017-10-31": "-83.00000", "2016-10-31": "456.30000", "2015-10-31": "136.90000", "2014-10-31": "-58.30000", "2013-10-31": "39.70000", "2012-10-31": "23.00000", "2011-10-31": "-74.40000", "2010-10-31": "350.40000", "2009-10-31": "480.90000", "2008-10-31": "237.00000", "2007-10-31": "131.70000", "2006-10-31": "-202.10000", "2005-10-31": "-12.80000"}, "Total Non-Cash Items": {"2020-10-31": "2509.00000", "2019-10-31": "1770.00000", "2018-10-31": "3530.00000", "2017-10-31": "1633.00000", "2016-10-31": "2016.10000", "2015-10-31": "1519.30000", "2014-10-31": "1248.20000", "2013-10-31": "1180.00000", "2012-10-31": "1027.20000", "2011-10-31": "840.50000", "2010-10-31": "1292.40000", "2009-10-31": "1643.40000", "2008-10-31": "1068.00000", "2007-10-31": "876.10000", "2006-10-31": "489.30000", "2005-10-31": "623.70000"}, "Change In Accounts Receivable": {"2020-10-31": "2009.00000", "2019-10-31": "-869.00000", "2018-10-31": "-1531.00000", "2017-10-31": "-839.00000", "2016-10-31": "335.20000", "2015-10-31": "811.60000", "2014-10-31": "-749.00000", "2013-10-31": "-1510.20000", "2012-10-31": "-1901.60000", "2011-10-31": "-808.90000", "2010-10-31": "-1095.00000", "2009-10-31": "481.80000", "2008-10-31": "-428.40000", "2007-10-31": "131.10000", "2006-10-31": "-703.90000", "2005-10-31": "-468.60000"}, "Change In Inventories": {"2020-10-31": "397.00000", "2019-10-31": "-780.00000", "2018-10-31": "-1772.00000", "2017-10-31": "-1305.00000", "2016-10-31": "-106.10000", "2015-10-31": "-691.40000", "2014-10-31": "-297.90000", "2013-10-31": "-728.40000", "2012-10-31": "-1510.20000", "2011-10-31": "-1730.50000", "2010-10-31": "-1052.70000", "2009-10-31": "452.50000", "2008-10-31": "-1195.40000", "2007-10-31": "-357.20000", "2006-10-31": "-78.00000", "2005-10-31": "-324.10000"}, "Change In Accounts Payable": {"2020-10-31": "", "2019-10-31": "", "2018-10-31": "", "2017-10-31": "", "2016-10-31": "", "2015-10-31": "", "2014-10-31": "", "2013-10-31": "", "2012-10-31": "", "2011-10-31": "", "2010-10-31": "", "2009-10-31": "", "2008-10-31": "", "2007-10-31": "", "2006-10-31": "", "2005-10-31": ""}, "Change In Assets/Liabilities": {"2020-10-31": "-537.00000", "2019-10-31": "-233.00000", "2018-10-31": "-1026.00000", "2017-10-31": "-32.00000", "2016-10-31": "238.60000", "2015-10-31": "760.90000", "2014-10-31": "187.00000", "2013-10-31": "525.40000", "2012-10-31": "-275.20000", "2011-10-31": "195.20000", "2010-10-31": "-154.10000", "2009-10-31": "-63.30000", "2008-10-31": "-343.80000", "2007-10-31": "-141.40000", "2006-10-31": "-613.00000", "2005-10-31": "-547.90000"}, "Total Change In Assets/Liabilities": {"2020-10-31": "1870.00000", "2019-10-31": "-1663.00000", "2018-10-31": "-4073.00000", "2017-10-31": "-1292.00000", "2016-10-31": "319.50000", "2015-10-31": "258.40000", "2014-10-31": "-654.40000", "2013-10-31": "-1415.70000", "2012-10-31": "-2697.50000", "2011-10-31": "-1056.00000", "2010-10-31": "-1222.00000", "2009-10-31": "-531.50010", "2008-10-31": "-1172.70000", "2007-10-31": "61.60000", "2006-10-31": "-1209.90000", "2005-10-31": "-853.90000"}, "Cash Flow From Operating Activities": {"2020-10-31": "7483.00000", "2019-10-31": "3412.00000", "2018-10-31": "1822.00000", "2017-10-31": "2196.00000", "2016-10-31": "3769.70000", "2015-10-31": "3758.80000", "2014-10-31": "3525.90000", "2013-10-31": "3254.30000", "2012-10-31": "1167.70000", "2011-10-31": "2326.30000", "2010-10-31": "2282.20000", "2009-10-31": "1984.80000", "2008-10-31": "1949.00000", "2007-10-31": "2759.40000", "2006-10-31": "973.20000", "2005-10-31": "1216.60000"}, "Net Change In Property, Plant, And Equipment": {"2020-10-31": "963.00000", "2019-10-31": "528.00000", "2018-10-31": "587.00000", "2017-10-31": "846.00000", "2016-10-31": "611.79990", "2015-10-31": "355.40000", "2014-10-31": "43.20000", "2013-10-31": "-221.70000", "2012-10-31": "-519.70000", "2011-10-31": "-373.20000", "2010-10-31": "-139.80000", "2009-10-31": "-429.40000", "2008-10-31": "-646.60000", "2007-10-31": "-667.30000", "2006-10-31": "-455.10000", "2005-10-31": "-113.50000"}, "Net Change In Intangible Assets": {"2020-10-31": "", "2019-10-31": "", "2018-10-31": "", "2017-10-31": "", "2016-10-31": "", "2015-10-31": "", "2014-10-31": "", "2013-10-31": "", "2012-10-31": "", "2011-10-31": "", "2010-10-31": "", "2009-10-31": "", "2008-10-31": "", "2007-10-31": "", "2006-10-31": "", "2005-10-31": ""}, "Net Acquisitions/Divestitures": {"2020-10-31": "-66.00000", "2019-10-31": "93.00000", "2018-10-31": "-5089.00000", "2017-10-31": "-170.00000", "2016-10-31": "-117.40000", "2015-10-31": "149.20000", "2014-10-31": "345.80000", "2013-10-31": "-61.50000", "2012-10-31": "30.20000", "2011-10-31": "850.30000", "2010-10-31": "-10.60000", "2009-10-31": "-49.80000", "2008-10-31": "-210.30000", "2007-10-31": "-112.10000", "2006-10-31": "384.40000", "2005-10-31": "-119.70000"}, "Net Change In Short-term Investments": {"2020-10-31": "-37.00000", "2019-10-31": "-51.00000", "2018-10-31": "-57.00000", "2017-10-31": "286.00000", "2016-10-31": "-1.80000", "2015-10-31": "705.80000", "2014-10-31": "407.90000", "2013-10-31": "-182.40010", "2012-10-31": "-681.90000", "2011-10-31": "-554.50000", "2010-10-31": "-25.00000", "2009-10-31": "795.60000", "2008-10-31": "597.10000", "2007-10-31": "206.89990", "2006-10-31": "440.39990", "2005-10-31": "-2211.30000"}, "Net Change In Long-Term Investments": {"2020-10-31": "", "2019-10-31": "", "2018-10-31": "", "2017-10-31": "", "2016-10-31": "", "2015-10-31": "", "2014-10-31": "", "2013-10-31": "", "2012-10-31": "", "2011-10-31": "", "2010-10-31": "", "2009-10-31": "", "2008-10-31": "", "2007-10-31": "", "2006-10-31": "", "2005-10-31": ""}, "Net Change In Investments - Total": {"2020-10-31": "-37.00000", "2019-10-31": "-51.00000", "2018-10-31": "-57.00000", "2017-10-31": "286.00000", "2016-10-31": "-1.80000", "2015-10-31": "705.80000", "2014-10-31": "407.90000", "2013-10-31": "-182.40010", "2012-10-31": "-681.90000", "2011-10-31": "-554.50000", "2010-10-31": "-25.00000", "2009-10-31": "795.60000", "2008-10-31": "597.10000", "2007-10-31": "206.89990", "2006-10-31": "440.39990", "2005-10-31": "-2211.30000"}, "Investing Activities - Other": {"2020-10-31": "-4179.00000", "2019-10-31": "-4494.00000", "2018-10-31": "-3617.00000", "2017-10-31": "-2624.00000", "2016-10-31": "-1669.80000", "2015-10-31": "-2269.10000", "2014-10-31": "-3677.90000", "2013-10-31": "-4355.10000", "2012-10-31": "-2832.70000", "2011-10-31": "-2543.30000", "2010-10-31": "-1933.70000", "2009-10-31": "-373.40000", "2008-10-31": "-1166.20000", "2007-10-31": "-1360.80100", "2006-10-31": "-1518.60000", "2005-10-31": "-2728.70000"}, "Cash Flow From Investing Activities": {"2020-10-31": "-3319.00000", "2019-10-31": "-3924.00000", "2018-10-31": "-8176.00000", "2017-10-31": "-1662.00000", "2016-10-31": "-1177.20000", "2015-10-31": "-1058.70000", "2014-10-31": "-2881.00000", "2013-10-31": "-4820.70000", "2012-10-31": "-4004.10000", "2011-10-31": "-2620.70000", "2010-10-31": "-2109.10000", "2009-10-31": "-57.00000", "2008-10-31": "-1426.00000", "2007-10-31": "-1933.30000", "2006-10-31": "-1148.90000", "2005-10-31": "-5173.20000"}, "Net Long-Term Debt": {"2020-10-31": "1888.00000", "2019-10-31": "3560.00000", "2018-10-31": "2043.00000", "2017-10-31": "3305.00000", "2016-10-31": "-196.89990", "2015-10-31": "847.79980", "2014-10-31": "3022.90000", "2013-10-31": "-224.50000", "2012-10-31": "5246.00000", "2011-10-31": "2434.20000", "2010-10-31": "-1054.60000", "2009-10-31": "2452.50000", "2008-10-31": "1734.80000", "2007-10-31": "1147.40000", "2006-10-31": "-380.40010", "2005-10-31": "2295.70000"}, "Net Current Debt": {"2020-10-31": "-1360.00000", "2019-10-31": "-917.00000", "2018-10-31": "473.00000", "2017-10-31": "1310.00000", "2016-10-31": "-1213.60000", "2015-10-31": "501.60000", "2014-10-31": "89.20000", "2013-10-31": "2749.40000", "2012-10-31": "894.90000", "2011-10-31": "-226.10000", "2010-10-31": "756.00000", "2009-10-31": "-1384.80000", "2008-10-31": "-413.00000", "2007-10-31": "99.40000", "2006-10-31": "1208.70000", "2005-10-31": "1814.30000"}, "Debt Issuance/Retirement Net - Total": {"2020-10-31": "528.00000", "2019-10-31": "2643.00000", "2018-10-31": "2516.00000", "2017-10-31": "4615.00000", "2016-10-31": "-1410.50000", "2015-10-31": "1349.40000", "2014-10-31": "3112.10000", "2013-10-31": "2524.90000", "2012-10-31": "6140.90000", "2011-10-31": "2208.10000", "2010-10-31": "-298.59990", "2009-10-31": "1067.70000", "2008-10-31": "1321.80000", "2007-10-31": "1246.80000", "2006-10-31": "828.29980", "2005-10-31": "4110.00000"}, "Net Common Equity Issued/Repurchased": {"2020-10-31": "-419.00000", "2019-10-31": "-1075.00000", "2018-10-31": "-741.00000", "2017-10-31": "523.00000", "2016-10-31": "-169.40000", "2015-10-31": "-2598.60000", "2014-10-31": "-2581.60000", "2013-10-31": "-1356.90000", "2012-10-31": "-1526.70000", "2011-10-31": "-1497.00000", "2010-10-31": "-229.70000", "2009-10-31": "13.30000", "2008-10-31": "-1568.70000", "2007-10-31": "-1232.10000", "2006-10-31": "-971.70010", "2005-10-31": "-765.30000"}, "Net Total Equity Issued/Repurchased": {"2020-10-31": "-419.00000", "2019-10-31": "-1075.00000", "2018-10-31": "-741.00000", "2017-10-31": "523.00000", "2016-10-31": "-169.40000", "2015-10-31": "-2598.60000", "2014-10-31": "-2581.60000", "2013-10-31": "-1356.90000", "2012-10-31": "-1526.70000", "2011-10-31": "-1497.00000", "2010-10-31": "-229.70000", "2009-10-31": "13.30000", "2008-10-31": "-1568.70000", "2007-10-31": "-1232.10000", "2006-10-31": "-971.70010", "2005-10-31": "-765.30000"}, "Total Common And Preferred Stock Dividends Paid": {"2020-10-31": "-956.00000", "2019-10-31": "-943.00000", "2018-10-31": "-806.00000", "2017-10-31": "-764.00000", "2016-10-31": "-761.30000", "2015-10-31": "-816.30000", "2014-10-31": "-786.00000", "2013-10-31": "-752.90000", "2012-10-31": "-697.90000", "2011-10-31": "-593.10000", "2010-10-31": "-483.50000", "2009-10-31": "-473.40000", "2008-10-31": "-448.10000", "2007-10-31": "-386.70000", "2006-10-31": "-348.40000", "2005-10-31": "-289.70000"}, "Financial Activities - Other": {"2020-10-31": "-133.00000", "2019-10-31": "-116.00000", "2018-10-31": "-93.00000", "2017-10-31": "-88.00000", "2016-10-31": "-64.70000", "2015-10-31": "-72.10000", "2014-10-31": "-32.80000", "2013-10-31": "-8.60000", "2012-10-31": "-36.10000", "2011-10-31": "21.60000", "2010-10-31": "2.10000", "2009-10-31": "-137.30000", "2008-10-31": "46.50000", "2007-10-31": "91.00000", "2006-10-31": "75.00000", "2005-10-31": "-1.90000"}, "Cash Flow From Financial Activities": {"2020-10-31": "-980.00000", "2019-10-31": "509.00000", "2018-10-31": "876.00000", "2017-10-31": "4286.00000", "2016-10-31": "-2405.90000", "2015-10-31": "-2137.60000", "2014-10-31": "-288.30000", "2013-10-31": "406.50000", "2012-10-31": "3880.20000", "2011-10-31": "139.60000", "2010-10-31": "-1009.70000", "2009-10-31": "470.30000", "2008-10-31": "-648.50000", "2007-10-31": "-281.00000", "2006-10-31": "-416.80000", "2005-10-31": "3053.10000"}, "Net Cash Flow": {"2020-10-31": "3216.00000", "2019-10-31": "-59.00000", "2018-10-31": "-5452.00000", "2017-10-31": "4977.00000", "2016-10-31": "173.60000", "2015-10-31": "375.20000", "2014-10-31": "283.00000", "2013-10-31": "-1148.20000", "2012-10-31": "1005.00000", "2011-10-31": "-143.40000", "2010-10-31": "-861.10000", "2009-10-31": "2440.30000", "2008-10-31": "-67.20000", "2007-10-31": "591.10000", "2006-10-31": "-570.70000", "2005-10-31": "-922.90000"}, "Stock-Based Compensation": {"2020-10-31": "81.00000", "2019-10-31": "82.00000", "2018-10-31": "84.00000", "2017-10-31": "68.00000", "2016-10-31": "70.60000", "2015-10-31": "66.10000", "2014-10-31": "78.50000", "2013-10-31": "80.70000", "2012-10-31": "74.50000", "2011-10-31": "69.00000", "2010-10-31": "71.20000", "2009-10-31": "70.50000", "2008-10-31": "70.60000", "2007-10-31": "82.00000", "2006-10-31": "90.70000", "2005-10-31": "14.50000"}, "Common Stock Dividends Paid": {"2020-10-31": "-956.00000", "2019-10-31": "-943.00000", "2018-10-31": "-806.00000", "2017-10-31": "-764.00000", "2016-10-31": "-761.30000", "2015-10-31": "-816.30000", "2014-10-31": "-786.00000", "2013-10-31": "-752.90000", "2012-10-31": "-697.90000", "2011-10-31": "-593.10000", "2010-10-31": "-483.50000", "2009-10-31": "-473.40000", "2008-10-31": "-448.10000", "2007-10-31": "-386.70000", "2006-10-31": "-348.40000", "2005-10-31": "-289.70000"}}, "cash flow statement, quarterly": {"Net Income/Loss": {"2020-10-31": 758, "2020-07-31": 811, "2020-04-30": 666, "2020-01-31": "518.00000", "2019-10-31": 722, "2019-07-31": 899, "2019-04-30": 1136, "2019-01-31": "500.00000", "2018-10-31": 785, "2018-07-31": 911.1, "2018-04-30": 1209.6, "2018-01-31": "-534.70000", "2017-10-31": 510.5, "2017-07-31": 641.8, "2017-04-30": 808.3, "2017-01-31": "198.40000", "2016-10-31": 284.5, "2016-07-31": 488.5, "2016-04-30": 494.7, "2016-01-31": "253.80000", "2015-10-31": 351.5, "2015-07-31": 511.7, "2015-04-30": 690.8, "2015-01-31": "386.90000", "2014-10-31": 649.8, "2014-07-31": 851, "2014-04-30": 981.2, "2014-01-31": "681.30000", "2013-10-31": 807, "2013-07-31": 996.6, "2013-04-30": 1084.4, "2013-01-31": "649.60000", "2012-10-31": 688.9, "2012-07-31": 790.2, "2012-04-30": 1058.1, "2012-01-31": "534.40000", "2011-10-31": 672, "2011-07-31": 714.7, "2011-04-30": 906.8, "2011-01-31": "514.30000", "2010-10-31": 459.4, "2010-07-31": 619.5, "2010-04-30": 549.8, "2010-01-31": "245.60000", "2009-10-31": -222.9, "2009-07-31": 419.6, "2009-04-30": 472.2, "2009-01-31": "204.00000", "2008-10-31": 346, "2008-07-31": 575.2, "2008-04-30": 763.4, "2008-01-31": "369.10000", "2007-10-31": 422.2, "2007-07-31": 537.2, "2007-04-30": 623.6, "2007-01-31": "238.70000", "2006-10-31": 277.3, "2006-07-31": 436, "2006-04-30": 744.6, "2006-01-31": "235.90000", "2005-10-31": 232.9, "2005-07-31": 387.1, "2005-04-30": 604, "2005-01-31": "222.80000"}, "Total Depreciation And Amortization - Cash Flow": {"2020-10-31": 504, "2020-07-31": 547, "2020-04-30": 529, "2020-01-31": "538.00000", "2019-10-31": 497, "2019-07-31": 506, "2019-04-30": 513, "2019-01-31": "503.00000", "2018-10-31": 482, "2018-07-31": 494.2, "2018-04-30": 487.6, "2018-01-31": "463.20000", "2017-10-31": 437, "2017-07-31": 435.9, "2017-04-30": 427.4, "2017-01-31": "415.70000", "2016-10-31": 401.4, "2016-07-31": 396.6, "2016-04-30": 387.6, "2016-01-31": "374.20000", "2015-10-31": 353.2, "2015-07-31": 346.3, "2015-04-30": 340, "2015-01-31": "342.90000", "2014-10-31": 349.1, "2014-07-31": 327.1, "2014-04-30": 287.2, "2014-01-31": "343.10000", "2013-10-31": 299.1, "2013-07-31": 286.8, "2013-04-30": 277.3, "2013-01-31": "277.10000", "2012-10-31": 261.5, "2012-07-31": 244, "2012-04-30": 255.4, "2012-01-31": "243.30000", "2011-10-31": 237, "2011-07-31": 229.2, "2011-04-30": 229.7, "2011-01-31": "219.00000", "2010-10-31": 249.1, "2010-07-31": 229.5, "2010-04-30": 222, "2010-01-31": "241.40000", "2009-10-31": 509.3, "2009-07-31": 222.5, "2009-04-30": 213.8, "2009-01-31": "216.90000", "2008-10-31": 204.1, "2008-07-31": 218.8, "2008-04-30": 208.4, "2008-01-31": "199.70000", "2007-10-31": 190.9, "2007-07-31": 186.1, "2007-04-30": 181.7, "2007-01-31": "185.70000", "2006-10-31": 188.9, "2006-07-31": 170.6, "2006-04-30": 170.7, "2006-01-31": "161.20000", "2005-10-31": 164.7, "2005-07-31": 158, "2005-04-30": 153.5, "2005-01-31": "160.30000"}, "Other Non-Cash Items": {"2020-10-31": 223, "2020-07-31": -32, "2020-04-30": 195, "2020-01-31": "5.00000", "2019-10-31": -48, "2019-07-31": 9, "2019-04-30": -169, "2019-01-31": "-41.00000", "2018-10-31": 868, "2018-07-31": 81.8, "2018-04-30": 174.1, "2018-01-31": "479.10000", "2017-10-31": 251.4, "2017-07-31": -14.4, "2017-04-30": -355.6, "2017-01-31": "35.60000", "2016-10-31": 202.8, "2016-07-31": 38.1, "2016-04-30": -63.9, "2016-01-31": "279.30000", "2015-10-31": -14, "2015-07-31": -19.5, "2015-04-30": -34.9, "2015-01-31": "205.30000", "2014-10-31": 40.6, "2014-07-31": -85.6, "2014-04-30": -59.6, "2014-01-31": "46.30000", "2013-10-31": 102, "2013-07-31": -21.1, "2013-04-30": -58, "2013-01-31": "16.80000", "2012-10-31": 173.4, "2012-07-31": -70.8, "2012-04-30": -70.8, "2012-01-31": "-8.80000", "2011-10-31": 180.7, "2011-07-31": 4.3, "2011-04-30": -105.8, "2011-01-31": "-153.60000", "2010-10-31": 98.5, "2010-07-31": 27.3, "2010-04-30": 110.6, "2010-01-31": "114.00000", "2009-10-31": 355.4, "2009-07-31": 48.1, "2009-04-30": -34.3, "2009-01-31": "111.70000", "2008-10-31": 269.5, "2008-07-31": -9.9, "2008-04-30": -59.5, "2008-01-31": "36.90000", "2007-10-31": 112.2, "2007-07-31": 84.6, "2007-04-30": -118.3, "2007-01-31": "53.20000", "2006-10-31": 52.5, "2006-07-31": -59.8, "2006-04-30": -226.6, "2006-01-31": "31.80000", "2005-10-31": 147.8, "2005-07-31": -90.9, "2005-04-30": -46.1, "2005-01-31": "-23.60000"}, "Total Non-Cash Items": {"2020-10-31": 727, "2020-07-31": 515, "2020-04-30": 724, "2020-01-31": "543.00000", "2019-10-31": 449, "2019-07-31": 515, "2019-04-30": 344, "2019-01-31": "462.00000", "2018-10-31": 1350, "2018-07-31": 576, "2018-04-30": 661.7, "2018-01-31": "942.30000", "2017-10-31": 688.4001, "2017-07-31": 421.4999, "2017-04-30": 71.8, "2017-01-31": "451.30000", "2016-10-31": 604.2, "2016-07-31": 434.7, "2016-04-30": 323.7, "2016-01-31": "653.50000", "2015-10-31": 339.2, "2015-07-31": 326.8, "2015-04-30": 305.1, "2015-01-31": "548.20000", "2014-10-31": 389.7, "2014-07-31": 241.5, "2014-04-30": 227.6, "2014-01-31": "389.40000", "2013-10-31": 401.1, "2013-07-31": 265.6999, "2013-04-30": 219.3001, "2013-01-31": "293.90000", "2012-10-31": 434.9, "2012-07-31": 173.2, "2012-04-30": 184.6, "2012-01-31": "234.50000", "2011-10-31": 417.7, "2011-07-31": 233.5, "2011-04-30": 123.9, "2011-01-31": "65.40000", "2010-10-31": 347.6, "2010-07-31": 256.8001, "2010-04-30": 332.5999, "2010-01-31": "355.40000", "2009-10-31": 864.7, "2009-07-31": 270.6, "2009-04-30": 179.5, "2009-01-31": "328.60000", "2008-10-31": 473.6, "2008-07-31": 208.9, "2008-04-30": 148.9, "2008-01-31": "236.60000", "2007-10-31": 303.1001, "2007-07-31": 270.6999, "2007-04-30": 63.4, "2007-01-31": "238.90000", "2006-10-31": 241.4, "2006-07-31": 110.8, "2006-04-30": -55.9, "2006-01-31": "193.00000", "2005-10-31": 312.5, "2005-07-31": 67.1, "2005-04-30": 107.4, "2005-01-31": "136.70000"}, "Change In Accounts Receivable": {"2020-10-31": 1383, "2020-07-31": 1117, "2020-04-30": -561, "2020-01-31": "70.00000", "2019-10-31": 1337, "2019-07-31": 525, "2019-04-30": -2224, "2019-01-31": "-507.00000", "2018-10-31": 834, "2018-07-31": -270.9, "2018-04-30": -2059.2, "2018-01-31": "-34.90000", "2017-10-31": 252.1, "2017-07-31": -101.6, "2017-04-30": -1051.4, "2017-01-31": "61.90000", "2016-10-31": 923.3, "2016-07-31": 723.4, "2016-04-30": -1356.4, "2016-01-31": "44.90000", "2015-10-31": 1409.6, "2015-07-31": 262.8, "2015-04-30": -1209.9, "2015-01-31": "349.10000", "2014-10-31": 930.3, "2014-07-31": 13.5, "2014-04-30": -1819.5, "2014-01-31": "126.70000", "2013-10-31": 730.3, "2013-07-31": -210.5, "2013-04-30": -2124.9, "2013-01-31": "94.90000", "2012-10-31": 139.3, "2012-07-31": -486.8, "2012-04-30": -1775.7, "2012-01-31": "221.60000", "2011-10-31": 169.9, "2011-07-31": 249.6, "2011-04-30": -1118.4, "2011-01-31": "-110.00000", "2010-10-31": 74.2, "2010-07-31": 51.2, "2010-04-30": -1014.8, "2010-01-31": "-205.60000", "2009-10-31": 743.7, "2009-07-31": 862.7, "2009-04-30": -841.6, "2009-01-31": "-283.00000", "2008-10-31": 228.3, "2008-07-31": 613.1, "2008-04-30": -1322.8, "2008-01-31": "53.00000", "2007-10-31": 705.9, "2007-07-31": 594.7, "2007-04-30": -1138.8, "2007-01-31": "-30.70000", "2006-10-31": 614.9, "2006-07-31": 159.5, "2006-04-30": -1300.4, "2006-01-31": "-177.90000", "2005-10-31": 661, "2005-07-31": 71.9, "2005-04-30": -1393.5, "2005-01-31": "192.00000"}, "Change In Inventories": {"2020-10-31": 398, "2020-07-31": 495, "2020-04-30": 146, "2020-01-31": "-642.00000", "2019-10-31": 388, "2019-07-31": 226, "2019-04-30": 2, "2019-01-31": "-1396.00000", "2018-10-31": -233, "2018-07-31": 257.8, "2018-04-30": -558, "2018-01-31": "-1238.80000", "2017-10-31": 43, "2017-07-31": -257.6, "2017-04-30": -347.3, "2017-01-31": "-743.10000", "2016-10-31": 274, "2016-07-31": 25.7, "2016-04-30": 159.5, "2016-01-31": "-565.30000", "2015-10-31": 250.1, "2015-07-31": -8.6, "2015-04-30": -329, "2015-01-31": "-603.90000", "2014-10-31": 805, "2014-07-31": 165.3, "2014-04-30": -431.4, "2014-01-31": "-836.80000", "2013-10-31": 225.8, "2013-07-31": 280.9, "2013-04-30": -66.1, "2013-01-31": "-1169.00000", "2012-10-31": 522, "2012-07-31": -12.3, "2012-04-30": -570.8, "2012-01-31": "-1449.10000", "2011-10-31": 44.1, "2011-07-31": -151, "2011-04-30": -527.5, "2011-01-31": "-1096.10000", "2010-10-31": 15.2, "2010-07-31": -313, "2010-04-30": -406.7, "2010-01-31": "-348.20000", "2009-10-31": 540.6, "2009-07-31": 538.4, "2009-04-30": 247.5, "2009-01-31": "-874.00000", "2008-10-31": 17.5, "2008-07-31": 104.9, "2008-04-30": -304.8, "2008-01-31": "-1013.00000", "2007-10-31": 107.9, "2007-07-31": 219.4, "2007-04-30": -104.7, "2007-01-31": "-579.80000", "2006-10-31": 355.3, "2006-07-31": 224.4, "2006-04-30": -28.5, "2006-01-31": "-629.20000", "2005-10-31": 422.1, "2005-07-31": 236.2, "2005-04-30": -172.3, "2005-01-31": "-810.10000"}, "Change In Accounts Payable": {"2020-10-31": 0, "2020-07-31": 0, "2020-04-30": 0, "2020-01-31": "", "2019-10-31": 0, "2019-07-31": 0, "2019-04-30": 0, "2019-01-31": "", "2018-10-31": 0, "2018-07-31": 0, "2018-04-30": 0, "2018-01-31": "", "2017-10-31": 0, "2017-07-31": 0, "2017-04-30": 0, "2017-01-31": "", "2016-10-31": 0, "2016-07-31": 0, "2016-04-30": 0, "2016-01-31": "", "2015-10-31": 0, "2015-07-31": 0, "2015-04-30": 0, "2015-01-31": "", "2014-10-31": 0, "2014-07-31": 0, "2014-04-30": 0, "2014-01-31": "", "2013-10-31": 0, "2013-07-31": 0, "2013-04-30": 0, "2013-01-31": "", "2012-10-31": 0, "2012-07-31": 0, "2012-04-30": 0, "2012-01-31": "", "2011-10-31": 0, "2011-07-31": 0, "2011-04-30": 0, "2011-01-31": "", "2010-10-31": 0, "2010-07-31": 0, "2010-04-30": 0, "2010-01-31": "", "2009-10-31": 0, "2009-07-31": 0, "2009-04-30": 0, "2009-01-31": "", "2008-10-31": 0, "2008-07-31": 0, "2008-04-30": 0, "2008-01-31": "", "2007-10-31": 0, "2007-07-31": 0, "2007-04-30": 0, "2007-01-31": "", "2006-10-31": 0, "2006-07-31": 0, "2006-04-30": 0, "2006-01-31": "", "2005-10-31": 0, "2005-07-31": 0, "2005-04-30": 0, "2005-01-31": ""}, "Change In Assets/Liabilities": {"2020-10-31": -625, "2020-07-31": 30, "2020-04-30": 22, "2020-01-31": "36.00000", "2019-10-31": -273, "2019-07-31": 20, "2019-04-30": 24, "2019-01-31": "-4.00000", "2018-10-31": -212, "2018-07-31": -881.6, "2018-04-30": 2, "2018-01-31": "65.60000", "2017-10-31": -205.1, "2017-07-31": 57.5, "2017-04-30": 69.1, "2017-01-31": "46.50000", "2016-10-31": 92.8, "2016-07-31": 54.7, "2016-04-30": 68.3, "2016-01-31": "22.80000", "2015-10-31": 134.1, "2015-07-31": 106.8, "2015-04-30": 179.1, "2015-01-31": "340.90000", "2014-10-31": -63.5, "2014-07-31": -62.9, "2014-04-30": 158.1, "2014-01-31": "155.30000", "2013-10-31": -104.4, "2013-07-31": 151, "2013-04-30": 44.6, "2013-01-31": "434.20000", "2012-10-31": -30, "2012-07-31": -291.3, "2012-04-30": -49.6, "2012-01-31": "95.70000", "2011-10-31": -155.9, "2011-07-31": 130.9, "2011-04-30": 126, "2011-01-31": "94.20000", "2010-10-31": -370.8, "2010-07-31": -34.1, "2010-04-30": 204.2, "2010-01-31": "46.60000", "2009-10-31": -10.4, "2009-07-31": -81.2, "2009-04-30": 124.1, "2009-01-31": "-95.80000", "2008-10-31": -79.5, "2008-07-31": -136.2, "2008-04-30": 146.9, "2008-01-31": "-275.00000", "2007-10-31": 8, "2007-07-31": -174.1, "2007-04-30": 178.9, "2007-01-31": "-154.20000", "2006-10-31": 33.2, "2006-07-31": -30.7, "2006-04-30": -550.1, "2006-01-31": "-65.40000", "2005-10-31": -485.7, "2005-07-31": -158.2, "2005-04-30": -147.1, "2005-01-31": "243.10000"}, "Total Change In Assets/Liabilities": {"2020-10-31": 1725, "2020-07-31": 1954, "2020-04-30": -86, "2020-01-31": "-1723.00000", "2019-10-31": 1724, "2019-07-31": 627, "2019-04-30": -1507, "2019-01-31": "-2507.00000", "2018-10-31": 256, "2018-07-31": -965.6, "2018-04-30": -1665.3, "2018-01-31": "-1698.10000", "2017-10-31": 490, "2017-07-31": -116.4, "2017-04-30": -323.3, "2017-01-31": "-1342.30000", "2016-10-31": 1521.7, "2016-07-31": 779.8, "2016-04-30": -373.4, "2016-01-31": "-1608.60000", "2015-10-31": 1823.8, "2015-07-31": 482.9, "2015-04-30": -506.4, "2015-01-31": "-1541.90000", "2014-10-31": 1983.6, "2014-07-31": 501.5, "2014-04-30": -1335.1, "2014-01-31": "-1804.40000", "2013-10-31": 1371.8, "2013-07-31": 566.4, "2013-04-30": -1321.5, "2013-01-31": "-2032.40000", "2012-10-31": 1122.8, "2012-07-31": -434.1, "2012-04-30": -1560, "2012-01-31": "-1826.20000", "2011-10-31": 508.1, "2011-07-31": 543.9, "2011-04-30": -679.3, "2011-01-31": "-1428.70000", "2010-10-31": 49.6, "2010-07-31": -204.8, "2010-04-30": -147.4999, "2010-01-31": "-919.30010", "2009-10-31": 859.9999, "2009-07-31": 973.7, "2009-04-30": -217.1, "2009-01-31": "-2148.10000", "2008-10-31": 186.8, "2008-07-31": 681.1, "2008-04-30": -609.9, "2008-01-31": "-1430.70000", "2007-10-31": 748.9, "2007-07-31": 637, "2007-04-30": -160.7, "2007-01-31": "-1163.60000", "2006-10-31": 792.4, "2006-07-31": 508.2, "2006-04-30": -1118.7, "2006-01-31": "-1391.80000", "2005-10-31": 798.3, "2005-07-31": 169.2, "2005-04-30": -1056.2, "2005-01-31": "-765.20000"}, "Cash Flow From Operating Activities": {"2020-10-31": 3426, "2020-07-31": 3281, "2020-04-30": 1284, "2020-01-31": "-508.00000", "2019-10-31": 3008, "2019-07-31": 1899, "2019-04-30": 156, "2019-01-31": "-1651.00000", "2018-10-31": 2494, "2018-07-31": 548.1, "2018-04-30": 75.9, "2018-01-31": "-1296.00000", "2017-10-31": 1466.7, "2017-07-31": 893, "2017-04-30": 573, "2017-01-31": "-736.70000", "2016-10-31": 2446, "2016-07-31": 1636.1, "2016-04-30": 465.2, "2016-01-31": "-777.60000", "2015-10-31": 2567, "2015-07-31": 1346.5, "2015-04-30": 355.4, "2015-01-31": "-510.10000", "2014-10-31": 2843.8, "2014-07-31": 1514, "2014-04-30": -85.7, "2014-01-31": "-746.20000", "2013-10-31": 2666.5, "2013-07-31": 1744.2, "2013-04-30": 93, "2013-01-31": "-1249.40000", "2012-10-31": 2303.1, "2012-07-31": 391.9, "2012-04-30": -300.5, "2012-01-31": "-1226.80000", "2011-10-31": 1690.2, "2011-07-31": 1301.4, "2011-04-30": 235, "2011-01-31": "-900.30000", "2010-10-31": 1194.1, "2010-07-31": 671.5, "2010-04-30": 734.9, "2010-01-31": "-318.30000", "2009-10-31": 1501.8, "2009-07-31": 1663.9, "2009-04-30": 434.6, "2009-01-31": "-1615.50000", "2008-10-31": 1006.4, "2008-07-31": 1465.2, "2008-04-30": 302.4, "2008-01-31": "-825.00000", "2007-10-31": 1474.2, "2007-07-31": 1444.9, "2007-04-30": 526.3, "2007-01-31": "-686.00000", "2006-10-31": 1311.1, "2006-07-31": 1055, "2006-04-30": -430, "2006-01-31": "-962.90000", "2005-10-31": 1343.7, "2005-07-31": 623.4, "2005-04-30": -344.8, "2005-01-31": "-405.70000"}, "Net Change In Property, Plant, And Equipment": {"2020-10-31": 247, "2020-07-31": 259, "2020-04-30": 302, "2020-01-31": "155.00000", "2019-10-31": 113, "2019-07-31": 83, "2019-04-30": 258, "2019-01-31": "74.00000", "2018-10-31": 42, "2018-07-31": 148.6, "2018-04-30": 233.1, "2018-01-31": "163.30000", "2017-10-31": 133.1, "2017-07-31": 179.5, "2017-04-30": 320.4, "2017-01-31": "213.00000", "2016-10-31": 82.1999, "2016-07-31": 132.1, "2016-04-30": 246.7, "2016-01-31": "150.80000", "2015-10-31": 43.1, "2015-07-31": 84.3, "2015-04-30": 169.9, "2015-01-31": "58.10000", "2014-10-31": -119.2, "2014-07-31": 17.7, "2014-04-30": 119, "2014-01-31": "25.70000", "2013-10-31": -118.9, "2013-07-31": -105.6, "2013-04-30": 47.4, "2013-01-31": "-44.60000", "2012-10-31": -294.4, "2012-07-31": -131, "2012-04-30": -47.5, "2012-01-31": "-46.80000", "2011-10-31": -214.5, "2011-07-31": -101.1, "2011-04-30": -39.2, "2011-01-31": "-18.40000", "2010-10-31": -145.8, "2010-07-31": -13.7, "2010-04-30": 23.5, "2010-01-31": "-3.80000", "2009-10-31": -122.2, "2009-07-31": -84.6, "2009-04-30": -78.4, "2009-01-31": "-144.20000", "2008-10-31": -370.3, "2008-07-31": -86.6, "2008-04-30": -81.8, "2008-01-31": "-107.90000", "2007-10-31": -222.9, "2007-07-31": -84.7, "2007-04-30": -130.8, "2007-01-31": "-228.90000", "2006-10-31": -174, "2006-07-31": -115.3, "2006-04-30": -75.4, "2006-01-31": "-90.40000", "2005-10-31": -138, "2005-07-31": 6.3, "2005-04-30": 7.9, "2005-01-31": "10.30000"}, "Net Change In Intangible Assets": {"2020-10-31": 0, "2020-07-31": 0, "2020-04-30": 0, "2020-01-31": "", "2019-10-31": 0, "2019-07-31": 0, "2019-04-30": 0, "2019-01-31": "", "2018-10-31": 0, "2018-07-31": 0, "2018-04-30": 0, "2018-01-31": "", "2017-10-31": 0, "2017-07-31": 0, "2017-04-30": 0, "2017-01-31": "", "2016-10-31": 0, "2016-07-31": 0, "2016-04-30": 0, "2016-01-31": "", "2015-10-31": 0, "2015-07-31": 0, "2015-04-30": 0, "2015-01-31": "", "2014-10-31": 0, "2014-07-31": 0, "2014-04-30": 0, "2014-01-31": "", "2013-10-31": 0, "2013-07-31": 0, "2013-04-30": 0, "2013-01-31": "", "2012-10-31": 0, "2012-07-31": 0, "2012-04-30": 0, "2012-01-31": "", "2011-10-31": 0, "2011-07-31": 0, "2011-04-30": 0, "2011-01-31": "", "2010-10-31": 0, "2010-07-31": 0, "2010-04-30": 0, "2010-01-31": "", "2009-10-31": 0, "2009-07-31": 0, "2009-04-30": 0, "2009-01-31": "", "2008-10-31": 0, "2008-07-31": 0, "2008-04-30": 0, "2008-01-31": "", "2007-10-31": 0, "2007-07-31": 0, "2007-04-30": 0, "2007-01-31": "", "2006-10-31": 0, "2006-07-31": 0, "2006-04-30": 0, "2006-01-31": "", "2005-10-31": 0, "2005-07-31": 0, "2005-04-30": 0, "2005-01-31": ""}, "Net Acquisitions/Divestitures": {"2020-10-31": -66, "2020-07-31": 0, "2020-04-30": 0, "2020-01-31": "", "2019-10-31": 93, "2019-07-31": 0, "2019-04-30": 0, "2019-01-31": "", "2018-10-31": -51, "2018-07-31": 78.1, "2018-04-30": -36.1, "2018-01-31": "-5080.00000", "2017-10-31": -283.9, "2017-07-31": 0, "2017-04-30": 0, "2017-01-31": "113.90000", "2016-10-31": 0.4, "2016-07-31": 81.1, "2016-04-30": -198.9, "2016-01-31": "", "2015-10-31": 0, "2015-07-31": 0.4, "2015-04-30": 148.8, "2015-01-31": "", "2014-10-31": 6, "2014-07-31": 32.6, "2014-04-30": 3.5, "2014-01-31": "303.70000", "2013-10-31": -83.5, "2013-07-31": 22, "2013-04-30": 0, "2013-01-31": "", "2012-10-31": -0.2, "2012-07-31": 10.2, "2012-04-30": 13.3, "2012-01-31": "6.90000", "2011-10-31": 16.7, "2011-07-31": -13.3, "2011-04-30": 1.9, "2011-01-31": "845.00000", "2010-10-31": 7.5, "2010-07-31": 17.7, "2010-04-30": -22.8, "2010-01-31": "-13.00000", "2009-10-31": -2.4, "2009-07-31": -3.1, "2009-04-30": -3.4, "2009-01-31": "-40.90000", "2008-10-31": -10, "2008-07-31": -205.1, "2008-04-30": 20.4, "2008-01-31": "-15.60000", "2007-10-31": 32.8, "2007-07-31": -144.9, "2007-04-30": 0, "2007-01-31": "", "2006-10-31": -0.6, "2006-07-31": -37.6, "2006-04-30": 437.2, "2006-01-31": "-14.60000", "2005-10-31": -41.4, "2005-07-31": -118.2, "2005-04-30": 46, "2005-01-31": "-6.10000"}, "Net Change In Short-term Investments": {"2020-10-31": -16, "2020-07-31": 11, "2020-04-30": -16, "2020-01-31": "-16.00000", "2019-10-31": -13, "2019-07-31": -9, "2019-04-30": -5, "2019-01-31": "-24.00000", "2018-10-31": -12, "2018-07-31": -6, "2018-04-30": -27.8, "2018-01-31": "-11.20000", "2017-10-31": -25.8, "2017-07-31": 314.2, "2017-04-30": -4.4, "2017-01-31": "2.00000", "2016-10-31": 8.9, "2016-07-31": 30.1, "2016-04-30": 12.2, "2016-01-31": "-53.00000", "2015-10-31": -26.4, "2015-07-31": -25.8, "2015-04-30": 103.9, "2015-01-31": "654.10000", "2014-10-31": 274.7, "2014-07-31": 84.7, "2014-04-30": -132.7, "2014-01-31": "181.20000", "2013-10-31": 80.5999, "2013-07-31": -330.6, "2013-04-30": -22.7, "2013-01-31": "90.30000", "2012-10-31": 75, "2012-07-31": -202.4, "2012-04-30": -219.9, "2012-01-31": "-334.60000", "2011-10-31": -322.9, "2011-07-31": -216.4, "2011-04-30": -3.9, "2011-01-31": "-11.30000", "2010-10-31": 6.5, "2010-07-31": 5, "2010-04-30": -21.5, "2010-01-31": "-15.00000", "2009-10-31": -7.8, "2009-07-31": 5.3, "2009-04-30": 41.6, "2009-01-31": "756.50000", "2008-10-31": -49.6, "2008-07-31": 37.1, "2008-04-30": 137.2, "2008-01-31": "472.40000", "2007-10-31": 426.4999, "2007-07-31": -177.6, "2007-04-30": -450.6, "2007-01-31": "408.60000", "2006-10-31": 57.1999, "2006-07-31": -86, "2006-04-30": 228.7, "2006-01-31": "240.50000", "2005-10-31": -490.5, "2005-07-31": -1689.9, "2005-04-30": -12.8, "2005-01-31": "-18.10000"}, "Net Change In Long-Term Investments": {"2020-10-31": 0, "2020-07-31": 0, "2020-04-30": 0, "2020-01-31": "", "2019-10-31": 0, "2019-07-31": 0, "2019-04-30": 0, "2019-01-31": "", "2018-10-31": 0, "2018-07-31": 0, "2018-04-30": 0, "2018-01-31": "", "2017-10-31": 0, "2017-07-31": 0, "2017-04-30": 0, "2017-01-31": "", "2016-10-31": 0, "2016-07-31": 0, "2016-04-30": 0, "2016-01-31": "", "2015-10-31": 0, "2015-07-31": 0, "2015-04-30": 0, "2015-01-31": "", "2014-10-31": 0, "2014-07-31": 0, "2014-04-30": 0, "2014-01-31": "", "2013-10-31": 0, "2013-07-31": 0, "2013-04-30": 0, "2013-01-31": "", "2012-10-31": 0, "2012-07-31": 0, "2012-04-30": 0, "2012-01-31": "", "2011-10-31": 0, "2011-07-31": 0, "2011-04-30": 0, "2011-01-31": "", "2010-10-31": 0, "2010-07-31": 0, "2010-04-30": 0, "2010-01-31": "", "2009-10-31": 0, "2009-07-31": 0, "2009-04-30": 0, "2009-01-31": "", "2008-10-31": 0, "2008-07-31": 0, "2008-04-30": 0, "2008-01-31": "", "2007-10-31": 0, "2007-07-31": 0, "2007-04-30": 0, "2007-01-31": "", "2006-10-31": 0, "2006-07-31": 0, "2006-04-30": 0, "2006-01-31": "", "2005-10-31": 0, "2005-07-31": 0, "2005-04-30": 0, "2005-01-31": ""}, "Net Change In Investments - Total": {"2020-10-31": -16, "2020-07-31": 11, "2020-04-30": -16, "2020-01-31": "-16.00000", "2019-10-31": -13, "2019-07-31": -9, "2019-04-30": -5, "2019-01-31": "-24.00000", "2018-10-31": -12, "2018-07-31": -6, "2018-04-30": -27.8, "2018-01-31": "-11.20000", "2017-10-31": -25.8, "2017-07-31": 314.2, "2017-04-30": -4.4, "2017-01-31": "2.00000", "2016-10-31": 8.9, "2016-07-31": 30.1, "2016-04-30": 12.2, "2016-01-31": "-53.00000", "2015-10-31": -26.4, "2015-07-31": -25.8, "2015-04-30": 103.9, "2015-01-31": "654.10000", "2014-10-31": 274.7, "2014-07-31": 84.7, "2014-04-30": -132.7, "2014-01-31": "181.20000", "2013-10-31": 80.5999, "2013-07-31": -330.6, "2013-04-30": -22.7, "2013-01-31": "90.30000", "2012-10-31": 75, "2012-07-31": -202.4, "2012-04-30": -219.9, "2012-01-31": "-334.60000", "2011-10-31": -322.9, "2011-07-31": -216.4, "2011-04-30": -3.9, "2011-01-31": "-11.30000", "2010-10-31": 6.5, "2010-07-31": 5, "2010-04-30": -21.5, "2010-01-31": "-15.00000", "2009-10-31": -7.8, "2009-07-31": 5.3, "2009-04-30": 41.6, "2009-01-31": "756.50000", "2008-10-31": -49.6, "2008-07-31": 37.1, "2008-04-30": 137.2, "2008-01-31": "472.40000", "2007-10-31": 426.4999, "2007-07-31": -177.6, "2007-04-30": -450.6, "2007-01-31": "408.60000", "2006-10-31": 57.1999, "2006-07-31": -86, "2006-04-30": 228.7, "2006-01-31": "240.50000", "2005-10-31": -490.5, "2005-07-31": -1689.9, "2005-04-30": -12.8, "2005-01-31": "-18.10000"}, "Investing Activities - Other": {"2020-10-31": -1967, "2020-07-31": -1817, "2020-04-30": -1282, "2020-01-31": "887.00000", "2019-10-31": -1988, "2019-07-31": -1831, "2019-04-30": -1594, "2019-01-31": "919.00000", "2018-10-31": -1662, "2018-07-31": -1555.0002, "2018-04-30": -1231.5997, "2018-01-31": "831.59990", "2017-10-31": -1184.2, "2017-07-31": -1095.3998, "2017-04-30": -1119.9004, "2017-01-31": "775.50020", "2016-10-31": -906.3, "2016-07-31": -815.7002, "2016-04-30": -701.5996, "2016-01-31": "753.79980", "2015-10-31": -1245, "2015-07-31": -1041.3, "2015-04-30": -655.6999, "2015-01-31": "672.89990", "2014-10-31": -1475.2, "2014-07-31": -1434.8996, "2014-04-30": -930.5003, "2014-01-31": "162.69990", "2013-10-31": -1795.9, "2013-07-31": -1510, "2013-04-30": -1220.3999, "2013-01-31": "171.19990", "2012-10-31": -1369.2, "2012-07-31": -763.4998, "2012-04-30": -1038.1003, "2012-01-31": "338.10010", "2011-10-31": -1033.1, "2011-07-31": -746.5998, "2011-04-30": -931.1002, "2011-01-31": "167.50000", "2010-10-31": -961.2996, "2010-07-31": -574.9004, "2010-04-30": -801.8, "2010-01-31": "404.30000", "2009-10-31": -408.1994, "2009-07-31": -578.3006, "2009-04-30": -87.3001, "2009-01-31": "700.40010", "2008-10-31": -612.8006, "2008-07-31": -516.5995, "2008-04-30": -344.7, "2008-01-31": "307.90010", "2007-10-31": -845.5005, "2007-07-31": -727.4005, "2007-04-30": -160.5, "2007-01-31": "372.60000", "2006-10-31": -617.2001, "2006-07-31": -628.6999, "2006-04-30": -553.3, "2006-01-31": "280.60000", "2005-10-31": -880.8, "2005-07-31": -780.2, "2005-04-30": -955.7, "2005-01-31": "-112.00000"}, "Cash Flow From Investing Activities": {"2020-10-31": -1802, "2020-07-31": -1547, "2020-04-30": -996, "2020-01-31": "1026.00000", "2019-10-31": -1795, "2019-07-31": -1757, "2019-04-30": -1341, "2019-01-31": "969.00000", "2018-10-31": -1683, "2018-07-31": -1334.3, "2018-04-30": -1062.4, "2018-01-31": "-4096.30000", "2017-10-31": -1360.8, "2017-07-31": -601.7, "2017-04-30": -803.9, "2017-01-31": "1104.40000", "2016-10-31": -814.8, "2016-07-31": -572.4, "2016-04-30": -641.6, "2016-01-31": "851.60000", "2015-10-31": -1228.3, "2015-07-31": -982.4, "2015-04-30": -233.1, "2015-01-31": "1385.10000", "2014-10-31": -1313.7, "2014-07-31": -1299.9, "2014-04-30": -940.7, "2014-01-31": "673.30000", "2013-10-31": -1917.7, "2013-07-31": -1924.2, "2013-04-30": -1195.7, "2013-01-31": "216.90000", "2012-10-31": -1588.8, "2012-07-31": -1086.7, "2012-04-30": -1292.2, "2012-01-31": "-36.40000", "2011-10-31": -1553.8, "2011-07-31": -1077.4, "2011-04-30": -972.3, "2011-01-31": "982.80000", "2010-10-31": -1093.1, "2010-07-31": -565.9, "2010-04-30": -822.6, "2010-01-31": "372.50000", "2009-10-31": -540.6, "2009-07-31": -660.7, "2009-04-30": -127.5, "2009-01-31": "1271.80000", "2008-10-31": -1042.7, "2008-07-31": -771.2, "2008-04-30": -268.9, "2008-01-31": "656.80000", "2007-10-31": -609.1, "2007-07-31": -1134.6, "2007-04-30": -741.9, "2007-01-31": "552.30000", "2006-10-31": -734.6, "2006-07-31": -867.6, "2006-04-30": 37.2, "2006-01-31": "416.10000", "2005-10-31": -1550.7, "2005-07-31": -2582, "2005-04-30": -914.6, "2005-01-31": "-125.90000"}, "Net Long-Term Debt": {"2020-10-31": -646, "2020-07-31": -1426, "2020-04-30": 3909, "2020-01-31": "51.00000", "2019-10-31": 476, "2019-07-31": 2279, "2019-04-30": 535, "2019-01-31": "270.00000", "2018-10-31": 676, "2018-07-31": 178, "2018-04-30": 798.0999, "2018-01-31": "390.90010", "2017-10-31": 3146.1001, "2017-07-31": 239.4998, "2017-04-30": -327.4999, "2017-01-31": "246.90000", "2016-10-31": -334.8, "2016-07-31": -452.0999, "2016-04-30": -60.7, "2016-01-31": "650.70000", "2015-10-31": 1188.0998, "2015-07-31": -399.1999, "2015-04-30": 65.3999, "2015-01-31": "-6.50000", "2014-10-31": 430.5, "2014-07-31": 1474.1, "2014-04-30": -22.8, "2014-01-31": "1141.10000", "2013-10-31": -97.5999, "2013-07-31": -422.3, "2013-04-30": 797.0999, "2013-01-31": "-501.70000", "2012-10-31": 1386.6, "2012-07-31": 1838.2, "2012-04-30": 926, "2012-01-31": "1095.20000", "2011-10-31": 1714.2999, "2011-07-31": 61.4001, "2011-04-30": 783.6, "2011-01-31": "-125.10000", "2010-10-31": -291.8999, "2010-07-31": -93.3001, "2010-04-30": -542.9, "2010-01-31": "-126.50000", "2009-10-31": 490.5, "2009-07-31": -304.9, "2009-04-30": 77.8, "2009-01-31": "2189.10000", "2008-10-31": 366.7, "2008-07-31": 346.6, "2008-04-30": 1023.7001, "2008-01-31": "-2.20010", "2007-10-31": 1017.7, "2007-07-31": 10.9, "2007-04-30": 158.1, "2007-01-31": "-39.30000", "2006-10-31": -124.3, "2006-07-31": -78.0001, "2006-04-30": -214.5, "2006-01-31": "36.40000", "2005-10-31": 568.1, "2005-07-31": 518.2, "2005-04-30": 857.7, "2005-01-31": "351.70000"}, "Net Current Debt": {"2020-10-31": -1530, "2020-07-31": -968, "2020-04-30": 1611, "2020-01-31": "-473.00000", "2019-10-31": -581, "2019-07-31": -1906, "2019-04-30": 1094, "2019-01-31": "476.00000", "2018-10-31": -710, "2018-07-31": 983.9, "2018-04-30": 734.6, "2018-01-31": "-535.50000", "2017-10-31": -338.9, "2017-07-31": 1465.8, "2017-04-30": 1248, "2017-01-31": "-1064.90000", "2016-10-31": -1079.9, "2016-07-31": -172, "2016-04-30": 1113.2, "2016-01-31": "-1074.90000", "2015-10-31": -1303.6, "2015-07-31": 658.2, "2015-04-30": 937.2, "2015-01-31": "209.80000", "2014-10-31": 165.9, "2014-07-31": -1033.4, "2014-04-30": 1693.4, "2014-01-31": "-736.70000", "2013-10-31": 736.5, "2013-07-31": 671.3, "2013-04-30": 649.7, "2013-01-31": "691.90000", "2012-10-31": -340.5, "2012-07-31": -62.2, "2012-04-30": 815.8, "2012-01-31": "481.80000", "2011-10-31": -1070.4, "2011-07-31": 41.1, "2011-04-30": 783.7, "2011-01-31": "19.50000", "2010-10-31": 516.1, "2010-07-31": 317.2, "2010-04-30": -648.9, "2010-01-31": "571.60000", "2009-10-31": -992.1, "2009-07-31": -1197, "2009-04-30": -352.8, "2009-01-31": "1157.10000", "2008-10-31": -473.3, "2008-07-31": -70.1, "2008-04-30": 246.6, "2008-01-31": "-116.20000", "2007-10-31": -931.1, "2007-07-31": -13.9, "2007-04-30": 1039.5, "2007-01-31": "4.90000", "2006-10-31": 368.4, "2006-07-31": 383.9, "2006-04-30": 453.3, "2006-01-31": "3.10000", "2005-10-31": 120.1, "2005-07-31": 717.7, "2005-04-30": 964.1, "2005-01-31": "12.40000"}, "Debt Issuance/Retirement Net - Total": {"2020-10-31": -2176, "2020-07-31": -2394, "2020-04-30": 5520, "2020-01-31": "-422.00000", "2019-10-31": -105, "2019-07-31": 373, "2019-04-30": 1629, "2019-01-31": "746.00000", "2018-10-31": -34, "2018-07-31": 1161.9, "2018-04-30": 1532.6999, "2018-01-31": "-144.59990", "2017-10-31": 2807.2, "2017-07-31": 1705.2998, "2017-04-30": 920.5002, "2017-01-31": "-818.00000", "2016-10-31": -1414.7002, "2016-07-31": -624.0998, "2016-04-30": 1052.5001, "2016-01-31": "-424.20010", "2015-10-31": -115.5, "2015-07-31": 259, "2015-04-30": 1002.6, "2015-01-31": "203.30000", "2014-10-31": 596.4, "2014-07-31": 440.7, "2014-04-30": 1670.5999, "2014-01-31": "404.40010", "2013-10-31": 638.9, "2013-07-31": 249, "2013-04-30": 1446.8, "2013-01-31": "190.20000", "2012-10-31": 1046.1, "2012-07-31": 1776, "2012-04-30": 1741.8, "2012-01-31": "1577.00000", "2011-10-31": 643.9, "2011-07-31": 102.5, "2011-04-30": 1567.3, "2011-01-31": "-105.60000", "2010-10-31": 224.2001, "2010-07-31": 223.9, "2010-04-30": -1191.8, "2010-01-31": "445.10000", "2009-10-31": -501.6, "2009-07-31": -1501.9, "2009-04-30": -275, "2009-01-31": "3346.20000", "2008-10-31": -106.6, "2008-07-31": 276.5, "2008-04-30": 1270.3001, "2008-01-31": "-118.40010", "2007-10-31": 86.6, "2007-07-31": -3, "2007-04-30": 1197.6, "2007-01-31": "-34.40000", "2006-10-31": 244.0999, "2006-07-31": 305.8999, "2006-04-30": 238.8, "2006-01-31": "39.50000", "2005-10-31": 688.2, "2005-07-31": 1235.9, "2005-04-30": 1821.8, "2005-01-31": "364.10000"}, "Net Common Equity Issued/Repurchased": {"2020-10-31": -267, "2020-07-31": 41, "2020-04-30": -132, "2020-01-31": "-61.00000", "2019-10-31": -328, "2019-07-31": -361, "2019-04-30": -293, "2019-01-31": "-93.00000", "2018-10-31": -496, "2018-07-31": -383, "2018-04-30": 4.7, "2018-01-31": "133.30000", "2017-10-31": 40.6, "2017-07-31": 105, "2017-04-30": 120.3, "2017-01-31": "257.10000", "2016-10-31": 18.5, "2016-07-31": 6.4, "2016-04-30": -89.2, "2016-01-31": "-105.10000", "2015-10-31": -935.1, "2015-07-31": -575.7, "2015-04-30": -527.8, "2015-01-31": "-560.00000", "2014-10-31": -1089.3, "2014-07-31": -507.6, "2014-04-30": -561.7, "2014-01-31": "-423.00000", "2013-10-31": -767.4, "2013-07-31": -451.2, "2013-04-30": -159.5, "2013-01-31": "21.20000", "2012-10-31": -338.5, "2012-07-31": -470.8, "2012-04-30": -348.4, "2012-01-31": "-369.00000", "2011-10-31": -569.7001, "2011-07-31": -486.7999, "2011-04-30": -227.2, "2011-01-31": "-213.30000", "2010-10-31": -194.9, "2010-07-31": -74.5, "2010-04-30": 19, "2010-01-31": "20.70000", "2009-10-31": 7, "2009-07-31": 5.4, "2009-04-30": 1, "2009-01-31": "-0.10000", "2008-10-31": -317.7, "2008-07-31": -349.7, "2008-04-30": -488.5, "2008-01-31": "-412.80000", "2007-10-31": -361.5, "2007-07-31": -454.2, "2007-04-30": -294.9, "2007-01-31": "-121.50000", "2006-10-31": -320.9001, "2006-07-31": -352.5, "2006-04-30": -103.8, "2006-01-31": "-194.50000", "2005-10-31": -279.5, "2005-07-31": -98, "2005-04-30": -296.5, "2005-01-31": "-91.30000"}, "Net Total Equity Issued/Repurchased": {"2020-10-31": -267, "2020-07-31": 41, "2020-04-30": -132, "2020-01-31": "-61.00000", "2019-10-31": -328, "2019-07-31": -361, "2019-04-30": -293, "2019-01-31": "-93.00000", "2018-10-31": -496, "2018-07-31": -383, "2018-04-30": 4.7, "2018-01-31": "133.30000", "2017-10-31": 40.6, "2017-07-31": 105, "2017-04-30": 120.3, "2017-01-31": "257.10000", "2016-10-31": 18.5, "2016-07-31": 6.4, "2016-04-30": -89.2, "2016-01-31": "-105.10000", "2015-10-31": -935.1, "2015-07-31": -575.7, "2015-04-30": -527.8, "2015-01-31": "-560.00000", "2014-10-31": -1089.3, "2014-07-31": -507.6, "2014-04-30": -561.7, "2014-01-31": "-423.00000", "2013-10-31": -767.4, "2013-07-31": -451.2, "2013-04-30": -159.5, "2013-01-31": "21.20000", "2012-10-31": -338.5, "2012-07-31": -470.8, "2012-04-30": -348.4, "2012-01-31": "-369.00000", "2011-10-31": -569.7001, "2011-07-31": -486.7999, "2011-04-30": -227.2, "2011-01-31": "-213.30000", "2010-10-31": -194.9, "2010-07-31": -74.5, "2010-04-30": 19, "2010-01-31": "20.70000", "2009-10-31": 7, "2009-07-31": 5.4, "2009-04-30": 1, "2009-01-31": "-0.10000", "2008-10-31": -317.7, "2008-07-31": -349.7, "2008-04-30": -488.5, "2008-01-31": "-412.80000", "2007-10-31": -361.5, "2007-07-31": -454.2, "2007-04-30": -294.9, "2007-01-31": "-121.50000", "2006-10-31": -320.9001, "2006-07-31": -352.5, "2006-04-30": -103.8, "2006-01-31": "-194.50000", "2005-10-31": -279.5, "2005-07-31": -98, "2005-04-30": -296.5, "2005-01-31": "-91.30000"}, "Total Common And Preferred Stock Dividends Paid": {"2020-10-31": -238, "2020-07-31": -237, "2020-04-30": -239, "2020-01-31": "-242.00000", "2019-10-31": -240, "2019-07-31": -241, "2019-04-30": -242, "2019-01-31": "-220.00000", "2018-10-31": -223, "2018-07-31": -196.1, "2018-04-30": -193.9, "2018-01-31": "-193.00000", "2017-10-31": -192.7, "2017-07-31": -191.8, "2017-04-30": -190.6, "2017-01-31": "-188.90000", "2016-10-31": -188.7, "2016-07-31": -189.4, "2016-04-30": -190.1, "2016-01-31": "-193.10000", "2015-10-31": -198.4, "2015-07-31": -202.1, "2015-04-30": -205.9, "2015-01-31": "-209.90000", "2014-10-31": -217.4, "2014-07-31": -186.3, "2014-04-30": -189.8, "2014-01-31": "-192.50000", "2013-10-31": -196.6, "2013-07-31": -198.7, "2013-04-30": -178.9, "2013-01-31": "-178.70000", "2012-10-31": -181.6, "2012-07-31": -183.3, "2012-04-30": -165.2, "2012-01-31": "-167.80000", "2011-10-31": -170.9, "2011-07-31": -147.2, "2011-04-30": -147.8, "2011-01-31": "-127.20000", "2010-10-31": -127.3, "2010-07-31": -118.6, "2010-04-30": -119.1, "2010-01-31": "-118.50000", "2009-10-31": -118.5, "2009-07-31": -0.4, "2009-04-30": -236.3, "2009-01-31": "-118.20000", "2008-10-31": -120.2, "2008-07-31": -108.1, "2008-04-30": -109.4, "2008-01-31": "-110.40000", "2007-10-31": -98.3, "2007-07-31": -99.6, "2007-04-30": -100.1, "2007-01-31": "-88.70000", "2006-10-31": -91, "2006-07-31": -91.7, "2006-04-30": -92, "2006-01-31": "-73.70000", "2005-10-31": -74.8, "2005-07-31": -76.3, "2005-04-30": -69.3, "2005-01-31": "-69.30000"}, "Financial Activities - Other": {"2020-10-31": -23, "2020-07-31": -29, "2020-04-30": -43, "2020-01-31": "-38.00000", "2019-10-31": -34, "2019-07-31": -28, "2019-04-30": -24, "2019-01-31": "-30.00000", "2018-10-31": -27, "2018-07-31": -22.1, "2018-04-30": -17.2, "2018-01-31": "-26.70000", "2017-10-31": -25.1, "2017-07-31": -23.2, "2017-04-30": -15.3, "2017-01-31": "-24.40000", "2016-10-31": -11.1, "2016-07-31": -23.7, "2016-04-30": -9.4, "2016-01-31": "-20.50000", "2015-10-31": -33.7, "2015-07-31": -11, "2015-04-30": -11.5, "2015-01-31": "-15.90000", "2014-10-31": -10.9, "2014-07-31": -13.2, "2014-04-30": -10.3, "2014-01-31": "1.60000", "2013-10-31": -14.5, "2013-07-31": -4.2, "2013-04-30": -4.9, "2013-01-31": "15.00000", "2012-10-31": 0.1, "2012-07-31": -22.3, "2012-04-30": -13.8, "2012-01-31": "-0.10000", "2011-10-31": -8.9, "2011-07-31": -9.3, "2011-04-30": 18.7, "2011-01-31": "21.10000", "2010-10-31": 10.9, "2010-07-31": -2.6, "2010-04-30": -4.7, "2010-01-31": "-1.50000", "2009-10-31": -16.8, "2009-07-31": -7.6, "2009-04-30": -17.4, "2009-01-31": "-95.50000", "2008-10-31": -11, "2008-07-31": 13.1, "2008-04-30": 10.5, "2008-01-31": "33.90000", "2007-10-31": 25.3, "2007-07-31": 17.6, "2007-04-30": 24.8, "2007-01-31": "23.30000", "2006-10-31": 5.4, "2006-07-31": 12.5, "2006-04-30": 57.3, "2006-01-31": "-0.20000", "2005-10-31": -0.5, "2005-07-31": -0.7, "2005-04-30": -0.6, "2005-01-31": "-0.10000"}, "Cash Flow From Financial Activities": {"2020-10-31": -2704, "2020-07-31": -2619, "2020-04-30": 5106, "2020-01-31": "-763.00000", "2019-10-31": -707, "2019-07-31": -257, "2019-04-30": 1070, "2019-01-31": "403.00000", "2018-10-31": -780, "2018-07-31": 560.7, "2018-04-30": 1326.3, "2018-01-31": "-231.00000", "2017-10-31": 2630, "2017-07-31": 1595.3, "2017-04-30": 834.9, "2017-01-31": "-774.20000", "2016-10-31": -1596, "2016-07-31": -830.8, "2016-04-30": 763.8, "2016-01-31": "-742.90000", "2015-10-31": -1282.7, "2015-07-31": -529.8, "2015-04-30": 257.4, "2015-01-31": "-582.50000", "2014-10-31": -721.2, "2014-07-31": -266.4, "2014-04-30": 908.8, "2014-01-31": "-209.50000", "2013-10-31": -339.6, "2013-07-31": -405.1, "2013-04-30": 1103.5, "2013-01-31": "47.70000", "2012-10-31": 526.1, "2012-07-31": 1099.6, "2012-04-30": 1214.4, "2012-01-31": "1040.10000", "2011-10-31": -105.6, "2011-07-31": -540.8, "2011-04-30": 1211, "2011-01-31": "-425.00000", "2010-10-31": -87.1, "2010-07-31": 28.2, "2010-04-30": -1296.6, "2010-01-31": "345.80000", "2009-10-31": -629.9, "2009-07-31": -1504.5, "2009-04-30": -527.7, "2009-01-31": "3132.40000", "2008-10-31": -555.5, "2008-07-31": -168.2, "2008-04-30": 682.9, "2008-01-31": "-607.70000", "2007-10-31": -347.9, "2007-07-31": -539.2, "2007-04-30": 827.4, "2007-01-31": "-221.30000", "2006-10-31": -162.4, "2006-07-31": -125.8, "2006-04-30": 100.3, "2006-01-31": "-228.90000", "2005-10-31": 333.4, "2005-07-31": 1060.9, "2005-04-30": 1455.4, "2005-01-31": "203.40000"}, "Net Cash Flow": {"2020-10-31": -1128, "2020-07-31": -703, "2020-04-30": 5293, "2020-01-31": "-246.00000", "2019-10-31": 474, "2019-07-31": -104, "2019-04-30": -137, "2019-01-31": "-292.00000", "2018-10-31": -14, "2018-07-31": -300.4, "2018-04-30": 287.1, "2018-01-31": "-5424.70000", "2017-10-31": 2775.4, "2017-07-31": 2011.6, "2017-04-30": 635.8, "2017-01-31": "-445.80000", "2016-10-31": 14.8, "2016-07-31": 187.8, "2016-04-30": 673.3, "2016-01-31": "-702.30000", "2015-10-31": 31.4, "2015-07-31": -224.6, "2015-04-30": 380.6, "2015-01-31": "187.80000", "2014-10-31": 752.3, "2014-07-31": -43.8, "2014-04-30": -110.1, "2014-01-31": "-315.40000", "2013-10-31": 413.7, "2013-07-31": -561.1, "2013-04-30": -20.7, "2013-01-31": "-980.10000", "2012-10-31": 1254.7, "2012-07-31": 377.7, "2012-04-30": -368.5, "2012-01-31": "-258.90000", "2011-10-31": 28.9, "2011-07-31": -331.5, "2011-04-30": 511.8, "2011-01-31": "-352.60000", "2010-10-31": 36.9, "2010-07-31": 138.8, "2010-04-30": -1428.4, "2010-01-31": "391.60000", "2009-10-31": 336.9, "2009-07-31": -482.4, "2009-04-30": -206.9, "2009-01-31": "2792.70000", "2008-10-31": -611.4, "2008-07-31": 535, "2008-04-30": 791.5, "2008-01-31": "-782.30000", "2007-10-31": 505.4, "2007-07-31": -210.5, "2007-04-30": 642.6, "2007-01-31": "-346.40000", "2006-10-31": 401.6, "2006-07-31": 84, "2006-04-30": -275.3, "2006-01-31": "-781.00000", "2005-10-31": 118.4, "2005-07-31": -916.9, "2005-04-30": 191.2, "2005-01-31": "-315.60000"}, "Stock-Based Compensation": {"2020-10-31": 18, "2020-07-31": 15, "2020-04-30": 29, "2020-01-31": "19.00000", "2019-10-31": 19, "2019-07-31": 19, "2019-04-30": 24, "2019-01-31": "20.00000", "2018-10-31": 21, "2018-07-31": 23.2, "2018-04-30": 23.1, "2018-01-31": "16.70000", "2017-10-31": 17.3, "2017-07-31": 18.4, "2017-04-30": 14.1, "2017-01-31": "18.20000", "2016-10-31": 18.8, "2016-07-31": 19.8, "2016-04-30": 14.5, "2016-01-31": "17.50000", "2015-10-31": 18.4, "2015-07-31": 19, "2015-04-30": 10.6, "2015-01-31": "18.10000", "2014-10-31": 17.9, "2014-07-31": 15.9, "2014-04-30": 21.5, "2014-01-31": "23.20000", "2013-10-31": 18, "2013-07-31": 17.7, "2013-04-30": 22.7, "2013-01-31": "22.30000", "2012-10-31": 18.4, "2012-07-31": 18.4, "2012-04-30": 18.2, "2012-01-31": "19.50000", "2011-10-31": 18.2, "2011-07-31": 17.7, "2011-04-30": 18.1, "2011-01-31": "15.00000", "2010-10-31": 9.7, "2010-07-31": 9.8, "2010-04-30": 11.6, "2010-01-31": "40.10000", "2009-10-31": 6.6, "2009-07-31": 7.6, "2009-04-30": 10.6, "2009-01-31": "45.70000", "2008-10-31": 6.9, "2008-07-31": 9.6, "2008-04-30": 8.6, "2008-01-31": "45.50000", "2007-10-31": 14.3, "2007-07-31": 12.7, "2007-04-30": 12.4, "2007-01-31": "42.60000", "2006-10-31": 15.3, "2006-07-31": 14.4, "2006-04-30": 14.4, "2006-01-31": "46.60000", "2005-10-31": 14.5, "2005-07-31": 0, "2005-04-30": 0, "2005-01-31": ""}, "Common Stock Dividends Paid": {"2020-10-31": -238, "2020-07-31": -237, "2020-04-30": -239, "2020-01-31": "-242.00000", "2019-10-31": -240, "2019-07-31": -241, "2019-04-30": -242, "2019-01-31": "-220.00000", "2018-10-31": -223, "2018-07-31": -196.1, "2018-04-30": -193.9, "2018-01-31": "-193.00000", "2017-10-31": -192.7, "2017-07-31": -191.8, "2017-04-30": -190.6, "2017-01-31": "-188.90000", "2016-10-31": -188.7, "2016-07-31": -189.4, "2016-04-30": -190.1, "2016-01-31": "-193.10000", "2015-10-31": -198.4, "2015-07-31": -202.1, "2015-04-30": -205.9, "2015-01-31": "-209.90000", "2014-10-31": -217.4, "2014-07-31": -186.3, "2014-04-30": -189.8, "2014-01-31": "-192.50000", "2013-10-31": -196.6, "2013-07-31": -198.7, "2013-04-30": -178.9, "2013-01-31": "-178.70000", "2012-10-31": -181.6, "2012-07-31": -183.3, "2012-04-30": -165.2, "2012-01-31": "-167.80000", "2011-10-31": -170.9, "2011-07-31": -147.2, "2011-04-30": -147.8, "2011-01-31": "-127.20000", "2010-10-31": -127.3, "2010-07-31": -118.6, "2010-04-30": -119.1, "2010-01-31": "-118.50000", "2009-10-31": -118.5, "2009-07-31": -0.4, "2009-04-30": -236.3, "2009-01-31": "-118.20000", "2008-10-31": -120.2, "2008-07-31": -108.1, "2008-04-30": -109.4, "2008-01-31": "-110.40000", "2007-10-31": -98.3, "2007-07-31": -99.6, "2007-04-30": -100.1, "2007-01-31": "-88.70000", "2006-10-31": -91, "2006-07-31": -91.7, "2006-04-30": -92, "2006-01-31": "-73.70000", "2005-10-31": -74.8, "2005-07-31": -76.3, "2005-04-30": -69.3, "2005-01-31": "-69.30000"}}, "financial ratios": {"Current Ratio": {"2020-10-31": "2.23930", "2019-10-31": "2.03810", "2018-10-31": "1.91540", "2017-10-31": "2.12020", "2016-10-31": "2.13230", "2015-10-31": "2.06460", "2014-10-31": "2.16860", "2013-10-31": "2.05210", "2012-10-31": "2.23760", "2011-10-31": "2.06850", "2010-10-31": "2.21040", "2009-10-31": "2.31410", "2008-10-31": "1.84550", "2007-10-31": "1.76900", "2006-10-31": "1.98200", "2005-10-31": "2.12360"}, "Long-term Debt / Capital": {"2020-10-31": "0.71660", "2019-10-31": "0.72590", "2018-10-31": "0.70690", "2017-10-31": "0.73030", "2016-10-31": "0.78400", "2015-10-31": "0.77910", "2014-10-31": "0.72900", "2013-10-31": "0.67760", "2012-10-31": "0.76590", "2011-10-31": "0.71340", "2010-10-31": "0.72730", "2009-10-31": "0.78290", "2008-10-31": "0.68030", "2007-10-31": "0.62250", "2006-10-31": "0.60730", "2005-10-31": "0.63140"}, "Debt/Equity Ratio": {"2020-10-31": "3.55360", "2019-10-31": "3.97070", "2018-10-31": "3.74250", "2017-10-31": "4.18860", "2016-10-31": "5.45290", "2015-10-31": "5.45300", "2014-10-31": "4.07680", "2013-10-31": "3.35770", "2012-10-31": "4.72460", "2011-10-31": "3.90170", "2010-10-31": "3.86280", "2009-10-31": "5.09050", "2008-10-31": "3.43180", "2007-10-31": "3.04200", "2006-10-31": "2.63040", "2005-10-31": "2.71800"}, "Gross Margin": {"2020-10-31": "33.37930", "2019-10-31": "31.75400", "2018-10-31": "31.55150", "2017-10-31": "33.19660", "2016-10-31": "31.70660", "2015-10-31": "30.21050", "2014-10-31": "31.30600", "2013-10-31": "32.08880", "2012-10-31": "30.83570", "2011-10-31": "31.52860", "2010-10-31": "33.09340", "2009-10-31": "29.66890", "2008-10-31": "31.16580", "2007-10-31": "32.51120", "2006-10-31": "30.63870", "2005-10-31": "28.36840"}, "Operating Margin": {"2020-10-31": "10.92570", "2019-10-31": "10.41320", "2018-10-31": "10.89730", "2017-10-31": "10.60600", "2016-10-31": "8.34710", "2015-10-31": "9.63210", "2014-10-31": "13.30140", "2013-10-31": "14.50810", "2012-10-31": "13.09400", "2011-10-31": "13.19110", "2010-10-31": "11.63330", "2009-10-31": "5.79430", "2008-10-31": "10.98790", "2007-10-31": "11.10990", "2006-10-31": "9.81500", "2005-10-31": "9.94060"}, "EBIT Margin": {"2020-10-31": "14.43440", "2019-10-31": "14.14740", "2018-10-31": "14.12010", "2017-10-31": "13.62900", "2016-10-31": "11.21340", "2015-10-31": "11.98810", "2014-10-31": "15.14240", "2013-10-31": "16.46950", "2012-10-31": "15.25900", "2011-10-31": "15.56330", "2010-10-31": "14.75350", "2009-10-31": "10.30440", "2008-10-31": "14.98610", "2007-10-31": "15.89020", "2006-10-31": "14.40910", "2005-10-31": "13.53180"}, "EBITDA Margin": {"2020-10-31": "20.39390", "2019-10-31": "19.29030", "2018-10-31": "19.27830", "2017-10-31": "19.39940", "2016-10-31": "17.06760", "2015-10-31": "16.77770", "2014-10-31": "18.76480", "2013-10-31": "19.48650", "2012-10-31": "18.03630", "2011-10-31": "18.42120", "2010-10-31": "18.37600", "2009-10-31": "15.33420", "2008-10-31": "17.90830", "2007-10-31": "18.98120", "2006-10-31": "17.53090", "2005-10-31": "16.53550"}, "Pre-Tax Profit Margin": {"2020-10-31": "10.92570", "2019-10-31": "10.41320", "2018-10-31": "10.89730", "2017-10-31": "10.60600", "2016-10-31": "8.34710", "2015-10-31": "9.63210", "2014-10-31": "13.30140", "2013-10-31": "14.50810", "2012-10-31": "13.09400", "2011-10-31": "13.19110", "2010-10-31": "11.63330", "2009-10-31": "5.79430", "2008-10-31": "10.98790", "2007-10-31": "11.10990", "2006-10-31": "9.81500", "2005-10-31": "9.94060"}, "Net Profit Margin": {"2020-10-31": "7.74060", "2019-10-31": "8.28620", "2018-10-31": "6.33870", "2017-10-31": "7.26010", "2016-10-31": "5.71950", "2015-10-31": "6.72150", "2014-10-31": "8.76620", "2013-10-31": "9.35910", "2012-10-31": "8.47610", "2011-10-31": "8.74630", "2010-10-31": "7.16910", "2009-10-31": "3.77940", "2008-10-31": "7.21860", "2007-10-31": "7.56450", "2006-10-31": "7.64770", "2005-10-31": "6.82750"}, "Asset Turnover": {"2020-10-31": "0.47330", "2019-10-31": "0.53770", "2018-10-31": "0.53290", "2017-10-31": "0.45200", "2016-10-31": "0.46000", "2015-10-31": "0.49810", "2014-10-31": "0.58800", "2013-10-31": "0.63500", "2012-10-31": "0.64260", "2011-10-31": "0.66410", "2010-10-31": "0.60100", "2009-10-31": "0.56190", "2008-10-31": "0.73420", "2007-10-31": "0.62430", "2006-10-31": "0.63790", "2005-10-31": "0.63000"}, "Inventory Turnover Ratio": {"2020-10-31": "4.73630", "2019-10-31": "4.48400", "2018-10-31": "4.15860", "2017-10-31": "5.08850", "2016-10-31": "5.44710", "2015-10-31": "5.27720", "2014-10-31": "5.88540", "2013-10-31": "5.20140", "2012-10-31": "4.83710", "2011-10-31": "5.01520", "2010-10-31": "5.68030", "2009-10-31": "6.78060", "2008-10-31": "6.43530", "2007-10-31": "6.95370", "2006-10-31": "7.84860", "2005-10-31": "7.11010"}, "Receiveable Turnover": {"2020-10-31": "6.55480", "2019-10-31": "5.80480", "2018-10-31": "5.52470", "2017-10-31": "5.76230", "2016-10-31": "6.58480", "2015-10-31": "7.08190", "2014-10-31": "7.50130", "2013-10-31": "7.19450", "2012-10-31": "6.39980", "2011-10-31": "6.85040", "2010-10-31": "5.87200", "2009-10-31": "6.56640", "2008-10-31": "7.21000", "2007-10-31": "6.54250", "2006-10-31": "6.31330", "2005-10-31": "5.79110"}, "Days Sales In Receivables": {"2020-10-31": "55.68460", "2019-10-31": "62.87880", "2018-10-31": "66.06700", "2017-10-31": "63.34290", "2016-10-31": "55.43090", "2015-10-31": "51.54020", "2014-10-31": "48.65840", "2013-10-31": "50.73350", "2012-10-31": "57.03280", "2011-10-31": "53.28170", "2010-10-31": "62.15970", "2009-10-31": "55.58600", "2008-10-31": "50.62430", "2007-10-31": "55.78930", "2006-10-31": "57.81420", "2005-10-31": "63.02770"}, "ROE - Return On Equity": {"2020-10-31": "21.26850", "2019-10-31": "28.52760", "2018-10-31": "20.99900", "2017-10-31": "22.58250", "2016-10-31": "23.29730", "2015-10-31": "28.72170", "2014-10-31": "34.89380", "2013-10-31": "34.45370", "2012-10-31": "44.76250", "2011-10-31": "41.20090", "2010-10-31": "29.73480", "2009-10-31": "18.09940", "2008-10-31": "31.43720", "2007-10-31": "25.45770", "2006-10-31": "19.39880", "2005-10-31": "20.63780"}, "Return On Tangible Equity": {"2020-10-31": "32.25160", "2019-10-31": "45.74440", "2018-10-31": "35.77250", "2017-10-31": "25.98330", "2016-10-31": "27.11640", "2015-10-31": "32.52180", "2014-10-31": "38.55100", "2013-10-31": "37.85230", "2012-10-31": "52.63370", "2011-10-31": "49.36620", "2010-10-31": "36.12900", "2009-10-31": "23.91510", "2008-10-31": "39.90320", "2007-10-31": "31.46020", "2006-10-31": "22.97620", "2005-10-31": "24.61400"}, "ROA - Return On Assets": {"2020-10-31": "3.66620", "2019-10-31": "4.46100", "2018-10-31": "3.38190", "2017-10-31": "3.28180", "2016-10-31": "2.62700", "2015-10-31": "3.34940", "2014-10-31": "5.15730", "2013-10-31": "5.94340", "2012-10-31": "5.45910", "2011-10-31": "5.82440", "2010-10-31": "4.33200", "2009-10-31": "2.12220", "2008-10-31": "5.30200", "2007-10-31": "4.72240", "2006-10-31": "4.18540", "2005-10-31": "4.20370"}, "ROI - Return On Investment": {"2020-10-31": "6.02700", "2019-10-31": "7.82070", "2018-10-31": "6.15400", "2017-10-31": "6.09000", "2016-10-31": "5.03240", "2015-10-31": "6.34480", "2014-10-31": "9.45790", "2013-10-31": "11.10870", "2012-10-31": "10.47790", "2011-10-31": "11.81000", "2010-10-31": "8.10760", "2009-10-31": "3.92940", "2008-10-31": "10.05180", "2007-10-31": "9.61120", "2006-10-31": "7.61830", "2005-10-31": "7.60610"}, "Book Value Per Share": {"2020-10-31": "41.26810", "2019-10-31": "36.45970", "2018-10-31": "35.45560", "2017-10-31": "29.70570", "2016-10-31": "20.74800", "2015-10-31": "21.33840", "2014-10-31": "26.23850", "2013-10-31": "27.46820", "2012-10-31": "17.69450", "2011-10-31": "16.78260", "2010-10-31": "14.93060", "2009-10-31": "11.39490", "2008-10-31": "15.46950", "2007-10-31": "16.27670", "2006-10-31": "16.48350", "2005-10-31": "14.46250"}, "Operating Cash Flow Per Share": {"2020-10-31": 12.993, "2019-10-31": 5.0757, "2018-10-31": -1.2257, "2017-10-31": -5.1143, "2016-10-31": 0.7199, "2015-10-31": 1.5559, "2014-10-31": 1.2695, "2013-10-31": 5.4532, "2012-10-31": -2.599, "2011-10-31": 0.1825, "2010-10-31": 0.6481, "2009-10-31": 0.2096, "2008-10-31": -1.5975, "2007-10-31": 4.001, "2006-10-31": -0.4046, "2005-10-31": 2.4682}, "Free Cash Flow Per Share": {"2020-10-31": 14.3877, "2019-10-31": 4.9293, "2018-10-31": -2.049, "2017-10-31": -4.43, "2016-10-31": 1.5946, "2015-10-31": 2.4956, "2014-10-31": 1.9571, "2013-10-31": 6.178, "2012-10-31": -3.0099, "2011-10-31": -0.3748, "2010-10-31": 1.3337, "2009-10-31": 0.6798, "2008-10-31": -1.6129, "2007-10-31": 3.4994, "2006-10-31": -1.1394, "2005-10-31": 2.238}}, "financial ratios, quarterly": {"Current Ratio": {"2020-10-31": "2.23930", "2020-07-31": "2.26230", "2020-04-30": "2.19630", "2020-01-31": "2.12190", "2019-10-31": "2.03810", "2019-07-31": "1.99450", "2019-04-30": "1.93620", "2019-01-31": "1.98300", "2018-10-31": "1.91540", "2018-07-31": "1.91280", "2018-04-30": "1.91130", "2018-01-31": "1.97880", "2017-10-31": "2.12020", "2017-07-31": "2.10030", "2017-04-30": "2.16440", "2017-01-31": "2.19580", "2016-10-31": "2.13230", "2016-07-31": "2.10150", "2016-04-30": "2.10210", "2016-01-31": "2.24430", "2015-10-31": "2.06460", "2015-07-31": "2.05470", "2015-04-30": "2.11060", "2015-01-31": "2.25590", "2014-10-31": "2.16860", "2014-07-31": "2.21610", "2014-04-30": "2.18430", "2014-01-31": "2.23970", "2013-10-31": "2.05210", "2013-07-31": "2.17800", "2013-04-30": "2.16610", "2013-01-31": "2.36000", "2012-10-31": "2.23760", "2012-07-31": "2.22630", "2012-04-30": "2.09090", "2012-01-31": "2.02760", "2011-10-31": "2.06850", "2011-07-31": "2.02120", "2011-04-30": "2.08930", "2011-01-31": "2.34140", "2010-10-31": "2.21040", "2010-07-31": "2.24270", "2010-04-30": "2.46210", "2010-01-31": "2.33170", "2009-10-31": "2.31410", "2009-07-31": "2.14410", "2009-04-30": "2.07030", "2009-01-31": "1.99840", "2008-10-31": "1.84550", "2008-07-31": "1.75930", "2008-04-30": "1.72590", "2008-01-31": "1.78280", "2007-10-31": "1.76900", "2007-07-31": "1.75230", "2007-04-30": "1.81270", "2007-01-31": "1.84960", "2006-10-31": "1.98200", "2006-07-31": "1.94740", "2006-04-30": "2.04440", "2006-01-31": "2.23590", "2005-10-31": "2.12360", "2005-07-31": "2.26060", "2005-04-30": "2.32090", "2005-01-31": "2.61740"}, "Long-term Debt / Capital": {"2020-10-31": "0.71660", "2020-07-31": "0.72530", "2020-04-30": "0.74310", "2020-01-31": "0.71870", "2019-10-31": "0.72590", "2019-07-31": "0.70440", "2019-04-30": "0.70320", "2019-01-31": "0.71080", "2018-10-31": "0.70690", "2018-07-31": "0.72140", "2018-04-30": "0.71610", "2018-01-31": "0.74040", "2017-10-31": "0.73030", "2017-07-31": "0.73410", "2017-04-30": "0.75140", "2017-01-31": "0.77030", "2016-10-31": "0.78400", "2016-07-31": "0.76390", "2016-04-30": "0.77410", "2016-01-31": "0.78750", "2015-10-31": "0.77910", "2015-07-31": "0.75020", "2015-04-30": "0.74290", "2015-01-31": "0.74510", "2014-10-31": "0.72900", "2014-07-31": "0.68930", "2014-04-30": "0.68470", "2014-01-31": "0.68460", "2013-10-31": "0.67760", "2013-07-31": "0.71640", "2013-04-30": "0.72460", "2013-01-31": "0.74760", "2012-10-31": "0.76590", "2012-07-31": "0.74050", "2012-04-30": "0.71680", "2012-01-31": "0.71400", "2011-10-31": "0.71340", "2011-07-31": "0.67820", "2011-04-30": "0.68540", "2011-01-31": "0.71720", "2010-10-31": "0.72730", "2010-07-31": "0.72770", "2010-04-30": "0.75430", "2010-01-31": "0.77420", "2009-10-31": "0.78290", "2009-07-31": "0.69240", "2009-04-30": "0.71030", "2009-01-31": "0.71650", "2008-10-31": "0.68030", "2008-07-31": "0.63990", "2008-04-30": "0.63440", "2008-01-31": "0.63690", "2007-10-31": "0.62250", "2007-07-31": "0.57920", "2007-04-30": "0.58620", "2007-01-31": "0.58250", "2006-10-31": "0.60730", "2006-07-31": "0.59760", "2006-04-30": "0.60290", "2006-01-31": "0.63950", "2005-10-31": "0.63140", "2005-07-31": "0.62850", "2005-04-30": "0.62690", "2005-01-31": "0.62770"}, "Debt/Equity Ratio": {"2020-10-31": "3.55360", "2020-07-31": "3.76020", "2020-04-30": "4.22610", "2020-01-31": "3.76350", "2019-10-31": "3.97070", "2019-07-31": "3.70270", "2019-04-30": "3.75030", "2019-01-31": "3.79930", "2018-10-31": "3.74250", "2018-07-31": "4.08740", "2018-04-30": "3.98990", "2018-01-31": "4.38140", "2017-10-31": "4.18860", "2017-07-31": "4.37030", "2017-04-30": "4.60650", "2017-01-31": "5.05880", "2016-10-31": "5.45290", "2016-07-31": "4.99380", "2016-04-30": "5.26690", "2016-01-31": "5.47780", "2015-10-31": "5.45300", "2015-07-31": "4.80830", "2015-04-30": "4.56390", "2015-01-31": "4.43910", "2014-10-31": "4.07680", "2014-07-31": "3.39340", "2014-04-30": "3.39900", "2014-01-31": "3.35480", "2013-10-31": "3.35770", "2013-07-31": "3.92150", "2013-04-30": "4.10740", "2013-01-31": "4.34780", "2012-10-31": "4.72460", "2012-07-31": "4.21140", "2012-04-30": "4.01060", "2012-01-31": "4.13680", "2011-10-31": "3.90170", "2011-07-31": "3.47500", "2011-04-30": "3.50910", "2011-01-31": "3.66860", "2010-10-31": "3.86280", "2010-07-31": "3.89500", "2010-04-30": "4.17650", "2010-01-31": "4.96790", "2009-10-31": "5.09050", "2009-07-31": "3.33470", "2009-04-30": "3.75090", "2009-01-31": "3.94960", "2008-10-31": "3.43180", "2008-07-31": "3.11830", "2008-04-30": "3.15250", "2008-01-31": "3.09810", "2007-10-31": "3.04200", "2007-07-31": "2.63930", "2007-04-30": "2.64900", "2007-01-31": "2.59030", "2006-10-31": "2.63040", "2006-07-31": "2.55510", "2006-04-30": "2.52160", "2006-01-31": "2.72300", "2005-10-31": "2.71800", "2005-07-31": "2.57370", "2005-04-30": "2.47610", "2005-01-31": "2.29710"}, "Gross Margin": {"2020-10-31": "33.50120", "2020-07-31": "34.62190", "2020-04-30": "31.97880", "2020-01-31": "33.46880", "2019-10-31": "31.94220", "2019-07-31": "31.54640", "2019-04-30": "31.62580", "2019-01-31": "31.96390", "2018-10-31": "32.23380", "2018-07-31": "30.61700", "2018-04-30": "31.59240", "2018-01-31": "31.95200", "2017-10-31": "32.54930", "2017-07-31": "32.77750", "2017-04-30": "34.50340", "2017-01-31": "32.77570", "2016-10-31": "33.57360", "2016-07-31": "33.16580", "2016-04-30": "29.76870", "2016-01-31": "30.48960", "2015-10-31": "30.45130", "2015-07-31": "29.44150", "2015-04-30": "30.30950", "2015-01-31": "30.74530", "2014-10-31": "31.98730", "2014-07-31": "30.40880", "2014-04-30": "30.92210", "2014-01-31": "32.12050", "2013-10-31": "32.99470", "2013-07-31": "31.68860", "2013-04-30": "31.44090", "2013-01-31": "32.42790", "2012-10-31": "30.13090", "2012-07-31": "29.55460", "2012-04-30": "31.71370", "2012-01-31": "32.37270", "2011-10-31": "31.18430", "2011-07-31": "30.81380", "2011-04-30": "31.45790", "2011-01-31": "33.09420", "2010-10-31": "31.84530", "2010-07-31": "33.89400", "2010-04-30": "33.17530", "2010-01-31": "33.69940", "2009-10-31": "26.90990", "2009-07-31": "31.04710", "2009-04-30": "29.51180", "2009-01-31": "31.15880", "2008-10-31": "28.62650", "2008-07-31": "29.93790", "2008-04-30": "31.96490", "2008-01-31": "35.36240", "2007-10-31": "33.97930", "2007-07-31": "31.51790", "2007-04-30": "31.63100", "2007-01-31": "33.33180", "2006-10-31": "31.13430", "2006-07-31": "29.80680", "2006-04-30": "30.76740", "2006-01-31": "31.07490", "2005-10-31": "27.89010", "2005-07-31": "26.77820", "2005-04-30": "29.42340", "2005-01-31": "29.60220"}, "Operating Margin": {"2020-10-31": "11.46850", "2020-07-31": "14.22970", "2020-04-30": "10.02920", "2020-01-31": "7.45640", "2019-10-31": "8.33670", "2019-07-31": "11.09010", "2019-04-30": "12.98710", "2019-01-31": "8.47950", "2018-10-31": "10.40090", "2018-07-31": "11.54440", "2018-04-30": "12.90760", "2018-01-31": "7.49110", "2017-10-31": "9.56350", "2017-07-31": "11.39760", "2017-04-30": "14.11010", "2017-01-31": "5.83090", "2016-10-31": "6.66290", "2016-07-31": "10.48570", "2016-04-30": "9.31130", "2016-01-31": "6.35710", "2015-10-31": "6.80540", "2015-07-31": "9.72520", "2015-04-30": "12.44690", "2015-01-31": "8.89220", "2014-10-31": "12.00800", "2014-07-31": "13.60180", "2014-04-30": "14.71470", "2014-01-31": "12.60650", "2013-10-31": "13.16530", "2013-07-31": "15.47770", "2013-04-30": "15.97840", "2013-01-31": "12.74830", "2012-10-31": "11.46290", "2012-07-31": "12.66580", "2012-04-30": "15.95630", "2012-01-31": "11.82740", "2011-10-31": "12.27400", "2011-07-31": "12.88960", "2011-04-30": "15.04770", "2011-01-31": "12.19110", "2010-10-31": "10.41790", "2010-07-31": "13.48130", "2010-04-30": "13.86780", "2010-01-31": "7.53500", "2009-10-31": "-1.03480", "2009-07-31": "8.64460", "2009-04-30": "9.06810", "2009-01-31": "5.32070", "2008-10-31": "7.58800", "2008-07-31": "11.22930", "2008-04-30": "14.35890", "2008-01-31": "10.21920", "2007-10-31": "10.07360", "2007-07-31": "12.09430", "2007-04-30": "12.91970", "2007-01-31": "8.25730", "2006-10-31": "7.18120", "2006-07-31": "10.86700", "2006-04-30": "11.96680", "2006-01-31": "8.09360", "2005-10-31": "6.33210", "2005-07-31": "9.78290", "2005-04-30": "13.77780", "2005-01-31": "8.47120"}, "EBIT Margin": {"2020-10-31": "14.33560", "2020-07-31": "17.47900", "2020-04-30": "13.72530", "2020-01-31": "11.85950", "2019-10-31": "12.25750", "2019-07-31": "14.81670", "2019-04-30": "16.08180", "2019-01-31": "12.90080", "2018-10-31": "13.83110", "2018-07-31": "14.36750", "2018-04-30": "15.74070", "2018-01-31": "11.63230", "2017-10-31": "12.65280", "2017-07-31": "14.16790", "2017-04-30": "16.84810", "2017-01-31": "9.53030", "2016-10-31": "9.71210", "2016-07-31": "13.47030", "2016-04-30": "11.73660", "2016-01-31": "9.49230", "2015-10-31": "9.23120", "2015-07-31": "11.98360", "2015-04-30": "14.47240", "2015-01-31": "11.71370", "2014-10-31": "13.93330", "2014-07-31": "15.22180", "2014-04-30": "16.38140", "2014-01-31": "14.84980", "2013-10-31": "15.15030", "2013-07-31": "17.30190", "2013-04-30": "17.72850", "2013-01-31": "15.17500", "2012-10-31": "13.50650", "2012-07-31": "14.69800", "2012-04-30": "17.91160", "2012-01-31": "14.66640", "2011-10-31": "14.36770", "2011-07-31": "15.09100", "2011-04-30": "17.20600", "2011-01-31": "15.50040", "2010-10-31": "13.09080", "2010-07-31": "16.30560", "2010-04-30": "16.77490", "2010-01-31": "12.05430", "2009-10-31": "3.63700", "2009-07-31": "12.88110", "2009-04-30": "13.06060", "2009-01-31": "10.65510", "2008-10-31": "11.48060", "2008-07-31": "14.72080", "2008-04-30": "17.86160", "2008-01-31": "15.89310", "2007-10-31": "15.10390", "2007-07-31": "16.49010", "2007-04-30": "17.04030", "2007-01-31": "14.29310", "2006-10-31": "12.56080", "2006-07-31": "15.04620", "2006-04-30": "15.78300", "2006-01-31": "13.56470", "2005-10-31": "10.68490", "2005-07-31": "13.15730", "2005-04-30": "16.57400", "2005-01-31": "12.71830"}, "EBITDA Margin": {"2020-10-31": "", "2020-07-31": "", "2020-04-30": "", "2020-01-31": "", "2019-10-31": "", "2019-07-31": "", "2019-04-30": "", "2019-01-31": "", "2018-10-31": "", "2018-07-31": "", "2018-04-30": "", "2018-01-31": "", "2017-10-31": "", "2017-07-31": "", "2017-04-30": "", "2017-01-31": "", "2016-10-31": "", "2016-07-31": "", "2016-04-30": "", "2016-01-31": "", "2015-10-31": "", "2015-07-31": "", "2015-04-30": "", "2015-01-31": "", "2014-10-31": "", "2014-07-31": "", "2014-04-30": "", "2014-01-31": "", "2013-10-31": "", "2013-07-31": "", "2013-04-30": "", "2013-01-31": "", "2012-10-31": "", "2012-07-31": "", "2012-04-30": "", "2012-01-31": "", "2011-10-31": "", "2011-07-31": "", "2011-04-30": "", "2011-01-31": "", "2010-10-31": "", "2010-07-31": "", "2010-04-30": "", "2010-01-31": "", "2009-10-31": "", "2009-07-31": "", "2009-04-30": "", "2009-01-31": "", "2008-10-31": "", "2008-07-31": "", "2008-04-30": "", "2008-01-31": "", "2007-10-31": "", "2007-07-31": "", "2007-04-30": "", "2007-01-31": "", "2006-10-31": "", "2006-07-31": "", "2006-04-30": "", "2006-01-31": "", "2005-10-31": "", "2005-07-31": "", "2005-04-30": "", "2005-01-31": ""}, "Pre-Tax Profit Margin": {"2020-10-31": "11.46850", "2020-07-31": "14.22970", "2020-04-30": "10.02920", "2020-01-31": "7.45640", "2019-10-31": "8.33670", "2019-07-31": "11.09010", "2019-04-30": "12.98710", "2019-01-31": "8.47950", "2018-10-31": "10.40090", "2018-07-31": "11.54440", "2018-04-30": "12.90770", "2018-01-31": "7.49110", "2017-10-31": "9.56350", "2017-07-31": "11.39760", "2017-04-30": "14.11010", "2017-01-31": "5.83090", "2016-10-31": "6.66290", "2016-07-31": "10.48570", "2016-04-30": "9.31130", "2016-01-31": "6.35710", "2015-10-31": "6.80540", "2015-07-31": "9.72520", "2015-04-30": "12.44690", "2015-01-31": "8.89220", "2014-10-31": "12.00810", "2014-07-31": "13.60180", "2014-04-30": "14.71470", "2014-01-31": "12.60650", "2013-10-31": "13.16530", "2013-07-31": "15.47770", "2013-04-30": "15.97840", "2013-01-31": "12.74830", "2012-10-31": "11.46290", "2012-07-31": "12.66580", "2012-04-30": "15.95630", "2012-01-31": "11.82740", "2011-10-31": "12.27400", "2011-07-31": "12.88960", "2011-04-30": "15.04760", "2011-01-31": "12.19110", "2010-10-31": "10.41790", "2010-07-31": "13.48130", "2010-04-30": "13.86780", "2010-01-31": "7.53500", "2009-10-31": "-1.03490", "2009-07-31": "8.64460", "2009-04-30": "9.06810", "2009-01-31": "5.32070", "2008-10-31": "7.58800", "2008-07-31": "11.22930", "2008-04-30": "14.35890", "2008-01-31": "10.21920", "2007-10-31": "10.07360", "2007-07-31": "12.09430", "2007-04-30": "12.91970", "2007-01-31": "8.25730", "2006-10-31": "7.18120", "2006-07-31": "10.86700", "2006-04-30": "11.96680", "2006-01-31": "8.09360", "2005-10-31": "6.33200", "2005-07-31": "9.78290", "2005-04-30": "13.77780", "2005-01-31": "8.47120"}, "Net Profit Margin": {"2020-10-31": "7.77930", "2020-07-31": "9.08680", "2020-04-30": "7.19770", "2020-01-31": "6.77500", "2019-10-31": "7.28580", "2019-07-31": "8.95780", "2019-04-30": "10.00710", "2019-01-31": "6.23750", "2018-10-31": "8.33640", "2018-07-31": "8.82810", "2018-04-30": "11.26960", "2018-01-31": "-7.73990", "2017-10-31": "6.36070", "2017-07-31": "8.22000", "2017-04-30": "9.75380", "2017-01-31": "3.53590", "2016-10-31": "4.38520", "2016-07-31": "7.26460", "2016-04-30": "6.28790", "2016-01-31": "4.60310", "2015-10-31": "5.23730", "2015-07-31": "6.73450", "2015-04-30": "8.44730", "2015-01-31": "6.05820", "2014-10-31": "7.24950", "2014-07-31": "8.95140", "2014-04-30": "9.85430", "2014-01-31": "8.89860", "2013-10-31": "8.54440", "2013-07-31": "9.95310", "2013-04-30": "9.93170", "2013-01-31": "8.75310", "2012-10-31": "7.02230", "2012-07-31": "8.21660", "2012-04-30": "10.55290", "2012-01-31": "7.87560", "2011-10-31": "7.77900", "2011-07-31": "8.50820", "2011-04-30": "10.14630", "2011-01-31": "8.39490", "2010-10-31": "6.33990", "2010-07-31": "9.02460", "2010-04-30": "7.67790", "2010-01-31": "5.03020", "2009-10-31": "-4.17500", "2009-07-31": "7.13730", "2009-04-30": "6.99930", "2009-01-31": "3.96240", "2008-10-31": "4.66140", "2008-07-31": "7.43280", "2008-04-30": "9.42980", "2008-01-31": "7.09670", "2007-10-31": "6.87530", "2007-07-31": "8.09800", "2007-04-30": "9.06070", "2007-01-31": "5.39410", "2006-10-31": "5.41870", "2006-07-31": "6.95740", "2006-04-30": "11.34800", "2006-01-31": "5.61390", "2005-10-31": "4.66540", "2005-07-31": "6.64730", "2005-04-30": "9.37770", "2005-01-31": "5.66270"}, "Asset Turnover": {"2020-10-31": "0.12960", "2020-07-31": "0.11550", "2020-04-30": "0.11970", "2020-01-31": "0.10630", "2019-10-31": "0.13550", "2019-07-31": "0.13650", "2019-04-30": "0.15590", "2019-01-31": "0.11420", "2018-10-31": "0.13430", "2018-07-31": "0.14860", "2018-04-30": "0.15340", "2018-01-31": "0.10380", "2017-10-31": "0.12190", "2017-07-31": "0.12520", "2017-04-30": "0.14050", "2017-01-31": "0.09990", "2016-10-31": "0.11260", "2016-07-31": "0.11490", "2016-04-30": "0.13320", "2016-01-31": "0.09870", "2015-10-31": "0.11590", "2015-07-31": "0.12890", "2015-04-30": "0.13710", "2015-01-31": "0.10950", "2014-10-31": "0.14620", "2014-07-31": "0.15390", "2014-04-30": "0.16340", "2014-01-31": "0.13270", "2013-10-31": "0.15880", "2013-07-31": "0.17160", "2013-04-30": "0.18770", "2013-01-31": "0.13450", "2012-10-31": "0.17400", "2012-07-31": "0.18030", "2012-04-30": "0.19470", "2012-01-31": "0.13930", "2011-10-31": "0.17860", "2011-07-31": "0.17760", "2011-04-30": "0.19130", "2011-01-31": "0.14270", "2010-10-31": "0.16650", "2010-07-31": "0.16350", "2010-04-30": "0.17390", "2010-01-31": "0.11860", "2009-10-31": "0.12970", "2009-07-31": "0.14220", "2009-04-30": "0.16140", "2009-01-31": "0.12450", "2008-10-31": "0.19110", "2008-07-31": "0.18560", "2008-04-30": "0.19760", "2008-01-31": "0.13610", "2007-10-31": "0.15920", "2007-07-31": "0.17630", "2007-04-30": "0.18520", "2007-01-31": "0.12960", "2006-10-31": "0.14740", "2006-07-31": "0.18020", "2006-04-30": "0.19240", "2006-01-31": "0.12710", "2005-10-31": "0.14840", "2005-07-31": "0.17620", "2005-04-30": "0.20320", "2005-01-31": "0.13590"}, "Inventory Turnover Ratio": {"2020-10-31": "1.29450", "2020-07-31": "1.03270", "2020-04-30": "1.01990", "2020-01-31": "0.78320", "2019-10-31": "1.12720", "2019-07-31": "1.01820", "2019-04-30": "1.08290", "2019-01-31": "0.73390", "2018-10-31": "1.03780", "2018-07-31": "1.14630", "2018-04-30": "1.06450", "2018-01-31": "0.71130", "2017-10-31": "1.38530", "2017-07-31": "1.23410", "2017-04-30": "1.31910", "2017-01-31": "0.95500", "2016-10-31": "1.29650", "2016-07-31": "1.16690", "2016-04-30": "1.36200", "2016-01-31": "0.90370", "2015-10-31": "1.22360", "2015-07-31": "1.24060", "2015-04-30": "1.23140", "2015-01-31": "0.97650", "2014-10-31": "1.44840", "2014-07-31": "1.21550", "2014-04-30": "1.17470", "2014-01-31": "0.93540", "2013-10-31": "1.28320", "2013-07-31": "1.22230", "2013-04-30": "1.21210", "2013-01-31": "0.80330", "2012-10-31": "1.32330", "2012-07-31": "1.15140", "2012-04-30": "1.11810", "2012-01-31": "0.80600", "2011-10-31": "1.35590", "2011-07-31": "1.23560", "2011-04-30": "1.30290", "2011-01-31": "0.97980", "2010-10-31": "1.60250", "2010-07-31": "1.42330", "2010-04-30": "1.58690", "2010-01-31": "1.16460", "2009-10-31": "1.62630", "2009-07-31": "1.34360", "2009-04-30": "1.33950", "2009-01-31": "0.92330", "2008-10-31": "1.73660", "2008-07-31": "1.56060", "2008-04-30": "1.54270", "2008-01-31": "1.02220", "2007-10-31": "1.73460", "2007-07-31": "1.83650", "2007-04-30": "1.82890", "2007-01-31": "1.18760", "2006-10-31": "1.80050", "2006-07-31": "1.82960", "2006-04-30": "1.67520", "2006-01-31": "1.06030", "2005-10-31": "1.68620", "2005-07-31": "1.66550", "2005-04-30": "1.57290", "2005-01-31": "0.98850"}, "Receiveable Turnover": {"2020-10-31": "1.79470", "2020-07-31": "1.32890", "2020-04-30": "1.27980", "2020-01-31": "1.12800", "2019-10-31": "1.46330", "2019-07-31": "1.20230", "2019-04-30": "1.25600", "2019-01-31": "1.11140", "2018-10-31": "1.39260", "2018-07-31": "1.36780", "2018-04-30": "1.34950", "2018-01-31": "1.20140", "2017-10-31": "1.55360", "2017-07-31": "1.48790", "2017-04-30": "1.52100", "2017-01-31": "1.35630", "2016-10-31": "1.61130", "2016-07-31": "1.41410", "2016-04-30": "1.34480", "2016-01-31": "1.22120", "2015-10-31": "1.64770", "2015-07-31": "1.49290", "2015-04-30": "1.44950", "2015-01-31": "1.49030", "2014-10-31": "1.86450", "2014-07-31": "1.64410", "2014-04-30": "1.56610", "2014-01-31": "1.55900", "2013-10-31": "1.79890", "2013-07-31": "1.68990", "2013-04-30": "1.65330", "2013-01-31": "1.41330", "2012-10-31": "1.73310", "2012-07-31": "1.61120", "2012-04-30": "1.61550", "2012-01-31": "1.46220", "2011-10-31": "1.84280", "2011-07-31": "1.73060", "2011-04-30": "1.77090", "2011-01-31": "1.46880", "2010-10-31": "1.62620", "2010-07-31": "1.60790", "2010-04-30": "1.52940", "2010-01-31": "1.22920", "2009-10-31": "1.51550", "2009-07-31": "1.48470", "2009-04-30": "1.33440", "2009-01-31": "1.22240", "2008-10-31": "1.87650", "2008-07-31": "1.64430", "2008-04-30": "1.51800", "2008-01-31": "1.33800", "2007-10-31": "1.66830", "2007-07-31": "1.54490", "2007-04-30": "1.42470", "2007-01-31": "1.22230", "2006-10-31": "1.45880", "2006-07-31": "1.42320", "2006-04-30": "1.36980", "2006-01-31": "1.17890", "2005-10-31": "1.36430", "2005-07-31": "1.31360", "2005-04-30": "1.36680", "2005-01-31": "1.13410"}, "Days Sales In Receivables": {"2020-10-31": "50.14700", "2020-07-31": "67.72440", "2020-04-30": "70.32310", "2020-01-31": "79.78640", "2019-10-31": "61.50670", "2019-07-31": "74.85350", "2019-04-30": "71.65400", "2019-01-31": "80.98200", "2018-10-31": "64.62910", "2018-07-31": "65.79740", "2018-04-30": "66.69070", "2018-01-31": "74.91080", "2017-10-31": "57.92870", "2017-07-31": "60.48760", "2017-04-30": "59.17280", "2017-01-31": "66.35760", "2016-10-31": "55.85640", "2016-07-31": "63.64410", "2016-04-30": "66.92690", "2016-01-31": "73.69590", "2015-10-31": "54.62210", "2015-07-31": "60.28720", "2015-04-30": "62.09030", "2015-01-31": "60.39060", "2014-10-31": "48.26980", "2014-07-31": "54.73970", "2014-04-30": "57.46920", "2014-01-31": "57.72980", "2013-10-31": "50.02920", "2013-07-31": "53.25700", "2013-04-30": "54.43790", "2013-01-31": "63.68180", "2012-10-31": "51.92950", "2012-07-31": "55.85770", "2012-04-30": "55.70980", "2012-01-31": "61.55090", "2011-10-31": "48.83810", "2011-07-31": "52.00650", "2011-04-30": "50.82090", "2011-01-31": "61.27270", "2010-10-31": "55.34210", "2010-07-31": "55.97540", "2010-04-30": "58.84600", "2010-01-31": "73.22040", "2009-10-31": "59.38810", "2009-07-31": "60.61690", "2009-04-30": "67.44470", "2009-01-31": "73.62270", "2008-10-31": "47.96220", "2008-07-31": "54.73480", "2008-04-30": "59.28970", "2008-01-31": "67.26550", "2007-10-31": "53.94750", "2007-07-31": "58.25710", "2007-04-30": "63.17070", "2007-01-31": "73.63400", "2006-10-31": "61.69590", "2006-07-31": "63.24000", "2006-04-30": "65.70140", "2006-01-31": "76.34180", "2005-10-31": "65.96980", "2005-07-31": "68.51310", "2005-04-30": "65.84560", "2005-01-31": "79.35650"}, "ROE - Return On Equity": {"2020-10-31": "5.85600", "2020-07-31": "6.29120", "2020-04-30": "5.61310", "2020-01-31": "4.34200", "2019-10-31": "6.32390", "2019-07-31": "7.32680", "2019-04-30": "9.52700", "2019-01-31": "4.41190", "2018-10-31": "6.95240", "2018-07-31": "8.78830", "2018-04-30": "11.60940", "2018-01-31": "-5.77120", "2017-10-31": "5.33440", "2017-07-31": "7.49050", "2017-04-30": "10.50590", "2017-01-31": "2.90260", "2016-10-31": "4.35470", "2016-07-31": "6.56750", "2016-04-30": "6.89310", "2016-01-31": "3.84320", "2015-10-31": "5.20160", "2015-07-31": "6.62390", "2015-04-30": "8.44910", "2015-01-31": "4.69040", "2014-10-31": "7.16890", "2014-07-31": "7.85510", "2014-04-30": "9.19790", "2014-01-31": "6.64180", "2013-10-31": "7.86060", "2013-07-31": "11.59970", "2013-04-30": "13.11630", "2013-01-31": "8.67810", "2012-10-31": "10.03940", "2012-07-31": "10.65740", "2012-04-30": "14.30640", "2012-01-31": "7.88290", "2011-10-31": "9.86070", "2011-07-31": "9.48010", "2011-04-30": "12.19730", "2011-01-31": "7.80820", "2010-10-31": "7.28810", "2010-07-31": "10.11300", "2010-04-30": "9.71480", "2010-01-31": "4.92580", "2009-10-31": "-4.61970", "2009-07-31": "5.64780", "2009-04-30": "6.87050", "2009-01-31": "3.10990", "2008-10-31": "5.29490", "2008-07-31": "7.62860", "2008-04-30": "10.38830", "2008-01-31": "5.24410", "2007-10-31": "5.90010", "2007-07-31": "6.66410", "2007-04-30": "7.83460", "2007-01-31": "3.15080", "2006-10-31": "3.69230", "2006-07-31": "5.75610", "2006-04-30": "6.83840", "2006-01-31": "3.25480", "2005-10-31": "3.22410", "2005-07-31": "5.46060", "2005-04-30": "8.89210", "2005-01-31": "3.30870"}, "Return On Tangible Equity": {"2020-10-31": "8.88000", "2020-07-31": "9.42370", "2020-04-30": "8.72070", "2020-01-31": "6.78370", "2019-10-31": "10.14050", "2019-07-31": "11.50650", "2019-04-30": "15.30380", "2019-01-31": "7.37680", "2018-10-31": "11.84370", "2018-07-31": "15.87660", "2018-04-30": "21.83930", "2018-01-31": "-11.89920", "2017-10-31": "6.13780", "2017-07-31": "8.41030", "2017-04-30": "11.89240", "2017-01-31": "3.34540", "2016-10-31": "5.06860", "2016-07-31": "7.50930", "2016-04-30": "7.95180", "2016-01-31": "4.35670", "2015-10-31": "5.88970", "2015-07-31": "7.36120", "2015-04-30": "9.36220", "2015-01-31": "5.19660", "2014-10-31": "7.92030", "2014-07-31": "8.56610", "2014-04-30": "10.05660", "2014-01-31": "7.28770", "2013-10-31": "8.63600", "2013-07-31": "13.13700", "2013-04-30": "14.95570", "2013-01-31": "10.06660", "2012-10-31": "11.80470", "2012-07-31": "12.39880", "2012-04-30": "16.75140", "2012-01-31": "9.38380", "2011-10-31": "11.81500", "2011-07-31": "11.19780", "2011-04-30": "14.47430", "2011-01-31": "9.42580", "2010-10-31": "8.85540", "2010-07-31": "12.37320", "2010-04-30": "12.15380", "2010-01-31": "6.38700", "2009-10-31": "-6.10410", "2009-07-31": "7.00100", "2009-04-30": "8.63100", "2009-01-31": "3.94840", "2008-10-31": "6.72080", "2008-07-31": "9.54400", "2008-04-30": "12.84420", "2008-01-31": "6.52250", "2007-10-31": "7.29130", "2007-07-31": "7.97060", "2007-04-30": "9.21840", "2007-01-31": "3.72630", "2006-10-31": "4.37330", "2006-07-31": "6.80750", "2006-04-30": "8.04830", "2006-01-31": "3.89010", "2005-10-31": "3.84530", "2005-07-31": "6.45190", "2005-04-30": "10.43190", "2005-01-31": "3.91460"}, "ROA - Return On Assets": {"2020-10-31": "1.00940", "2020-07-31": "1.04960", "2020-04-30": "0.86130", "2020-01-31": "0.72120", "2019-10-31": "0.98890", "2019-07-31": "1.22260", "2019-04-30": "1.56190", "2019-01-31": "0.71510", "2018-10-31": "1.11970", "2018-07-31": "1.31290", "2018-04-30": "1.73130", "2018-01-31": "-0.80310", "2017-10-31": "0.77520", "2017-07-31": "1.03020", "2017-04-30": "1.37070", "2017-01-31": "0.35240", "2016-10-31": "0.49100", "2016-07-31": "0.83470", "2016-04-30": "0.83680", "2016-01-31": "0.45340", "2015-10-31": "0.60660", "2015-07-31": "0.86830", "2015-04-30": "1.15920", "2015-01-31": "0.66370", "2014-10-31": "1.05960", "2014-07-31": "1.37800", "2014-04-30": "1.61220", "2014-01-31": "1.18160", "2013-10-31": "1.35600", "2013-07-31": "1.70840", "2013-04-30": "1.86450", "2013-01-31": "1.17750", "2012-10-31": "1.22440", "2012-07-31": "1.48540", "2012-04-30": "2.05830", "2012-01-31": "1.10010", "2011-10-31": "1.39400", "2011-07-31": "1.51650", "2011-04-30": "1.94630", "2011-01-31": "1.19900", "2010-10-31": "1.06180", "2010-07-31": "1.48170", "2010-04-30": "1.34050", "2010-01-31": "0.60220", "2009-10-31": "-0.54170", "2009-07-31": "1.01360", "2009-04-30": "1.12960", "2009-01-31": "0.49350", "2008-10-31": "0.89300", "2008-07-31": "1.37980", "2008-04-30": "1.86350", "2008-01-31": "0.96580", "2007-10-31": "1.09450", "2007-07-31": "1.42760", "2007-04-30": "1.67780", "2007-01-31": "0.69900", "2006-10-31": "0.79660", "2006-07-31": "1.25320", "2006-04-30": "1.51640", "2006-01-31": "0.67730", "2005-10-31": "0.65670", "2005-07-31": "1.14610", "2005-04-30": "1.89090", "2005-01-31": "0.74270"}, "ROI - Return On Investment": {"2020-10-31": "1.65940", "2020-07-31": "1.72820", "2020-04-30": "1.44190", "2020-01-31": "1.22160", "2019-10-31": "1.73370", "2019-07-31": "2.16560", "2019-04-30": "2.82730", "2019-01-31": "1.27590", "2018-10-31": "2.03750", "2018-07-31": "2.44870", "2018-04-30": "3.29630", "2018-01-31": "-1.49830", "2017-10-31": "1.43860", "2017-07-31": "1.99170", "2017-04-30": "2.61190", "2017-01-31": "0.66680", "2016-10-31": "0.94070", "2016-07-31": "1.55070", "2016-04-30": "1.55740", "2016-01-31": "0.81660", "2015-10-31": "1.14910", "2015-07-31": "1.65460", "2015-04-30": "2.17240", "2015-01-31": "1.19580", "2014-10-31": "1.94310", "2014-07-31": "2.44030", "2014-04-30": "2.90000", "2014-01-31": "2.09480", "2013-10-31": "2.53440", "2013-07-31": "3.29020", "2013-04-30": "3.61200", "2013-01-31": "2.19050", "2012-10-31": "2.35000", "2012-07-31": "2.76570", "2012-04-30": "4.05160", "2012-01-31": "2.25450", "2011-10-31": "2.82650", "2011-07-31": "3.05050", "2011-04-30": "3.83780", "2011-01-31": "2.20800", "2010-10-31": "1.98720", "2010-07-31": "2.75330", "2010-04-30": "2.38680", "2010-01-31": "1.11250", "2009-10-31": "-1.00290", "2009-07-31": "1.73720", "2009-04-30": "1.99050", "2009-01-31": "0.88180", "2008-10-31": "1.69300", "2008-07-31": "2.74720", "2008-04-30": "3.79820", "2008-01-31": "1.90430", "2007-10-31": "2.22750", "2007-07-31": "2.80420", "2007-04-30": "3.24200", "2007-01-31": "1.31540", "2006-10-31": "1.45010", "2006-07-31": "2.31640", "2006-04-30": "2.71530", "2006-01-31": "1.17340", "2005-10-31": "1.18830", "2005-07-31": "2.02840", "2005-04-30": "3.31760", "2005-01-31": "1.23190"}, "Book Value Per Share": {"2020-10-31": "41.26810", "2020-07-31": "41.13600", "2020-04-30": "37.92440", "2020-01-31": "38.03970", "2019-10-31": "36.45970", "2019-07-31": "38.96810", "2019-04-30": "37.61560", "2019-01-31": "35.58320", "2018-10-31": "35.45560", "2018-07-31": "32.22520", "2018-04-30": "32.13220", "2018-01-31": "28.61410", "2017-10-31": "29.70570", "2017-07-31": "26.68840", "2017-04-30": "24.05350", "2017-01-31": "21.47550", "2016-10-31": "20.74800", "2016-07-31": "23.66140", "2016-04-30": "22.83690", "2016-01-31": "20.94280", "2015-10-31": "21.33840", "2015-07-31": "23.53990", "2015-04-30": "24.48850", "2015-01-31": "24.29720", "2014-10-31": "26.23850", "2014-07-31": "30.22290", "2014-04-30": "29.32340", "2014-01-31": "27.74610", "2013-10-31": "27.46820", "2013-07-31": "22.44140", "2013-04-30": "21.30380", "2013-01-31": "19.21550", "2012-10-31": "17.69450", "2012-07-31": "18.93090", "2012-04-30": "18.59530", "2012-01-31": "16.87100", "2011-10-31": "16.78260", "2011-07-31": "18.21590", "2011-04-30": "17.71130", "2011-01-31": "15.64390", "2010-10-31": "14.93060", "2010-07-31": "14.45230", "2010-04-30": "13.32130", "2010-01-31": "11.75920", "2009-10-31": "11.39490", "2009-07-31": "17.56170", "2009-04-30": "16.25750", "2009-01-31": "15.51960", "2008-10-31": "15.46950", "2008-07-31": "17.65780", "2008-04-30": "17.05450", "2008-01-31": "16.14180", "2007-10-31": "16.27670", "2007-07-31": "30.05450", "2007-04-30": "35.37870", "2007-01-31": "33.39550", "2006-10-31": "16.48350", "2006-07-31": "16.36980", "2006-04-30": "16.06720", "2006-01-31": "14.66320", "2005-10-31": "14.46250", "2005-07-31": "14.38060", "2005-04-30": "13.91290", "2005-01-31": "13.18050"}, "Operating Cash Flow Per Share": {"2020-10-31": 10.7888, "2020-07-31": 10.3926, "2020-04-30": 4.0556, "2020-01-31": "-1.60150", "2019-10-31": 9.3792, "2019-07-31": 5.9033, "2019-04-30": 0.4762, "2019-01-31": "-5.11620", "2018-10-31": 7.6156, "2018-07-31": 1.6575, "2018-04-30": 0.3086, "2018-01-31": "-4.01490", "2017-10-31": 4.5492, "2017-07-31": 2.7501, "2017-04-30": 1.7975, "2017-01-31": "-2.30430", "2016-10-31": 7.7139, "2016-07-31": 5.1799, "2016-04-30": 1.4614, "2016-01-31": "-2.44840", "2015-10-31": 7.6197, "2015-07-31": 4.0226, "2015-04-30": 1.0202, "2015-01-31": "-1.47560", "2014-10-31": 7.7627, "2014-07-31": 4.1179, "2014-04-30": -0.2619, "2014-01-31": "-1.98770", "2013-10-31": 6.8528, "2013-07-31": 4.4504, "2013-04-30": 0.2374, "2013-01-31": "-3.17910", "2012-10-31": 5.7553, "2012-07-31": 0.9269, "2012-04-30": -0.77, "2012-01-31": "-3.00390", "2011-10-31": 4, "2011-07-31": 3.0676, "2011-04-30": 0.5457, "2011-01-31": "-2.10600", "2010-10-31": 2.7884, "2010-07-31": 1.5653, "2010-04-30": 1.7157, "2010-01-31": "-0.74460", "2009-10-31": 3.5397, "2009-07-31": 3.9241, "2009-04-30": 1.0257, "2009-01-31": "-3.81280", "2008-10-31": 2.2972, "2008-07-31": 3.3587, "2008-04-30": 0.6685, "2008-01-31": "-1.85730", "2007-10-31": 3.2313, "2007-07-31": 3.1815, "2007-04-30": 1.1441, "2007-01-31": "-1.49230", "2006-10-31": 2.7798, "2006-07-31": 2.2088, "2006-04-30": -0.9063, "2006-01-31": "-2.01870", "2005-10-31": 2.7279, "2005-07-31": 1.2491, "2005-04-30": -0.7006, "2005-01-31": "-0.80820"}, "Free Cash Flow Per Share": {"2020-10-31": 11.5632, "2020-07-31": 11.2146, "2020-04-30": 5.0123, "2020-01-31": "-1.11290", "2019-10-31": 9.7285, "2019-07-31": 6.1706, "2019-04-30": 1.2773, "2019-01-31": "-4.88690", "2018-10-31": 7.7474, "2018-07-31": 2.1149, "2018-04-30": 1.0069, "2018-01-31": "-3.50900", "2017-10-31": 4.973, "2017-07-31": 3.2916, "2017-04-30": 2.7827, "2017-01-31": "-1.63810", "2016-10-31": 7.9688, "2016-07-31": 5.6015, "2016-04-30": 2.2425, "2016-01-31": "-1.97360", "2015-10-31": 7.7427, "2015-07-31": 4.2861, "2015-04-30": 1.5233, "2015-01-31": "-1.30750", "2014-10-31": 7.4359, "2014-07-31": 4.1714, "2014-04-30": 0.061, "2014-01-31": "-1.91930", "2013-10-31": 6.547, "2013-07-31": 4.1795, "2013-04-30": 0.358, "2013-01-31": "-3.29260", "2012-10-31": 5.0259, "2012-07-31": 0.5949, "2012-04-30": -0.8884, "2012-01-31": "-3.11850", "2011-10-31": 3.4925, "2011-07-31": 2.8267, "2011-04-30": 0.4536, "2011-01-31": "-2.14900", "2010-10-31": 2.4482, "2010-07-31": 1.5334, "2010-04-30": 1.7705, "2010-01-31": "-0.75350", "2009-10-31": 3.2511, "2009-07-31": 3.7263, "2009-04-30": 0.8407, "2009-01-31": "-4.15320", "2008-10-31": 1.4513, "2008-07-31": 3.1541, "2008-04-30": 0.4799, "2008-01-31": "-2.10020", "2007-10-31": 2.7444, "2007-07-31": 2.9862, "2007-04-30": 0.8576, "2007-01-31": "-1.99020", "2006-10-31": 2.4106, "2006-07-31": 1.9612, "2006-04-30": -1.065, "2006-01-31": "-2.20820", "2005-10-31": 2.4476, "2005-07-31": 1.2627, "2005-04-30": -0.6847, "2005-01-31": "-0.78760"}}, "revenue": {"Deere Annual Revenue (Millions of US $)": {"2020": "$35,540", "2019": "$39,258", "2018": "$37,358", "2017": "$29,738", "2016": "$26,644", "2015": "$28,863", "2014": "$36,067", "2013": "$37,795", "2012": "$36,157", "2011": "$32,013", "2010": "$26,005", "2009": "$23,112", "2008": "$28,438", "2007": "$24,082", "2006": "$22,148", "2005": "$21,191"}, "Deere Quarterly Revenue (Millions of US $)": {"2020-10-31": "$9,731", "2020-07-31": "$8,925", "2020-04-30": "$9,253", "2020-01-31": "$7,631", "2019-10-31": "$9,896", "2019-07-31": "$10,036", "2019-04-30": "$11,342", "2019-01-31": "$7,984", "2018-10-31": "$9,417", "2018-07-31": "$10,308", "2018-04-30": "$10,720", "2018-01-31": "$6,914", "2017-10-31": "$8,018", "2017-07-31": "$7,808", "2017-04-30": "$8,287", "2017-01-31": "$5,625", "2016-10-31": "$6,520", "2016-07-31": "$6,724", "2016-04-30": "$7,875", "2016-01-31": "$5,525", "2015-10-31": "$6,715", "2015-07-31": "$7,594", "2015-04-30": "$8,171", "2015-01-31": "$6,383", "2014-10-31": "$8,965", "2014-07-31": "$9,500", "2014-04-30": "$9,948", "2014-01-31": "$7,654", "2013-10-31": "$9,451", "2013-07-31": "$10,010", "2013-04-30": "$10,914", "2013-01-31": "$7,421", "2012-10-31": "$9,792", "2012-07-31": "$9,590", "2012-04-30": "$10,009", "2012-01-31": "$6,767", "2011-10-31": "$8,612", "2011-07-31": "$8,372", "2011-04-30": "$8,910", "2011-01-31": "$6,119", "2010-10-31": "$7,202", "2010-07-31": "$6,837", "2010-04-30": "$7,131", "2010-01-31": "$4,835", "2009-10-31": "$5,334", "2009-07-31": "$5,885", "2009-04-30": "$6,748", "2009-01-31": "$5,146", "2008-10-31": "$7,401", "2008-07-31": "$7,739", "2008-04-30": "$8,097", "2008-01-31": "$5,201", "2007-10-31": "$6,141", "2007-07-31": "$6,634", "2007-04-30": "$6,883", "2007-01-31": "$4,425", "2006-10-31": "$5,118", "2006-07-31": "$6,267", "2006-04-30": "$6,562", "2006-01-31": "$4,202", "2005-10-31": "$4,992", "2005-07-31": "$5,823", "2005-04-30": "$6,441", "2005-01-31": "$3,935"}}, "gross-profit": {"Deere Annual Gross Profit (Millions of US $)": {"2020": "$11,863", "2019": "$12,466", "2018": "$11,787", "2017": "$9,872", "2016": "$8,448", "2015": "$8,720", "2014": "$11,291", "2013": "$12,128", "2012": "$11,149", "2011": "$10,093", "2010": "$8,606", "2009": "$6,857", "2008": "$8,863", "2007": "$7,829", "2006": "$6,786", "2005": "$6,012"}, "Deere Quarterly Gross Profit (Millions of US $)": {"2020-10-31": "$3,260", "2020-07-31": "$3,090", "2020-04-30": "$2,959", "2020-01-31": "$2,554", "2019-10-31": "$3,161", "2019-07-31": "$3,166", "2019-04-30": "$3,587", "2019-01-31": "$2,552", "2018-10-31": "$3,035", "2018-07-31": "$3,156", "2018-04-30": "$3,387", "2018-01-31": "$2,209", "2017-10-31": "$2,610", "2017-07-31": "$2,559", "2017-04-30": "$2,859", "2017-01-31": "$1,844", "2016-10-31": "$2,189", "2016-07-31": "$2,230", "2016-04-30": "$2,344", "2016-01-31": "$1,684", "2015-10-31": "$2,045", "2015-07-31": "$2,236", "2015-04-30": "$2,477", "2015-01-31": "$1,963", "2014-10-31": "$2,868", "2014-07-31": "$2,889", "2014-04-30": "$3,076", "2014-01-31": "$2,459", "2013-10-31": "$3,118", "2013-07-31": "$3,172", "2013-04-30": "$3,431", "2013-01-31": "$2,407", "2012-10-31": "$2,950", "2012-07-31": "$2,834", "2012-04-30": "$3,174", "2012-01-31": "$2,191", "2011-10-31": "$2,685", "2011-07-31": "$2,580", "2011-04-30": "$2,803", "2011-01-31": "$2,025", "2010-10-31": "$2,293", "2010-07-31": "$2,317", "2010-04-30": "$2,366", "2010-01-31": "$1,629", "2009-10-31": "$1,435", "2009-07-31": "$1,827", "2009-04-30": "$1,991", "2009-01-31": "$1,603", "2008-10-31": "$2,119", "2008-07-31": "$2,317", "2008-04-30": "$2,588", "2008-01-31": "$1,839", "2007-10-31": "$2,087", "2007-07-31": "$2,091", "2007-04-30": "$2,177", "2007-01-31": "$1,475", "2006-10-31": "$1,593", "2006-07-31": "$1,868", "2006-04-30": "$2,019", "2006-01-31": "$1,306", "2005-10-31": "$1,392", "2005-07-31": "$1,559", "2005-04-30": "$1,895", "2005-01-31": "$1,165"}}, "operating-income": {"Deere Annual Operating Income (Millions of US $)": {"2020": "$3,883", "2019": "$4,088", "2018": "$4,071", "2017": "$3,154", "2016": "$2,224", "2015": "$2,780", "2014": "$4,797", "2013": "$5,483", "2012": "$4,734", "2011": "$4,223", "2010": "$3,025", "2009": "$1,339", "2008": "$3,125", "2007": "$2,675", "2006": "$2,174", "2005": "$2,107"}, "Deere Quarterly Operating Income (Millions of US $)": {"2020-10-31": "$1,116", "2020-07-31": "$1,270", "2020-04-30": "$928", "2020-01-31": "$569", "2019-10-31": "$825", "2019-07-31": "$1,113", "2019-04-30": "$1,473", "2019-01-31": "$677", "2018-10-31": "$979", "2018-07-31": "$1,190", "2018-04-30": "$1,384", "2018-01-31": "$518", "2017-10-31": "$767", "2017-07-31": "$890", "2017-04-30": "$1,169", "2017-01-31": "$328", "2016-10-31": "$434", "2016-07-31": "$705", "2016-04-30": "$733", "2016-01-31": "$351", "2015-10-31": "$457", "2015-07-31": "$739", "2015-04-30": "$1,017", "2015-01-31": "$568", "2014-10-31": "$1,076", "2014-07-31": "$1,292", "2014-04-30": "$1,464", "2014-01-31": "$965", "2013-10-31": "$1,244", "2013-07-31": "$1,549", "2013-04-30": "$1,744", "2013-01-31": "$946", "2012-10-31": "$1,122", "2012-07-31": "$1,215", "2012-04-30": "$1,597", "2012-01-31": "$800", "2011-10-31": "$1,057", "2011-07-31": "$1,079", "2011-04-30": "$1,341", "2011-01-31": "$746", "2010-10-31": "$750", "2010-07-31": "$922", "2010-04-30": "$989", "2010-01-31": "$364", "2009-10-31": "$-55", "2009-07-31": "$509", "2009-04-30": "$612", "2009-01-31": "$274", "2008-10-31": "$562", "2008-07-31": "$869", "2008-04-30": "$1,163", "2008-01-31": "$532", "2007-10-31": "$619", "2007-07-31": "$802", "2007-04-30": "$889", "2007-01-31": "$365", "2006-10-31": "$367", "2006-07-31": "$681", "2006-04-30": "$785", "2006-01-31": "$340", "2005-10-31": "$316", "2005-07-31": "$570", "2005-04-30": "$887", "2005-01-31": "$333"}}, "ebitda": {"Deere Annual EBITDA (Millions of US $)": {"2020": "$7,248", "2019": "$7,573", "2018": "$7,202", "2017": "$5,769", "2016": "$4,548", "2015": "$4,843", "2014": "$6,768", "2013": "$7,365", "2012": "$6,521", "2011": "$5,897", "2010": "$4,779", "2009": "$3,544", "2008": "$5,093", "2007": "$4,571", "2006": "$3,883", "2005": "$3,504"}, "Deere Quarterly EBITDA (Millions of US $)": {"2020-10-31": "$1,899", "2020-07-31": "$2,107", "2020-04-30": "$1,799", "2020-01-31": "$1,443", "2019-10-31": "$1,710", "2019-07-31": "$1,993", "2019-04-30": "$2,337", "2019-01-31": "$1,533", "2018-10-31": "$1,784", "2018-07-31": "$1,975", "2018-04-30": "$2,175", "2018-01-31": "$1,267", "2017-10-31": "$1,452", "2017-07-31": "$1,542", "2017-04-30": "$1,824", "2017-01-31": "$952", "2016-10-31": "$1,035", "2016-07-31": "$1,302", "2016-04-30": "$1,312", "2016-01-31": "$899", "2015-10-31": "$973", "2015-07-31": "$1,256", "2015-04-30": "$1,523", "2015-01-31": "$1,091", "2014-10-31": "$1,598", "2014-07-31": "$1,773", "2014-04-30": "$1,917", "2014-01-31": "$1,480", "2013-10-31": "$1,731", "2013-07-31": "$2,019", "2013-04-30": "$2,212", "2013-01-31": "$1,403", "2012-10-31": "$1,584", "2012-07-31": "$1,654", "2012-04-30": "$2,048", "2012-01-31": "$1,236", "2011-10-31": "$1,474", "2011-07-31": "$1,493", "2011-04-30": "$1,763", "2011-01-31": "$1,168", "2010-10-31": "$1,192", "2010-07-31": "$1,344", "2010-04-30": "$1,418", "2010-01-31": "$824", "2009-10-31": "$703", "2009-07-31": "$981", "2009-04-30": "$1,095", "2009-01-31": "$765", "2008-10-31": "$1,054", "2008-07-31": "$1,358", "2008-04-30": "$1,655", "2008-01-31": "$1,026", "2007-10-31": "$1,118", "2007-07-31": "$1,280", "2007-04-30": "$1,355", "2007-01-31": "$818", "2006-10-31": "$832", "2006-07-31": "$1,114", "2006-04-30": "$1,206", "2006-01-31": "$731", "2005-10-31": "$698", "2005-07-31": "$924", "2005-04-30": "$1,221", "2005-01-31": "$661"}}, "net-income": {"Deere Annual Net Income (Millions of US $)": {"2020": "$2,751", "2019": "$3,253", "2018": "$2,368", "2017": "$2,159", "2016": "$1,524", "2015": "$1,940", "2014": "$3,162", "2013": "$3,537", "2012": "$3,065", "2011": "$2,800", "2010": "$1,864", "2009": "$874", "2008": "$2,053", "2007": "$1,822", "2006": "$1,694", "2005": "$1,447"}, "Deere Quarterly Net Income (Millions of US $)": {"2020-10-31": "$757", "2020-07-31": "$811", "2020-04-30": "$666", "2020-01-31": "$517", "2019-10-31": "$721", "2019-07-31": "$899", "2019-04-30": "$1,135", "2019-01-31": "$498", "2018-10-31": "$785", "2018-07-31": "$910", "2018-04-30": "$1,208", "2018-01-31": "$-535", "2017-10-31": "$510", "2017-07-31": "$642", "2017-04-30": "$808", "2017-01-31": "$199", "2016-10-31": "$286", "2016-07-31": "$489", "2016-04-30": "$495", "2016-01-31": "$254", "2015-10-31": "$352", "2015-07-31": "$511", "2015-04-30": "$690", "2015-01-31": "$387", "2014-10-31": "$650", "2014-07-31": "$850", "2014-04-30": "$980", "2014-01-31": "$681", "2013-10-31": "$808", "2013-07-31": "$996", "2013-04-30": "$1,084", "2013-01-31": "$650", "2012-10-31": "$688", "2012-07-31": "$788", "2012-04-30": "$1,056", "2012-01-31": "$533", "2011-10-31": "$670", "2011-07-31": "$712", "2011-04-30": "$904", "2011-01-31": "$514", "2010-10-31": "$457", "2010-07-31": "$617", "2010-04-30": "$548", "2010-01-31": "$243", "2009-10-31": "$-223", "2009-07-31": "$420", "2009-04-30": "$472", "2009-01-31": "$204", "2008-10-31": "$345", "2008-07-31": "$575", "2008-04-30": "$764", "2008-01-31": "$369", "2007-10-31": "$422", "2007-07-31": "$537", "2007-04-30": "$624", "2007-01-31": "$239", "2006-10-31": "$277", "2006-07-31": "$436", "2006-04-30": "$745", "2006-01-31": "$236", "2005-10-31": "$233", "2005-07-31": "$387", "2005-04-30": "$604", "2005-01-31": "$223"}}, "eps-earnings-per-share-diluted": {"Deere Annual EPS": {"2020": "$8.69", "2019": "$10.15", "2018": "$7.24", "2017": "$6.68", "2016": "$4.81", "2015": "$5.77", "2014": "$8.63", "2013": "$9.09", "2012": "$7.63", "2011": "$6.63", "2010": "$4.35", "2009": "$2.06", "2008": "$4.70", "2007": "$4.00", "2006": "$3.59", "2005": "$2.94"}, "Deere Quarterly EPS": {"2020-10-31": "$2.38", "2020-07-31": "$2.57", "2020-04-30": "$2.11", "2020-01-31": "$1.63", "2019-10-31": "$2.28", "2019-07-31": "$2.81", "2019-04-30": "$3.52", "2019-01-31": "$1.54", "2018-10-31": "$2.45", "2018-07-31": "$2.78", "2018-04-30": "$3.67", "2018-01-31": "$-1.66", "2017-10-31": "$1.59", "2017-07-31": "$1.97", "2017-04-30": "$2.50", "2017-01-31": "$0.62", "2016-10-31": "$0.90", "2016-07-31": "$1.55", "2016-04-30": "$1.56", "2016-01-31": "$0.80", "2015-10-31": "$1.09", "2015-07-31": "$1.53", "2015-04-30": "$2.03", "2015-01-31": "$1.12", "2014-10-31": "$1.84", "2014-07-31": "$2.33", "2014-04-30": "$2.65", "2014-01-31": "$1.81", "2013-10-31": "$2.12", "2013-07-31": "$2.56", "2013-04-30": "$2.76", "2013-01-31": "$1.65", "2012-10-31": "$1.74", "2012-07-31": "$1.98", "2012-04-30": "$2.61", "2012-01-31": "$1.30", "2011-10-31": "$1.62", "2011-07-31": "$1.69", "2011-04-30": "$2.12", "2011-01-31": "$1.20", "2010-10-31": "$1.06", "2010-07-31": "$1.44", "2010-04-30": "$1.28", "2010-01-31": "$0.57", "2009-10-31": "$-0.52", "2009-07-31": "$0.99", "2009-04-30": "$1.11", "2009-01-31": "$0.48", "2008-10-31": "$0.81", "2008-07-31": "$1.32", "2008-04-30": "$1.74", "2008-01-31": "$0.83", "2007-10-31": "$0.94", "2007-07-31": "$1.18", "2007-04-30": "$1.36", "2007-01-31": "$0.52", "2006-10-31": "$0.61", "2006-07-31": "$0.93", "2006-04-30": "$1.57", "2006-01-31": "$0.50", "2005-10-31": "$0.49", "2005-07-31": "$0.79", "2005-04-30": "$1.22", "2005-01-31": "$0.45"}}, "shares-outstanding": {"Deere Annual Shares Outstanding (Millions of Shares)": {"2020": "317", "2019": "321", "2018": "327", "2017": "323", "2016": "317", "2015": "336", "2014": "366", "2013": "389", "2012": "402", "2011": "422", "2010": "429", "2009": "424", "2008": "436", "2007": "455", "2006": "472", "2005": "493"}, "Deere Quarterly Shares Outstanding (Millions of Shares)": {"2020-10-31": "317", "2020-07-31": "316", "2020-04-30": "316", "2020-01-31": "317", "2019-10-31": "321", "2019-07-31": "320", "2019-04-30": "322", "2019-01-31": "323", "2018-10-31": "327", "2018-07-31": "328", "2018-04-30": "329", "2018-01-31": "323", "2017-10-31": "323", "2017-07-31": "325", "2017-04-30": "323", "2017-01-31": "320", "2016-10-31": "317", "2016-07-31": "316", "2016-04-30": "317", "2016-01-31": "318", "2015-10-31": "336", "2015-07-31": "334", "2015-04-30": "340", "2015-01-31": "346", "2014-10-31": "366", "2014-07-31": "365", "2014-04-30": "370", "2014-01-31": "375", "2013-10-31": "389", "2013-07-31": "390", "2013-04-30": "393", "2013-01-31": "393", "2012-10-31": "402", "2012-07-31": "399", "2012-04-30": "405", "2012-01-31": "408", "2011-10-31": "422", "2011-07-31": "422", "2011-04-30": "426", "2011-01-31": "428", "2010-10-31": "429", "2010-07-31": "429", "2010-04-30": "429", "2010-01-31": "428", "2009-10-31": "424", "2009-07-31": "425", "2009-04-30": "424", "2009-01-31": "424", "2008-10-31": "436", "2008-07-31": "434", "2008-04-30": "440", "2008-01-31": "444", "2007-10-31": "455", "2007-07-31": "454", "2007-04-30": "459", "2007-01-31": "460", "2006-10-31": "472", "2006-07-31": "472", "2006-04-30": "476", "2006-01-31": "477", "2005-10-31": "493", "2005-07-31": "489", "2005-04-30": "497", "2005-01-31": "502"}}, "total-assets": {"Deere Annual Total Assets (Millions of US $)": {"2020": "$75,091", "2019": "$73,011", "2018": "$70,108", "2017": "$65,786", "2016": "$57,919", "2015": "$57,948", "2014": "$61,336", "2013": "$59,521", "2012": "$56,266", "2011": "$48,207", "2010": "$43,267", "2009": "$41,133", "2008": "$38,735", "2007": "$38,576", "2006": "$34,720", "2005": "$33,637"}, "Deere Quarterly Total Assets (Millions of US $)": {"2020-10-31": "$75,091", "2020-07-31": "$77,264", "2020-04-30": "$77,326", "2020-01-31": "$71,821", "2019-10-31": "$73,011", "2019-07-31": "$73,530", "2019-04-30": "$72,730", "2019-01-31": "$69,918", "2018-10-31": "$70,108", "2018-07-31": "$69,390", "2018-04-30": "$69,873", "2018-01-31": "$66,578", "2017-10-31": "$65,786", "2017-07-31": "$62,350", "2017-04-30": "$58,969", "2017-01-31": "$56,296", "2016-10-31": "$57,919", "2016-07-31": "$58,539", "2016-04-30": "$59,116", "2016-01-31": "$55,972", "2015-10-31": "$57,948", "2015-07-31": "$58,932", "2015-04-30": "$59,594", "2015-01-31": "$58,290", "2014-10-31": "$61,336", "2014-07-31": "$61,749", "2014-04-30": "$60,862", "2014-01-31": "$57,659", "2013-10-31": "$59,521", "2013-07-31": "$58,337", "2013-04-30": "$58,155", "2013-01-31": "$55,170", "2012-10-31": "$56,266", "2012-07-31": "$53,199", "2012-04-30": "$51,405", "2012-01-31": "$48,577", "2011-10-31": "$48,207", "2011-07-31": "$47,135", "2011-04-30": "$46,586", "2011-01-31": "$42,896", "2010-10-31": "$43,267", "2010-07-31": "$41,810", "2010-04-30": "$41,014", "2010-01-31": "$40,781", "2009-10-31": "$41,133", "2009-07-31": "$41,387", "2009-04-30": "$41,801", "2009-01-31": "$41,340", "2008-10-31": "$38,735", "2008-07-31": "$41,688", "2008-04-30": "$40,972", "2008-01-31": "$38,215", "2007-10-31": "$38,576", "2007-07-31": "$37,631", "2007-04-30": "$37,168", "2007-01-31": "$34,147", "2006-10-31": "$34,720", "2006-07-31": "$34,768", "2006-04-30": "$34,095", "2006-01-31": "$33,057", "2005-10-31": "$33,637", "2005-07-31": "$33,052", "2005-04-30": "$31,694", "2005-01-31": "$28,948"}}, "cash-on-hand": {"Deere Annual Cash on Hand (Millions of US $)": {"2020": "$7,707", "2019": "$4,438", "2018": "$4,394", "2017": "$9,787", "2016": "$4,789", "2015": "$4,600", "2014": "$5,002", "2013": "$5,129", "2012": "$6,123", "2011": "$4,435", "2010": "$4,019", "2009": "$4,844", "2008": "$3,189", "2007": "$3,902", "2006": "$3,504", "2005": "$4,427"}, "Deere Quarterly Cash on Hand (Millions of US $)": {"2020-10-31": "$7,707", "2020-07-31": "$8,830", "2020-04-30": "$9,526", "2020-01-31": "$4,211", "2019-10-31": "$4,438", "2019-07-31": "$3,948", "2019-04-30": "$4,029", "2019-01-31": "$4,149", "2018-10-31": "$4,394", "2018-07-31": "$4,411", "2018-04-30": "$4,681", "2018-01-31": "$4,377", "2017-10-31": "$9,787", "2017-07-31": "$6,964", "2017-04-30": "$5,072", "2017-01-31": "$4,336", "2016-10-31": "$4,789", "2016-07-31": "$4,790", "2016-04-30": "$4,609", "2016-01-31": "$3,936", "2015-10-31": "$4,600", "2015-07-31": "$4,552", "2015-04-30": "$4,748", "2015-01-31": "$4,469", "2014-10-31": "$5,002", "2014-07-31": "$4,524", "2014-04-30": "$4,650", "2014-01-31": "$4,627", "2013-10-31": "$5,129", "2013-07-31": "$4,796", "2013-04-30": "$5,050", "2013-01-31": "$5,048", "2012-10-31": "$6,123", "2012-07-31": "$4,943", "2012-04-30": "$4,359", "2012-01-31": "$4,515", "2011-10-31": "$4,435", "2011-07-31": "$4,078", "2011-04-30": "$4,189", "2011-01-31": "$3,672", "2010-10-31": "$4,019", "2010-07-31": "$3,986", "2010-04-30": "$3,849", "2010-01-31": "$5,250", "2009-10-31": "$4,844", "2009-07-31": "$4,496", "2009-04-30": "$4,983", "2009-01-31": "$5,235", "2008-10-31": "$3,189", "2008-07-31": "$3,767", "2008-04-30": "$3,270", "2008-01-31": "$2,650", "2007-10-31": "$3,902", "2007-07-31": "$3,821", "2007-04-30": "$3,849", "2007-01-31": "$2,751", "2006-10-31": "$3,504", "2006-07-31": "$3,152", "2006-04-30": "$2,977", "2006-01-31": "$3,445", "2005-10-31": "$4,427", "2005-07-31": "$3,811", "2005-04-30": "$3,058", "2005-01-31": "$2,866"}}, "long-term-debt": {"Deere Annual Long Term Debt (Millions of US $)": {"2020": "$32,734", "2019": "$30,229", "2018": "$27,237", "2017": "$25,891", "2016": "$23,703", "2015": "$23,833", "2014": "$24,381", "2013": "$21,578", "2012": "$22,453", "2011": "$16,960", "2010": "$16,815", "2009": "$17,392", "2008": "$13,899", "2007": "$11,798", "2006": "$11,584", "2005": "$11,739"}, "Deere Quarterly Long Term Debt (Millions of US $)": {"2020-10-31": "$32,734", "2020-07-31": "$34,037", "2020-04-30": "$34,324", "2020-01-31": "$30,475", "2019-10-31": "$30,229", "2019-07-31": "$29,242", "2019-04-30": "$28,255", "2019-01-31": "$27,855", "2018-10-31": "$27,237", "2018-07-31": "$26,838", "2018-04-30": "$26,279", "2018-01-31": "$26,422", "2017-10-31": "$25,891", "2017-07-31": "$23,674", "2017-04-30": "$23,253", "2017-01-31": "$22,917", "2016-10-31": "$23,703", "2016-07-31": "$24,069", "2016-04-30": "$24,588", "2016-01-31": "$24,474", "2015-10-31": "$23,833", "2015-07-31": "$23,201", "2015-04-30": "$23,623", "2015-01-31": "$24,107", "2014-10-31": "$24,381", "2014-07-31": "$24,036", "2014-04-30": "$23,167", "2014-01-31": "$22,265", "2013-10-31": "$21,578", "2013-07-31": "$21,699", "2013-04-30": "$21,753", "2013-01-31": "$22,170", "2012-10-31": "$22,453", "2012-07-31": "$21,157", "2012-04-30": "$18,719", "2012-01-31": "$16,924", "2011-10-31": "$16,960", "2011-07-31": "$15,893", "2011-04-30": "$16,192", "2011-01-31": "$16,706", "2010-10-31": "$16,815", "2010-07-31": "$16,374", "2010-04-30": "$17,376", "2010-01-31": "$17,091", "2009-10-31": "$17,392", "2009-07-31": "$16,721", "2009-04-30": "$16,850", "2009-01-31": "$16,575", "2008-10-31": "$13,899", "2008-07-31": "$13,397", "2008-04-30": "$12,752", "2008-01-31": "$12,344", "2007-10-31": "$11,798", "2007-07-31": "$11,096", "2007-04-30": "$11,276", "2007-01-31": "$10,571", "2006-10-31": "$11,584", "2006-07-31": "$11,240", "2006-04-30": "$11,480", "2006-01-31": "$12,201", "2005-10-31": "$11,739", "2005-07-31": "$11,738", "2005-04-30": "$11,324", "2005-01-31": "$10,955"}}, "total-liabilities": {"Deere Annual Total Liabilities (Millions of US $)": {"2020": "$62,147", "2019": "$61,594", "2018": "$58,817", "2017": "$56,226", "2016": "$51,388", "2015": "$51,190", "2014": "$52,271", "2013": "$49,254", "2012": "$49,404", "2011": "$41,393", "2010": "$36,963", "2009": "$36,310", "2008": "$32,202", "2007": "$31,420", "2006": "$27,229", "2005": "$26,785"}, "Deere Quarterly Total Liabilities (Millions of US $)": {"2020-10-31": "$62,147", "2020-07-31": "$64,373", "2020-04-30": "$65,461", "2020-01-31": "$59,891", "2019-10-31": "$61,594", "2019-07-31": "$61,260", "2019-04-30": "$60,806", "2019-01-31": "$58,585", "2018-10-31": "$58,817", "2018-07-31": "$59,024", "2018-04-30": "$59,453", "2018-01-31": "$57,313", "2017-10-31": "$56,226", "2017-07-31": "$53,775", "2017-04-30": "$51,275", "2017-01-31": "$49,461", "2016-10-31": "$51,388", "2016-07-31": "$51,099", "2016-04-30": "$51,940", "2016-01-31": "$49,368", "2015-10-31": "$51,190", "2015-07-31": "$51,207", "2015-04-30": "$51,418", "2015-01-31": "$50,041", "2014-10-31": "$52,271", "2014-07-31": "$50,916", "2014-04-30": "$50,195", "2014-01-31": "$47,401", "2013-10-31": "$49,254", "2013-07-31": "$49,745", "2013-04-30": "$49,888", "2013-01-31": "$47,684", "2012-10-31": "$49,404", "2012-07-31": "$45,784", "2012-04-30": "$44,009", "2012-01-31": "$41,798", "2011-10-31": "$41,393", "2011-07-31": "$39,595", "2011-04-30": "$39,152", "2011-01-31": "$36,309", "2010-10-31": "$36,963", "2010-07-31": "$35,685", "2010-04-30": "$35,355", "2010-01-31": "$35,795", "2009-10-31": "$36,310", "2009-07-31": "$33,959", "2009-04-30": "$34,928", "2009-01-31": "$34,780", "2008-10-31": "$32,202", "2008-07-31": "$34,148", "2008-04-30": "$33,622", "2008-01-31": "$31,177", "2007-10-31": "$31,420", "2007-07-31": "$29,570", "2007-04-30": "$29,209", "2007-01-31": "$26,571", "2006-10-31": "$27,229", "2006-07-31": "$27,199", "2006-04-30": "$26,535", "2006-01-31": "$26,178", "2005-10-31": "$26,785", "2005-07-31": "$26,115", "2005-04-30": "$24,954", "2005-01-31": "$22,450"}}, "total-share-holder-equity": {"Deere Annual Share Holder Equity (Millions of US $)": {"2020": "$12,944", "2019": "$11,417", "2018": "$11,291", "2017": "$9,561", "2016": "$6,531", "2015": "$6,758", "2014": "$9,066", "2013": "$10,268", "2012": "$6,862", "2011": "$6,815", "2010": "$6,303", "2009": "$4,823", "2008": "$6,533", "2007": "$7,156", "2006": "$7,491", "2005": "$6,852"}, "Deere Quarterly Share Holder Equity (Millions of US $)": {"2020-10-31": "$12,944", "2020-07-31": "$12,891", "2020-04-30": "$11,865", "2020-01-31": "$11,930", "2019-10-31": "$11,417", "2019-07-31": "$12,270", "2019-04-30": "$11,924", "2019-01-31": "$11,333", "2018-10-31": "$11,291", "2018-07-31": "$10,366", "2018-04-30": "$10,420", "2018-01-31": "$9,265", "2017-10-31": "$9,561", "2017-07-31": "$8,575", "2017-04-30": "$7,694", "2017-01-31": "$6,835", "2016-10-31": "$6,531", "2016-07-31": "$7,440", "2016-04-30": "$7,177", "2016-01-31": "$6,604", "2015-10-31": "$6,758", "2015-07-31": "$7,725", "2015-04-30": "$8,176", "2015-01-31": "$8,249", "2014-10-31": "$9,066", "2014-07-31": "$10,833", "2014-04-30": "$10,668", "2014-01-31": "$10,258", "2013-10-31": "$10,268", "2013-07-31": "$8,592", "2013-04-30": "$8,267", "2013-01-31": "$7,486", "2012-10-31": "$6,862", "2012-07-31": "$7,415", "2012-04-30": "$7,396", "2012-01-31": "$6,779", "2011-10-31": "$6,815", "2011-07-31": "$7,540", "2011-04-30": "$7,434", "2011-01-31": "$6,587", "2010-10-31": "$6,303", "2010-07-31": "$6,126", "2010-04-30": "$5,659", "2010-01-31": "$4,986", "2009-10-31": "$4,823", "2009-07-31": "$7,428", "2009-04-30": "$6,873", "2009-01-31": "$6,560", "2008-10-31": "$6,533", "2008-07-31": "$7,540", "2008-04-30": "$7,350", "2008-01-31": "$7,038", "2007-10-31": "$7,156", "2007-07-31": "$8,061", "2007-04-30": "$7,960", "2007-01-31": "$7,576", "2006-10-31": "$7,491", "2006-07-31": "$7,569", "2006-04-30": "$7,560", "2006-01-31": "$6,879", "2005-10-31": "$6,852", "2005-07-31": "$6,937", "2005-04-30": "$6,740", "2005-01-31": "$6,498"}}, "profit-margins": {"current": "7.74%"}, "gross margin": {"2020-10-31": "33.38%", "2020-07-31": "32.95%", "2020-04-30": "32.16%", "2020-01-31": "32.05%", "2019-10-31": "31.75%", "2019-07-31": "31.82%", "2019-04-30": "31.57%", "2019-01-31": "31.56%", "2018-10-31": "31.55%", "2018-07-31": "31.60%", "2018-04-30": "32.17%", "2018-01-31": "32.99%", "2017-10-31": "33.20%", "2017-07-31": "33.47%", "2017-04-30": "33.59%", "2017-01-31": "32.18%", "2016-10-31": "31.70%", "2016-07-31": "30.94%", "2016-04-30": "29.99%", "2016-01-31": "30.14%", "2015-10-31": "30.22%", "2015-07-31": "30.68%", "2015-04-30": "30.88%", "2015-01-31": "31.03%", "2014-10-31": "31.31%", "2014-07-31": "31.58%", "2014-04-30": "31.91%", "2014-01-31": "32.03%", "2013-10-31": "32.09%", "2013-07-31": "31.36%", "2013-04-30": "30.81%", "2013-01-31": "30.87%", "2012-10-31": "30.83%", "2012-07-31": "31.12%", "2012-04-30": "31.49%", "2012-01-31": "31.41%", "2011-10-31": "31.53%", "2011-07-31": "31.70%", "2011-04-30": "32.47%", "2011-01-31": "32.98%", "2010-10-31": "33.09%", "2010-07-31": "32.10%", "2010-04-30": "31.30%", "2010-01-31": "30.18%", "2009-10-31": "29.66%", "2009-07-31": "29.94%", "2009-04-30": "29.70%", "2009-01-31": "30.39%", "2008-10-31": "31.17%", "2008-07-31": "32.49%", "2008-04-30": "33.00%", "2008-01-31": "32.96%", "2007-10-31": "32.51%", "2007-07-31": "31.81%", "2007-04-30": "31.34%", "2007-01-31": "31.09%", "2006-10-31": "30.64%", "2006-07-31": "29.90%", "2006-04-30": "29.08%", "2006-01-31": "28.67%", "2005-10-31": "28.37%"}, "operating margin": {"2020-10-31": "10.93%", "2020-07-31": "10.06%", "2020-04-30": "9.33%", "2020-01-31": "10.23%", "2019-10-31": "10.41%", "2019-07-31": "10.94%", "2019-04-30": "11.06%", "2019-01-31": "11.01%", "2018-10-31": "10.90%", "2018-07-31": "10.73%", "2018-04-30": "10.64%", "2018-01-31": "10.78%", "2017-10-31": "10.61%", "2017-07-31": "9.99%", "2017-04-30": "9.71%", "2017-01-31": "8.23%", "2016-10-31": "8.34%", "2016-07-31": "8.37%", "2016-04-30": "8.23%", "2016-01-31": "9.16%", "2015-10-31": "9.64%", "2015-07-31": "10.93%", "2015-04-30": "11.97%", "2015-01-31": "12.65%", "2014-10-31": "13.30%", "2014-07-31": "13.58%", "2014-04-30": "14.09%", "2014-01-31": "14.47%", "2013-10-31": "14.51%", "2013-07-31": "14.06%", "2013-04-30": "13.33%", "2013-01-31": "13.26%", "2012-10-31": "13.09%", "2012-07-31": "13.35%", "2012-04-30": "13.43%", "2012-01-31": "13.10%", "2011-10-31": "13.19%", "2011-07-31": "12.80%", "2011-04-30": "12.93%", "2011-01-31": "12.48%", "2010-10-31": "11.63%", "2010-07-31": "9.20%", "2010-04-30": "7.79%", "2010-01-31": "6.27%", "2009-10-31": "5.80%", "2009-07-31": "7.77%", "2009-04-30": "8.57%", "2009-01-31": "10.10%", "2008-10-31": "10.99%", "2008-07-31": "11.71%", "2008-04-30": "11.95%", "2008-01-31": "11.43%", "2007-10-31": "11.11%", "2007-07-31": "10.51%", "2007-04-30": "10.14%", "2007-01-31": "9.82%", "2006-10-31": "9.81%", "2006-07-31": "9.64%", "2006-04-30": "9.32%", "2006-01-31": "9.85%", "2005-10-31": "9.94%"}, "ebitda margin": {"2020-10-31": "20.39%", "2020-07-31": "19.77%", "2020-04-30": "18.86%", "2020-01-31": "19.23%", "2019-10-31": "19.29%", "2019-07-31": "19.72%", "2019-04-30": "19.54%", "2019-01-31": "19.43%", "2018-10-31": "19.28%", "2018-07-31": "19.10%", "2018-04-30": "19.23%", "2018-01-31": "19.61%", "2017-10-31": "19.40%", "2017-07-31": "18.96%", "2017-04-30": "18.83%", "2017-01-31": "17.20%", "2016-10-31": "17.07%", "2016-07-31": "16.71%", "2016-04-30": "16.02%", "2016-01-31": "16.61%", "2015-10-31": "16.78%", "2015-07-31": "17.57%", "2015-04-30": "18.13%", "2015-01-31": "18.33%", "2014-10-31": "18.77%", "2014-07-31": "18.88%", "2014-04-30": "19.28%", "2014-01-31": "19.57%", "2013-10-31": "19.49%", "2013-07-31": "18.93%", "2013-04-30": "18.17%", "2013-01-31": "18.17%", "2012-10-31": "18.04%", "2012-07-31": "18.33%", "2012-04-30": "18.52%", "2012-01-31": "18.27%", "2011-10-31": "18.42%", "2011-07-31": "18.35%", "2011-04-30": "18.81%", "2011-01-31": "18.77%", "2010-10-31": "18.37%", "2010-07-31": "17.77%", "2010-04-30": "16.93%", "2010-01-31": "15.80%", "2009-10-31": "15.33%", "2009-07-31": "15.47%", "2009-04-30": "15.80%", "2009-01-31": "17.02%", "2008-10-31": "17.91%", "2008-07-31": "18.97%", "2008-04-30": "19.48%", "2008-01-31": "19.22%", "2007-10-31": "18.98%", "2007-07-31": "18.58%", "2007-04-30": "18.15%", "2007-01-31": "17.75%", "2006-10-31": "17.53%", "2006-07-31": "17.02%", "2006-04-30": "16.49%", "2006-01-31": "16.66%", "2005-10-31": "16.54%"}, "pre tax profit margin": {"2020-10-31": "10.93%", "2020-07-31": "10.06%", "2020-04-30": "9.33%", "2020-01-31": "10.23%", "2019-10-31": "10.41%", "2019-07-31": "10.94%", "2019-04-30": "11.06%", "2019-01-31": "11.01%", "2018-10-31": "10.90%", "2018-07-31": "10.73%", "2018-04-30": "10.64%", "2018-01-31": "10.78%", "2017-10-31": "10.61%", "2017-07-31": "9.99%", "2017-04-30": "9.71%", "2017-01-31": "8.23%", "2016-10-31": "8.34%", "2016-07-31": "8.37%", "2016-04-30": "8.23%", "2016-01-31": "9.16%", "2015-10-31": "9.64%", "2015-07-31": "10.93%", "2015-04-30": "11.97%", "2015-01-31": "12.65%", "2014-10-31": "13.30%", "2014-07-31": "13.58%", "2014-04-30": "14.09%", "2014-01-31": "14.47%", "2013-10-31": "14.51%", "2013-07-31": "14.06%", "2013-04-30": "13.33%", "2013-01-31": "13.26%", "2012-10-31": "13.09%", "2012-07-31": "13.35%", "2012-04-30": "13.43%", "2012-01-31": "13.10%", "2011-10-31": "13.19%", "2011-07-31": "12.80%", "2011-04-30": "12.93%", "2011-01-31": "12.48%", "2010-10-31": "11.63%", "2010-07-31": "9.20%", "2010-04-30": "7.79%", "2010-01-31": "6.27%", "2009-10-31": "5.80%", "2009-07-31": "7.77%", "2009-04-30": "8.57%", "2009-01-31": "10.10%", "2008-10-31": "10.99%", "2008-07-31": "11.71%", "2008-04-30": "11.95%", "2008-01-31": "11.43%", "2007-10-31": "11.11%", "2007-07-31": "10.51%", "2007-04-30": "10.15%", "2007-01-31": "9.83%", "2006-10-31": "9.82%", "2006-07-31": "9.64%", "2006-04-30": "9.32%", "2006-01-31": "9.85%", "2005-10-31": "9.94%"}, "net profit margin": {"2020-10-31": "7.74%", "2020-07-31": "7.60%", "2020-04-30": "7.61%", "2020-01-31": "8.41%", "2019-10-31": "8.29%", "2019-07-31": "8.55%", "2019-04-30": "8.52%", "2019-01-31": "8.85%", "2018-10-31": "6.34%", "2018-07-31": "5.82%", "2018-04-30": "5.45%", "2018-01-31": "4.59%", "2017-10-31": "7.26%", "2017-07-31": "6.85%", "2017-04-30": "6.56%", "2017-01-31": "5.49%", "2016-10-31": "5.72%", "2016-07-31": "5.92%", "2016-04-30": "5.82%", "2016-01-31": "6.45%", "2015-10-31": "6.72%", "2015-07-31": "7.19%", "2015-04-30": "7.80%", "2015-01-31": "8.24%", "2014-10-31": "8.76%", "2014-07-31": "9.08%", "2014-04-30": "9.35%", "2014-01-31": "9.38%", "2013-10-31": "9.36%", "2013-07-31": "8.96%", "2013-04-30": "8.51%", "2013-01-31": "8.64%", "2012-10-31": "8.48%", "2012-07-31": "8.71%", "2012-04-30": "8.80%", "2012-01-31": "8.63%", "2011-10-31": "8.75%", "2011-07-31": "8.45%", "2011-04-30": "8.57%", "2011-01-31": "7.83%", "2010-10-31": "7.17%", "2010-07-31": "4.91%", "2010-04-30": "4.26%", "2010-01-31": "4.00%", "2009-10-31": "3.78%", "2009-07-31": "5.72%", "2009-04-30": "5.90%", "2009-01-31": "6.65%", "2008-10-31": "7.22%", "2008-07-31": "7.84%", "2008-04-30": "8.02%", "2008-01-31": "7.85%", "2007-10-31": "7.57%", "2007-07-31": "7.27%", "2007-04-30": "6.94%", "2007-01-31": "7.59%", "2006-10-31": "7.65%", "2006-07-31": "7.49%", "2006-04-30": "7.42%", "2006-01-31": "6.80%", "2005-10-31": "6.83%"}, "pe ratio": {"current": "35.54", "2021-02-05": "35.54", "2020-10-31": "25.89", "2020-07-31": "20.42", "2020-04-30": "16.26", "2020-01-31": "15.25", "2019-10-31": "16.82", "2019-07-31": "15.69", "2019-04-30": "15.66", "2019-01-31": "15.21", "2018-10-31": "18.05", "2018-07-31": "21.77", "2018-04-30": "23.20", "2018-01-31": "36.10", "2017-10-31": "18.90", "2017-07-31": "20.19", "2017-04-30": "18.81", "2017-01-31": "21.55", "2016-10-31": "16.97", "2016-07-31": "14.30", "2016-04-30": "15.42", "2016-01-31": "12.81", "2015-10-31": "12.16", "2015-07-31": "12.94", "2015-04-30": "10.96", "2015-01-31": "9.44", "2014-10-31": "8.66", "2014-07-31": "8.29", "2014-04-30": "8.80", "2014-01-31": "7.96", "2013-10-31": "7.67", "2013-07-31": "8.06", "2013-04-30": "9.23", "2013-01-31": "9.84", "2012-10-31": "9.30", "2012-07-31": "8.46", "2012-04-30": "9.38", "2012-01-31": "10.46", "2011-10-31": "9.31", "2011-07-31": "10.44", "2011-04-30": "13.45", "2011-01-31": "14.59", "2010-10-31": "14.05", "2010-07-31": "19.19", "2010-04-30": "20.47", "2010-01-31": "18.36", "2009-10-31": "17.39", "2009-07-31": "10.03", "2009-04-30": "8.57", "2009-01-31": "6.12", "2008-10-31": "6.24", "2008-07-31": "11.00", "2008-04-30": "13.50", "2008-01-31": "15.25", "2007-10-31": "14.50", "2007-07-31": "12.27", "2007-04-30": "11.96", "2007-01-31": "10.29", "2006-10-31": "8.76"}, "price sales": {"2021-02-05": "2.75", "2020-10-31": "2.01", "2020-07-31": "1.56", "2020-04-30": "1.24", "2020-01-31": "1.28", "2019-10-31": "1.40", "2019-07-31": "1.34", "2019-04-30": "1.34", "2019-01-31": "1.35", "2018-10-31": "1.14", "2018-07-31": "1.26", "2018-04-30": "1.25", "2018-01-31": "1.64", "2017-10-31": "1.36", "2017-07-31": "1.37", "2017-04-30": "1.23", "2017-01-31": "1.18", "2016-10-31": "0.97", "2016-07-31": "0.85", "2016-04-30": "0.90", "2016-01-31": "0.83", "2015-10-31": "0.82", "2015-07-31": "0.94", "2015-04-30": "0.86", "2015-01-31": "0.78", "2014-10-31": "0.76", "2014-07-31": "0.76", "2014-04-30": "0.83", "2014-01-31": "0.75", "2013-10-31": "0.72", "2013-07-31": "0.73", "2013-04-30": "0.79", "2013-01-31": "0.85", "2012-10-31": "0.79", "2012-07-31": "0.74", "2012-04-30": "0.83", "2012-01-31": "0.91", "2011-10-31": "0.82", "2011-07-31": "0.88", "2011-04-30": "1.15", "2011-01-31": "1.14", "2010-10-31": "1.01", "2010-07-31": "0.94", "2010-04-30": "0.87", "2010-01-31": "0.73", "2009-10-31": "0.65", "2009-07-31": "0.58", "2009-04-30": "0.51", "2009-01-31": "0.41", "2008-10-31": "0.45", "2008-07-31": "0.86", "2008-04-30": "1.09", "2008-01-31": "1.20", "2007-10-31": "1.10", "2007-07-31": "0.90", "2007-04-30": "0.83", "2007-01-31": "0.78", "2006-10-31": "0.67"}, "price book": {"current": "7.49", "2021-02-05": "7.49", "2020-10-31": "5.46", "2020-07-31": "4.26", "2020-04-30": "3.78", "2020-01-31": "4.10", "2019-10-31": "4.68", "2019-07-31": "4.14", "2019-04-30": "4.27", "2019-01-31": "4.45", "2018-10-31": "3.67", "2018-07-31": "4.30", "2018-04-30": "4.01", "2018-01-31": "5.51", "2017-10-31": "4.22", "2017-07-31": "4.52", "2017-04-30": "4.34", "2017-01-31": "4.64", "2016-10-31": "3.94", "2016-07-31": "3.02", "2016-04-30": "3.36", "2016-01-31": "3.33", "2015-10-31": "3.28", "2015-07-31": "3.58", "2015-04-30": "3.27", "2015-01-31": "3.08", "2014-10-31": "2.85", "2014-07-31": "2.44", "2014-04-30": "2.74", "2014-01-31": "2.65", "2013-10-31": "2.54", "2013-07-31": "3.13", "2013-04-30": "3.52", "2013-01-31": "4.09", "2012-10-31": "4.02", "2012-07-31": "3.36", "2012-04-30": "3.64", "2012-01-31": "4.17", "2011-10-31": "3.68", "2011-07-31": "3.48", "2011-04-30": "4.43", "2011-01-31": "4.66", "2010-10-31": "4.10", "2010-07-31": "3.67", "2010-04-30": "3.55", "2010-01-31": "3.34", "2009-10-31": "3.13", "2009-07-31": "1.94", "2009-04-30": "1.96", "2009-01-31": "1.72", "2008-10-31": "1.90", "2008-07-31": "3.01", "2008-04-30": "3.72", "2008-01-31": "4.08", "2007-10-31": "3.57", "2007-07-31": "1.50", "2007-04-30": "1.15", "2007-01-31": "1.11", "2006-10-31": "1.91", "2006-07-31": "1.63", "2006-04-30": "2.00", "2006-01-31": "1.78"}, "price fcf": {"2021-02-05": "", "2020-10-31": "$26.68", "2020-07-31": "$24.84", "2020-04-30": "$19.80", "2020-01-31": "$16.06", "2019-10-31": "$12.29", "2019-07-31": "$10.31", "2019-04-30": "$6.25", "2019-01-31": "$5.98", "2018-10-31": "$7.36", "2018-07-31": "$4.59", "2018-04-30": "$5.76", "2018-01-31": "$7.54", "2017-10-31": "$9.41", "2017-07-31": "$12.41", "2017-04-30": "$14.71", "2017-01-31": "$14.17", "2016-10-31": "$13.84", "2016-07-31": "$13.61", "2016-04-30": "$12.30", "2016-01-31": "$11.58", "2015-10-31": "$12.24", "2015-07-31": "$11.94", "2015-04-30": "$11.82", "2015-01-31": "$10.36", "2014-10-31": "$9.75", "2014-07-31": "$8.86", "2014-04-30": "$8.87", "2014-01-31": "$9.17", "2013-10-31": "$7.79", "2013-07-31": "$6.27", "2013-04-30": "$2.69", "2013-01-31": "$1.44", "2012-10-31": "$1.61", "2012-07-31": "$0.08", "2012-04-30": "$2.31", "2012-01-31": "$3.65", "2011-10-31": "$4.62", "2011-07-31": "$3.58", "2011-04-30": "$2.29", "2011-01-31": "$3.60", "2010-10-31": "$5.00", "2010-07-31": "$5.80", "2010-04-30": "$7.99", "2010-01-31": "$7.06", "2009-10-31": "$3.66", "2009-07-31": "$1.87", "2009-04-30": "$1.29", "2009-01-31": "$0.93", "2008-10-31": "$2.99", "2008-07-31": "$4.28", "2008-04-30": "$4.11", "2008-01-31": "$4.49", "2007-10-31": "$4.60", "2007-07-31": "$4.26", "2007-04-30": "$3.24", "2007-01-31": "$1.32", "2006-10-31": "$1.10"}, "net worth": {"value": "$97.23B"}, "current ratio": {"current": "2.24", "2020-10-31": "2.24", "2020-07-31": "2.26", "2020-04-30": "2.20", "2020-01-31": "2.12", "2019-10-31": "2.04", "2019-07-31": "2.00", "2019-04-30": "1.94", "2019-01-31": "1.98", "2018-10-31": "1.92", "2018-07-31": "1.91", "2018-04-30": "1.91", "2018-01-31": "1.98", "2017-10-31": "2.12", "2017-07-31": "2.10", "2017-04-30": "2.16", "2017-01-31": "2.20", "2016-10-31": "2.13", "2016-07-31": "2.10", "2016-04-30": "2.10", "2016-01-31": "2.24", "2015-10-31": "2.07", "2015-07-31": "2.06", "2015-04-30": "2.11", "2015-01-31": "2.26", "2014-10-31": "2.17", "2014-07-31": "2.22", "2014-04-30": "2.18", "2014-01-31": "2.24", "2013-10-31": "2.05", "2013-07-31": "2.18", "2013-04-30": "2.17", "2013-01-31": "2.36", "2012-10-31": "2.24", "2012-07-31": "2.23", "2012-04-30": "2.09", "2012-01-31": "2.03", "2011-10-31": "2.07", "2011-07-31": "2.02", "2011-04-30": "2.09", "2011-01-31": "2.34", "2010-10-31": "2.21", "2010-07-31": "2.24", "2010-04-30": "2.46", "2010-01-31": "2.33", "2009-10-31": "2.31", "2009-07-31": "2.14", "2009-04-30": "2.07", "2009-01-31": "2.00", "2008-10-31": "1.85", "2008-07-31": "1.76", "2008-04-30": "1.73", "2008-01-31": "1.78", "2007-10-31": "1.77", "2007-07-31": "1.75", "2007-04-30": "1.81", "2007-01-31": "1.85", "2006-10-31": "1.98", "2006-07-31": "1.95", "2006-04-30": "2.04", "2006-01-31": "2.24", "2005-10-31": "2.12", "2005-07-31": "2.26", "2005-04-30": "2.32", "2005-01-31": "2.62"}, "quick ratio": {"2020-10-31": "2.03", "2020-07-31": "2.03", "2020-04-30": "1.95", "2020-01-31": "1.84", "2019-10-31": "1.80", "2019-07-31": "1.73", "2019-04-30": "1.66", "2019-01-31": "1.68", "2018-10-31": "1.67", "2018-07-31": "1.66", "2018-04-30": "1.64", "2018-01-31": "1.69", "2017-10-31": "1.95", "2017-07-31": "1.90", "2017-04-30": "1.95", "2017-01-31": "1.98", "2016-10-31": "1.96", "2016-07-31": "1.91", "2016-04-30": "1.90", "2016-01-31": "2.01", "2015-10-31": "1.88", "2015-07-31": "1.85", "2015-04-30": "1.89", "2015-01-31": "2.02", "2014-10-31": "1.97", "2014-07-31": "1.96", "2014-04-30": "1.91", "2014-01-31": "1.96", "2013-10-31": "1.83", "2013-07-31": "1.90", "2013-04-30": "1.87", "2013-01-31": "2.01", "2012-10-31": "1.97", "2012-07-31": "1.91", "2012-04-30": "1.77", "2012-01-31": "1.71", "2011-10-31": "1.82", "2011-07-31": "1.75", "2011-04-30": "1.81", "2011-01-31": "2.04", "2010-10-31": "2.00", "2010-07-31": "2.01", "2010-04-30": "2.21", "2010-01-31": "2.11", "2009-10-31": "2.12", "2009-07-31": "1.92", "2009-04-30": "1.83", "2009-01-31": "1.74", "2008-10-31": "1.64", "2008-07-31": "1.56", "2008-04-30": "1.52", "2008-01-31": "1.57", "2007-10-31": "1.62", "2007-07-31": "1.60", "2007-04-30": "1.64", "2007-01-31": "1.66", "2006-10-31": "1.83", "2006-07-31": "1.77", "2006-04-30": "1.83", "2006-01-31": "1.98", "2005-10-31": "1.94", "2005-07-31": "2.02", "2005-04-30": "2.03", "2005-01-31": "2.26"}, "debt equity ratio": {"current": "2.53", "2020-10-31": "4.80", "2020-07-31": "4.99", "2020-04-30": "5.52", "2020-01-31": "5.02", "2019-10-31": "5.40", "2019-07-31": "4.99", "2019-04-30": "5.10", "2019-01-31": "5.17", "2018-10-31": "5.21", "2018-07-31": "5.69", "2018-04-30": "5.71", "2018-01-31": "6.19", "2017-10-31": "5.88", "2017-07-31": "6.27", "2017-04-30": "6.66", "2017-01-31": "7.24", "2016-10-31": "7.87", "2016-07-31": "6.87", "2016-04-30": "7.24", "2016-01-31": "7.48", "2015-10-31": "7.58", "2015-07-31": "6.63", "2015-04-30": "6.29", "2015-01-31": "6.07", "2014-10-31": "5.77", "2014-07-31": "4.70", "2014-04-30": "4.71", "2014-01-31": "4.62", "2013-10-31": "4.80", "2013-07-31": "5.79", "2013-04-30": "6.04", "2013-01-31": "6.37", "2012-10-31": "7.20", "2012-07-31": "6.18", "2012-04-30": "5.95", "2012-01-31": "6.17", "2011-10-31": "6.07", "2011-07-31": "5.25", "2011-04-30": "5.27", "2011-01-31": "5.51", "2010-10-31": "5.86", "2010-07-31": "5.83", "2010-04-30": "6.25", "2010-01-31": "7.18", "2009-10-31": "7.53", "2009-07-31": "4.57", "2009-04-30": "5.08", "2009-01-31": "5.30", "2008-10-31": "4.93", "2008-07-31": "4.53", "2008-04-30": "4.58", "2008-01-31": "4.43", "2007-10-31": "4.39", "2007-07-31": "3.67", "2007-04-30": "3.67", "2007-01-31": "3.51", "2006-10-31": "3.64", "2006-07-31": "3.59", "2006-04-30": "3.51", "2006-01-31": "3.81", "2005-10-31": "3.91", "2005-07-31": "3.77", "2005-04-30": "3.70", "2005-01-31": "3.46"}, "return on equity": {"2020-10-31": "22.17%", "2020-07-31": "22.58%", "2020-04-30": "23.61%", "2020-01-31": "27.53%", "2019-10-31": "27.72%", "2019-07-31": "28.34%", "2019-04-30": "29.64%", "2019-01-31": "31.34%", "2018-10-31": "22.91%", "2018-07-31": "21.14%", "2018-04-30": "19.30%", "2018-01-31": "16.24%", "2017-10-31": "26.44%", "2017-07-31": "26.12%", "2017-04-30": "25.01%", "2017-01-31": "21.00%", "2016-10-31": "21.97%", "2016-07-31": "22.73%", "2016-04-30": "22.81%", "2016-01-31": "24.70%", "2015-10-31": "25.11%", "2015-07-31": "26.95%", "2015-04-30": "28.38%", "2015-01-31": "29.54%", "2014-10-31": "30.97%", "2014-07-31": "31.59%", "2014-04-30": "34.84%", "2014-01-31": "38.19%", "2013-10-31": "40.89%", "2013-07-31": "43.81%", "2013-04-30": "42.76%", "2013-01-31": "43.65%", "2012-10-31": "43.09%", "2012-07-31": "42.91%", "2012-04-30": "41.65%", "2012-01-31": "39.47%", "2011-10-31": "39.47%", "2011-07-31": "37.14%", "2011-04-30": "37.69%", "2011-01-31": "34.63%", "2010-10-31": "32.33%", "2010-07-31": "21.95%", "2010-04-30": "17.26%", "2010-01-31": "15.13%", "2009-10-31": "13.60%", "2009-07-31": "21.04%", "2009-04-30": "23.21%", "2009-01-31": "26.99%", "2008-10-31": "28.85%", "2008-07-31": "29.29%", "2008-04-30": "28.27%", "2008-01-31": "25.84%", "2007-10-31": "23.70%", "2007-07-31": "21.58%", "2007-04-30": "20.60%", "2007-01-31": "22.48%", "2006-10-31": "22.97%", "2006-07-31": "22.87%", "2006-04-30": "22.69%", "2006-01-31": "21.31%", "2005-10-31": "21.42%"}, "return on assets": {"2020-10-31": "3.65%", "2020-07-31": "3.63%", "2020-04-30": "3.79%", "2020-01-31": "4.50%", "2019-10-31": "4.50%", "2019-07-31": "4.63%", "2019-04-30": "4.72%", "2019-01-31": "4.87%", "2018-10-31": "3.43%", "2018-07-31": "3.08%", "2018-04-30": "2.76%", "2018-01-31": "2.25%", "2017-10-31": "3.55%", "2017-07-31": "3.29%", "2017-04-30": "3.08%", "2017-01-31": "2.53%", "2016-10-31": "2.63%", "2016-07-31": "2.75%", "2016-04-30": "2.78%", "2016-01-31": "3.11%", "2015-10-31": "3.31%", "2015-07-31": "3.76%", "2015-04-30": "4.28%", "2015-01-31": "4.73%", "2014-10-31": "5.23%", "2014-07-31": "5.54%", "2014-04-30": "5.86%", "2014-01-31": "6.11%", "2013-10-31": "6.12%", "2013-07-31": "6.00%", "2013-04-30": "5.76%", "2013-01-31": "5.89%", "2012-10-31": "5.85%", "2012-07-31": "6.05%", "2012-04-30": "6.08%", "2012-01-31": "5.92%", "2011-10-31": "6.06%", "2011-07-31": "5.75%", "2011-04-30": "5.71%", "2011-01-31": "5.06%", "2010-10-31": "4.47%", "2010-07-31": "2.88%", "2010-04-30": "2.41%", "2010-01-31": "2.21%", "2009-10-31": "2.11%", "2009-07-31": "3.53%", "2009-04-30": "3.90%", "2009-01-31": "4.64%", "2008-10-31": "5.15%", "2008-07-31": "5.34%", "2008-04-30": "5.39%", "2008-01-31": "5.15%", "2007-10-31": "4.94%", "2007-07-31": "4.67%", "2007-04-30": "4.48%", "2007-01-31": "4.93%", "2006-10-31": "4.96%", "2006-07-31": "4.87%", "2006-04-30": "4.78%", "2006-01-31": "4.44%", "2005-10-31": "4.55%"}, "return on investments": {"2020-10-31": "8.57%", "2020-07-31": "8.11%", "2020-04-30": "8.00%", "2020-01-31": "9.61%", "2019-10-31": "10.06%", "2019-07-31": "10.64%", "2019-04-30": "11.14%", "2019-01-31": "11.16%", "2018-10-31": "10.99%", "2018-07-31": "10.64%", "2018-04-30": "10.16%", "2018-01-31": "9.96%", "2017-10-31": "9.83%", "2017-07-31": "9.16%", "2017-04-30": "8.61%", "2017-01-31": "7.14%", "2016-10-31": "7.14%", "2016-07-31": "7.19%", "2016-04-30": "7.33%", "2016-01-31": "8.24%", "2015-10-31": "8.85%", "2015-07-31": "10.58%", "2015-04-30": "11.94%", "2015-01-31": "13.09%", "2014-10-31": "14.25%", "2014-07-31": "14.92%", "2014-04-30": "16.26%", "2014-01-31": "17.65%", "2013-10-31": "18.00%", "2013-07-31": "17.98%", "2013-04-30": "17.10%", "2013-01-31": "17.17%", "2012-10-31": "17.58%", "2012-07-31": "18.28%", "2012-04-30": "18.69%", "2012-01-31": "18.10%", "2011-10-31": "17.95%", "2011-07-31": "16.76%", "2011-04-30": "16.25%", "2011-01-31": "14.82%", "2010-10-31": "13.34%", "2010-07-31": "9.89%", "2010-04-30": "7.90%", "2010-01-31": "6.21%", "2009-10-31": "5.75%", "2009-07-31": "8.56%", "2009-04-30": "10.50%", "2009-01-31": "13.56%", "2008-10-31": "15.47%", "2008-07-31": "16.04%", "2008-04-30": "16.06%", "2008-01-31": "14.82%", "2007-10-31": "14.17%", "2007-07-31": "12.82%", "2007-04-30": "12.23%", "2007-01-31": "11.71%", "2006-10-31": "11.44%", "2006-07-31": "11.24%", "2006-04-30": "10.67%", "2006-01-31": "11.36%", "2005-10-31": "11.57%"}, "return on tangible equity": {"2020-10-31": "33.95%", "2020-07-31": "35.03%", "2020-04-30": "37.12%", "2020-01-31": "43.64%", "2019-10-31": "44.66%", "2019-07-31": "46.32%", "2019-04-30": "50.11%", "2019-01-31": "55.11%", "2018-10-31": "42.29%", "2018-07-31": "34.77%", "2018-04-30": "28.10%", "2018-01-31": "20.93%", "2017-10-31": "30.12%", "2017-07-31": "29.80%", "2017-04-30": "28.69%", "2017-01-31": "24.21%", "2016-10-31": "25.23%", "2016-07-31": "25.94%", "2016-04-30": "25.83%", "2016-01-31": "27.67%", "2015-10-31": "27.97%", "2015-07-31": "29.86%", "2015-04-30": "31.27%", "2015-01-31": "32.45%", "2014-10-31": "33.95%", "2014-07-31": "34.59%", "2014-04-30": "38.46%", "2014-01-31": "42.58%", "2013-10-31": "46.20%", "2013-07-31": "50.40%", "2013-04-30": "49.55%", "2013-01-31": "50.95%", "2012-10-31": "50.62%", "2012-07-31": "50.63%", "2012-04-30": "49.35%", "2012-01-31": "46.92%", "2011-10-31": "47.08%", "2011-07-31": "44.43%", "2011-04-30": "45.48%", "2011-01-31": "42.35%", "2010-10-31": "40.19%", "2010-07-31": "27.84%", "2010-04-30": "21.94%", "2010-01-31": "19.24%", "2009-10-31": "17.22%", "2009-07-31": "26.47%", "2009-04-30": "29.27%", "2009-01-31": "33.89%", "2008-10-31": "36.05%", "2008-07-31": "36.38%", "2008-04-30": "34.67%", "2008-01-31": "31.29%", "2007-10-31": "28.36%", "2007-07-31": "25.57%", "2007-04-30": "24.34%", "2007-01-31": "26.56%", "2006-10-31": "27.21%", "2006-07-31": "27.13%", "2006-04-30": "26.91%", "2006-01-31": "25.26%", "2005-10-31": "25.33%"}, "dividend yield history": {"last payout": "$3.04", "last yield": "0.98%"}}