{"ticker": "JCI", "price": {"title": "Johnson Controls Historical Annual Stock Price Data", "value": 51.05, "historical": {"2021": {"Average Stock Price": "50.7263", "Year Open": "46.1800", "Year High": "52.4500", "Year Low": "46.1800", "Year Close": "51.0500", "Annual % Change": "9.57%"}, "2020": {"Average Stock Price": "37.9345", "Year Open": "41.4000", "Year High": "46.6600", "Year Low": "23.5000", "Year Close": "46.5900", "Annual % Change": "14.44%"}, "2019": {"Average Stock Price": "39.3889", "Year Open": "30.5000", "Year High": "44.4600", "Year Low": "30.0100", "Year Close": "40.7100", "Annual % Change": "37.30%"}, "2018": {"Average Stock Price": "35.6232", "Year Open": "38.2300", "Year High": "41.4300", "Year Low": "28.5100", "Year Close": "29.6500", "Annual % Change": "-22.20%"}, "2017": {"Average Stock Price": "40.9106", "Year Open": "42.4300", "Year High": "44.3000", "Year Low": "35.7300", "Year Close": "38.1100", "Annual % Change": "-7.48%"}, "2016": {"Average Stock Price": "41.9235", "Year Open": "33.2880", "Year High": "48.9000", "Year Low": "31.2147", "Year Close": "41.1900", "Annual % Change": "23.35%"}, "2015": {"Average Stock Price": "40.4958", "Year Open": "45.6649", "Year High": "46.0628", "Year Low": "32.2932", "Year Close": "33.3927", "Annual % Change": "-27.29%"}, "2014": {"Average Stock Price": "44.9725", "Year Open": "42.5759", "Year High": "48.6492", "Year Low": "40.7644", "Year Close": "45.9267", "Annual % Change": "6.87%"}, "2013": {"Average Stock Price": "35.5557", "Year Open": "32.0105", "Year High": "43.1518", "Year Low": "31.1728", "Year Close": "42.9738", "Annual % Change": "40.31%"}, "2012": {"Average Stock Price": "49.2624", "Year Open": "50.1047", "Year High": "60.6702", "Year Low": "27.7487", "Year Close": "30.6283", "Annual % Change": "-37.38%"}, "2011": {"Average Stock Price": "47.6096", "Year Open": "44.1361", "Year High": "54.7958", "Year Low": "39.5916", "Year Close": "48.9110", "Annual % Change": "12.72%"}, "2010": {"Average Stock Price": "39.6274", "Year Open": "37.9791", "Year High": "44.3037", "Year Low": "35.5497", "Year Close": "43.3927", "Annual % Change": "16.14%"}, "2009": {"Average Stock Price": "29.5253", "Year Open": "23.8115", "Year High": "38.8272", "Year Low": "18.2513", "Year Close": "37.3613", "Annual % Change": "65.19%"}, "2008": {"Average Stock Price": "39.0341", "Year Open": "41.0366", "Year High": "49.6440", "Year Low": "16.3874", "Year Close": "22.6178", "Annual % Change": "-45.52%"}, "2007": {"Average Stock Price": "89.6942", "Year Open": "127.5393", "Year High": "143.7487", "Year Low": "39.6649", "Year Close": "41.5183", "Annual % Change": "-67.39%"}, "2006": {"Average Stock Price": "114.8046", "Year Open": "124.1466", "Year High": "130.0105", "Year Low": "103.8743", "Year Close": "127.3298", "Annual % Change": "5.34%"}, "2005": {"Average Stock Price": "127.5157", "Year Open": "148.4398", "Year High": "152.3351", "Year Low": "107.6859", "Year Close": "120.8796", "Annual % Change": "-19.25%"}, "2004": {"Average Stock Price": "127.9953", "Year Open": "113.0890", "Year High": "151.9162", "Year Low": "110.9110", "Year Close": "149.6963", "Annual % Change": "34.87%"}, "2003": {"Average Stock Price": "77.9796", "Year Open": "72.2513", "Year High": "112.4607", "Year Low": "48.1675", "Year Close": "110.9948", "Annual % Change": "55.15%"}, "2002": {"Average Stock Price": "90.7142", "Year Open": "239.7906", "Year High": "239.7906", "Year Low": "34.5550", "Year Close": "71.5393", "Annual % Change": "-71.00%"}, "2001": {"Average Stock Price": "222.4626", "Year Open": "221.9895", "Year High": "263.0366", "Year Low": "170.8901", "Year Close": "246.7016", "Annual % Change": "6.13%"}, "2000": {"Average Stock Price": "205.1171", "Year Open": "156.5654", "Year High": "245.0262", "Year Low": "135.0785", "Year Close": "232.4607", "Annual % Change": "42.31%"}, "1999": {"Average Stock Price": "179.1306", "Year Open": "151.4346", "Year High": "223.0366", "Year Low": "118.3246", "Year Close": "163.3508", "Annual % Change": "3.39%"}, "1998": {"Average Stock Price": "118.7870", "Year Open": "93.7173", "Year High": "160.0838", "Year Low": "90.0524", "Year Close": "157.9895", "Annual % Change": "67.42%"}, "1997": {"Average Stock Price": "73.4666", "Year Open": "54.9738", "Year High": "94.3665", "Year Low": "54.9738", "Year Close": "94.3665", "Annual % Change": "70.42%"}, "1996": {"Average Stock Price": "43.8425", "Year Open": "37.1728", "Year High": "57.2042", "Year Low": "34.4241", "Year Close": "55.3717", "Annual % Change": "48.41%"}, "1995": {"Average Stock Price": "29.6023", "Year Open": "24.6073", "Year High": "37.3089", "Year Low": "24.3455", "Year Close": "37.3089", "Annual % Change": "50.02%"}, "1994": {"Average Stock Price": "25.0917", "Year Open": "26.5707", "Year High": "28.8639", "Year Low": "22.5131", "Year Close": "24.8691", "Annual % Change": "-8.00%"}, "1993": {"Average Stock Price": "22.9883", "Year Open": "22.7749", "Year High": "27.0314", "Year Low": "20.1571", "Year Close": "27.0314", "Annual % Change": "24.77%"}, "1992": {"Average Stock Price": "19.0180", "Year Open": "17.7382", "Year High": "22.1885", "Year Low": "16.4293", "Year Close": "21.6649", "Annual % Change": "20.36%"}, "1991": {"Average Stock Price": "22.0365", "Year Open": "22.0576", "Year High": "26.8325", "Year Low": "15.0524", "Year Close": "18.0000", "Annual % Change": "-20.05%"}, "1990": {"Average Stock Price": "25.7280", "Year Open": "26.7696", "Year High": "33.5079", "Year Low": "19.6335", "Year Close": "22.5131", "Annual % Change": "-14.65%"}, "1989": {"Average Stock Price": "21.9786", "Year Open": "18.7853", "Year High": "27.6859", "Year Low": "17.0838", "Year Close": "26.3770", "Annual % Change": "40.92%"}, "1988": {"Average Stock Price": "16.2258", "Year Open": "12.0419", "Year High": "19.8953", "Year Low": "11.2565", "Year Close": "18.7173", "Annual % Change": "57.14%"}}}, "market cap": {"value": "$36.73B"}, "income statement": {"Revenue": {"2020-09-30": "22317.00000", "2019-09-30": "23968.00000", "2018-09-30": "23400.00000", "2017-09-30": "22835.00000", "2016-09-30": "20837.00000", "2015-09-30": "17100.00000", "2014-09-30": "38749.00000", "2013-09-30": "10058.00000", "2012-09-30": "9892.00000", "2011-09-30": "10557.00000", "2010-09-30": "11020.00000", "2009-09-30": "16882.00000", "2008-09-30": "19733.00000", "2007-09-30": "18477.00000", "2006-09-30": "17066.00000", "2005-09-30": "16665.00000"}, "Cost Of Goods Sold": {"2020-09-30": "14906.00000", "2019-09-30": "16275.00000", "2018-09-30": "15733.00000", "2017-09-30": "15305.00000", "2016-09-30": "15183.00000", "2015-09-30": "12569.00000", "2014-09-30": "32444.00000", "2013-09-30": "6389.00000", "2012-09-30": "6316.00000", "2011-09-30": "6890.00000", "2010-09-30": "7404.00000", "2009-09-30": "10870.00000", "2008-09-30": "12780.00000", "2007-09-30": "12217.00000", "2006-09-30": "11222.00000", "2005-09-30": "10735.00000"}, "Gross Profit": {"2020-09-30": "7411.00000", "2019-09-30": "7693.00000", "2018-09-30": "7667.00000", "2017-09-30": "7530.00000", "2016-09-30": "5654.00000", "2015-09-30": "4531.00000", "2014-09-30": "6305.00000", "2013-09-30": "3669.00000", "2012-09-30": "3576.00000", "2011-09-30": "3667.00000", "2010-09-30": "3616.00000", "2009-09-30": "6012.00000", "2008-09-30": "6953.00000", "2007-09-30": "6260.00000", "2006-09-30": "5844.00000", "2005-09-30": "5930.00000"}, "Research And Development Expenses": {"2020-09-30": "", "2019-09-30": "", "2018-09-30": "", "2017-09-30": "", "2016-09-30": "", "2015-09-30": "", "2014-09-30": "", "2013-09-30": "", "2012-09-30": "", "2011-09-30": "", "2010-09-30": "", "2009-09-30": "", "2008-09-30": "", "2007-09-30": "", "2006-09-30": "", "2005-09-30": ""}, "SG&A Expenses": {"2020-09-30": "5665.00000", "2019-09-30": "6244.00000", "2018-09-30": "5642.00000", "2017-09-30": "5723.00000", "2016-09-30": "4190.00000", "2015-09-30": "3191.00000", "2014-09-30": "4216.00000", "2013-09-30": "2838.00000", "2012-09-30": "2823.00000", "2011-09-30": "2834.00000", "2010-09-30": "2946.00000", "2009-09-30": "4599.00000", "2008-09-30": "4824.00000", "2007-09-30": "4776.00000", "2006-09-30": "4425.00000", "2005-09-30": "4699.00000"}, "Other Operating Income Or Expenses": {"2020-09-30": "", "2019-09-30": "", "2018-09-30": "", "2017-09-30": "", "2016-09-30": "", "2015-09-30": "", "2014-09-30": "", "2013-09-30": "-8.00000", "2012-09-30": "-71.00000", "2011-09-30": "", "2010-09-30": "", "2009-09-30": "", "2008-09-30": "", "2007-09-30": "-2967.00000", "2006-09-30": "-49.00000", "2005-09-30": "-23.00000"}, "Operating Expenses": {"2020-09-30": "21354.00000", "2019-09-30": "22754.00000", "2018-09-30": "21630.00000", "2017-09-30": "21375.00000", "2016-09-30": "19661.00000", "2015-09-30": "15975.00000", "2014-09-30": "36984.00000", "2013-09-30": "9346.00000", "2012-09-30": "9314.00000", "2011-09-30": "9575.00000", "2010-09-30": "10405.00000", "2009-09-30": "18388.00000", "2008-09-30": "17837.00000", "2007-09-30": "20209.00000", "2006-09-30": "15711.00000", "2005-09-30": "15474.00000"}, "Operating Income": {"2020-09-30": "963.00000", "2019-09-30": "1214.00000", "2018-09-30": "1770.00000", "2017-09-30": "1460.00000", "2016-09-30": "1176.00000", "2015-09-30": "1125.00000", "2014-09-30": "1765.00000", "2013-09-30": "712.00000", "2012-09-30": "578.00000", "2011-09-30": "982.00000", "2010-09-30": "615.00000", "2009-09-30": "-1506.00000", "2008-09-30": "1896.00000", "2007-09-30": "-1732.00000", "2006-09-30": "1355.00000", "2005-09-30": "1191.00000"}, "Total Non-Operating Income/Expense": {"2020-09-30": "-60.00000", "2019-09-30": "-158.00000", "2018-09-30": "-224.00000", "2017-09-30": "-309.00000", "2016-09-30": "-115.00000", "2015-09-30": "-194.00000", "2014-09-30": "151.00000", "2013-09-30": "-113.00000", "2012-09-30": "-645.00000", "2011-09-30": "-218.00000", "2010-09-30": "-330.00000", "2009-09-30": "-264.00000", "2008-09-30": "-507.00000", "2007-09-30": "-464.00000", "2006-09-30": "-233.00000", "2005-09-30": "-579.00000"}, "Pre-Tax Income": {"2020-09-30": "903.00000", "2019-09-30": "1056.00000", "2018-09-30": "1546.00000", "2017-09-30": "1151.00000", "2016-09-30": "1061.00000", "2015-09-30": "931.00000", "2014-09-30": "1916.00000", "2013-09-30": "599.00000", "2012-09-30": "-67.00000", "2011-09-30": "764.00000", "2010-09-30": "285.00000", "2009-09-30": "-1770.00000", "2008-09-30": "1389.00000", "2007-09-30": "-2196.00000", "2006-09-30": "1122.00000", "2005-09-30": "612.00000"}, "Income Taxes": {"2020-09-30": "108.00000", "2019-09-30": "-233.00000", "2018-09-30": "197.00000", "2017-09-30": "322.00000", "2016-09-30": "197.00000", "2015-09-30": "71.00000", "2014-09-30": "407.00000", "2013-09-30": "108.00000", "2012-09-30": "320.00000", "2011-09-30": "134.00000", "2010-09-30": "-17.00000", "2009-09-30": "71.00000", "2008-09-30": "326.00000", "2007-09-30": "324.00000", "2006-09-30": "304.00000", "2005-09-30": "29.00000"}, "Income After Taxes": {"2020-09-30": "795.00000", "2019-09-30": "1289.00000", "2018-09-30": "1349.00000", "2017-09-30": "829.00000", "2016-09-30": "864.00000", "2015-09-30": "860.00000", "2014-09-30": "1509.00000", "2013-09-30": "491.00000", "2012-09-30": "-387.00000", "2011-09-30": "630.00000", "2010-09-30": "302.00000", "2009-09-30": "-1841.00000", "2008-09-30": "1063.00000", "2007-09-30": "-2520.00000", "2006-09-30": "818.00000", "2005-09-30": "583.00000"}, "Other Income": {"2020-09-30": "", "2019-09-30": "", "2018-09-30": "", "2017-09-30": "", "2016-09-30": "", "2015-09-30": "", "2014-09-30": "", "2013-09-30": "", "2012-09-30": "", "2011-09-30": "", "2010-09-30": "", "2009-09-30": "", "2008-09-30": "", "2007-09-30": "", "2006-09-30": "", "2005-09-30": ""}, "Income From Continuous Operations": {"2020-09-30": "795.00000", "2019-09-30": "1289.00000", "2018-09-30": "1349.00000", "2017-09-30": "829.00000", "2016-09-30": "864.00000", "2015-09-30": "860.00000", "2014-09-30": "1509.00000", "2013-09-30": "443.00000", "2012-09-30": "-413.00000", "2011-09-30": "618.00000", "2010-09-30": "302.00000", "2009-09-30": "-1841.00000", "2008-09-30": "1063.00000", "2007-09-30": "-2524.00000", "2006-09-30": "817.00000", "2005-09-30": "581.00000"}, "Income From Discontinued Operations": {"2020-09-30": "", "2019-09-30": "4598.00000", "2018-09-30": "1034.00000", "2017-09-30": "990.00000", "2016-09-30": "-1516.00000", "2015-09-30": "819.00000", "2014-09-30": "-166.00000", "2013-09-30": "90.00000", "2012-09-30": "884.00000", "2011-09-30": "1102.00000", "2010-09-30": "835.00000", "2009-09-30": "47.00000", "2008-09-30": "491.00000", "2007-09-30": "782.00000", "2006-09-30": "2787.00000", "2005-09-30": "2492.00000"}, "Net Income": {"2020-09-30": "631.00000", "2019-09-30": "5674.00000", "2018-09-30": "2162.00000", "2017-09-30": "1611.00000", "2016-09-30": "-868.00000", "2015-09-30": "1563.00000", "2014-09-30": "1215.00000", "2013-09-30": "536.00000", "2012-09-30": "472.00000", "2011-09-30": "1719.00000", "2010-09-30": "1130.00000", "2009-09-30": "-1798.00000", "2008-09-30": "1553.00000", "2007-09-30": "-1742.00000", "2006-09-30": "3590.00000", "2005-09-30": "3094.00000"}, "EBITDA": {"2020-09-30": "1785.00000", "2019-09-30": "2039.00000", "2018-09-30": "2594.00000", "2017-09-30": "2379.00000", "2016-09-30": "2129.00000", "2015-09-30": "1985.00000", "2014-09-30": "2720.00000", "2013-09-30": "1091.00000", "2012-09-30": "957.00000", "2011-09-30": "1403.00000", "2010-09-30": "1082.00000", "2009-09-30": "2350.00000", "2008-09-30": "3113.00000", "2007-09-30": "-518.00000", "2006-09-30": "2541.00000", "2005-09-30": "2407.00000"}, "EBIT": {"2020-09-30": "963.00000", "2019-09-30": "1214.00000", "2018-09-30": "1770.00000", "2017-09-30": "1460.00000", "2016-09-30": "1176.00000", "2015-09-30": "1125.00000", "2014-09-30": "1765.00000", "2013-09-30": "712.00000", "2012-09-30": "578.00000", "2011-09-30": "982.00000", "2010-09-30": "615.00000", "2009-09-30": "-1506.00000", "2008-09-30": "1896.00000", "2007-09-30": "-1732.00000", "2006-09-30": "1355.00000", "2005-09-30": "1191.00000"}, "Basic Shares Outstanding": {"2020-09-30": "751.00000", "2019-09-30": "870.20000", "2018-09-30": "925.70000", "2017-09-30": "935.30000", "2016-09-30": "667.40000", "2015-09-30": "655.20000", "2014-09-30": "666.90000", "2013-09-30": "444.07500", "2012-09-30": "442.16500", "2011-09-30": "452.67000", "2010-09-30": "463.17500", "2009-09-30": "451.71500", "2008-09-30": "462.22000", "2007-09-30": "472.72500", "2006-09-30": "480.36500", "2005-09-30": "480.36500"}, "Shares Outstanding": {"2020-09-30": "753.60000", "2019-09-30": "874.30000", "2018-09-30": "931.70000", "2017-09-30": "944.60000", "2016-09-30": "672.60000", "2015-09-30": "661.50000", "2014-09-30": "674.80000", "2013-09-30": "450.76000", "2012-09-30": "442.16500", "2011-09-30": "457.44500", "2010-09-30": "466.04000", "2009-09-30": "451.71500", "2008-09-30": "466.04000", "2007-09-30": "472.72500", "2006-09-30": "497.55500", "2005-09-30": "517.61000"}, "Basic EPS": {"2020-09-30": "0.84000", "2019-09-30": "6.52000", "2018-09-30": "2.34000", "2017-09-30": "1.72000", "2016-09-30": "-1.30000", "2015-09-30": "2.39000", "2014-09-30": "1.82000", "2013-09-30": "1.20420", "2012-09-30": "1.06810", "2011-09-30": "3.80100", "2010-09-30": "2.43980", "2009-09-30": "-3.97910", "2008-09-30": "3.36130", "2007-09-30": "-3.68590", "2006-09-30": "7.47640", "2005-09-30": "6.43980"}, "EPS - Earnings Per Share": {"2020-09-30": "0.84000", "2019-09-30": "6.49000", "2018-09-30": "2.32000", "2017-09-30": "1.71000", "2016-09-30": "-1.29000", "2015-09-30": "2.36000", "2014-09-30": "1.80000", "2013-09-30": "1.19370", "2012-09-30": "1.06810", "2011-09-30": "3.75920", "2010-09-30": "2.41880", "2009-09-30": "-3.97910", "2008-09-30": "3.34030", "2007-09-30": "-3.68590", "2006-09-30": "7.27750", "2005-09-30": "6.12570"}}, "income statement, quarterly": {"Revenue": {"2020-12-31": "5341.00000", "2020-09-30": "5954.00000", "2020-06-30": "5343.00000", "2020-03-31": "5444.00000", "2019-12-31": "5576.00000", "2019-09-30": "6274.00000", "2019-06-30": "6451.00000", "2019-03-31": "5779.00000", "2018-12-31": "5464.00000", "2018-09-30": "6183.00000", "2018-06-30": "6282.00000", "2018-03-31": "5630.00000", "2017-12-31": "5305.00000", "2017-09-30": "799.00000", "2017-06-30": "7683.00000", "2017-03-31": "7267.00000", "2016-12-31": "7086.00000", "2016-09-30": "6254.00000", "2016-06-30": "5154.00000", "2016-03-31": "4733.00000", "2015-12-31": "4696.00000", "2015-09-30": "9703.00000", "2015-06-30": "2489.00000", "2015-03-31": "2430.00000", "2014-12-31": "2478.00000", "2014-09-30": "31116.00000", "2014-06-30": "2660.00000", "2014-03-31": "2480.00000", "2013-12-31": "2493.00000", "2013-09-30": "2447.00000", "2013-06-30": "2537.00000", "2013-03-31": "2474.00000", "2012-12-31": "2600.00000", "2012-09-30": "2728.00000", "2012-06-30": "2655.00000", "2012-03-31": "2542.00000", "2011-12-31": "2478.00000", "2011-09-30": "2799.00000", "2011-06-30": "4292.00000", "2011-03-31": "3992.00000", "2010-12-31": "4379.00000", "2010-09-30": "4493.00000", "2010-06-30": "4274.00000", "2010-03-31": "4094.00000", "2009-12-31": "4155.00000", "2009-09-30": "4154.00000", "2009-06-30": "4152.00000", "2009-03-31": "4150.00000", "2008-12-31": "4426.00000", "2008-09-30": "4818.00000", "2008-06-30": "5215.00000", "2008-03-31": "4863.00000", "2007-12-31": "4837.00000", "2007-09-30": "5028.00000", "2007-06-30": "4702.00000", "2007-03-31": "4490.00000", "2006-12-31": "4365.00000", "2006-09-30": "4616.00000", "2006-06-30": "4715.00000", "2006-03-31": "10087.00000", "2005-12-31": "9597.00000", "2005-09-30": "9935.00000", "2005-06-30": "9997.00000", "2005-03-31": "9993.00000"}, "Cost Of Goods Sold": {"2020-12-31": "3613.00000", "2020-09-30": "3979.00000", "2020-06-30": "3511.00000", "2020-03-31": "3643.00000", "2019-12-31": "3773.00000", "2019-09-30": "4294.00000", "2019-06-30": "4307.00000", "2019-03-31": "3935.00000", "2018-12-31": "3739.00000", "2018-09-30": "4126.00000", "2018-06-30": "4194.00000", "2018-03-31": "3806.00000", "2017-12-31": "3607.00000", "2017-09-30": "95.00000", "2017-06-30": "5252.00000", "2017-03-31": "4986.00000", "2016-12-31": "4972.00000", "2016-09-30": "4566.00000", "2016-06-30": "3732.00000", "2016-03-31": "3446.00000", "2015-12-31": "3439.00000", "2015-09-30": "7878.00000", "2015-06-30": "1573.00000", "2015-03-31": "1549.00000", "2014-12-31": "1569.00000", "2014-09-30": "27616.00000", "2014-06-30": "1675.00000", "2014-03-31": "1578.00000", "2013-12-31": "1575.00000", "2013-09-30": "1524.00000", "2013-06-30": "1606.00000", "2013-03-31": "1591.00000", "2012-12-31": "1668.00000", "2012-09-30": "1728.00000", "2012-06-30": "1685.00000", "2012-03-31": "1634.00000", "2011-12-31": "1579.00000", "2011-09-30": "1790.00000", "2011-06-30": "2640.00000", "2011-03-31": "2444.00000", "2010-12-31": "2750.00000", "2010-09-30": "2824.00000", "2010-06-30": "2693.00000", "2010-03-31": "2603.00000", "2009-12-31": "2616.00000", "2009-09-30": "2609.00000", "2009-06-30": "2677.00000", "2009-03-31": "2715.00000", "2008-12-31": "2869.00000", "2008-09-30": "3074.00000", "2008-06-30": "3364.00000", "2008-03-31": "3185.00000", "2007-12-31": "3157.00000", "2007-09-30": "3329.00000", "2007-06-30": "3104.00000", "2007-03-31": "2986.00000", "2006-12-31": "2871.00000", "2006-09-30": "3024.00000", "2006-06-30": "3229.00000", "2006-03-31": "6681.00000", "2005-12-31": "6373.00000", "2005-09-30": "6555.00000", "2005-06-30": "6470.00000", "2005-03-31": "6502.00000"}, "Gross Profit": {"2020-12-31": "1728.00000", "2020-09-30": "1975.00000", "2020-06-30": "1832.00000", "2020-03-31": "1801.00000", "2019-12-31": "1803.00000", "2019-09-30": "1980.00000", "2019-06-30": "2144.00000", "2019-03-31": "1844.00000", "2018-12-31": "1725.00000", "2018-09-30": "2057.00000", "2018-06-30": "2088.00000", "2018-03-31": "1824.00000", "2017-12-31": "1698.00000", "2017-09-30": "704.00000", "2017-06-30": "2431.00000", "2017-03-31": "2281.00000", "2016-12-31": "2114.00000", "2016-09-30": "1688.00000", "2016-06-30": "1422.00000", "2016-03-31": "1287.00000", "2015-12-31": "1257.00000", "2015-09-30": "1825.00000", "2015-06-30": "916.00000", "2015-03-31": "881.00000", "2014-12-31": "909.00000", "2014-09-30": "3500.00000", "2014-06-30": "985.00000", "2014-03-31": "902.00000", "2013-12-31": "918.00000", "2013-09-30": "923.00000", "2013-06-30": "931.00000", "2013-03-31": "883.00000", "2012-12-31": "932.00000", "2012-09-30": "1000.00000", "2012-06-30": "970.00000", "2012-03-31": "908.00000", "2011-12-31": "899.00000", "2011-09-30": "1009.00000", "2011-06-30": "1652.00000", "2011-03-31": "1548.00000", "2010-12-31": "1629.00000", "2010-09-30": "1669.00000", "2010-06-30": "1581.00000", "2010-03-31": "1491.00000", "2009-12-31": "1539.00000", "2009-09-30": "1545.00000", "2009-06-30": "1475.00000", "2009-03-31": "1435.00000", "2008-12-31": "1557.00000", "2008-09-30": "1744.00000", "2008-06-30": "1851.00000", "2008-03-31": "1678.00000", "2007-12-31": "1680.00000", "2007-09-30": "1699.00000", "2007-06-30": "1598.00000", "2007-03-31": "1504.00000", "2006-12-31": "1494.00000", "2006-09-30": "1592.00000", "2006-06-30": "1486.00000", "2006-03-31": "3406.00000", "2005-12-31": "3224.00000", "2005-09-30": "3380.00000", "2005-06-30": "3527.00000", "2005-03-31": "3491.00000"}, "Research And Development Expenses": {"2020-12-31": "", "2020-09-30": "", "2020-06-30": "", "2020-03-31": "", "2019-12-31": "", "2019-09-30": "", "2019-06-30": "", "2019-03-31": "", "2018-12-31": "", "2018-09-30": "", "2018-06-30": "", "2018-03-31": "", "2017-12-31": "", "2017-09-30": "", "2017-06-30": "", "2017-03-31": "", "2016-12-31": "", "2016-09-30": "", "2016-06-30": "", "2016-03-31": "", "2015-12-31": "", "2015-09-30": "", "2015-06-30": "", "2015-03-31": "", "2014-12-31": "", "2014-09-30": "", "2014-06-30": "", "2014-03-31": "", "2013-12-31": "", "2013-09-30": "", "2013-06-30": "", "2013-03-31": "", "2012-12-31": "", "2012-09-30": "", "2012-06-30": "", "2012-03-31": "", "2011-12-31": "", "2011-09-30": "", "2011-06-30": "", "2011-03-31": "", "2010-12-31": "", "2010-09-30": "", "2010-06-30": "", "2010-03-31": "", "2009-12-31": "", "2009-09-30": "", "2009-06-30": "", "2009-03-31": "", "2008-12-31": "", "2008-09-30": "", "2008-06-30": "", "2008-03-31": "", "2007-12-31": "", "2007-09-30": "", "2007-06-30": "", "2007-03-31": "", "2006-12-31": "", "2006-09-30": "", "2006-06-30": "", "2006-03-31": "", "2005-12-31": "", "2005-09-30": "", "2005-06-30": "", "2005-03-31": ""}, "SG&A Expenses": {"2020-12-31": "1294.00000", "2020-09-30": "1453.00000", "2020-06-30": "1334.00000", "2020-03-31": "1451.00000", "2019-12-31": "1427.00000", "2019-09-30": "1960.00000", "2019-06-30": "1388.00000", "2019-03-31": "1458.00000", "2018-12-31": "1438.00000", "2018-09-30": "1392.00000", "2018-06-30": "1441.00000", "2018-03-31": "1490.00000", "2017-12-31": "1319.00000", "2017-09-30": "818.00000", "2017-06-30": "1609.00000", "2017-03-31": "1726.00000", "2016-12-31": "1570.00000", "2016-09-30": "1549.00000", "2016-06-30": "895.00000", "2016-03-31": "899.00000", "2015-12-31": "847.00000", "2015-09-30": "1266.00000", "2015-06-30": "625.00000", "2015-03-31": "648.00000", "2014-12-31": "652.00000", "2014-09-30": "2339.00000", "2014-06-30": "671.00000", "2014-03-31": "635.00000", "2013-12-31": "571.00000", "2013-09-30": "678.00000", "2013-06-30": "712.00000", "2013-03-31": "766.00000", "2012-12-31": "682.00000", "2012-09-30": "749.00000", "2012-06-30": "829.00000", "2012-03-31": "660.00000", "2011-12-31": "677.00000", "2011-09-30": "773.00000", "2011-06-30": "1142.00000", "2011-03-31": "1085.00000", "2010-12-31": "1137.00000", "2010-09-30": "1206.00000", "2010-06-30": "1163.00000", "2010-03-31": "1094.00000", "2009-12-31": "1123.00000", "2009-09-30": "1149.00000", "2009-06-30": "1110.00000", "2009-03-31": "1200.00000", "2008-12-31": "1140.00000", "2008-09-30": "1219.00000", "2008-06-30": "1234.00000", "2008-03-31": "1204.00000", "2007-12-31": "1167.00000", "2007-09-30": "1234.00000", "2007-06-30": "1184.00000", "2007-03-31": "1223.00000", "2006-12-31": "1157.00000", "2006-09-30": "1039.00000", "2006-06-30": "1188.00000", "2006-03-31": "2010.00000", "2005-12-31": "1977.00000", "2005-09-30": "2327.00000", "2005-06-30": "1972.00000", "2005-03-31": "1960.00000"}, "Other Operating Income Or Expenses": {"2020-12-31": "", "2020-09-30": "", "2020-06-30": "", "2020-03-31": "", "2019-12-31": "", "2019-09-30": "", "2019-06-30": "", "2019-03-31": "", "2018-12-31": "", "2018-09-30": "", "2018-06-30": "", "2018-03-31": "", "2017-12-31": "", "2017-09-30": "", "2017-06-30": "", "2017-03-31": "", "2016-12-31": "", "2016-09-30": "", "2016-06-30": "", "2016-03-31": "", "2015-12-31": "", "2015-09-30": "", "2015-06-30": "", "2015-03-31": "", "2014-12-31": "", "2014-09-30": "", "2014-06-30": "", "2014-03-31": "-1.00000", "2013-12-31": "", "2013-09-30": "1.00000", "2013-06-30": "-4.00000", "2013-03-31": "0.00000", "2012-12-31": "-5.00000", "2012-09-30": "-61.00000", "2012-06-30": "-6.00000", "2012-03-31": "-4.00000", "2011-12-31": "0.00000", "2011-09-30": "", "2011-06-30": "", "2011-03-31": "", "2010-12-31": "0.00000", "2010-09-30": "", "2010-06-30": "", "2010-03-31": "", "2009-12-31": "", "2009-09-30": "", "2009-06-30": "", "2009-03-31": "", "2008-12-31": "", "2008-09-30": "", "2008-06-30": "7.00000", "2008-03-31": "5.00000", "2007-12-31": "-9.00000", "2007-09-30": "-7.00000", "2007-06-30": "-2903.00000", "2007-03-31": "-32.00000", "2006-12-31": "-25.00000", "2006-09-30": "-17.00000", "2006-06-30": "-20.00000", "2006-03-31": "19.00000", "2005-12-31": "-8.00000", "2005-09-30": "-10.00000", "2005-06-30": "301.00000", "2005-03-31": "-2.00000"}, "Operating Expenses": {"2020-12-31": "4907.00000", "2020-09-30": "5432.00000", "2020-06-30": "5455.00000", "2020-03-31": "5156.00000", "2019-12-31": "5311.00000", "2019-09-30": "6254.00000", "2019-06-30": "5930.00000", "2019-03-31": "5393.00000", "2018-12-31": "5177.00000", "2018-09-30": "5619.00000", "2018-06-30": "5635.00000", "2018-03-31": "5296.00000", "2017-12-31": "5080.00000", "2017-09-30": "1034.00000", "2017-06-30": "6910.00000", "2017-03-31": "6811.00000", "2016-12-31": "6620.00000", "2016-09-30": "6316.00000", "2016-06-30": "4654.00000", "2016-03-31": "4405.00000", "2015-12-31": "4286.00000", "2015-09-30": "9251.00000", "2015-06-30": "2236.00000", "2015-03-31": "2209.00000", "2014-12-31": "2279.00000", "2014-09-30": "30251.00000", "2014-06-30": "2363.00000", "2014-03-31": "2221.00000", "2013-12-31": "2149.00000", "2013-09-30": "2227.00000", "2013-06-30": "2375.00000", "2013-03-31": "2379.00000", "2012-12-31": "2365.00000", "2012-09-30": "2575.00000", "2012-06-30": "2537.00000", "2012-03-31": "2314.00000", "2011-12-31": "2292.00000", "2011-09-30": "2578.00000", "2011-06-30": "3817.00000", "2011-03-31": "3555.00000", "2010-12-31": "3673.00000", "2010-09-30": "4100.00000", "2010-06-30": "3899.00000", "2010-03-31": "3669.00000", "2009-12-31": "3750.00000", "2009-09-30": "3853.00000", "2009-06-30": "3818.00000", "2009-03-31": "6704.00000", "2008-12-31": "4013.00000", "2008-09-30": "4434.00000", "2008-06-30": "4638.00000", "2008-03-31": "4421.00000", "2007-12-31": "4344.00000", "2007-09-30": "4626.00000", "2007-06-30": "7283.00000", "2007-03-31": "4286.00000", "2006-12-31": "4109.00000", "2006-09-30": "4079.00000", "2006-06-30": "4444.00000", "2006-03-31": "8679.00000", "2005-12-31": "8373.00000", "2005-09-30": "8893.00000", "2005-06-30": "8141.00000", "2005-03-31": "8468.00000"}, "Operating Income": {"2020-12-31": "434.00000", "2020-09-30": "522.00000", "2020-06-30": "-112.00000", "2020-03-31": "288.00000", "2019-12-31": "265.00000", "2019-09-30": "20.00000", "2019-06-30": "521.00000", "2019-03-31": "386.00000", "2018-12-31": "287.00000", "2018-09-30": "564.00000", "2018-06-30": "647.00000", "2018-03-31": "334.00000", "2017-12-31": "225.00000", "2017-09-30": "-235.00000", "2017-06-30": "773.00000", "2017-03-31": "456.00000", "2016-12-31": "466.00000", "2016-09-30": "-62.00000", "2016-06-30": "500.00000", "2016-03-31": "328.00000", "2015-12-31": "410.00000", "2015-09-30": "452.00000", "2015-06-30": "253.00000", "2015-03-31": "221.00000", "2014-12-31": "199.00000", "2014-09-30": "865.00000", "2014-06-30": "297.00000", "2014-03-31": "259.00000", "2013-12-31": "344.00000", "2013-09-30": "220.00000", "2013-06-30": "162.00000", "2013-03-31": "95.00000", "2012-12-31": "235.00000", "2012-09-30": "153.00000", "2012-06-30": "118.00000", "2012-03-31": "228.00000", "2011-12-31": "186.00000", "2011-09-30": "221.00000", "2011-06-30": "475.00000", "2011-03-31": "437.00000", "2010-12-31": "706.00000", "2010-09-30": "393.00000", "2010-06-30": "375.00000", "2010-03-31": "425.00000", "2009-12-31": "405.00000", "2009-09-30": "301.00000", "2009-06-30": "334.00000", "2009-03-31": "-2554.00000", "2008-12-31": "413.00000", "2008-09-30": "384.00000", "2008-06-30": "577.00000", "2008-03-31": "442.00000", "2007-12-31": "493.00000", "2007-09-30": "402.00000", "2007-06-30": "-2581.00000", "2007-03-31": "204.00000", "2006-12-31": "256.00000", "2006-09-30": "537.00000", "2006-06-30": "271.00000", "2006-03-31": "1408.00000", "2005-12-31": "1224.00000", "2005-09-30": "1042.00000", "2005-06-30": "1856.00000", "2005-03-31": "1525.00000"}, "Total Non-Operating Income/Expense": {"2020-12-31": "-1.00000", "2020-09-30": "-1.00000", "2020-06-30": "-11.00000", "2020-03-31": "-39.00000", "2019-12-31": "-9.00000", "2019-09-30": "7.00000", "2019-06-30": "-57.00000", "2019-03-31": "-65.00000", "2018-12-31": "-43.00000", "2018-09-30": "-49.00000", "2018-06-30": "-40.00000", "2018-03-31": "-80.00000", "2017-12-31": "-55.00000", "2017-09-30": "-110.00000", "2017-06-30": "-55.00000", "2017-03-31": "-63.00000", "2016-12-31": "-81.00000", "2016-09-30": "-40.00000", "2016-06-30": "-20.00000", "2016-03-31": "-31.00000", "2015-12-31": "-24.00000", "2015-09-30": "-139.00000", "2015-06-30": "-16.00000", "2015-03-31": "-22.00000", "2014-12-31": "-17.00000", "2014-09-30": "216.00000", "2014-06-30": "-20.00000", "2014-03-31": "-23.00000", "2013-12-31": "-22.00000", "2013-09-30": "-21.00000", "2013-06-30": "-21.00000", "2013-03-31": "-42.00000", "2012-12-31": "-29.00000", "2012-09-30": "-481.00000", "2012-06-30": "-53.00000", "2012-03-31": "-59.00000", "2011-12-31": "-51.00000", "2011-09-30": "-47.00000", "2011-06-30": "-55.00000", "2011-03-31": "-60.00000", "2010-12-31": "-53.00000", "2010-09-30": "-58.00000", "2010-06-30": "-149.00000", "2010-03-31": "-64.00000", "2009-12-31": "-57.00000", "2009-09-30": "-82.00000", "2009-06-30": "-65.00000", "2009-03-31": "-60.00000", "2008-12-31": "-57.00000", "2008-09-30": "-78.00000", "2008-06-30": "-332.00000", "2008-03-31": "-90.00000", "2007-12-31": "-7.00000", "2007-09-30": "-53.00000", "2007-06-30": "-308.00000", "2007-03-31": "-52.00000", "2006-12-31": "-51.00000", "2006-09-30": "-54.00000", "2006-06-30": "-56.00000", "2006-03-31": "-157.00000", "2005-12-31": "-152.00000", "2005-09-30": "-158.00000", "2005-06-30": "-353.00000", "2005-03-31": "-752.00000"}, "Pre-Tax Income": {"2020-12-31": "433.00000", "2020-09-30": "521.00000", "2020-06-30": "-123.00000", "2020-03-31": "249.00000", "2019-12-31": "256.00000", "2019-09-30": "27.00000", "2019-06-30": "464.00000", "2019-03-31": "321.00000", "2018-12-31": "244.00000", "2018-09-30": "515.00000", "2018-06-30": "607.00000", "2018-03-31": "254.00000", "2017-12-31": "170.00000", "2017-09-30": "-345.00000", "2017-06-30": "718.00000", "2017-03-31": "393.00000", "2016-12-31": "385.00000", "2016-09-30": "-102.00000", "2016-06-30": "480.00000", "2016-03-31": "297.00000", "2015-12-31": "386.00000", "2015-09-30": "313.00000", "2015-06-30": "237.00000", "2015-03-31": "199.00000", "2014-12-31": "182.00000", "2014-09-30": "1081.00000", "2014-06-30": "277.00000", "2014-03-31": "236.00000", "2013-12-31": "322.00000", "2013-09-30": "199.00000", "2013-06-30": "141.00000", "2013-03-31": "53.00000", "2012-12-31": "206.00000", "2012-09-30": "-328.00000", "2012-06-30": "65.00000", "2012-03-31": "169.00000", "2011-12-31": "135.00000", "2011-09-30": "174.00000", "2011-06-30": "420.00000", "2011-03-31": "377.00000", "2010-12-31": "653.00000", "2010-09-30": "335.00000", "2010-06-30": "226.00000", "2010-03-31": "361.00000", "2009-12-31": "348.00000", "2009-09-30": "219.00000", "2009-06-30": "269.00000", "2009-03-31": "-2614.00000", "2008-12-31": "356.00000", "2008-09-30": "306.00000", "2008-06-30": "245.00000", "2008-03-31": "352.00000", "2007-12-31": "486.00000", "2007-09-30": "349.00000", "2007-06-30": "-2889.00000", "2007-03-31": "152.00000", "2006-12-31": "205.00000", "2006-09-30": "483.00000", "2006-06-30": "215.00000", "2006-03-31": "1251.00000", "2005-12-31": "1072.00000", "2005-09-30": "884.00000", "2005-06-30": "1503.00000", "2005-03-31": "773.00000"}, "Income Taxes": {"2020-12-31": "61.00000", "2020-09-30": "31.00000", "2020-06-30": "-1.00000", "2020-03-31": "13.00000", "2019-12-31": "65.00000", "2019-09-30": "-627.00000", "2019-06-30": "239.00000", "2019-03-31": "47.00000", "2018-12-31": "108.00000", "2018-09-30": "-117.00000", "2018-06-30": "61.00000", "2018-03-31": "36.00000", "2017-12-31": "217.00000", "2017-09-30": "-248.00000", "2017-06-30": "89.00000", "2017-03-31": "508.00000", "2016-12-31": "-27.00000", "2016-09-30": "-5.00000", "2016-06-30": "78.00000", "2016-03-31": "41.00000", "2015-12-31": "83.00000", "2015-09-30": "-15.00000", "2015-06-30": "49.00000", "2015-03-31": "18.00000", "2014-12-31": "19.00000", "2014-09-30": "243.00000", "2014-06-30": "55.00000", "2014-03-31": "39.00000", "2013-12-31": "70.00000", "2013-09-30": "48.00000", "2013-06-30": "23.00000", "2013-03-31": "-2.00000", "2012-12-31": "39.00000", "2012-09-30": "294.00000", "2012-06-30": "-6.00000", "2012-03-31": "33.00000", "2011-12-31": "27.00000", "2011-09-30": "-13.00000", "2011-06-30": "58.00000", "2011-03-31": "57.00000", "2010-12-31": "163.00000", "2010-09-30": "60.00000", "2010-06-30": "-26.00000", "2010-03-31": "53.00000", "2009-12-31": "51.00000", "2009-09-30": "23.00000", "2009-06-30": "24.00000", "2009-03-31": "-60.00000", "2008-12-31": "84.00000", "2008-09-30": "77.00000", "2008-06-30": "45.00000", "2008-03-31": "79.00000", "2007-12-31": "125.00000", "2007-09-30": "138.00000", "2007-06-30": "163.00000", "2007-03-31": "-12.00000", "2006-12-31": "41.00000", "2006-09-30": "156.00000", "2006-06-30": "45.00000", "2006-03-31": "290.00000", "2005-12-31": "266.00000", "2005-09-30": "14.00000", "2005-06-30": "425.00000", "2005-03-31": "373.00000"}, "Income After Taxes": {"2020-12-31": "372.00000", "2020-09-30": "490.00000", "2020-06-30": "-122.00000", "2020-03-31": "236.00000", "2019-12-31": "191.00000", "2019-09-30": "654.00000", "2019-06-30": "225.00000", "2019-03-31": "274.00000", "2018-12-31": "136.00000", "2018-09-30": "632.00000", "2018-06-30": "546.00000", "2018-03-31": "218.00000", "2017-12-31": "-47.00000", "2017-09-30": "-97.00000", "2017-06-30": "629.00000", "2017-03-31": "-115.00000", "2016-12-31": "412.00000", "2016-09-30": "-97.00000", "2016-06-30": "402.00000", "2016-03-31": "256.00000", "2015-12-31": "303.00000", "2015-09-30": "328.00000", "2015-06-30": "188.00000", "2015-03-31": "181.00000", "2014-12-31": "163.00000", "2014-09-30": "838.00000", "2014-06-30": "222.00000", "2014-03-31": "197.00000", "2013-12-31": "252.00000", "2013-09-30": "151.00000", "2013-06-30": "118.00000", "2013-03-31": "55.00000", "2012-12-31": "167.00000", "2012-09-30": "-622.00000", "2012-06-30": "71.00000", "2012-03-31": "136.00000", "2011-12-31": "108.00000", "2011-09-30": "187.00000", "2011-06-30": "362.00000", "2011-03-31": "320.00000", "2010-12-31": "490.00000", "2010-09-30": "275.00000", "2010-06-30": "252.00000", "2010-03-31": "308.00000", "2009-12-31": "297.00000", "2009-09-30": "196.00000", "2009-06-30": "245.00000", "2009-03-31": "-2554.00000", "2008-12-31": "272.00000", "2008-09-30": "229.00000", "2008-06-30": "200.00000", "2008-03-31": "273.00000", "2007-12-31": "361.00000", "2007-09-30": "211.00000", "2007-06-30": "-3052.00000", "2007-03-31": "164.00000", "2006-12-31": "164.00000", "2006-09-30": "327.00000", "2006-06-30": "170.00000", "2006-03-31": "961.00000", "2005-12-31": "806.00000", "2005-09-30": "870.00000", "2005-06-30": "1078.00000", "2005-03-31": "400.00000"}, "Other Income": {"2020-12-31": "", "2020-09-30": "", "2020-06-30": "", "2020-03-31": "", "2019-12-31": "", "2019-09-30": "", "2019-06-30": "", "2019-03-31": "", "2018-12-31": "", "2018-09-30": "", "2018-06-30": "", "2018-03-31": "", "2017-12-31": "", "2017-09-30": "", "2017-06-30": "", "2017-03-31": "", "2016-12-31": "", "2016-09-30": "", "2016-06-30": "", "2016-03-31": "", "2015-12-31": "", "2015-09-30": "", "2015-06-30": "", "2015-03-31": "", "2014-12-31": "", "2014-09-30": "", "2014-06-30": "", "2014-03-31": "", "2013-12-31": "", "2013-09-30": "", "2013-06-30": "", "2013-03-31": "", "2012-12-31": "", "2012-09-30": "", "2012-06-30": "", "2012-03-31": "", "2011-12-31": "", "2011-09-30": "", "2011-06-30": "", "2011-03-31": "", "2010-12-31": "", "2010-09-30": "", "2010-06-30": "", "2010-03-31": "", "2009-12-31": "", "2009-09-30": "", "2009-06-30": "", "2009-03-31": "", "2008-12-31": "", "2008-09-30": "", "2008-06-30": "", "2008-03-31": "", "2007-12-31": "", "2007-09-30": "", "2007-06-30": "", "2007-03-31": "", "2006-12-31": "", "2006-09-30": "", "2006-06-30": "", "2006-03-31": "", "2005-12-31": "", "2005-09-30": "", "2005-06-30": "", "2005-03-31": ""}, "Income From Continuous Operations": {"2020-12-31": "372.00000", "2020-09-30": "490.00000", "2020-06-30": "-122.00000", "2020-03-31": "236.00000", "2019-12-31": "191.00000", "2019-09-30": "654.00000", "2019-06-30": "225.00000", "2019-03-31": "274.00000", "2018-12-31": "136.00000", "2018-09-30": "632.00000", "2018-06-30": "546.00000", "2018-03-31": "218.00000", "2017-12-31": "-47.00000", "2017-09-30": "-97.00000", "2017-06-30": "629.00000", "2017-03-31": "-115.00000", "2016-12-31": "412.00000", "2016-09-30": "-97.00000", "2016-06-30": "402.00000", "2016-03-31": "256.00000", "2015-12-31": "303.00000", "2015-09-30": "328.00000", "2015-06-30": "188.00000", "2015-03-31": "181.00000", "2014-12-31": "163.00000", "2014-09-30": "632.00000", "2014-06-30": "437.00000", "2014-03-31": "192.00000", "2013-12-31": "248.00000", "2013-09-30": "121.00000", "2013-06-30": "112.00000", "2013-03-31": "49.00000", "2012-12-31": "161.00000", "2012-09-30": "-629.00000", "2012-06-30": "64.00000", "2012-03-31": "134.00000", "2011-12-31": "98.00000", "2011-09-30": "175.00000", "2011-06-30": "362.00000", "2011-03-31": "320.00000", "2010-12-31": "490.00000", "2010-09-30": "275.00000", "2010-06-30": "252.00000", "2010-03-31": "308.00000", "2009-12-31": "297.00000", "2009-09-30": "196.00000", "2009-06-30": "245.00000", "2009-03-31": "-2554.00000", "2008-12-31": "272.00000", "2008-09-30": "232.00000", "2008-06-30": "199.00000", "2008-03-31": "272.00000", "2007-12-31": "360.00000", "2007-09-30": "210.00000", "2007-06-30": "-3054.00000", "2007-03-31": "164.00000", "2006-12-31": "163.00000", "2006-09-30": "326.00000", "2006-06-30": "170.00000", "2006-03-31": "960.00000", "2005-12-31": "803.00000", "2005-09-30": "867.00000", "2005-06-30": "1076.00000", "2005-03-31": "399.00000"}, "Income From Discontinued Operations": {"2020-12-31": "124.00000", "2020-09-30": "", "2020-06-30": "", "2020-03-31": "", "2019-12-31": "", "2019-09-30": "", "2019-06-30": "4051.00000", "2019-03-31": "284.00000", "2018-12-31": "263.00000", "2018-09-30": "193.00000", "2018-06-30": "258.00000", "2018-03-31": "265.00000", "2017-12-31": "318.00000", "2017-09-30": "1024.00000", "2017-06-30": "", "2017-03-31": "", "2016-12-31": "-34.00000", "2016-09-30": "-1035.00000", "2016-06-30": "57.00000", "2016-03-31": "-725.00000", "2015-12-31": "187.00000", "2015-09-30": "869.00000", "2015-06-30": "-32.00000", "2015-03-31": "-16.00000", "2014-12-31": "-2.00000", "2014-09-30": "-1220.00000", "2014-06-30": "1015.00000", "2014-03-31": "15.00000", "2013-12-31": "24.00000", "2013-09-30": "42.00000", "2013-06-30": "23.00000", "2013-03-31": "21.00000", "2012-12-31": "4.00000", "2012-09-30": "210.00000", "2012-06-30": "181.00000", "2012-03-31": "189.00000", "2011-12-31": "224.00000", "2011-09-30": "223.00000", "2011-06-30": "-4.00000", "2011-03-31": "-4.00000", "2010-12-31": "169.00000", "2010-09-30": "-7.00000", "2010-06-30": "4.00000", "2010-03-31": "4.00000", "2009-12-31": "6.00000", "2009-09-30": "11.00000", "2009-06-30": "43.00000", "2009-03-31": "-12.00000", "2008-12-31": "5.00000", "2008-09-30": "203.00000", "2008-06-30": "277.00000", "2008-03-31": "8.00000", "2007-12-31": "3.00000", "2007-09-30": "-29.00000", "2007-06-30": "-497.00000", "2007-03-31": "671.00000", "2006-12-31": "630.00000", "2006-09-30": "922.00000", "2006-06-30": "698.00000", "2006-03-31": "-65.00000", "2005-12-31": "-233.00000", "2005-09-30": "50.00000", "2005-06-30": "117.00000", "2005-03-31": "-207.00000"}, "Net Income": {"2020-12-31": "451.00000", "2020-09-30": "441.00000", "2020-06-30": "-182.00000", "2020-03-31": "213.00000", "2019-12-31": "159.00000", "2019-09-30": "612.00000", "2019-06-30": "4192.00000", "2019-03-31": "515.00000", "2018-12-31": "355.00000", "2018-09-30": "771.00000", "2018-06-30": "723.00000", "2018-03-31": "438.00000", "2017-12-31": "230.00000", "2017-09-30": "875.00000", "2017-06-30": "555.00000", "2017-03-31": "-148.00000", "2016-12-31": "329.00000", "2016-09-30": "-1171.00000", "2016-06-30": "383.00000", "2016-03-31": "-530.00000", "2015-12-31": "450.00000", "2015-09-30": "1078.00000", "2015-06-30": "156.00000", "2015-03-31": "167.00000", "2014-12-31": "162.00000", "2014-09-30": "-712.00000", "2014-06-30": "1450.00000", "2014-03-31": "207.00000", "2013-12-31": "270.00000", "2013-09-30": "166.00000", "2013-06-30": "135.00000", "2013-03-31": "72.00000", "2012-12-31": "163.00000", "2012-09-30": "-419.00000", "2012-06-30": "246.00000", "2012-03-31": "323.00000", "2011-12-31": "322.00000", "2011-09-30": "397.00000", "2011-06-30": "359.00000", "2011-03-31": "315.00000", "2010-12-31": "659.00000", "2010-09-30": "266.00000", "2010-06-30": "254.00000", "2010-03-31": "310.00000", "2009-12-31": "302.00000", "2009-09-30": "205.00000", "2009-06-30": "287.00000", "2009-03-31": "-2567.00000", "2008-12-31": "277.00000", "2008-09-30": "434.00000", "2008-06-30": "476.00000", "2008-03-31": "280.00000", "2007-12-31": "363.00000", "2007-09-30": "181.00000", "2007-06-30": "-3551.00000", "2007-03-31": "835.00000", "2006-12-31": "793.00000", "2006-09-30": "1248.00000", "2006-06-30": "868.00000", "2006-03-31": "895.00000", "2005-12-31": "556.00000", "2005-09-30": "917.00000", "2005-06-30": "1193.00000", "2005-03-31": "192.00000"}, "EBITDA": {"2020-12-31": "641.00000", "2020-09-30": "728.00000", "2020-06-30": "90.00000", "2020-03-31": "495.00000", "2019-12-31": "472.00000", "2019-09-30": "220.00000", "2019-06-30": "724.00000", "2019-03-31": "597.00000", "2018-12-31": "498.00000", "2018-09-30": "739.00000", "2018-06-30": "874.00000", "2018-03-31": "546.00000", "2017-12-31": "435.00000", "2017-09-30": "-235.00000", "2017-06-30": "1054.00000", "2017-03-31": "748.00000", "2016-12-31": "812.00000", "2016-09-30": "211.00000", "2016-06-30": "735.00000", "2016-03-31": "547.00000", "2015-12-31": "636.00000", "2015-09-30": "1055.00000", "2015-06-30": "339.00000", "2015-03-31": "302.00000", "2014-12-31": "289.00000", "2014-09-30": "1552.00000", "2014-06-30": "385.00000", "2014-03-31": "345.00000", "2013-12-31": "438.00000", "2013-09-30": "315.00000", "2013-06-30": "257.00000", "2013-03-31": "179.00000", "2012-12-31": "340.00000", "2012-09-30": "219.00000", "2012-06-30": "225.00000", "2012-03-31": "333.00000", "2011-12-31": "287.00000", "2011-09-30": "-334.00000", "2011-06-30": "806.00000", "2011-03-31": "759.00000", "2010-12-31": "1029.00000", "2010-09-30": "-9.00000", "2010-06-30": "679.00000", "2010-03-31": "705.00000", "2009-12-31": "690.00000", "2009-09-30": "617.00000", "2009-06-30": "610.00000", "2009-03-31": "435.00000", "2008-12-31": "688.00000", "2008-09-30": "747.00000", "2008-06-30": "865.00000", "2008-03-31": "732.00000", "2007-12-31": "769.00000", "2007-09-30": "703.00000", "2007-06-30": "-2260.00000", "2007-03-31": "500.00000", "2006-12-31": "552.00000", "2006-09-30": "826.00000", "2006-06-30": "144.00000", "2006-03-31": "1922.00000", "2005-12-31": "1734.00000", "2005-09-30": "697.00000", "2005-06-30": "2363.00000", "2005-03-31": "2050.00000"}, "EBIT": {"2020-12-31": "434.00000", "2020-09-30": "522.00000", "2020-06-30": "-112.00000", "2020-03-31": "288.00000", "2019-12-31": "265.00000", "2019-09-30": "20.00000", "2019-06-30": "521.00000", "2019-03-31": "386.00000", "2018-12-31": "287.00000", "2018-09-30": "564.00000", "2018-06-30": "647.00000", "2018-03-31": "334.00000", "2017-12-31": "225.00000", "2017-09-30": "-235.00000", "2017-06-30": "773.00000", "2017-03-31": "456.00000", "2016-12-31": "466.00000", "2016-09-30": "-62.00000", "2016-06-30": "500.00000", "2016-03-31": "328.00000", "2015-12-31": "410.00000", "2015-09-30": "452.00000", "2015-06-30": "253.00000", "2015-03-31": "221.00000", "2014-12-31": "199.00000", "2014-09-30": "865.00000", "2014-06-30": "297.00000", "2014-03-31": "259.00000", "2013-12-31": "344.00000", "2013-09-30": "220.00000", "2013-06-30": "162.00000", "2013-03-31": "95.00000", "2012-12-31": "235.00000", "2012-09-30": "153.00000", "2012-06-30": "118.00000", "2012-03-31": "228.00000", "2011-12-31": "186.00000", "2011-09-30": "221.00000", "2011-06-30": "475.00000", "2011-03-31": "437.00000", "2010-12-31": "706.00000", "2010-09-30": "393.00000", "2010-06-30": "375.00000", "2010-03-31": "425.00000", "2009-12-31": "405.00000", "2009-09-30": "301.00000", "2009-06-30": "334.00000", "2009-03-31": "-2554.00000", "2008-12-31": "413.00000", "2008-09-30": "384.00000", "2008-06-30": "577.00000", "2008-03-31": "442.00000", "2007-12-31": "493.00000", "2007-09-30": "402.00000", "2007-06-30": "-2581.00000", "2007-03-31": "204.00000", "2006-12-31": "256.00000", "2006-09-30": "537.00000", "2006-06-30": "271.00000", "2006-03-31": "1408.00000", "2005-12-31": "1224.00000", "2005-09-30": "1042.00000", "2005-06-30": "1856.00000", "2005-03-31": "1525.00000"}, "Basic Shares Outstanding": {"2020-12-31": "723.10000", "2020-09-30": "751.00000", "2020-06-30": "744.00000", "2020-03-31": "754.80000", "2019-12-31": "769.90000", "2019-09-30": "870.20000", "2019-06-30": "870.90000", "2019-03-31": "902.50000", "2018-12-31": "921.60000", "2018-09-30": "925.70000", "2018-06-30": "925.60000", "2018-03-31": "926.20000", "2017-12-31": "926.10000", "2017-09-30": "935.30000", "2017-06-30": "935.40000", "2017-03-31": "939.20000", "2016-12-31": "937.20000", "2016-09-30": "667.40000", "2016-06-30": "644.90000", "2016-03-31": "648.20000", "2015-12-31": "647.70000", "2015-09-30": "655.20000", "2015-06-30": "402.05500", "2015-03-31": "401.10000", "2014-12-31": "401.10000", "2014-09-30": "666.90000", "2014-06-30": "437.39000", "2014-03-31": "440.25500", "2013-12-31": "443.12000", "2013-09-30": "444.07500", "2013-06-30": "442.16500", "2013-03-31": "445.03000", "2012-12-31": "445.03000", "2012-09-30": "441.21000", "2012-06-30": "442.16500", "2012-03-31": "442.16500", "2011-12-31": "443.12000", "2011-09-30": "445.03000", "2011-06-30": "446.94000", "2011-03-31": "450.76000", "2010-12-31": "466.04000", "2010-09-30": "473.68000", "2010-06-30": "469.86000", "2010-03-31": "454.58000", "2009-12-31": "454.58000", "2009-09-30": "451.71500", "2009-06-30": "451.71500", "2009-03-31": "451.71500", "2008-12-31": "451.71500", "2008-09-30": "462.22000", "2008-06-30": "460.31000", "2008-03-31": "464.13000", "2007-12-31": "470.81500", "2007-09-30": "473.68000", "2007-06-30": "472.72500", "2007-03-31": "470.81500", "2006-12-31": "473.68000", "2006-09-30": "476.54500", "2006-06-30": "483.23000", "2006-03-31": "482.03630", "2005-12-31": "478.21620", "2005-09-30": "481.55870", "2005-06-30": "481.08120", "2005-03-31": "479.88750"}, "Shares Outstanding": {"2020-12-31": "726.50000", "2020-09-30": "753.60000", "2020-06-30": "744.00000", "2020-03-31": "757.10000", "2019-12-31": "774.00000", "2019-09-30": "874.30000", "2019-06-30": "875.20000", "2019-03-31": "905.90000", "2018-12-31": "925.20000", "2018-09-30": "931.70000", "2018-06-30": "930.70000", "2018-03-31": "932.50000", "2017-12-31": "926.10000", "2017-09-30": "944.60000", "2017-06-30": "944.40000", "2017-03-31": "939.20000", "2016-12-31": "947.40000", "2016-09-30": "672.60000", "2016-06-30": "649.70000", "2016-03-31": "652.10000", "2015-12-31": "652.80000", "2015-09-30": "661.50000", "2015-06-30": "407.78500", "2015-03-31": "407.78500", "2014-12-31": "407.78500", "2014-09-30": "674.80000", "2014-06-30": "445.03000", "2014-03-31": "447.89500", "2013-12-31": "449.80500", "2013-09-30": "450.76000", "2013-06-30": "449.80500", "2013-03-31": "452.67000", "2012-12-31": "451.71500", "2012-09-30": "441.21000", "2012-06-30": "448.85000", "2012-03-31": "447.89500", "2011-12-31": "447.89500", "2011-09-30": "449.80500", "2011-06-30": "453.62500", "2011-03-31": "455.53500", "2010-12-31": "469.86000", "2010-09-30": "477.50000", "2010-06-30": "473.68000", "2010-03-31": "456.49000", "2009-12-31": "457.44500", "2009-09-30": "451.71500", "2009-06-30": "453.62500", "2009-03-31": "451.71500", "2008-12-31": "453.62500", "2008-09-30": "466.04000", "2008-06-30": "464.13000", "2008-03-31": "466.99500", "2007-12-31": "474.63500", "2007-09-30": "477.50000", "2007-06-30": "472.72500", "2007-03-31": "483.23000", "2006-12-31": "486.09500", "2006-09-30": "488.00500", "2006-06-30": "494.69000", "2006-03-31": "503.04620", "2005-12-31": "503.52370", "2005-09-30": "507.82120", "2005-06-30": "513.07370", "2005-03-31": "520.95250"}, "Basic EPS": {"2020-12-31": "0.62000", "2020-09-30": "0.59000", "2020-06-30": "-0.24000", "2020-03-31": "0.28000", "2019-12-31": "0.21000", "2019-09-30": "0.75000", "2019-06-30": "4.81000", "2019-03-31": "0.57000", "2018-12-31": "0.39000", "2018-09-30": "0.84000", "2018-06-30": "0.78000", "2018-03-31": "0.47000", "2017-12-31": "0.25000", "2017-09-30": "0.94000", "2017-06-30": "0.59000", "2017-03-31": "-0.16000", "2016-12-31": "0.35000", "2016-09-30": "-1.76000", "2016-06-30": "0.59000", "2016-03-31": "-0.82000", "2015-12-31": "0.69000", "2015-09-30": "1.17530", "2015-06-30": "0.38740", "2015-03-31": "0.41880", "2014-12-31": "0.40840", "2014-09-30": "-2.57790", "2014-06-30": "3.31940", "2014-03-31": "0.47120", "2013-12-31": "0.60730", "2013-09-30": "0.36650", "2013-06-30": "0.30370", "2013-03-31": "0.16750", "2012-12-31": "0.36650", "2012-09-30": "-0.95290", "2012-06-30": "0.55500", "2012-03-31": "0.73300", "2011-12-31": "0.72250", "2011-09-30": "0.89010", "2011-06-30": "0.80630", "2011-03-31": "0.70160", "2010-12-31": "1.41360", "2010-09-30": "0.56540", "2010-06-30": "0.54450", "2010-03-31": "0.68060", "2009-12-31": "0.67020", "2009-09-30": "0.43980", "2009-06-30": "0.63870", "2009-03-31": "-5.67540", "2008-12-31": "0.61780", "2008-09-30": "0.94240", "2008-06-30": "1.03660", "2008-03-31": "0.60730", "2007-12-31": "0.77490", "2007-09-30": "0.37700", "2007-06-30": "-7.51830", "2007-03-31": "1.76960", "2006-12-31": "1.67540", "2006-09-30": "2.61780", "2006-06-30": "1.80100", "2006-03-31": "1.84290", "2005-12-31": "1.17280", "2005-09-30": "1.88480", "2005-06-30": "2.47120", "2005-03-31": "0.41880"}, "EPS - Earnings Per Share": {"2020-12-31": "0.62000", "2020-09-30": "0.59000", "2020-06-30": "-0.24000", "2020-03-31": "0.28000", "2019-12-31": "0.21000", "2019-09-30": "0.75000", "2019-06-30": "4.79000", "2019-03-31": "0.57000", "2018-12-31": "0.38000", "2018-09-30": "0.82000", "2018-06-30": "0.78000", "2018-03-31": "0.47000", "2017-12-31": "0.25000", "2017-09-30": "0.93000", "2017-06-30": "0.59000", "2017-03-31": "-0.16000", "2016-12-31": "0.35000", "2016-09-30": "-1.76000", "2016-06-30": "0.59000", "2016-03-31": "-0.81000", "2015-12-31": "0.69000", "2015-09-30": "1.16630", "2015-06-30": "0.38740", "2015-03-31": "0.40840", "2014-12-31": "0.39790", "2014-09-30": "-2.51410", "2014-06-30": "3.25650", "2014-03-31": "0.46070", "2013-12-31": "0.59690", "2013-09-30": "0.37700", "2013-06-30": "0.29320", "2013-03-31": "0.16750", "2012-12-31": "0.35600", "2012-09-30": "-0.95290", "2012-06-30": "0.54450", "2012-03-31": "0.72250", "2011-12-31": "0.72250", "2011-09-30": "0.87960", "2011-06-30": "0.79580", "2011-03-31": "0.69110", "2010-12-31": "1.40310", "2010-09-30": "0.55500", "2010-06-30": "0.53400", "2010-03-31": "0.68060", "2009-12-31": "0.65970", "2009-09-30": "0.46070", "2009-06-30": "0.62830", "2009-03-31": "-5.67540", "2008-12-31": "0.60730", "2008-09-30": "0.95290", "2008-06-30": "1.02620", "2008-03-31": "0.59690", "2007-12-31": "0.76440", "2007-09-30": "0.37700", "2007-06-30": "-7.51830", "2007-03-31": "1.73820", "2006-12-31": "1.64400", "2006-09-30": "2.56540", "2006-06-30": "1.75920", "2006-03-31": "1.80100", "2005-12-31": "1.13090", "2005-09-30": "1.84290", "2005-06-30": "2.34560", "2005-03-31": "0.41880"}}, "balance sheet": {"Cash On Hand": {"2020-09-30": "1951.00000", "2019-09-30": "2805.00000", "2018-09-30": "185.00000", "2017-09-30": "321.00000", "2016-09-30": "579.00000", "2015-09-30": "597.00000", "2014-09-30": "892.00000", "2013-09-30": "563.00000", "2012-09-30": "844.00000", "2011-09-30": "1229.00000", "2010-09-30": "1775.00000", "2009-09-30": "2354.00000", "2008-09-30": "1519.00000", "2007-09-30": "4886.00000", "2006-09-30": "2193.00000", "2005-09-30": "3212.00000"}, "Receivables": {"2020-09-30": "5294.00000", "2019-09-30": "5770.00000", "2018-09-30": "5622.00000", "2017-09-30": "6666.00000", "2016-09-30": "6394.00000", "2015-09-30": "5751.00000", "2014-09-30": "1734.00000", "2013-09-30": "1704.00000", "2012-09-30": "1696.00000", "2011-09-30": "1547.00000", "2010-09-30": "2493.00000", "2009-09-30": "2544.00000", "2008-09-30": "2986.00000", "2007-09-30": "2900.00000", "2006-09-30": "2748.00000", "2005-09-30": "6657.00000"}, "Inventory": {"2020-09-30": "1773.00000", "2019-09-30": "1814.00000", "2018-09-30": "1819.00000", "2017-09-30": "3209.00000", "2016-09-30": "2888.00000", "2015-09-30": "2377.00000", "2014-09-30": "625.00000", "2013-09-30": "645.00000", "2012-09-30": "634.00000", "2011-09-30": "539.00000", "2010-09-30": "1443.00000", "2009-09-30": "1370.00000", "2008-09-30": "1877.00000", "2007-09-30": "1783.00000", "2006-09-30": "1619.00000", "2005-09-30": "4144.00000"}, "Pre-Paid Expenses": {"2020-09-30": "", "2019-09-30": "", "2018-09-30": "", "2017-09-30": "", "2016-09-30": "", "2015-09-30": "", "2014-09-30": "1051.00000", "2013-09-30": "839.00000", "2012-09-30": "884.00000", "2011-09-30": "666.00000", "2010-09-30": "936.00000", "2009-09-30": "963.00000", "2008-09-30": "1238.00000", "2007-09-30": "1157.00000", "2006-09-30": "1158.00000", "2005-09-30": "1861.00000"}, "Other Current Assets": {"2020-09-30": "1035.00000", "2019-09-30": "2004.00000", "2018-09-30": "4197.00000", "2017-09-30": "2096.00000", "2016-09-30": "7248.00000", "2015-09-30": "1744.00000", "2014-09-30": "180.00000", "2013-09-30": "856.00000", "2012-09-30": "", "2011-09-30": "", "2010-09-30": "324.00000", "2009-09-30": "404.00000", "2008-09-30": "268.00000", "2007-09-30": "1385.00000", "2006-09-30": "34224.00000", "2005-09-30": "1568.00000"}, "Total Current Assets": {"2020-09-30": "10053.00000", "2019-09-30": "12393.00000", "2018-09-30": "11823.00000", "2017-09-30": "12292.00000", "2016-09-30": "17109.00000", "2015-09-30": "10469.00000", "2014-09-30": "4786.00000", "2013-09-30": "4857.00000", "2012-09-30": "4353.00000", "2011-09-30": "18242.00000", "2010-09-30": "7353.00000", "2009-09-30": "8040.00000", "2008-09-30": "8429.00000", "2007-09-30": "12569.00000", "2006-09-30": "42571.00000", "2005-09-30": "18662.00000"}, "Property, Plant, And Equipment": {"2020-09-30": "3059.00000", "2019-09-30": "3348.00000", "2018-09-30": "3300.00000", "2017-09-30": "6121.00000", "2016-09-30": "5632.00000", "2015-09-30": "5870.00000", "2014-09-30": "1262.00000", "2013-09-30": "1284.00000", "2012-09-30": "1670.00000", "2011-09-30": "1609.00000", "2010-09-30": "4156.00000", "2009-09-30": "3437.00000", "2008-09-30": "3493.00000", "2007-09-30": "3526.00000", "2006-09-30": "3501.00000", "2005-09-30": "9092.00000"}, "Long-Term Investments": {"2020-09-30": "914.00000", "2019-09-30": "853.00000", "2018-09-30": "848.00000", "2017-09-30": "1191.00000", "2016-09-30": "990.00000", "2015-09-30": "2143.00000", "2014-09-30": "", "2013-09-30": "", "2012-09-30": "", "2011-09-30": "", "2010-09-30": "", "2009-09-30": "", "2008-09-30": "", "2007-09-30": "", "2006-09-30": "", "2005-09-30": ""}, "Goodwill And Intangible Assets": {"2020-09-30": "23288.00000", "2019-09-30": "23810.00000", "2018-09-30": "24568.00000", "2017-09-30": "26429.00000", "2016-09-30": "28564.00000", "2015-09-30": "8340.00000", "2014-09-30": "4834.00000", "2013-09-30": "4953.00000", "2012-09-30": "5138.00000", "2011-09-30": "4983.00000", "2010-09-30": "13023.00000", "2009-09-30": "11434.00000", "2008-09-30": "14300.00000", "2007-09-30": "14152.00000", "2006-09-30": "14023.00000", "2005-09-30": "29642.00000"}, "Other Long-Term Assets": {"2020-09-30": "3501.00000", "2019-09-30": "1883.00000", "2018-09-30": "8258.00000", "2017-09-30": "5851.00000", "2016-09-30": "10884.00000", "2015-09-30": "2800.00000", "2014-09-30": "927.00000", "2013-09-30": "1082.00000", "2012-09-30": "1204.00000", "2011-09-30": "1868.00000", "2010-09-30": "2596.00000", "2009-09-30": "2642.00000", "2008-09-30": "2582.00000", "2007-09-30": "2568.00000", "2006-09-30": "2916.00000", "2005-09-30": "5290.00000"}, "Total Long-Term Assets": {"2020-09-30": "30762.00000", "2019-09-30": "29894.00000", "2018-09-30": "36974.00000", "2017-09-30": "39592.00000", "2016-09-30": "46070.00000", "2015-09-30": "19153.00000", "2014-09-30": "7023.00000", "2013-09-30": "7319.00000", "2012-09-30": "8012.00000", "2011-09-30": "8460.00000", "2010-09-30": "19775.00000", "2009-09-30": "17513.00000", "2008-09-30": "20375.00000", "2007-09-30": "20246.00000", "2006-09-30": "20440.00000", "2005-09-30": "44024.00000"}, "Total Assets": {"2020-09-30": "40815.00000", "2019-09-30": "42287.00000", "2018-09-30": "48797.00000", "2017-09-30": "51884.00000", "2016-09-30": "63179.00000", "2015-09-30": "29622.00000", "2014-09-30": "11809.00000", "2013-09-30": "12176.00000", "2012-09-30": "12365.00000", "2011-09-30": "26702.00000", "2010-09-30": "27128.00000", "2009-09-30": "25553.00000", "2008-09-30": "28804.00000", "2007-09-30": "32815.00000", "2006-09-30": "63011.00000", "2005-09-30": "62686.00000"}, "Total Current Liabilities": {"2020-09-30": "8248.00000", "2019-09-30": "9070.00000", "2018-09-30": "11250.00000", "2017-09-30": "11854.00000", "2016-09-30": "16331.00000", "2015-09-30": "10446.00000", "2014-09-30": "3477.00000", "2013-09-30": "3349.00000", "2012-09-30": "3097.00000", "2011-09-30": "5656.00000", "2010-09-30": "5268.00000", "2009-09-30": "4746.00000", "2008-09-30": "5685.00000", "2007-09-30": "9123.00000", "2006-09-30": "13813.00000", "2005-09-30": "11809.00000"}, "Long Term Debt": {"2020-09-30": "7526.00000", "2019-09-30": "6708.00000", "2018-09-30": "9623.00000", "2017-09-30": "11964.00000", "2016-09-30": "11053.00000", "2015-09-30": "5745.00000", "2014-09-30": "1443.00000", "2013-09-30": "1443.00000", "2012-09-30": "1481.00000", "2011-09-30": "4105.00000", "2010-09-30": "3652.00000", "2009-09-30": "4029.00000", "2008-09-30": "3709.00000", "2007-09-30": "4082.00000", "2006-09-30": "8853.00000", "2005-09-30": "10599.00000"}, "Other Non-Current Liabilities": {"2020-09-30": "5368.00000", "2019-09-30": "4636.00000", "2018-09-30": "4850.00000", "2017-09-30": "5541.00000", "2016-09-30": "8921.00000", "2015-09-30": "1954.00000", "2014-09-30": "1871.00000", "2013-09-30": "1881.00000", "2012-09-30": "2341.00000", "2011-09-30": "2251.00000", "2010-09-30": "3001.00000", "2009-09-30": "2691.00000", "2008-09-30": "2715.00000", "2007-09-30": "2725.00000", "2006-09-30": "3704.00000", "2005-09-30": "7702.00000"}, "Total Long Term Liabilities": {"2020-09-30": "14034.00000", "2019-09-30": "12388.00000", "2018-09-30": "15089.00000", "2017-09-30": "18663.00000", "2016-09-30": "21758.00000", "2015-09-30": "8678.00000", "2014-09-30": "3662.00000", "2013-09-30": "3706.00000", "2012-09-30": "4258.00000", "2011-09-30": "6892.00000", "2010-09-30": "7759.00000", "2009-09-30": "7853.00000", "2008-09-30": "7625.00000", "2007-09-30": "8068.00000", "2006-09-30": "13811.00000", "2005-09-30": "18362.00000"}, "Total Liabilities": {"2020-09-30": "22282.00000", "2019-09-30": "21458.00000", "2018-09-30": "26339.00000", "2017-09-30": "30517.00000", "2016-09-30": "38089.00000", "2015-09-30": "19124.00000", "2014-09-30": "7139.00000", "2013-09-30": "7055.00000", "2012-09-30": "7355.00000", "2011-09-30": "12548.00000", "2010-09-30": "13027.00000", "2009-09-30": "12599.00000", "2008-09-30": "13310.00000", "2007-09-30": "17191.00000", "2006-09-30": "27624.00000", "2005-09-30": "30171.00000"}, "Common Stock Net": {"2020-09-30": "8.00000", "2019-09-30": "8.00000", "2018-09-30": "10.00000", "2017-09-30": "9.00000", "2016-09-30": "9.00000", "2015-09-30": "7.00000", "2014-09-30": "208.00000", "2013-09-30": "208.00000", "2012-09-30": "2792.00000", "2011-09-30": "2792.00000", "2010-09-30": "2948.00000", "2009-09-30": "3122.00000", "2008-09-30": "382.00000", "2007-09-30": "397.00000", "2006-09-30": "398.00000", "2005-09-30": "403.00000"}, "Retained Earnings (Accumulated Deficit)": {"2020-09-30": "2469.00000", "2019-09-30": "4827.00000", "2018-09-30": "6604.00000", "2017-09-30": "5231.00000", "2016-09-30": "9177.00000", "2015-09-30": "10797.00000", "2014-09-30": "4873.00000", "2013-09-30": "3035.00000", "2012-09-30": "2499.00000", "2011-09-30": "2027.00000", "2010-09-30": "312.00000", "2009-09-30": "-820.00000", "2008-09-30": "1125.00000", "2007-09-30": "34.00000", "2006-09-30": "10692.00000", "2005-09-30": "7800.00000"}, "Comprehensive Income": {"2020-09-30": "-776.00000", "2019-09-30": "-795.00000", "2018-09-30": "-946.00000", "2017-09-30": "-473.00000", "2016-09-30": "-1153.00000", "2015-09-30": "-1057.00000", "2014-09-30": "-1225.00000", "2013-09-30": "-987.00000", "2012-09-30": "-966.00000", "2011-09-30": "-436.00000", "2010-09-30": "-321.00000", "2009-09-30": "-87.00000", "2008-09-30": "232.00000", "2007-09-30": "565.00000", "2006-09-30": "1017.00000", "2005-09-30": "265.00000"}, "Other Share Holders Equity": {"2020-09-30": "", "2019-09-30": "", "2018-09-30": "", "2017-09-30": "", "2016-09-30": "", "2015-09-30": "0.00000", "2014-09-30": "", "2013-09-30": "", "2012-09-30": "", "2011-09-30": "", "2010-09-30": "", "2009-09-30": "", "2008-09-30": "", "2007-09-30": "", "2006-09-30": "", "2005-09-30": ""}, "Share Holder Equity": {"2020-09-30": "18533.00000", "2019-09-30": "20829.00000", "2018-09-30": "22458.00000", "2017-09-30": "21367.00000", "2016-09-30": "25090.00000", "2015-09-30": "10498.00000", "2014-09-30": "4670.00000", "2013-09-30": "5121.00000", "2012-09-30": "5010.00000", "2011-09-30": "14154.00000", "2010-09-30": "14101.00000", "2009-09-30": "12954.00000", "2008-09-30": "15494.00000", "2007-09-30": "15624.00000", "2006-09-30": "35387.00000", "2005-09-30": "32515.00000"}, "Total Liabilities And Share Holders Equity": {"2020-09-30": "40815.00000", "2019-09-30": "42287.00000", "2018-09-30": "48797.00000", "2017-09-30": "51884.00000", "2016-09-30": "63179.00000", "2015-09-30": "29622.00000", "2014-09-30": "11809.00000", "2013-09-30": "12176.00000", "2012-09-30": "12365.00000", "2011-09-30": "26702.00000", "2010-09-30": "27128.00000", "2009-09-30": "25553.00000", "2008-09-30": "28804.00000", "2007-09-30": "32815.00000", "2006-09-30": "63011.00000", "2005-09-30": "62686.00000"}}, "balance sheet, quarterly": {"Cash On Hand": {"2020-12-31": "1839.00000", "2020-09-30": "1951.00000", "2020-06-30": "2342.00000", "2020-03-31": "1006.00000", "2019-12-31": "2160.00000", "2019-09-30": "2805.00000", "2019-06-30": "3685.00000", "2019-03-31": "239.00000", "2018-12-31": "292.00000", "2018-09-30": "185.00000", "2018-06-30": "283.00000", "2018-03-31": "268.00000", "2017-12-31": "552.00000", "2017-09-30": "321.00000", "2017-06-30": "458.00000", "2017-03-31": "412.00000", "2016-12-31": "377.00000", "2016-09-30": "579.00000", "2016-06-30": "345.00000", "2016-03-31": "345.00000", "2015-12-31": "301.00000", "2015-09-30": "597.00000", "2015-06-30": "531.00000", "2015-03-31": "432.00000", "2014-12-31": "473.00000", "2014-09-30": "892.00000", "2014-06-30": "1912.00000", "2014-03-31": "495.00000", "2013-12-31": "479.00000", "2013-09-30": "563.00000", "2013-06-30": "455.00000", "2013-03-31": "430.00000", "2012-12-31": "501.00000", "2012-09-30": "844.00000", "2012-06-30": "1118.00000", "2012-03-31": "1086.00000", "2011-12-31": "1013.00000", "2011-09-30": "1229.00000", "2011-06-30": "1629.00000", "2011-03-31": "1840.00000", "2010-12-31": "2062.00000", "2010-09-30": "1775.00000", "2010-06-30": "1823.00000", "2010-03-31": "2733.00000", "2009-12-31": "2473.00000", "2009-09-30": "2354.00000", "2009-06-30": "1779.00000", "2009-03-31": "1419.00000", "2008-12-31": "1193.00000", "2008-09-30": "1519.00000", "2008-06-30": "1342.00000", "2008-03-31": "1074.00000", "2007-12-31": "4080.00000", "2007-09-30": "4886.00000", "2007-06-30": "4282.00000", "2007-03-31": "4056.00000", "2006-12-31": "2598.00000", "2006-09-30": "2193.00000", "2006-06-30": "2120.00000", "2006-03-31": "2389.00000", "2005-12-31": "3071.00000", "2005-09-30": "3212.00000", "2005-06-30": "2666.00000", "2005-03-31": "2940.00000"}, "Receivables": {"2020-12-31": "5177.00000", "2020-09-30": "5294.00000", "2020-06-30": "5344.00000", "2020-03-31": "5492.00000", "2019-12-31": "5612.00000", "2019-09-30": "5770.00000", "2019-06-30": "6033.00000", "2019-03-31": "5707.00000", "2018-12-31": "5442.00000", "2018-09-30": "5622.00000", "2018-06-30": "6895.00000", "2018-03-31": "6679.00000", "2017-12-31": "6731.00000", "2017-09-30": "6666.00000", "2017-06-30": "6443.00000", "2017-03-31": "6094.00000", "2016-12-31": "6057.00000", "2016-09-30": "6394.00000", "2016-06-30": "1805.00000", "2016-03-31": "1722.00000", "2015-12-31": "1719.00000", "2015-09-30": "5751.00000", "2015-06-30": "1775.00000", "2015-03-31": "1643.00000", "2014-12-31": "1718.00000", "2014-09-30": "1734.00000", "2014-06-30": "1739.00000", "2014-03-31": "1674.00000", "2013-12-31": "1725.00000", "2013-09-30": "1704.00000", "2013-06-30": "1678.00000", "2013-03-31": "1649.00000", "2012-12-31": "1709.00000", "2012-09-30": "1696.00000", "2012-06-30": "2475.00000", "2012-03-31": "2441.00000", "2011-12-31": "2293.00000", "2011-09-30": "1547.00000", "2011-06-30": "2470.00000", "2011-03-31": "2312.00000", "2010-12-31": "2220.00000", "2010-09-30": "2493.00000", "2010-06-30": "2416.00000", "2010-03-31": "2460.00000", "2009-12-31": "2499.00000", "2009-09-30": "2544.00000", "2009-06-30": "2638.00000", "2009-03-31": "2608.00000", "2008-12-31": "2747.00000", "2008-09-30": "2986.00000", "2008-06-30": "3207.00000", "2008-03-31": "3137.00000", "2007-12-31": "3040.00000", "2007-09-30": "2900.00000", "2007-06-30": "3320.00000", "2007-03-31": "7341.00000", "2006-12-31": "7115.00000", "2006-09-30": "2748.00000", "2006-06-30": "7043.00000", "2006-03-31": "6822.00000", "2005-12-31": "6601.00000", "2005-09-30": "6657.00000", "2005-06-30": "7155.00000", "2005-03-31": "7176.00000"}, "Inventory": {"2020-12-31": "1913.00000", "2020-09-30": "1773.00000", "2020-06-30": "1996.00000", "2020-03-31": "2030.00000", "2019-12-31": "1953.00000", "2019-09-30": "1814.00000", "2019-06-30": "2050.00000", "2019-03-31": "2124.00000", "2018-12-31": "2027.00000", "2018-09-30": "1819.00000", "2018-06-30": "3509.00000", "2018-03-31": "3565.00000", "2017-12-31": "3459.00000", "2017-09-30": "3209.00000", "2017-06-30": "3384.00000", "2017-03-31": "3138.00000", "2016-12-31": "2943.00000", "2016-09-30": "2888.00000", "2016-06-30": "656.00000", "2016-03-31": "670.00000", "2015-12-31": "647.00000", "2015-09-30": "2377.00000", "2015-06-30": "690.00000", "2015-03-31": "677.00000", "2014-12-31": "658.00000", "2014-09-30": "625.00000", "2014-06-30": "650.00000", "2014-03-31": "661.00000", "2013-12-31": "685.00000", "2013-09-30": "645.00000", "2013-06-30": "685.00000", "2013-03-31": "654.00000", "2012-12-31": "664.00000", "2012-09-30": "634.00000", "2012-06-30": "1552.00000", "2012-03-31": "1543.00000", "2011-12-31": "1465.00000", "2011-09-30": "539.00000", "2011-06-30": "1406.00000", "2011-03-31": "1353.00000", "2010-12-31": "1253.00000", "2010-09-30": "1443.00000", "2010-06-30": "1417.00000", "2010-03-31": "1464.00000", "2009-12-31": "1484.00000", "2009-09-30": "1370.00000", "2009-06-30": "1590.00000", "2009-03-31": "1712.00000", "2008-12-31": "1884.00000", "2008-09-30": "1877.00000", "2008-06-30": "1996.00000", "2008-03-31": "2025.00000", "2007-12-31": "1953.00000", "2007-09-30": "1783.00000", "2007-06-30": "1927.00000", "2007-03-31": "5337.00000", "2006-12-31": "5268.00000", "2006-09-30": "1619.00000", "2006-06-30": "4825.00000", "2006-03-31": "4640.00000", "2005-12-31": "4401.00000", "2005-09-30": "4144.00000", "2005-06-30": "4565.00000", "2005-03-31": "4747.00000"}, "Pre-Paid Expenses": {"2020-12-31": "", "2020-09-30": "", "2020-06-30": "", "2020-03-31": "", "2019-12-31": "", "2019-09-30": "", "2019-06-30": "", "2019-03-31": "", "2018-12-31": "", "2018-09-30": "", "2018-06-30": "", "2018-03-31": "", "2017-12-31": "", "2017-09-30": "", "2017-06-30": "", "2017-03-31": "", "2016-12-31": "", "2016-09-30": "", "2016-06-30": "883.00000", "2016-03-31": "864.00000", "2015-12-31": "853.00000", "2015-09-30": "", "2015-06-30": "820.00000", "2015-03-31": "867.00000", "2014-12-31": "890.00000", "2014-09-30": "1051.00000", "2014-06-30": "1141.00000", "2014-03-31": "854.00000", "2013-12-31": "864.00000", "2013-09-30": "839.00000", "2013-06-30": "854.00000", "2013-03-31": "930.00000", "2012-12-31": "912.00000", "2012-09-30": "884.00000", "2012-06-30": "1099.00000", "2012-03-31": "992.00000", "2011-12-31": "964.00000", "2011-09-30": "666.00000", "2011-06-30": "946.00000", "2011-03-31": "892.00000", "2010-12-31": "921.00000", "2010-09-30": "936.00000", "2010-06-30": "949.00000", "2010-03-31": "932.00000", "2009-12-31": "957.00000", "2009-09-30": "963.00000", "2009-06-30": "1756.00000", "2009-03-31": "1911.00000", "2008-12-31": "1651.00000", "2008-09-30": "1238.00000", "2008-06-30": "1692.00000", "2008-03-31": "1761.00000", "2007-12-31": "1711.00000", "2007-09-30": "1157.00000", "2007-06-30": "", "2007-03-31": "", "2006-12-31": "", "2006-09-30": "1158.00000", "2006-06-30": "", "2006-03-31": "", "2005-12-31": "3164.00000", "2005-09-30": "1861.00000", "2005-06-30": "2589.00000", "2005-03-31": "2606.00000"}, "Other Current Assets": {"2020-12-31": "1105.00000", "2020-09-30": "1035.00000", "2020-06-30": "1458.00000", "2020-03-31": "1427.00000", "2019-12-31": "1595.00000", "2019-09-30": "2004.00000", "2019-06-30": "1274.00000", "2019-03-31": "4766.00000", "2018-12-31": "4194.00000", "2018-09-30": "4197.00000", "2018-06-30": "1778.00000", "2018-03-31": "1759.00000", "2017-12-31": "1687.00000", "2017-09-30": "2096.00000", "2017-06-30": "3677.00000", "2017-03-31": "3585.00000", "2016-12-31": "1589.00000", "2016-09-30": "7248.00000", "2016-06-30": "71.00000", "2016-03-31": "", "2015-12-31": "83.00000", "2015-09-30": "1744.00000", "2015-06-30": "13.00000", "2015-03-31": "155.00000", "2014-12-31": "20.00000", "2014-09-30": "180.00000", "2014-06-30": "27.00000", "2014-03-31": "839.00000", "2013-12-31": "", "2013-09-30": "856.00000", "2013-06-30": "", "2013-03-31": "", "2012-12-31": "", "2012-09-30": "", "2012-06-30": "", "2012-03-31": "", "2011-12-31": "", "2011-09-30": "", "2011-06-30": "", "2011-03-31": "", "2010-12-31": "", "2010-09-30": "324.00000", "2010-06-30": "310.00000", "2010-03-31": "", "2009-12-31": "153.00000", "2009-09-30": "404.00000", "2009-06-30": "27.00000", "2009-03-31": "36.00000", "2008-12-31": "355.00000", "2008-09-30": "268.00000", "2008-06-30": "1112.00000", "2008-03-31": "983.00000", "2007-12-31": "1007.00000", "2007-09-30": "1385.00000", "2007-06-30": "1836.00000", "2007-03-31": "3297.00000", "2006-12-31": "3865.00000", "2006-09-30": "34224.00000", "2006-06-30": "3628.00000", "2006-03-31": "3346.00000", "2005-12-31": "1129.00000", "2005-09-30": "1568.00000", "2005-06-30": "28.00000", "2005-03-31": "182.00000"}, "Total Current Assets": {"2020-12-31": "10034.00000", "2020-09-30": "10053.00000", "2020-06-30": "11140.00000", "2020-03-31": "9955.00000", "2019-12-31": "11320.00000", "2019-09-30": "12393.00000", "2019-06-30": "13042.00000", "2019-03-31": "12836.00000", "2018-12-31": "11955.00000", "2018-09-30": "11823.00000", "2018-06-30": "12465.00000", "2018-03-31": "12271.00000", "2017-12-31": "12429.00000", "2017-09-30": "12292.00000", "2017-06-30": "13962.00000", "2017-03-31": "13229.00000", "2016-12-31": "10966.00000", "2016-09-30": "17109.00000", "2016-06-30": "3822.00000", "2016-03-31": "3663.00000", "2015-12-31": "3665.00000", "2015-09-30": "10469.00000", "2015-06-30": "4133.00000", "2015-03-31": "4078.00000", "2014-12-31": "4066.00000", "2014-09-30": "4786.00000", "2014-06-30": "5719.00000", "2014-03-31": "4773.00000", "2013-12-31": "4007.00000", "2013-09-30": "4857.00000", "2013-06-30": "3967.00000", "2013-03-31": "3958.00000", "2012-12-31": "4081.00000", "2012-09-30": "4353.00000", "2012-06-30": "6646.00000", "2012-03-31": "6463.00000", "2011-12-31": "6137.00000", "2011-09-30": "18242.00000", "2011-06-30": "6818.00000", "2011-03-31": "6761.00000", "2010-12-31": "6820.00000", "2010-09-30": "7353.00000", "2010-06-30": "7329.00000", "2010-03-31": "7997.00000", "2009-12-31": "7973.00000", "2009-09-30": "8040.00000", "2009-06-30": "7790.00000", "2009-03-31": "7686.00000", "2008-12-31": "7830.00000", "2008-09-30": "8429.00000", "2008-06-30": "9349.00000", "2008-03-31": "8980.00000", "2007-12-31": "11791.00000", "2007-09-30": "12569.00000", "2007-06-30": "11365.00000", "2007-03-31": "20031.00000", "2006-12-31": "18846.00000", "2006-09-30": "42571.00000", "2006-06-30": "17616.00000", "2006-03-31": "17197.00000", "2005-12-31": "18366.00000", "2005-09-30": "18662.00000", "2005-06-30": "17003.00000", "2005-03-31": "17651.00000"}, "Property, Plant, And Equipment": {"2020-12-31": "3082.00000", "2020-09-30": "3059.00000", "2020-06-30": "3041.00000", "2020-03-31": "3274.00000", "2019-12-31": "3341.00000", "2019-09-30": "3348.00000", "2019-06-30": "3282.00000", "2019-03-31": "3332.00000", "2018-12-31": "3314.00000", "2018-09-30": "3300.00000", "2018-06-30": "6093.00000", "2018-03-31": "6235.00000", "2017-12-31": "6105.00000", "2017-09-30": "6121.00000", "2017-06-30": "5870.00000", "2017-03-31": "5601.00000", "2016-12-31": "5556.00000", "2016-09-30": "5632.00000", "2016-06-30": "1180.00000", "2016-03-31": "1189.00000", "2015-12-31": "1167.00000", "2015-09-30": "5870.00000", "2015-06-30": "1215.00000", "2015-03-31": "1216.00000", "2014-12-31": "1242.00000", "2014-09-30": "1262.00000", "2014-06-30": "1283.00000", "2014-03-31": "1269.00000", "2013-12-31": "1678.00000", "2013-09-30": "1284.00000", "2013-06-30": "1640.00000", "2013-03-31": "1668.00000", "2012-12-31": "1682.00000", "2012-09-30": "1670.00000", "2012-06-30": "4173.00000", "2012-03-31": "4150.00000", "2011-12-31": "4063.00000", "2011-09-30": "1609.00000", "2011-06-30": "4007.00000", "2011-03-31": "3959.00000", "2010-12-31": "3916.00000", "2010-09-30": "4156.00000", "2010-06-30": "4090.00000", "2010-03-31": "3501.00000", "2009-12-31": "3506.00000", "2009-09-30": "3437.00000", "2009-06-30": "3429.00000", "2009-03-31": "3346.00000", "2008-12-31": "3348.00000", "2008-09-30": "3493.00000", "2008-06-30": "3617.00000", "2008-03-31": "3613.00000", "2007-12-31": "3573.00000", "2007-09-30": "3526.00000", "2007-06-30": "3531.00000", "2007-03-31": "9545.00000", "2006-12-31": "9515.00000", "2006-09-30": "3501.00000", "2006-06-30": "9183.00000", "2006-03-31": "9162.00000", "2005-12-31": "9125.00000", "2005-09-30": "9092.00000", "2005-06-30": "9475.00000", "2005-03-31": "9649.00000"}, "Long-Term Investments": {"2020-12-31": "1003.00000", "2020-09-30": "914.00000", "2020-06-30": "834.00000", "2020-03-31": "869.00000", "2019-12-31": "865.00000", "2019-09-30": "853.00000", "2019-06-30": "848.00000", "2019-03-31": "937.00000", "2018-12-31": "887.00000", "2018-09-30": "848.00000", "2018-06-30": "1290.00000", "2018-03-31": "1294.00000", "2017-12-31": "1219.00000", "2017-09-30": "1191.00000", "2017-06-30": "1159.00000", "2017-03-31": "1099.00000", "2016-12-31": "1030.00000", "2016-09-30": "990.00000", "2016-06-30": "", "2016-03-31": "", "2015-12-31": "", "2015-09-30": "2143.00000", "2015-06-30": "", "2015-03-31": "", "2014-12-31": "", "2014-09-30": "", "2014-06-30": "", "2014-03-31": "", "2013-12-31": "", "2013-09-30": "", "2013-06-30": "", "2013-03-31": "", "2012-12-31": "", "2012-09-30": "", "2012-06-30": "", "2012-03-31": "", "2011-12-31": "", "2011-09-30": "", "2011-06-30": "", "2011-03-31": "", "2010-12-31": "", "2010-09-30": "", "2010-06-30": "", "2010-03-31": "", "2009-12-31": "", "2009-09-30": "", "2009-06-30": "", "2009-03-31": "", "2008-12-31": "", "2008-09-30": "", "2008-06-30": "", "2008-03-31": "", "2007-12-31": "", "2007-09-30": "", "2007-06-30": "", "2007-03-31": "", "2006-12-31": "", "2006-09-30": "", "2006-06-30": "", "2006-03-31": "", "2005-12-31": "", "2005-09-30": "", "2005-06-30": "", "2005-03-31": ""}, "Goodwill And Intangible Assets": {"2020-12-31": "23591.00000", "2020-09-30": "23288.00000", "2020-06-30": "23123.00000", "2020-03-31": "23463.00000", "2019-12-31": "23961.00000", "2019-09-30": "23810.00000", "2019-06-30": "24051.00000", "2019-03-31": "24326.00000", "2018-12-31": "24371.00000", "2018-09-30": "24568.00000", "2018-06-30": "25936.00000", "2018-03-31": "26431.00000", "2017-12-31": "26374.00000", "2017-09-30": "26429.00000", "2017-06-30": "26346.00000", "2017-03-31": "26331.00000", "2016-12-31": "28062.00000", "2016-09-30": "28564.00000", "2016-06-30": "5384.00000", "2016-03-31": "5485.00000", "2015-12-31": "5292.00000", "2015-09-30": "8340.00000", "2015-06-30": "5181.00000", "2015-03-31": "5173.00000", "2014-12-31": "4944.00000", "2014-09-30": "4834.00000", "2014-06-30": "4977.00000", "2014-03-31": "4949.00000", "2013-12-31": "5334.00000", "2013-09-30": "4953.00000", "2013-06-30": "5038.00000", "2013-03-31": "5080.00000", "2012-12-31": "5171.00000", "2012-09-30": "5138.00000", "2012-06-30": "13779.00000", "2012-03-31": "13875.00000", "2011-12-31": "13664.00000", "2011-09-30": "4983.00000", "2011-06-30": "13453.00000", "2011-03-31": "13158.00000", "2010-12-31": "13024.00000", "2010-09-30": "13023.00000", "2010-06-30": "12805.00000", "2010-03-31": "11363.00000", "2009-12-31": "11497.00000", "2009-09-30": "11434.00000", "2009-06-30": "11187.00000", "2009-03-31": "10941.00000", "2008-12-31": "13627.00000", "2008-09-30": "14300.00000", "2008-06-30": "14374.00000", "2008-03-31": "14558.00000", "2007-12-31": "14431.00000", "2007-09-30": "14152.00000", "2007-06-30": "14170.00000", "2007-03-31": "30140.00000", "2006-12-31": "30141.00000", "2006-09-30": "14023.00000", "2006-06-30": "29684.00000", "2006-03-31": "29556.00000", "2005-12-31": "29553.00000", "2005-09-30": "29642.00000", "2005-06-30": "30326.00000", "2005-03-31": "30688.00000"}, "Other Long-Term Assets": {"2020-12-31": "3714.00000", "2020-09-30": "3501.00000", "2020-06-30": "3140.00000", "2020-03-31": "2841.00000", "2019-12-31": "3026.00000", "2019-09-30": "1883.00000", "2019-06-30": "1846.00000", "2019-03-31": "7058.00000", "2018-12-31": "7489.00000", "2018-09-30": "8258.00000", "2018-06-30": "3622.00000", "2018-03-31": "3721.00000", "2017-12-31": "3640.00000", "2017-09-30": "5851.00000", "2017-06-30": "3349.00000", "2017-03-31": "3347.00000", "2016-12-31": "3174.00000", "2016-09-30": "10884.00000", "2016-06-30": "1228.00000", "2016-03-31": "1274.00000", "2015-12-31": "1307.00000", "2015-09-30": "2800.00000", "2015-06-30": "1191.00000", "2015-03-31": "1228.00000", "2014-12-31": "946.00000", "2014-09-30": "927.00000", "2014-06-30": "797.00000", "2014-03-31": "944.00000", "2013-12-31": "994.00000", "2013-09-30": "1082.00000", "2013-06-30": "1225.00000", "2013-03-31": "1252.00000", "2012-12-31": "1191.00000", "2012-09-30": "1204.00000", "2012-06-30": "2470.00000", "2012-03-31": "2574.00000", "2011-12-31": "2634.00000", "2011-09-30": "1868.00000", "2011-06-30": "2699.00000", "2011-03-31": "2676.00000", "2010-12-31": "2622.00000", "2010-09-30": "2596.00000", "2010-06-30": "2684.00000", "2010-03-31": "2611.00000", "2009-12-31": "2625.00000", "2009-09-30": "2642.00000", "2009-06-30": "2857.00000", "2009-03-31": "2804.00000", "2008-12-31": "2579.00000", "2008-09-30": "2582.00000", "2008-06-30": "2729.00000", "2008-03-31": "2723.00000", "2007-12-31": "2675.00000", "2007-09-30": "2568.00000", "2007-06-30": "3095.00000", "2007-03-31": "4755.00000", "2006-12-31": "5174.00000", "2006-09-30": "2916.00000", "2006-06-30": "5209.00000", "2006-03-31": "5141.00000", "2005-12-31": "5217.00000", "2005-09-30": "5290.00000", "2005-06-30": "4773.00000", "2005-03-31": "4784.00000"}, "Total Long-Term Assets": {"2020-12-31": "31390.00000", "2020-09-30": "30762.00000", "2020-06-30": "30138.00000", "2020-03-31": "30447.00000", "2019-12-31": "31193.00000", "2019-09-30": "29894.00000", "2019-06-30": "30027.00000", "2019-03-31": "35653.00000", "2018-12-31": "36061.00000", "2018-09-30": "36974.00000", "2018-06-30": "36941.00000", "2018-03-31": "37681.00000", "2017-12-31": "37338.00000", "2017-09-30": "39592.00000", "2017-06-30": "36724.00000", "2017-03-31": "36378.00000", "2016-12-31": "37822.00000", "2016-09-30": "46070.00000", "2016-06-30": "7792.00000", "2016-03-31": "7948.00000", "2015-12-31": "7766.00000", "2015-09-30": "19153.00000", "2015-06-30": "7587.00000", "2015-03-31": "7617.00000", "2014-12-31": "7132.00000", "2014-09-30": "7023.00000", "2014-06-30": "7057.00000", "2014-03-31": "7162.00000", "2013-12-31": "8006.00000", "2013-09-30": "7319.00000", "2013-06-30": "7903.00000", "2013-03-31": "8000.00000", "2012-12-31": "8044.00000", "2012-09-30": "8012.00000", "2012-06-30": "20422.00000", "2012-03-31": "20599.00000", "2011-12-31": "20361.00000", "2011-09-30": "8460.00000", "2011-06-30": "20159.00000", "2011-03-31": "19793.00000", "2010-12-31": "19562.00000", "2010-09-30": "19775.00000", "2010-06-30": "19579.00000", "2010-03-31": "17475.00000", "2009-12-31": "17628.00000", "2009-09-30": "17513.00000", "2009-06-30": "17473.00000", "2009-03-31": "17091.00000", "2008-12-31": "19554.00000", "2008-09-30": "20375.00000", "2008-06-30": "20720.00000", "2008-03-31": "20894.00000", "2007-12-31": "20679.00000", "2007-09-30": "20246.00000", "2007-06-30": "20796.00000", "2007-03-31": "44440.00000", "2006-12-31": "44830.00000", "2006-09-30": "20440.00000", "2006-06-30": "44076.00000", "2006-03-31": "43859.00000", "2005-12-31": "43895.00000", "2005-09-30": "44024.00000", "2005-06-30": "44574.00000", "2005-03-31": "45121.00000"}, "Total Assets": {"2020-12-31": "41424.00000", "2020-09-30": "40815.00000", "2020-06-30": "41278.00000", "2020-03-31": "40402.00000", "2019-12-31": "42513.00000", "2019-09-30": "42287.00000", "2019-06-30": "43069.00000", "2019-03-31": "48489.00000", "2018-12-31": "48016.00000", "2018-09-30": "48797.00000", "2018-06-30": "49406.00000", "2018-03-31": "49952.00000", "2017-12-31": "49767.00000", "2017-09-30": "51884.00000", "2017-06-30": "50686.00000", "2017-03-31": "49607.00000", "2016-12-31": "48788.00000", "2016-09-30": "63179.00000", "2016-06-30": "11614.00000", "2016-03-31": "11611.00000", "2015-12-31": "11431.00000", "2015-09-30": "29622.00000", "2015-06-30": "11720.00000", "2015-03-31": "11695.00000", "2014-12-31": "11198.00000", "2014-09-30": "11809.00000", "2014-06-30": "12776.00000", "2014-03-31": "11935.00000", "2013-12-31": "12013.00000", "2013-09-30": "12176.00000", "2013-06-30": "11870.00000", "2013-03-31": "11958.00000", "2012-12-31": "12125.00000", "2012-09-30": "12365.00000", "2012-06-30": "27068.00000", "2012-03-31": "27062.00000", "2011-12-31": "26498.00000", "2011-09-30": "26702.00000", "2011-06-30": "26977.00000", "2011-03-31": "26554.00000", "2010-12-31": "26382.00000", "2010-09-30": "27128.00000", "2010-06-30": "26908.00000", "2010-03-31": "25472.00000", "2009-12-31": "25601.00000", "2009-09-30": "25553.00000", "2009-06-30": "25263.00000", "2009-03-31": "24777.00000", "2008-12-31": "27384.00000", "2008-09-30": "28804.00000", "2008-06-30": "30069.00000", "2008-03-31": "29874.00000", "2007-12-31": "32470.00000", "2007-09-30": "32815.00000", "2007-06-30": "32161.00000", "2007-03-31": "64471.00000", "2006-12-31": "63676.00000", "2006-09-30": "63011.00000", "2006-06-30": "61692.00000", "2006-03-31": "61056.00000", "2005-12-31": "62261.00000", "2005-09-30": "62686.00000", "2005-06-30": "61577.00000", "2005-03-31": "62772.00000"}, "Total Current Liabilities": {"2020-12-31": "8486.00000", "2020-09-30": "8248.00000", "2020-06-30": "10304.00000", "2020-03-31": "9509.00000", "2019-12-31": "9692.00000", "2019-09-30": "9070.00000", "2019-06-30": "9242.00000", "2019-03-31": "13441.00000", "2018-12-31": "11653.00000", "2018-09-30": "11250.00000", "2018-06-30": "11301.00000", "2018-03-31": "10992.00000", "2017-12-31": "11246.00000", "2017-09-30": "11854.00000", "2017-06-30": "11515.00000", "2017-03-31": "10742.00000", "2016-12-31": "11459.00000", "2016-09-30": "16331.00000", "2016-06-30": "3116.00000", "2016-03-31": "3233.00000", "2015-12-31": "3211.00000", "2015-09-30": "10446.00000", "2015-06-30": "3426.00000", "2015-03-31": "3479.00000", "2014-12-31": "3475.00000", "2014-09-30": "3477.00000", "2014-06-30": "3259.00000", "2014-03-31": "3406.00000", "2013-12-31": "3163.00000", "2013-09-30": "3349.00000", "2013-06-30": "3140.00000", "2013-03-31": "2969.00000", "2012-12-31": "2735.00000", "2012-09-30": "3097.00000", "2012-06-30": "4335.00000", "2012-03-31": "4286.00000", "2011-12-31": "3985.00000", "2011-09-30": "5656.00000", "2011-06-30": "4618.00000", "2011-03-31": "4467.00000", "2010-12-31": "4511.00000", "2010-09-30": "5268.00000", "2010-06-30": "4959.00000", "2010-03-31": "4755.00000", "2009-12-31": "4047.00000", "2009-09-30": "4746.00000", "2009-06-30": "4651.00000", "2009-03-31": "4933.00000", "2008-12-31": "4571.00000", "2008-09-30": "5685.00000", "2008-06-30": "5936.00000", "2008-03-31": "5883.00000", "2007-12-31": "8882.00000", "2007-09-30": "9123.00000", "2007-06-30": "8636.00000", "2007-03-31": "11117.00000", "2006-12-31": "11308.00000", "2006-09-30": "13813.00000", "2006-06-30": "10842.00000", "2006-03-31": "9862.00000", "2005-12-31": "11366.00000", "2005-09-30": "11809.00000", "2005-06-30": "9761.00000", "2005-03-31": "10745.00000"}, "Long Term Debt": {"2020-12-31": "7469.00000", "2020-09-30": "7526.00000", "2020-06-30": "5671.00000", "2020-03-31": "5640.00000", "2019-12-31": "5920.00000", "2019-09-30": "6708.00000", "2019-06-30": "6804.00000", "2019-03-31": "8418.00000", "2018-12-31": "9588.00000", "2018-09-30": "9623.00000", "2018-06-30": "10373.00000", "2018-03-31": "10962.00000", "2017-12-31": "10895.00000", "2017-09-30": "11964.00000", "2017-06-30": "11772.00000", "2017-03-31": "11810.00000", "2016-12-31": "10351.00000", "2016-09-30": "11053.00000", "2016-06-30": "2165.00000", "2016-03-31": "2159.00000", "2015-12-31": "2146.00000", "2015-09-30": "5745.00000", "2015-06-30": "1744.00000", "2015-03-31": "1732.00000", "2014-12-31": "1184.00000", "2014-09-30": "1443.00000", "2014-06-30": "1443.00000", "2014-03-31": "1442.00000", "2013-12-31": "1443.00000", "2013-09-30": "1443.00000", "2013-06-30": "1462.00000", "2013-03-31": "1481.00000", "2012-12-31": "1481.00000", "2012-09-30": "1481.00000", "2012-06-30": "4149.00000", "2012-03-31": "4137.00000", "2011-12-31": "4137.00000", "2011-09-30": "4105.00000", "2011-06-30": "4145.00000", "2011-03-31": "4129.00000", "2010-12-31": "3634.00000", "2010-09-30": "3652.00000", "2010-06-30": "3633.00000", "2010-03-31": "3995.00000", "2009-12-31": "4506.00000", "2009-09-30": "4029.00000", "2009-06-30": "4226.00000", "2009-03-31": "4223.00000", "2008-12-31": "4132.00000", "2008-09-30": "3709.00000", "2008-06-30": "4070.00000", "2008-03-31": "3977.00000", "2007-12-31": "3777.00000", "2007-09-30": "4082.00000", "2007-06-30": "4101.00000", "2007-03-31": "8609.00000", "2006-12-31": "8602.00000", "2006-09-30": "8853.00000", "2006-06-30": "8554.00000", "2006-03-31": "9242.00000", "2005-12-31": "10529.00000", "2005-09-30": "10599.00000", "2005-06-30": "12002.00000", "2005-03-31": "12497.00000"}, "Other Non-Current Liabilities": {"2020-12-31": "5536.00000", "2020-09-30": "5368.00000", "2020-06-30": "5377.00000", "2020-03-31": "5230.00000", "2019-12-31": "5457.00000", "2019-09-30": "4636.00000", "2019-06-30": "5121.00000", "2019-03-31": "4797.00000", "2018-12-31": "4799.00000", "2018-09-30": "4850.00000", "2018-06-30": "4915.00000", "2018-03-31": "5019.00000", "2017-12-31": "5004.00000", "2017-09-30": "5541.00000", "2017-06-30": "5265.00000", "2017-03-31": "5638.00000", "2016-12-31": "5329.00000", "2016-09-30": "8921.00000", "2016-06-30": "1663.00000", "2016-03-31": "1756.00000", "2015-12-31": "1736.00000", "2015-09-30": "1954.00000", "2015-06-30": "1898.00000", "2015-03-31": "1927.00000", "2014-12-31": "1918.00000", "2014-09-30": "1871.00000", "2014-06-30": "1689.00000", "2014-03-31": "1667.00000", "2013-12-31": "1849.00000", "2013-09-30": "1881.00000", "2013-06-30": "2138.00000", "2013-03-31": "2361.00000", "2012-12-31": "2337.00000", "2012-09-30": "2341.00000", "2012-06-30": "2912.00000", "2012-03-31": "2803.00000", "2011-12-31": "2856.00000", "2011-09-30": "2251.00000", "2011-06-30": "2876.00000", "2011-03-31": "2906.00000", "2010-12-31": "2876.00000", "2010-09-30": "3001.00000", "2010-06-30": "3074.00000", "2010-03-31": "2689.00000", "2009-12-31": "2724.00000", "2009-09-30": "2691.00000", "2009-06-30": "3778.00000", "2009-03-31": "3727.00000", "2008-12-31": "3773.00000", "2008-09-30": "2715.00000", "2008-06-30": "3948.00000", "2008-03-31": "3985.00000", "2007-12-31": "4013.00000", "2007-09-30": "2725.00000", "2007-06-30": "4107.00000", "2007-03-31": "7849.00000", "2006-12-31": "7858.00000", "2006-09-30": "3704.00000", "2006-06-30": "7861.00000", "2006-03-31": "7718.00000", "2005-12-31": "7799.00000", "2005-09-30": "7702.00000", "2005-06-30": "7710.00000", "2005-03-31": "7842.00000"}, "Total Long Term Liabilities": {"2020-12-31": "14115.00000", "2020-09-30": "14034.00000", "2020-06-30": "12101.00000", "2020-03-31": "11805.00000", "2019-12-31": "12390.00000", "2019-09-30": "12388.00000", "2019-06-30": "12418.00000", "2019-03-31": "13747.00000", "2018-12-31": "14956.00000", "2018-09-30": "15089.00000", "2018-06-30": "16296.00000", "2018-03-31": "17080.00000", "2017-12-31": "17021.00000", "2017-09-30": "18663.00000", "2017-06-30": "18556.00000", "2017-03-31": "18664.00000", "2016-12-31": "16933.00000", "2016-09-30": "21758.00000", "2016-06-30": "4112.00000", "2016-03-31": "4200.00000", "2015-12-31": "4174.00000", "2015-09-30": "8678.00000", "2015-06-30": "3955.00000", "2015-03-31": "3986.00000", "2014-12-31": "3439.00000", "2014-09-30": "3662.00000", "2014-06-30": "3489.00000", "2014-03-31": "3473.00000", "2013-12-31": "3696.00000", "2013-09-30": "3706.00000", "2013-06-30": "4008.00000", "2013-03-31": "4259.00000", "2012-12-31": "4246.00000", "2012-09-30": "4258.00000", "2012-06-30": "8317.00000", "2012-03-31": "8197.00000", "2011-12-31": "8229.00000", "2011-09-30": "6892.00000", "2011-06-30": "8177.00000", "2011-03-31": "8193.00000", "2010-12-31": "7675.00000", "2010-09-30": "7759.00000", "2010-06-30": "7808.00000", "2010-03-31": "7794.00000", "2009-12-31": "8352.00000", "2009-09-30": "7853.00000", "2009-06-30": "8017.00000", "2009-03-31": "7961.00000", "2008-12-31": "7919.00000", "2008-09-30": "7625.00000", "2008-06-30": "8076.00000", "2008-03-31": "8017.00000", "2007-12-31": "7860.00000", "2007-09-30": "8068.00000", "2007-06-30": "8245.00000", "2007-03-31": "16493.00000", "2006-12-31": "16497.00000", "2006-09-30": "13811.00000", "2006-06-30": "16464.00000", "2006-03-31": "17008.00000", "2005-12-31": "18394.00000", "2005-09-30": "18362.00000", "2005-06-30": "19771.00000", "2005-03-31": "20398.00000"}, "Total Liabilities": {"2020-12-31": "22601.00000", "2020-09-30": "22282.00000", "2020-06-30": "22405.00000", "2020-03-31": "21314.00000", "2019-12-31": "22082.00000", "2019-09-30": "21458.00000", "2019-06-30": "21660.00000", "2019-03-31": "27188.00000", "2018-12-31": "26609.00000", "2018-09-30": "26339.00000", "2018-06-30": "27597.00000", "2018-03-31": "28072.00000", "2017-12-31": "28267.00000", "2017-09-30": "30517.00000", "2017-06-30": "30071.00000", "2017-03-31": "29406.00000", "2016-12-31": "28392.00000", "2016-09-30": "38089.00000", "2016-06-30": "7228.00000", "2016-03-31": "7433.00000", "2015-12-31": "7385.00000", "2015-09-30": "19124.00000", "2015-06-30": "7381.00000", "2015-03-31": "7465.00000", "2014-12-31": "6914.00000", "2014-09-30": "7139.00000", "2014-06-30": "6748.00000", "2014-03-31": "6879.00000", "2013-12-31": "6859.00000", "2013-09-30": "7055.00000", "2013-06-30": "7148.00000", "2013-03-31": "7228.00000", "2012-12-31": "6981.00000", "2012-09-30": "7355.00000", "2012-06-30": "12652.00000", "2012-03-31": "12483.00000", "2011-12-31": "12214.00000", "2011-09-30": "12548.00000", "2011-06-30": "12795.00000", "2011-03-31": "12660.00000", "2010-12-31": "12186.00000", "2010-09-30": "13027.00000", "2010-06-30": "12767.00000", "2010-03-31": "12549.00000", "2009-12-31": "12399.00000", "2009-09-30": "12599.00000", "2009-06-30": "12668.00000", "2009-03-31": "12894.00000", "2008-12-31": "12490.00000", "2008-09-30": "13310.00000", "2008-06-30": "14012.00000", "2008-03-31": "13900.00000", "2007-12-31": "16742.00000", "2007-09-30": "17191.00000", "2007-06-30": "16881.00000", "2007-03-31": "27610.00000", "2006-12-31": "27805.00000", "2006-09-30": "27624.00000", "2006-06-30": "27306.00000", "2006-03-31": "26870.00000", "2005-12-31": "29760.00000", "2005-09-30": "30171.00000", "2005-06-30": "29532.00000", "2005-03-31": "31143.00000"}, "Common Stock Net": {"2020-12-31": "7.00000", "2020-09-30": "8.00000", "2020-06-30": "8.00000", "2020-03-31": "8.00000", "2019-12-31": "8.00000", "2019-09-30": "8.00000", "2019-06-30": "9.00000", "2019-03-31": "10.00000", "2018-12-31": "10.00000", "2018-09-30": "10.00000", "2018-06-30": "9.00000", "2018-03-31": "9.00000", "2017-12-31": "9.00000", "2017-09-30": "9.00000", "2017-06-30": "9.00000", "2017-03-31": "9.00000", "2016-12-31": "9.00000", "2016-09-30": "9.00000", "2016-06-30": "4.00000", "2016-03-31": "4.00000", "2015-12-31": "4.00000", "2015-09-30": "7.00000", "2015-06-30": "4.00000", "2015-03-31": "4.00000", "2014-12-31": "4.00000", "2014-09-30": "208.00000", "2014-06-30": "208.00000", "2014-03-31": "208.00000", "2013-12-31": "208.00000", "2013-09-30": "208.00000", "2013-06-30": "208.00000", "2013-03-31": "2792.00000", "2012-12-31": "2792.00000", "2012-09-30": "2792.00000", "2012-06-30": "2792.00000", "2012-03-31": "2792.00000", "2011-12-31": "2792.00000", "2011-09-30": "2792.00000", "2011-06-30": "2792.00000", "2011-03-31": "2952.00000", "2010-12-31": "2950.00000", "2010-09-30": "2948.00000", "2010-06-30": "2940.00000", "2010-03-31": "2723.00000", "2009-12-31": "3121.00000", "2009-09-30": "3122.00000", "2009-06-30": "3122.00000", "2009-03-31": "3122.00000", "2008-12-31": "382.00000", "2008-09-30": "382.00000", "2008-06-30": "384.00000", "2008-03-31": "388.00000", "2007-12-31": "393.00000", "2007-09-30": "397.00000", "2007-06-30": "397.00000", "2007-03-31": "396.00000", "2006-12-31": "395.00000", "2006-09-30": "398.00000", "2006-06-30": "403.00000", "2006-03-31": "410.00000", "2005-12-31": "403.00000", "2005-09-30": "403.00000", "2005-06-30": "404.00000", "2005-03-31": "404.00000"}, "Retained Earnings (Accumulated Deficit)": {"2020-12-31": "2382.00000", "2020-09-30": "2469.00000", "2020-06-30": "2955.00000", "2020-03-31": "3332.00000", "2019-12-31": "4129.00000", "2019-09-30": "4827.00000", "2019-06-30": "6366.00000", "2019-03-31": "6416.00000", "2018-12-31": "6136.00000", "2018-09-30": "6604.00000", "2018-06-30": "6075.00000", "2018-03-31": "5594.00000", "2017-12-31": "5398.00000", "2017-09-30": "5231.00000", "2017-06-30": "4589.00000", "2017-03-31": "4268.00000", "2016-12-31": "4669.00000", "2016-09-30": "9177.00000", "2016-06-30": "5364.00000", "2016-03-31": "5213.00000", "2015-12-31": "5154.00000", "2015-09-30": "10797.00000", "2015-06-30": "5358.00000", "2015-03-31": "5202.00000", "2014-12-31": "5035.00000", "2014-09-30": "4873.00000", "2014-06-30": "4962.00000", "2014-03-31": "3512.00000", "2013-12-31": "3305.00000", "2013-09-30": "3035.00000", "2013-06-30": "2869.00000", "2013-03-31": "2734.00000", "2012-12-31": "2662.00000", "2012-09-30": "2499.00000", "2012-06-30": "2960.00000", "2012-03-31": "2718.00000", "2011-12-31": "2391.00000", "2011-09-30": "2027.00000", "2011-06-30": "1642.00000", "2011-03-31": "1288.00000", "2010-12-31": "971.00000", "2010-09-30": "312.00000", "2010-06-30": "46.00000", "2010-03-31": "-208.00000", "2009-12-31": "-518.00000", "2009-09-30": "-820.00000", "2009-06-30": "-978.00000", "2009-03-31": "-1265.00000", "2008-12-31": "1301.00000", "2008-09-30": "1125.00000", "2008-06-30": "836.00000", "2008-03-31": "433.00000", "2007-12-31": "229.00000", "2007-09-30": "34.00000", "2007-06-30": "", "2007-03-31": "11925.00000", "2006-12-31": "11302.00000", "2006-09-30": "10692.00000", "2006-06-30": "9846.00000", "2006-03-31": "9181.00000", "2005-12-31": "8362.00000", "2005-09-30": "7800.00000", "2005-06-30": "7256.00000", "2005-03-31": "6265.00000"}, "Comprehensive Income": {"2020-12-31": "-504.00000", "2020-09-30": "-776.00000", "2020-06-30": "-943.00000", "2020-03-31": "-1021.00000", "2019-12-31": "-540.00000", "2019-09-30": "-795.00000", "2019-06-30": "-564.00000", "2019-03-31": "-952.00000", "2018-12-31": "-1080.00000", "2018-09-30": "-946.00000", "2018-06-30": "-808.00000", "2018-03-31": "-254.00000", "2017-12-31": "-414.00000", "2017-09-30": "-473.00000", "2017-06-30": "-729.00000", "2017-03-31": "-987.00000", "2016-12-31": "-1233.00000", "2016-09-30": "-1153.00000", "2016-06-30": "-1815.00000", "2016-03-31": "-1829.00000", "2015-12-31": "-1878.00000", "2015-09-30": "-1057.00000", "2015-06-30": "-1562.00000", "2015-03-31": "-1590.00000", "2014-12-31": "-1418.00000", "2014-09-30": "-1225.00000", "2014-06-30": "-995.00000", "2014-03-31": "-1032.00000", "2013-12-31": "-1021.00000", "2013-09-30": "-987.00000", "2013-06-30": "-1177.00000", "2013-03-31": "-1047.00000", "2012-12-31": "-950.00000", "2012-09-30": "-966.00000", "2012-06-30": "-588.00000", "2012-03-31": "-306.00000", "2011-12-31": "-507.00000", "2011-09-30": "-436.00000", "2011-06-30": "10.00000", "2011-03-31": "-146.00000", "2010-12-31": "-430.00000", "2010-09-30": "-321.00000", "2010-06-30": "-585.00000", "2010-03-31": "-406.00000", "2009-12-31": "-179.00000", "2009-09-30": "-87.00000", "2009-06-30": "-249.00000", "2009-03-31": "-646.00000", "2008-12-31": "-563.00000", "2008-09-30": "232.00000", "2008-06-30": "834.00000", "2008-03-31": "915.00000", "2007-12-31": "650.00000", "2007-09-30": "565.00000", "2007-06-30": "266.00000", "2007-03-31": "1530.00000", "2006-12-31": "1322.00000", "2006-09-30": "1017.00000", "2006-06-30": "589.00000", "2006-03-31": "91.00000", "2005-12-31": "8.00000", "2005-09-30": "265.00000", "2005-06-30": "462.00000", "2005-03-31": "1134.00000"}, "Other Share Holders Equity": {"2020-12-31": "", "2020-09-30": "", "2020-06-30": "", "2020-03-31": "", "2019-12-31": "", "2019-09-30": "", "2019-06-30": "", "2019-03-31": "", "2018-12-31": "", "2018-09-30": "", "2018-06-30": "", "2018-03-31": "", "2017-12-31": "", "2017-09-30": "", "2017-06-30": "", "2017-03-31": "", "2016-12-31": "", "2016-09-30": "", "2016-06-30": "", "2016-03-31": "", "2015-12-31": "", "2015-09-30": "", "2015-06-30": "", "2015-03-31": "", "2014-12-31": "", "2014-09-30": "", "2014-06-30": "", "2014-03-31": "", "2013-12-31": "", "2013-09-30": "", "2013-06-30": "", "2013-03-31": "", "2012-12-31": "", "2012-09-30": "", "2012-06-30": "", "2012-03-31": "", "2011-12-31": "", "2011-09-30": "", "2011-06-30": "", "2011-03-31": "", "2010-12-31": "", "2010-09-30": "", "2010-06-30": "", "2010-03-31": "", "2009-12-31": "", "2009-09-30": "", "2009-06-30": "", "2009-03-31": "", "2008-12-31": "", "2008-09-30": "", "2008-06-30": "", "2008-03-31": "", "2007-12-31": "", "2007-09-30": "", "2007-06-30": "", "2007-03-31": "", "2006-12-31": "", "2006-09-30": "", "2006-06-30": "", "2006-03-31": "", "2005-12-31": "", "2005-09-30": "", "2005-06-30": "", "2005-03-31": ""}, "Share Holder Equity": {"2020-12-31": "18823.00000", "2020-09-30": "18533.00000", "2020-06-30": "18873.00000", "2020-03-31": "19088.00000", "2019-12-31": "20431.00000", "2019-09-30": "20829.00000", "2019-06-30": "21409.00000", "2019-03-31": "21301.00000", "2018-12-31": "21407.00000", "2018-09-30": "22458.00000", "2018-06-30": "21809.00000", "2018-03-31": "21880.00000", "2017-12-31": "21500.00000", "2017-09-30": "21367.00000", "2017-06-30": "20615.00000", "2017-03-31": "20201.00000", "2016-12-31": "20396.00000", "2016-09-30": "25090.00000", "2016-06-30": "4386.00000", "2016-03-31": "4178.00000", "2015-12-31": "4046.00000", "2015-09-30": "10498.00000", "2015-06-30": "4339.00000", "2015-03-31": "4230.00000", "2014-12-31": "4284.00000", "2014-09-30": "4670.00000", "2014-06-30": "6028.00000", "2014-03-31": "5056.00000", "2013-12-31": "5154.00000", "2013-09-30": "5121.00000", "2013-06-30": "4722.00000", "2013-03-31": "4730.00000", "2012-12-31": "5144.00000", "2012-09-30": "5010.00000", "2012-06-30": "14416.00000", "2012-03-31": "14579.00000", "2011-12-31": "14284.00000", "2011-09-30": "14154.00000", "2011-06-30": "14182.00000", "2011-03-31": "13894.00000", "2010-12-31": "14196.00000", "2010-09-30": "14101.00000", "2010-06-30": "14141.00000", "2010-03-31": "12923.00000", "2009-12-31": "13202.00000", "2009-09-30": "12954.00000", "2009-06-30": "12595.00000", "2009-03-31": "11883.00000", "2008-12-31": "14894.00000", "2008-09-30": "15494.00000", "2008-06-30": "16057.00000", "2008-03-31": "15974.00000", "2007-12-31": "15728.00000", "2007-09-30": "15624.00000", "2007-06-30": "15280.00000", "2007-03-31": "36861.00000", "2006-12-31": "35871.00000", "2006-09-30": "35387.00000", "2006-06-30": "34386.00000", "2006-03-31": "34186.00000", "2005-12-31": "32501.00000", "2005-09-30": "32515.00000", "2005-06-30": "32045.00000", "2005-03-31": "31629.00000"}, "Total Liabilities And Share Holders Equity": {"2020-12-31": "41424.00000", "2020-09-30": "40815.00000", "2020-06-30": "41278.00000", "2020-03-31": "40402.00000", "2019-12-31": "42513.00000", "2019-09-30": "42287.00000", "2019-06-30": "43069.00000", "2019-03-31": "48489.00000", "2018-12-31": "48016.00000", "2018-09-30": "48797.00000", "2018-06-30": "49406.00000", "2018-03-31": "49952.00000", "2017-12-31": "49767.00000", "2017-09-30": "51884.00000", "2017-06-30": "50686.00000", "2017-03-31": "49607.00000", "2016-12-31": "48788.00000", "2016-09-30": "63179.00000", "2016-06-30": "11614.00000", "2016-03-31": "11611.00000", "2015-12-31": "11431.00000", "2015-09-30": "29622.00000", "2015-06-30": "11720.00000", "2015-03-31": "11695.00000", "2014-12-31": "11198.00000", "2014-09-30": "11809.00000", "2014-06-30": "12776.00000", "2014-03-31": "11935.00000", "2013-12-31": "12013.00000", "2013-09-30": "12176.00000", "2013-06-30": "11870.00000", "2013-03-31": "11958.00000", "2012-12-31": "12125.00000", "2012-09-30": "12365.00000", "2012-06-30": "27068.00000", "2012-03-31": "27062.00000", "2011-12-31": "26498.00000", "2011-09-30": "26702.00000", "2011-06-30": "26977.00000", "2011-03-31": "26554.00000", "2010-12-31": "26382.00000", "2010-09-30": "27128.00000", "2010-06-30": "26908.00000", "2010-03-31": "25472.00000", "2009-12-31": "25601.00000", "2009-09-30": "25553.00000", "2009-06-30": "25263.00000", "2009-03-31": "24777.00000", "2008-12-31": "27384.00000", "2008-09-30": "28804.00000", "2008-06-30": "30069.00000", "2008-03-31": "29874.00000", "2007-12-31": "32470.00000", "2007-09-30": "32815.00000", "2007-06-30": "32161.00000", "2007-03-31": "64471.00000", "2006-12-31": "63676.00000", "2006-09-30": "63011.00000", "2006-06-30": "61692.00000", "2006-03-31": "61056.00000", "2005-12-31": "62261.00000", "2005-09-30": "62686.00000", "2005-06-30": "61577.00000", "2005-03-31": "62772.00000"}}, "cash flow statement": {"Net Income/Loss": {"2020-09-30": "795.00000", "2019-09-30": "1289.00000", "2018-09-30": "1349.00000", "2017-09-30": "829.00000", "2016-09-30": "-652.00000", "2015-09-30": "1679.00000", "2014-09-30": "1215.00000", "2013-09-30": "536.00000", "2012-09-30": "-413.00000", "2011-09-30": "618.00000", "2010-09-30": "302.00000", "2009-09-30": "-1798.00000", "2008-09-30": "1063.00000", "2007-09-30": "-1742.00000", "2006-09-30": "3590.00000", "2005-09-30": "3094.00000"}, "Total Depreciation And Amortization - Cash Flow": {"2020-09-30": "822.00000", "2019-09-30": "825.00000", "2018-09-30": "824.00000", "2017-09-30": "919.00000", "2016-09-30": "953.00000", "2015-09-30": "860.00000", "2014-09-30": "955.00000", "2013-09-30": "379.00000", "2012-09-30": "379.00000", "2011-09-30": "421.00000", "2010-09-30": "467.00000", "2009-09-30": "3856.00000", "2008-09-30": "1217.00000", "2007-09-30": "1214.00000", "2006-09-30": "1186.00000", "2005-09-30": "1216.00000"}, "Other Non-Cash Items": {"2020-09-30": "50.00000", "2019-09-30": "1399.00000", "2018-09-30": "-1100.00000", "2017-09-30": "-201.00000", "2016-09-30": "-830.00000", "2015-09-30": "-898.00000", "2014-09-30": "140.00000", "2013-09-30": "319.00000", "2012-09-30": "3101.00000", "2011-09-30": "1737.00000", "2010-09-30": "2127.00000", "2009-09-30": "235.00000", "2008-09-30": "490.00000", "2007-09-30": "2262.00000", "2006-09-30": "567.00000", "2005-09-30": "1783.00000"}, "Total Non-Cash Items": {"2020-09-30": "872.00000", "2019-09-30": "2224.00000", "2018-09-30": "-276.00000", "2017-09-30": "718.00000", "2016-09-30": "123.00000", "2015-09-30": "-38.00000", "2014-09-30": "1095.00000", "2013-09-30": "698.00000", "2012-09-30": "3480.00000", "2011-09-30": "2158.00000", "2010-09-30": "2594.00000", "2009-09-30": "4091.00000", "2008-09-30": "1707.00000", "2007-09-30": "3476.00000", "2006-09-30": "1753.00000", "2005-09-30": "2999.00000"}, "Change In Accounts Receivable": {"2020-09-30": "534.00000", "2019-09-30": "-312.00000", "2018-09-30": "-475.00000", "2017-09-30": "-225.00000", "2016-09-30": "-344.00000", "2015-09-30": "-297.00000", "2014-09-30": "-18.00000", "2013-09-30": "-73.00000", "2012-09-30": "-121.00000", "2011-09-30": "-47.00000", "2010-09-30": "-17.00000", "2009-09-30": "191.00000", "2008-09-30": "-186.00000", "2007-09-30": "-136.00000", "2006-09-30": "-143.00000", "2005-09-30": "-190.00000"}, "Change In Inventories": {"2020-09-30": "45.00000", "2019-09-30": "-72.00000", "2018-09-30": "-103.00000", "2017-09-30": "-51.00000", "2016-09-30": "1.00000", "2015-09-30": "-99.00000", "2014-09-30": "-311.00000", "2013-09-30": "-56.00000", "2012-09-30": "-110.00000", "2011-09-30": "-81.00000", "2010-09-30": "-128.00000", "2009-09-30": "452.00000", "2008-09-30": "-166.00000", "2007-09-30": "-207.00000", "2006-09-30": "-153.00000", "2005-09-30": "-102.00000"}, "Change In Accounts Payable": {"2020-09-30": "", "2019-09-30": "", "2018-09-30": "", "2017-09-30": "", "2016-09-30": "411.00000", "2015-09-30": "", "2014-09-30": "", "2013-09-30": "-11.00000", "2012-09-30": "44.00000", "2011-09-30": "-33.00000", "2010-09-30": "81.00000", "2009-09-30": "-337.00000", "2008-09-30": "-6.00000", "2007-09-30": "65.00000", "2006-09-30": "163.00000", "2005-09-30": "238.00000"}, "Change In Assets/Liabilities": {"2020-09-30": "-81.00000", "2019-09-30": "-220.00000", "2018-09-30": "-170.00000", "2017-09-30": "-17.00000", "2016-09-30": "289.00000", "2015-09-30": "-119.00000", "2014-09-30": "-223.00000", "2013-09-30": "-72.00000", "2012-09-30": "-34.00000", "2011-09-30": "6.00000", "2010-09-30": "58.00000", "2009-09-30": "6.00000", "2008-09-30": "-3064.00000", "2007-09-30": "3174.00000", "2006-09-30": "119.00000", "2005-09-30": "-324.00000"}, "Total Change In Assets/Liabilities": {"2020-09-30": "812.00000", "2019-09-30": "-1770.00000", "2018-09-30": "447.00000", "2017-09-30": "-1176.00000", "2016-09-30": "2437.00000", "2015-09-30": "-41.00000", "2014-09-30": "85.00000", "2013-09-30": "-384.00000", "2012-09-30": "-481.00000", "2011-09-30": "-348.00000", "2010-09-30": "-239.00000", "2009-09-30": "128.00000", "2008-09-30": "-3660.00000", "2007-09-30": "2578.00000", "2006-09-30": "223.00000", "2005-09-30": "125.00000"}, "Cash Flow From Operating Activities": {"2020-09-30": "2479.00000", "2019-09-30": "1743.00000", "2018-09-30": "1520.00000", "2017-09-30": "371.00000", "2016-09-30": "1908.00000", "2015-09-30": "1600.00000", "2014-09-30": "2395.00000", "2013-09-30": "850.00000", "2012-09-30": "2586.00000", "2011-09-30": "2428.00000", "2010-09-30": "2657.00000", "2009-09-30": "2421.00000", "2008-09-30": "-890.00000", "2007-09-30": "4312.00000", "2006-09-30": "5566.00000", "2005-09-30": "6218.00000"}, "Net Change In Property, Plant, And Equipment": {"2020-09-30": "-316.00000", "2019-09-30": "-559.00000", "2018-09-30": "-597.00000", "2017-09-30": "-731.00000", "2016-09-30": "-1217.00000", "2015-09-30": "-1098.00000", "2014-09-30": "-1120.00000", "2013-09-30": "-264.00000", "2012-09-30": "-291.00000", "2011-09-30": "-365.00000", "2010-09-30": "-331.00000", "2009-09-30": "-690.00000", "2008-09-30": "-697.00000", "2007-09-30": "-643.00000", "2006-09-30": "-517.00000", "2005-09-30": "-463.00000"}, "Net Change In Intangible Assets": {"2020-09-30": "", "2019-09-30": "", "2018-09-30": "", "2017-09-30": "", "2016-09-30": "", "2015-09-30": "", "2014-09-30": "", "2013-09-30": "", "2012-09-30": "", "2011-09-30": "", "2010-09-30": "", "2009-09-30": "", "2008-09-30": "", "2007-09-30": "", "2006-09-30": "", "2005-09-30": ""}, "Net Acquisitions/Divestitures": {"2020-09-30": "58.00000", "2019-09-30": "-13.00000", "2018-09-30": "2181.00000", "2017-09-30": "162.00000", "2016-09-30": "385.00000", "2015-09-30": "1624.00000", "2014-09-30": "-1508.00000", "2013-09-30": "-231.00000", "2012-09-30": "-245.00000", "2011-09-30": "323.00000", "2010-09-30": "-63.00000", "2009-09-30": "-589.00000", "2008-09-30": "-722.00000", "2007-09-30": "-161.00000", "2006-09-30": "-367.00000", "2005-09-30": "-313.00000"}, "Net Change In Short-term Investments": {"2020-09-30": "", "2019-09-30": "", "2018-09-30": "", "2017-09-30": "-21.00000", "2016-09-30": "-48.00000", "2015-09-30": "-44.00000", "2014-09-30": "19.00000", "2013-09-30": "", "2012-09-30": "", "2011-09-30": "", "2010-09-30": "58.00000", "2009-09-30": "", "2008-09-30": "", "2007-09-30": "", "2006-09-30": "", "2005-09-30": ""}, "Net Change In Long-Term Investments": {"2020-09-30": "", "2019-09-30": "25.00000", "2018-09-30": "-1.00000", "2017-09-30": "", "2016-09-30": "", "2015-09-30": "", "2014-09-30": "", "2013-09-30": "-45.00000", "2012-09-30": "41.00000", "2011-09-30": "26.00000", "2010-09-30": "", "2009-09-30": "17.00000", "2008-09-30": "32.00000", "2007-09-30": "4.00000", "2006-09-30": "58.00000", "2005-09-30": "-314.00000"}, "Net Change In Investments - Total": {"2020-09-30": "", "2019-09-30": "25.00000", "2018-09-30": "-1.00000", "2017-09-30": "-21.00000", "2016-09-30": "-48.00000", "2015-09-30": "-44.00000", "2014-09-30": "19.00000", "2013-09-30": "-45.00000", "2012-09-30": "41.00000", "2011-09-30": "26.00000", "2010-09-30": "58.00000", "2009-09-30": "17.00000", "2008-09-30": "32.00000", "2007-09-30": "4.00000", "2006-09-30": "58.00000", "2005-09-30": "-314.00000"}, "Investing Activities - Other": {"2020-09-30": "", "2019-09-30": "14.00000", "2018-09-30": "-15.00000", "2017-09-30": "-58.00000", "2016-09-30": "-7.00000", "2015-09-30": "-12.00000", "2014-09-30": "16.00000", "2013-09-30": "-115.00000", "2012-09-30": "-1291.00000", "2011-09-30": "-1050.00000", "2010-09-30": "-1451.00000", "2009-09-30": "59.00000", "2008-09-30": "3844.00000", "2007-09-30": "-3750.00000", "2006-09-30": "-601.00000", "2005-09-30": "-664.00000"}, "Cash Flow From Investing Activities": {"2020-09-30": "-258.00000", "2019-09-30": "-533.00000", "2018-09-30": "1568.00000", "2017-09-30": "-648.00000", "2016-09-30": "-887.00000", "2015-09-30": "470.00000", "2014-09-30": "-2593.00000", "2013-09-30": "-655.00000", "2012-09-30": "-1786.00000", "2011-09-30": "-1066.00000", "2010-09-30": "-1787.00000", "2009-09-30": "-1203.00000", "2008-09-30": "2457.00000", "2007-09-30": "-4550.00000", "2006-09-30": "-1427.00000", "2005-09-30": "-1754.00000"}, "Net Long-Term Debt": {"2020-09-30": "1804.00000", "2019-09-30": "", "2018-09-30": "1136.00000", "2017-09-30": "725.00000", "2016-09-30": "1501.00000", "2015-09-30": "108.00000", "2014-09-30": "1168.00000", "2013-09-30": "", "2012-09-30": "-3021.00000", "2011-09-30": "496.00000", "2010-09-30": "39.00000", "2009-09-30": "534.00000", "2008-09-30": "-186.00000", "2007-09-30": "-6294.00000", "2006-09-30": "-1066.00000", "2005-09-30": "-4782.00000"}, "Net Current Debt": {"2020-09-30": "-1419.00000", "2019-09-30": "-3629.00000", "2018-09-30": "-3608.00000", "2017-09-30": "", "2016-09-30": "-743.00000", "2015-09-30": "-68.00000", "2014-09-30": "73.00000", "2013-09-30": "-30.00000", "2012-09-30": "-1.00000", "2011-09-30": "-532.00000", "2010-09-30": "-175.00000", "2009-09-30": "-526.00000", "2008-09-30": "-361.00000", "2007-09-30": "366.00000", "2006-09-30": "-24.00000", "2005-09-30": "-8.00000"}, "Debt Issuance/Retirement Net - Total": {"2020-09-30": "385.00000", "2019-09-30": "-3629.00000", "2018-09-30": "-2472.00000", "2017-09-30": "725.00000", "2016-09-30": "758.00000", "2015-09-30": "40.00000", "2014-09-30": "1241.00000", "2013-09-30": "-30.00000", "2012-09-30": "-3022.00000", "2011-09-30": "-36.00000", "2010-09-30": "-136.00000", "2009-09-30": "8.00000", "2008-09-30": "-547.00000", "2007-09-30": "-5928.00000", "2006-09-30": "-1090.00000", "2005-09-30": "-4790.00000"}, "Net Common Equity Issued/Repurchased": {"2020-09-30": "-2129.00000", "2019-09-30": "-5812.00000", "2018-09-30": "-234.00000", "2017-09-30": "-494.00000", "2016-09-30": "-431.00000", "2015-09-30": "-1087.00000", "2014-09-30": "-1063.00000", "2013-09-30": "-147.00000", "2012-09-30": "-274.00000", "2011-09-30": "-1176.00000", "2010-09-30": "-851.00000", "2009-09-30": "-2.00000", "2008-09-30": "-997.00000", "2007-09-30": "-321.00000", "2006-09-30": "-2295.00000", "2005-09-30": "-74.00000"}, "Net Total Equity Issued/Repurchased": {"2020-09-30": "-2129.00000", "2019-09-30": "-5812.00000", "2018-09-30": "-234.00000", "2017-09-30": "-494.00000", "2016-09-30": "-431.00000", "2015-09-30": "-1087.00000", "2014-09-30": "-1063.00000", "2013-09-30": "-147.00000", "2012-09-30": "-274.00000", "2011-09-30": "-1176.00000", "2010-09-30": "-851.00000", "2009-09-30": "-2.00000", "2008-09-30": "-997.00000", "2007-09-30": "-321.00000", "2006-09-30": "-2295.00000", "2005-09-30": "-74.00000"}, "Total Common And Preferred Stock Dividends Paid": {"2020-09-30": "-904.00000", "2019-09-30": "-1052.00000", "2018-09-30": "-997.00000", "2017-09-30": "-759.00000", "2016-09-30": "-1221.00000", "2015-09-30": "-725.00000", "2014-09-30": "-623.00000", "2013-09-30": "-288.00000", "2012-09-30": "-461.00000", "2011-09-30": "-458.00000", "2010-09-30": "-416.00000", "2009-09-30": "-388.00000", "2008-09-30": "-292.00000", "2007-09-30": "-791.00000", "2006-09-30": "-806.00000", "2005-09-30": "-628.00000"}, "Financial Activities - Other": {"2020-09-30": "-176.00000", "2019-09-30": "-26.00000", "2018-09-30": "-46.00000", "2017-09-30": "-121.00000", "2016-09-30": "-52.00000", "2015-09-30": "-49.00000", "2014-09-30": "33.00000", "2013-09-30": "-30.00000", "2012-09-30": "2998.00000", "2011-09-30": "-61.00000", "2010-09-30": "-53.00000", "2009-09-30": "9.00000", "2008-09-30": "-68.00000", "2007-09-30": "7647.00000", "2006-09-30": "-267.00000", "2005-09-30": "-306.00000"}, "Cash Flow From Financial Activities": {"2020-09-30": "-2824.00000", "2019-09-30": "-10519.00000", "2018-09-30": "-3749.00000", "2017-09-30": "-649.00000", "2016-09-30": "-946.00000", "2015-09-30": "-1821.00000", "2014-09-30": "-412.00000", "2013-09-30": "-495.00000", "2012-09-30": "-759.00000", "2011-09-30": "-1731.00000", "2010-09-30": "-1456.00000", "2009-09-30": "-373.00000", "2008-09-30": "-1904.00000", "2007-09-30": "607.00000", "2006-09-30": "-4458.00000", "2005-09-30": "-5798.00000"}, "Net Cash Flow": {"2020-09-30": "-861.00000", "2019-09-30": "2621.00000", "2018-09-30": "-132.00000", "2017-09-30": "-322.00000", "2016-09-30": "26.00000", "2015-09-30": "189.00000", "2014-09-30": "-646.00000", "2013-09-30": "-281.00000", "2012-09-30": "-385.00000", "2011-09-30": "-352.00000", "2010-09-30": "-534.00000", "2009-09-30": "835.00000", "2008-09-30": "-375.00000", "2007-09-30": "-299.00000", "2006-09-30": "-586.00000", "2005-09-30": "-1139.00000"}, "Stock-Based Compensation": {"2020-09-30": "74.00000", "2019-09-30": "95.00000", "2018-09-30": "106.00000", "2017-09-30": "134.00000", "2016-09-30": "142.00000", "2015-09-30": "90.00000", "2014-09-30": "82.00000", "2013-09-30": "63.00000", "2012-09-30": "113.00000", "2011-09-30": "89.00000", "2010-09-30": "99.00000", "2009-09-30": "103.00000", "2008-09-30": "99.00000", "2007-09-30": "173.00000", "2006-09-30": "151.00000", "2005-09-30": "72.00000"}, "Common Stock Dividends Paid": {"2020-09-30": "-904.00000", "2019-09-30": "-1052.00000", "2018-09-30": "-997.00000", "2017-09-30": "-759.00000", "2016-09-30": "-1221.00000", "2015-09-30": "-725.00000", "2014-09-30": "-623.00000", "2013-09-30": "-288.00000", "2012-09-30": "-461.00000", "2011-09-30": "-458.00000", "2010-09-30": "-416.00000", "2009-09-30": "-388.00000", "2008-09-30": "-292.00000", "2007-09-30": "-791.00000", "2006-09-30": "-806.00000", "2005-09-30": "-628.00000"}}, "cash flow statement, quarterly": {"Net Income/Loss": {"2020-12-31": "327.00000", "2020-09-30": 605, "2020-06-30": -237, "2020-03-31": 268, "2019-12-31": "159.00000", "2019-09-30": 801, "2019-06-30": 78, "2019-03-31": 303, "2018-12-31": "107.00000", "2018-09-30": 766, "2018-06-30": 412, "2018-03-31": 246, "2017-12-31": "-75.00000", "2017-09-30": -63, "2017-06-30": 711, "2017-03-31": -148, "2016-12-31": "329.00000", "2016-09-30": -955, "2016-06-30": 383, "2016-03-31": -530, "2015-12-31": "450.00000", "2015-09-30": 1194, "2015-06-30": 156, "2015-03-31": 167, "2014-12-31": "162.00000", "2014-09-30": -712, "2014-06-30": 1450, "2014-03-31": 207, "2013-12-31": "270.00000", "2013-09-30": 166, "2013-06-30": 135, "2013-03-31": 72, "2012-12-31": "163.00000", "2012-09-30": -1304, "2012-06-30": 246, "2012-03-31": 547, "2011-12-31": "98.00000", "2011-09-30": -715, "2011-06-30": 523, "2011-03-31": 320, "2010-12-31": "490.00000", "2010-09-30": -564, "2010-06-30": 254, "2010-03-31": 310, "2009-12-31": "302.00000", "2009-09-30": 205, "2009-06-30": 287, "2009-03-31": -2567, "2008-12-31": "277.00000", "2008-09-30": -56, "2008-06-30": 476, "2008-03-31": 280, "2007-12-31": "363.00000", "2007-09-30": 181, "2007-06-30": -3551, "2007-03-31": 835, "2006-12-31": "793.00000", "2006-09-30": 1248, "2006-06-30": 868, "2006-03-31": 918, "2005-12-31": "556.00000", "2005-09-30": 979, "2005-06-30": 1193, "2005-03-31": 922}, "Total Depreciation And Amortization - Cash Flow": {"2020-12-31": "207.00000", "2020-09-30": 206, "2020-06-30": 202, "2020-03-31": 207, "2019-12-31": "207.00000", "2019-09-30": 200, "2019-06-30": 203, "2019-03-31": 211, "2018-12-31": "211.00000", "2018-09-30": 175, "2018-06-30": 227, "2018-03-31": 212, "2017-12-31": "210.00000", "2017-09-30": 0, "2017-06-30": 281, "2017-03-31": 292, "2016-12-31": "346.00000", "2016-09-30": 273, "2016-06-30": 235, "2016-03-31": 219, "2015-12-31": "226.00000", "2015-09-30": 603, "2015-06-30": 86, "2015-03-31": 81, "2014-12-31": "90.00000", "2014-09-30": 687, "2014-06-30": 88, "2014-03-31": 86, "2013-12-31": "94.00000", "2013-09-30": 95, "2013-06-30": 95, "2013-03-31": 84, "2012-12-31": "105.00000", "2012-09-30": 66, "2012-06-30": 107, "2012-03-31": 105, "2011-12-31": "101.00000", "2011-09-30": -555, "2011-06-30": 331, "2011-03-31": 322, "2010-12-31": "323.00000", "2010-09-30": -402, "2010-06-30": 304, "2010-03-31": 280, "2009-12-31": "285.00000", "2009-09-30": 316, "2009-06-30": 276, "2009-03-31": 2989, "2008-12-31": "275.00000", "2008-09-30": 363, "2008-06-30": 288, "2008-03-31": 290, "2007-12-31": "276.00000", "2007-09-30": 301, "2007-06-30": 321, "2007-03-31": 296, "2006-12-31": "296.00000", "2006-09-30": 289, "2006-06-30": -127, "2006-03-31": 514, "2005-12-31": "510.00000", "2005-09-30": -345, "2005-06-30": 507, "2005-03-31": 1054}, "Other Non-Cash Items": {"2020-12-31": "-154.00000", "2020-09-30": -530, "2020-06-30": 587, "2020-03-31": -62, "2019-12-31": "55.00000", "2019-09-30": 657, "2019-06-30": 367, "2019-03-31": 361, "2018-12-31": "14.00000", "2018-09-30": -896, "2018-06-30": 90, "2018-03-31": -91, "2017-12-31": "-203.00000", "2017-09-30": -819, "2017-06-30": -68, "2017-03-31": 470, "2016-12-31": "216.00000", "2016-09-30": -1134, "2016-06-30": 85, "2016-03-31": 310, "2015-12-31": "-91.00000", "2015-09-30": -1038, "2015-06-30": 64, "2015-03-31": 51, "2014-12-31": "25.00000", "2014-09-30": 1212, "2014-06-30": -1146, "2014-03-31": 82, "2013-12-31": "-8.00000", "2013-09-30": 129, "2013-06-30": 110, "2013-03-31": 30, "2012-12-31": "50.00000", "2012-09-30": 2202, "2012-06-30": 345, "2012-03-31": 66, "2011-12-31": "488.00000", "2011-09-30": 1813, "2011-06-30": -100, "2011-03-31": 75, "2010-12-31": "-51.00000", "2010-09-30": 2008, "2010-06-30": 56, "2010-03-31": -5, "2009-12-31": "68.00000", "2009-09-30": 222, "2009-06-30": 44, "2009-03-31": -90, "2008-12-31": "59.00000", "2008-09-30": 407, "2008-06-30": 34, "2008-03-31": 54, "2007-12-31": "-5.00000", "2007-09-30": 179, "2007-06-30": 1643, "2007-03-31": 307, "2006-12-31": "133.00000", "2006-09-30": 133, "2006-06-30": -139, "2006-03-31": 203, "2005-12-31": "370.00000", "2005-09-30": 713, "2005-06-30": -63, "2005-03-31": 1133}, "Total Non-Cash Items": {"2020-12-31": "53.00000", "2020-09-30": -324, "2020-06-30": 789, "2020-03-31": 145, "2019-12-31": "262.00000", "2019-09-30": 857, "2019-06-30": 570, "2019-03-31": 572, "2018-12-31": "225.00000", "2018-09-30": -721, "2018-06-30": 317, "2018-03-31": 121, "2017-12-31": "7.00000", "2017-09-30": -819, "2017-06-30": 213, "2017-03-31": 762, "2016-12-31": "562.00000", "2016-09-30": -861, "2016-06-30": 320, "2016-03-31": 529, "2015-12-31": "135.00000", "2015-09-30": -435, "2015-06-30": 150, "2015-03-31": 132, "2014-12-31": "115.00000", "2014-09-30": 1899, "2014-06-30": -1058, "2014-03-31": 168, "2013-12-31": "86.00000", "2013-09-30": 224, "2013-06-30": 205, "2013-03-31": 114, "2012-12-31": "155.00000", "2012-09-30": 2268, "2012-06-30": 452, "2012-03-31": 171, "2011-12-31": "589.00000", "2011-09-30": 1258, "2011-06-30": 231, "2011-03-31": 397, "2010-12-31": "272.00000", "2010-09-30": 1606, "2010-06-30": 360, "2010-03-31": 275, "2009-12-31": "353.00000", "2009-09-30": 538, "2009-06-30": 320, "2009-03-31": 2899, "2008-12-31": "334.00000", "2008-09-30": 770, "2008-06-30": 322, "2008-03-31": 344, "2007-12-31": "271.00000", "2007-09-30": 480, "2007-06-30": 1964, "2007-03-31": 603, "2006-12-31": "429.00000", "2006-09-30": 422, "2006-06-30": -266, "2006-03-31": 717, "2005-12-31": "880.00000", "2005-09-30": 368, "2005-06-30": 444, "2005-03-31": 2187}, "Change In Accounts Receivable": {"2020-12-31": "224.00000", "2020-09-30": 106, "2020-06-30": 184, "2020-03-31": 7, "2019-12-31": "237.00000", "2019-09-30": 182, "2019-06-30": -355, "2019-03-31": -285, "2018-12-31": "146.00000", "2018-09-30": -21, "2018-06-30": -347, "2018-03-31": -97, "2017-12-31": "-10.00000", "2017-09-30": 94, "2017-06-30": -298, "2017-03-31": -58, "2016-12-31": "37.00000", "2016-09-30": -231, "2016-06-30": -188, "2016-03-31": -124, "2015-12-31": "199.00000", "2015-09-30": -193, "2015-06-30": -126, "2015-03-31": 29, "2014-12-31": "-7.00000", "2014-09-30": 23, "2014-06-30": -77, "2014-03-31": 11, "2013-12-31": "25.00000", "2013-09-30": -41, "2013-06-30": -38, "2013-03-31": 15, "2012-12-31": "-9.00000", "2012-09-30": -55, "2012-06-30": -78, "2012-03-31": -31, "2011-12-31": "43.00000", "2011-09-30": 136, "2011-06-30": -140, "2011-03-31": -54, "2010-12-31": "11.00000", "2010-09-30": -17, "2010-06-30": -65, "2010-03-31": -28, "2009-12-31": "93.00000", "2009-09-30": 16, "2009-06-30": 13, "2009-03-31": 149, "2008-12-31": "13.00000", "2008-09-30": 57, "2008-06-30": -135, "2008-03-31": -36, "2007-12-31": "-72.00000", "2007-09-30": 72, "2007-06-30": -141, "2007-03-31": -89, "2006-12-31": "22.00000", "2006-09-30": -25, "2006-06-30": -11, "2006-03-31": -199, "2005-12-31": "92.00000", "2005-09-30": 571, "2005-06-30": -176, "2005-03-31": -585}, "Change In Inventories": {"2020-12-31": "-98.00000", "2020-09-30": 250, "2020-06-30": 56, "2020-03-31": -147, "2019-12-31": "-114.00000", "2019-09-30": 217, "2019-06-30": 32, "2019-03-31": -99, "2018-12-31": "-222.00000", "2018-09-30": 108, "2018-06-30": -2, "2018-03-31": -13, "2017-12-31": "-196.00000", "2017-09-30": 534, "2017-06-30": -215, "2017-03-31": -228, "2016-12-31": "-142.00000", "2016-09-30": 234, "2016-06-30": -65, "2016-03-31": -98, "2015-12-31": "-70.00000", "2015-09-30": -35, "2015-06-30": 30, "2015-03-31": -59, "2014-12-31": "-35.00000", "2014-09-30": -247, "2014-06-30": -35, "2014-03-31": -12, "2013-12-31": "-17.00000", "2013-09-30": 28, "2013-06-30": -38, "2013-03-31": -15, "2012-12-31": "-31.00000", "2012-09-30": 18, "2012-06-30": -54, "2012-03-31": -27, "2011-12-31": "-47.00000", "2011-09-30": 161, "2011-06-30": -24, "2011-03-31": -85, "2010-12-31": "-133.00000", "2010-09-30": -1, "2010-06-30": -61, "2010-03-31": -28, "2009-12-31": "-38.00000", "2009-09-30": 277, "2009-06-30": 154, "2009-03-31": 172, "2008-12-31": "-151.00000", "2008-09-30": 7, "2008-06-30": -24, "2008-03-31": -31, "2007-12-31": "-118.00000", "2007-09-30": 59, "2007-06-30": 14, "2007-03-31": -73, "2006-12-31": "-207.00000", "2006-09-30": 15, "2006-06-30": 344, "2006-03-31": -238, "2005-12-31": "-274.00000", "2005-09-30": 200, "2005-06-30": 17, "2005-03-31": -319}, "Change In Accounts Payable": {"2020-12-31": "", "2020-09-30": 0, "2020-06-30": 0, "2020-03-31": 0, "2019-12-31": "", "2019-09-30": 0, "2019-06-30": 0, "2019-03-31": 0, "2018-12-31": "", "2018-09-30": 0, "2018-06-30": 53, "2018-03-31": -53, "2017-12-31": "", "2017-09-30": 0, "2017-06-30": 0, "2017-03-31": 0, "2016-12-31": "", "2016-09-30": 411, "2016-06-30": 0, "2016-03-31": 394, "2015-12-31": "-394.00000", "2015-09-30": 78, "2015-06-30": 9, "2015-03-31": -46, "2014-12-31": "-41.00000", "2014-09-30": -16, "2014-06-30": 64, "2014-03-31": -7, "2013-12-31": "-41.00000", "2013-09-30": 33, "2013-06-30": 43, "2013-03-31": -26, "2012-12-31": "-61.00000", "2012-09-30": 21, "2012-06-30": 51, "2012-03-31": 6, "2011-12-31": "-34.00000", "2011-09-30": 20, "2011-06-30": 46, "2011-03-31": -20, "2010-12-31": "-79.00000", "2010-09-30": 48, "2010-06-30": 81, "2010-03-31": 27, "2009-12-31": "-75.00000", "2009-09-30": 49, "2009-06-30": -10, "2009-03-31": -201, "2008-12-31": "-175.00000", "2008-09-30": 129, "2008-06-30": 71, "2008-03-31": -67, "2007-12-31": "-139.00000", "2007-09-30": 148, "2007-06-30": -32, "2007-03-31": 5, "2006-12-31": "-56.00000", "2006-09-30": 179, "2006-06-30": -131, "2006-03-31": 140, "2005-12-31": "-25.00000", "2005-09-30": 27, "2005-06-30": 71, "2005-03-31": 140}, "Change In Assets/Liabilities": {"2020-12-31": "-104.00000", "2020-09-30": -19, "2020-06-30": 126, "2020-03-31": -129, "2019-12-31": "-59.00000", "2019-09-30": -74, "2019-06-30": -58, "2019-03-31": 0, "2018-12-31": "-88.00000", "2018-09-30": 130, "2018-06-30": -120, "2018-03-31": -139, "2017-12-31": "-41.00000", "2017-09-30": 219, "2017-06-30": -133, "2017-03-31": -36, "2016-12-31": "-67.00000", "2016-09-30": 268, "2016-06-30": -180, "2016-03-31": 383, "2015-12-31": "-182.00000", "2015-09-30": -23, "2015-06-30": 1, "2015-03-31": -30, "2014-12-31": "-67.00000", "2014-09-30": -170, "2014-06-30": -26, "2014-03-31": 68, "2013-12-31": "-95.00000", "2013-09-30": -96, "2013-06-30": -3, "2013-03-31": 51, "2012-12-31": "-24.00000", "2012-09-30": 19, "2012-06-30": -22, "2012-03-31": 121, "2011-12-31": "-152.00000", "2011-09-30": -23, "2011-06-30": -38, "2011-03-31": 122, "2010-12-31": "-55.00000", "2010-09-30": 133, "2010-06-30": -93, "2010-03-31": 63, "2009-12-31": "-45.00000", "2009-09-30": 70, "2009-06-30": 129, "2009-03-31": -221, "2008-12-31": "28.00000", "2008-09-30": 9, "2008-06-30": 38, "2008-03-31": -2957, "2007-12-31": "-154.00000", "2007-09-30": -36, "2007-06-30": 3014, "2007-03-31": 140, "2006-12-31": "56.00000", "2006-09-30": 132, "2006-06-30": 151, "2006-03-31": -41, "2005-12-31": "-123.00000", "2005-09-30": -343, "2005-06-30": -97, "2005-03-31": 116}, "Total Change In Assets/Liabilities": {"2020-12-31": "135.00000", "2020-09-30": 699, "2020-06-30": 281, "2020-03-31": -258, "2019-12-31": "90.00000", "2019-09-30": -626, "2019-06-30": -40, "2019-03-31": -693, "2018-12-31": "-411.00000", "2018-09-30": 778, "2018-06-30": -172, "2018-03-31": -94, "2017-12-31": "-65.00000", "2017-09-30": 2556, "2017-06-30": -708, "2017-03-31": -248, "2016-12-31": "-2776.00000", "2016-09-30": 3028, "2016-06-30": -628, "2016-03-31": 635, "2015-12-31": "-598.00000", "2015-09-30": 331, "2015-06-30": -61, "2015-03-31": -130, "2014-12-31": "-181.00000", "2014-09-30": 588, "2014-06-30": -215, "2014-03-31": -55, "2013-12-31": "-233.00000", "2013-09-30": -17, "2013-06-30": -72, "2013-03-31": 58, "2012-12-31": "-353.00000", "2012-09-30": -208, "2012-06-30": 78, "2012-03-31": -2, "2011-12-31": "-349.00000", "2011-09-30": 273, "2011-06-30": -46, "2011-03-31": -49, "2010-12-31": "-526.00000", "2010-09-30": -64, "2010-06-30": 55, "2010-03-31": 46, "2009-12-31": "-276.00000", "2009-09-30": 243, "2009-06-30": 59, "2009-03-31": 381, "2008-12-31": "-555.00000", "2008-09-30": 329, "2008-06-30": -115, "2008-03-31": -3063, "2007-12-31": "-811.00000", "2007-09-30": 350, "2007-06-30": 2480, "2007-03-31": 143, "2006-12-31": "-395.00000", "2006-09-30": 734, "2006-06-30": 908, "2006-03-31": -654, "2005-12-31": "-765.00000", "2005-09-30": 823, "2005-06-30": -19, "2005-03-31": -679}, "Cash Flow From Operating Activities": {"2020-12-31": "515.00000", "2020-09-30": 980, "2020-06-30": 833, "2020-03-31": 155, "2019-12-31": "511.00000", "2019-09-30": 1032, "2019-06-30": 608, "2019-03-31": 182, "2018-12-31": "-79.00000", "2018-09-30": 823, "2018-06-30": 557, "2018-03-31": 273, "2017-12-31": "-133.00000", "2017-09-30": 1674, "2017-06-30": 216, "2017-03-31": 366, "2016-12-31": "-1885.00000", "2016-09-30": 1212, "2016-06-30": 75, "2016-03-31": 634, "2015-12-31": "-13.00000", "2015-09-30": 1090, "2015-06-30": 245, "2015-03-31": 169, "2014-12-31": "96.00000", "2014-09-30": 1775, "2014-06-30": 177, "2014-03-31": 320, "2013-12-31": "123.00000", "2013-09-30": 373, "2013-06-30": 268, "2013-03-31": 244, "2012-12-31": "-35.00000", "2012-09-30": 756, "2012-06-30": 776, "2012-03-31": 716, "2011-12-31": "338.00000", "2011-09-30": 816, "2011-06-30": 708, "2011-03-31": 668, "2010-12-31": "236.00000", "2010-09-30": 978, "2010-06-30": 669, "2010-03-31": 631, "2009-12-31": "379.00000", "2009-09-30": 986, "2009-06-30": 666, "2009-03-31": 713, "2008-12-31": "56.00000", "2008-09-30": 1043, "2008-06-30": 683, "2008-03-31": -2439, "2007-12-31": "-177.00000", "2007-09-30": 1011, "2007-06-30": 893, "2007-03-31": 1581, "2006-12-31": "827.00000", "2006-09-30": 2404, "2006-06-30": 1510, "2006-03-31": 981, "2005-12-31": "671.00000", "2005-09-30": 2170, "2005-06-30": 1618, "2005-03-31": 2430}, "Net Change In Property, Plant, And Equipment": {"2020-12-31": "-57.00000", "2020-09-30": -67, "2020-06-30": -19, "2020-03-31": -105, "2019-12-31": "-125.00000", "2019-09-30": -173, "2019-06-30": -113, "2019-03-31": -122, "2018-12-31": "-151.00000", "2018-09-30": -139, "2018-06-30": -188, "2018-03-31": -161, "2017-12-31": "-109.00000", "2017-09-30": 242, "2017-06-30": -357, "2017-03-31": -247, "2016-12-31": "-369.00000", "2016-09-30": -423, "2016-06-30": -251, "2016-03-31": -270, "2015-12-31": "-273.00000", "2015-09-30": -915, "2015-06-30": -60, "2015-03-31": -58, "2014-12-31": "-65.00000", "2014-09-30": -917, "2014-06-30": -74, "2014-03-31": -70, "2013-12-31": "-59.00000", "2013-09-30": -63, "2013-06-30": -65, "2013-03-31": -49, "2012-12-31": "-87.00000", "2012-09-30": 1, "2012-06-30": -109, "2012-03-31": -94, "2011-12-31": "-89.00000", "2011-09-30": 176, "2011-06-30": -185, "2011-03-31": -180, "2010-12-31": "-176.00000", "2010-09-30": 155, "2010-06-30": -173, "2010-03-31": -165, "2009-12-31": "-148.00000", "2009-09-30": -201, "2009-06-30": -162, "2009-03-31": -170, "2008-12-31": "-157.00000", "2008-09-30": -166, "2008-06-30": -186, "2008-03-31": -176, "2007-12-31": "-169.00000", "2007-09-30": -186, "2007-06-30": -168, "2007-03-31": -152, "2006-12-31": "-137.00000", "2006-09-30": -130, "2006-06-30": 319, "2006-03-31": -417, "2005-12-31": "-289.00000", "2005-09-30": 444, "2005-06-30": -312, "2005-03-31": -595}, "Net Change In Intangible Assets": {"2020-12-31": "", "2020-09-30": 0, "2020-06-30": 0, "2020-03-31": 0, "2019-12-31": "", "2019-09-30": 0, "2019-06-30": 0, "2019-03-31": 0, "2018-12-31": "", "2018-09-30": 0, "2018-06-30": 0, "2018-03-31": 0, "2017-12-31": "", "2017-09-30": 0, "2017-06-30": 0, "2017-03-31": 0, "2016-12-31": "", "2016-09-30": 0, "2016-06-30": 0, "2016-03-31": 0, "2015-12-31": "", "2015-09-30": 0, "2015-06-30": 0, "2015-03-31": 0, "2014-12-31": "", "2014-09-30": 0, "2014-06-30": 0, "2014-03-31": 0, "2013-12-31": "", "2013-09-30": 0, "2013-06-30": 0, "2013-03-31": 0, "2012-12-31": "", "2012-09-30": 0, "2012-06-30": 0, "2012-03-31": 0, "2011-12-31": "", "2011-09-30": 0, "2011-06-30": 0, "2011-03-31": 0, "2010-12-31": "", "2010-09-30": 0, "2010-06-30": 0, "2010-03-31": 0, "2009-12-31": "", "2009-09-30": 0, "2009-06-30": 0, "2009-03-31": 0, "2008-12-31": "", "2008-09-30": 0, "2008-06-30": 0, "2008-03-31": 0, "2007-12-31": "", "2007-09-30": 0, "2007-06-30": 0, "2007-03-31": 0, "2006-12-31": "", "2006-09-30": 0, "2006-06-30": 0, "2006-03-31": 0, "2005-12-31": "", "2005-09-30": 0, "2005-06-30": 0, "2005-03-31": 0}, "Net Acquisitions/Divestitures": {"2020-12-31": "11.00000", "2020-09-30": 117, "2020-06-30": -1, "2020-03-31": -10, "2019-12-31": "-48.00000", "2019-09-30": -9, "2019-06-30": 3, "2019-03-31": 0, "2018-12-31": "-7.00000", "2018-09-30": 104, "2018-06-30": -22, "2018-03-31": 88, "2017-12-31": "2011.00000", "2017-09-30": -12, "2017-06-30": 0, "2017-03-31": 130, "2016-12-31": "44.00000", "2016-09-30": 464, "2016-06-30": 14, "2016-03-31": 22, "2015-12-31": "-115.00000", "2015-09-30": 2163, "2015-06-30": -5, "2015-03-31": -378, "2014-12-31": "-156.00000", "2014-09-30": -1425, "2014-06-30": -13, "2014-03-31": -5, "2013-12-31": "-65.00000", "2013-09-30": -142, "2013-06-30": -41, "2013-03-31": -19, "2012-12-31": "-29.00000", "2012-09-30": -10, "2012-06-30": -17, "2012-03-31": -117, "2011-12-31": "-101.00000", "2011-09-30": 291, "2011-06-30": -386, "2011-03-31": -150, "2010-12-31": "568.00000", "2010-09-30": 911, "2010-06-30": -584, "2010-03-31": -112, "2009-12-31": "-278.00000", "2009-09-30": -192, "2009-06-30": -127, "2009-03-31": -108, "2008-12-31": "-162.00000", "2008-09-30": -361, "2008-06-30": -147, "2008-03-31": -102, "2007-12-31": "-112.00000", "2007-09-30": -133, "2007-06-30": -107, "2007-03-31": 192, "2006-12-31": "-113.00000", "2006-09-30": -970, "2006-06-30": -48, "2006-03-31": 820, "2005-12-31": "-169.00000", "2005-09-30": -374, "2005-06-30": 24, "2005-03-31": 37}, "Net Change In Short-term Investments": {"2020-12-31": "", "2020-09-30": 0, "2020-06-30": 0, "2020-03-31": 0, "2019-12-31": "", "2019-09-30": 0, "2019-06-30": 0, "2019-03-31": -15, "2018-12-31": "15.00000", "2018-09-30": 0, "2018-06-30": 0, "2018-03-31": 0, "2017-12-31": "", "2017-09-30": 12, "2017-06-30": -33, "2017-03-31": 0, "2016-12-31": "", "2016-09-30": -48, "2016-06-30": -14, "2016-03-31": 14, "2015-12-31": "", "2015-09-30": -44, "2015-06-30": 0, "2015-03-31": 0, "2014-12-31": "", "2014-09-30": -231, "2014-06-30": 250, "2014-03-31": 0, "2013-12-31": "", "2013-09-30": 0, "2013-06-30": 0, "2013-03-31": 0, "2012-12-31": "", "2012-09-30": 0, "2012-06-30": 0, "2012-03-31": 0, "2011-12-31": "", "2011-09-30": 0, "2011-06-30": 0, "2011-03-31": 0, "2010-12-31": "", "2010-09-30": 58, "2010-06-30": 0, "2010-03-31": 0, "2009-12-31": "", "2009-09-30": 0, "2009-06-30": 0, "2009-03-31": 0, "2008-12-31": "", "2008-09-30": 0, "2008-06-30": 0, "2008-03-31": 0, "2007-12-31": "", "2007-09-30": 0, "2007-06-30": 0, "2007-03-31": 0, "2006-12-31": "", "2006-09-30": 0, "2006-06-30": 0, "2006-03-31": 0, "2005-12-31": "", "2005-09-30": 0, "2005-06-30": 0, "2005-03-31": 0}, "Net Change In Long-Term Investments": {"2020-12-31": "9.00000", "2020-09-30": 1, "2020-06-30": -1, "2020-03-31": 0, "2019-12-31": "", "2019-09-30": 12, "2019-06-30": -1, "2019-03-31": 14, "2018-12-31": "", "2018-09-30": 2, "2018-06-30": 0, "2018-03-31": 4, "2017-12-31": "-7.00000", "2017-09-30": 0, "2017-06-30": 30, "2017-03-31": -24, "2016-12-31": "-6.00000", "2016-09-30": 0, "2016-06-30": 0, "2016-03-31": 0, "2015-12-31": "", "2015-09-30": 7, "2015-06-30": 2, "2015-03-31": -283, "2014-12-31": "274.00000", "2014-09-30": 49, "2014-06-30": -150, "2014-03-31": 21, "2013-12-31": "80.00000", "2013-09-30": 34, "2013-06-30": 1, "2013-03-31": 0, "2012-12-31": "-80.00000", "2012-09-30": -4, "2012-06-30": 5, "2012-03-31": 31, "2011-12-31": "9.00000", "2011-09-30": 26, "2011-06-30": 0, "2011-03-31": 0, "2010-12-31": "", "2010-09-30": 0, "2010-06-30": 0, "2010-03-31": 0, "2009-12-31": "", "2009-09-30": 17, "2009-06-30": 0, "2009-03-31": 0, "2008-12-31": "", "2008-09-30": 32, "2008-06-30": 0, "2008-03-31": 0, "2007-12-31": "", "2007-09-30": 4, "2007-06-30": 0, "2007-03-31": 0, "2006-12-31": "", "2006-09-30": 2, "2006-06-30": -6, "2006-03-31": -32, "2005-12-31": "94.00000", "2005-09-30": -161, "2005-06-30": -37, "2005-03-31": -116}, "Net Change In Investments - Total": {"2020-12-31": "9.00000", "2020-09-30": 1, "2020-06-30": -1, "2020-03-31": 0, "2019-12-31": "", "2019-09-30": 12, "2019-06-30": -1, "2019-03-31": -1, "2018-12-31": "15.00000", "2018-09-30": 2, "2018-06-30": 0, "2018-03-31": 4, "2017-12-31": "-7.00000", "2017-09-30": 12, "2017-06-30": -3, "2017-03-31": -24, "2016-12-31": "-6.00000", "2016-09-30": -48, "2016-06-30": -14, "2016-03-31": 14, "2015-12-31": "", "2015-09-30": -37, "2015-06-30": 2, "2015-03-31": -283, "2014-12-31": "274.00000", "2014-09-30": -182, "2014-06-30": 100, "2014-03-31": 21, "2013-12-31": "80.00000", "2013-09-30": 34, "2013-06-30": 1, "2013-03-31": 0, "2012-12-31": "-80.00000", "2012-09-30": -4, "2012-06-30": 5, "2012-03-31": 31, "2011-12-31": "9.00000", "2011-09-30": 26, "2011-06-30": 0, "2011-03-31": 0, "2010-12-31": "", "2010-09-30": 58, "2010-06-30": 0, "2010-03-31": 0, "2009-12-31": "", "2009-09-30": 17, "2009-06-30": 0, "2009-03-31": 0, "2008-12-31": "", "2008-09-30": 32, "2008-06-30": 0, "2008-03-31": 0, "2007-12-31": "", "2007-09-30": 4, "2007-06-30": 0, "2007-03-31": 0, "2006-12-31": "", "2006-09-30": 2, "2006-06-30": -6, "2006-03-31": -32, "2005-12-31": "94.00000", "2005-09-30": -161, "2005-06-30": -37, "2005-03-31": -116}, "Investing Activities - Other": {"2020-12-31": "", "2020-09-30": 0, "2020-06-30": 0, "2020-03-31": 0, "2019-12-31": "", "2019-09-30": 0, "2019-06-30": 7, "2019-03-31": 0, "2018-12-31": "7.00000", "2018-09-30": 0, "2018-06-30": 0, "2018-03-31": 0, "2017-12-31": "-15.00000", "2017-09-30": -58, "2017-06-30": 0, "2017-03-31": 0, "2016-12-31": "", "2016-09-30": -9, "2016-06-30": -3, "2016-03-31": 1, "2015-12-31": "4.00000", "2015-09-30": 48, "2015-06-30": -8, "2015-03-31": 9, "2014-12-31": "-61.00000", "2014-09-30": -1775, "2014-06-30": 1842, "2014-03-31": -28, "2013-12-31": "-23.00000", "2013-09-30": -39, "2013-06-30": -16, "2013-03-31": -68, "2012-12-31": "8.00000", "2012-09-30": -414, "2012-06-30": -329, "2012-03-31": -288, "2011-12-31": "-260.00000", "2011-09-30": -1303, "2011-06-30": -29, "2011-03-31": 20, "2010-12-31": "262.00000", "2010-09-30": -1460, "2010-06-30": 1, "2010-03-31": -1, "2009-12-31": "9.00000", "2009-09-30": -7, "2009-06-30": 40, "2009-03-31": 5, "2008-12-31": "21.00000", "2008-09-30": 390, "2008-06-30": 491, "2008-03-31": 2986, "2007-12-31": "-23.00000", "2007-09-30": -35, "2007-06-30": -3253, "2007-03-31": -277, "2006-12-31": "-185.00000", "2006-09-30": 270, "2006-06-30": -805, "2006-03-31": 7, "2005-12-31": "-73.00000", "2005-09-30": -583, "2005-06-30": -38, "2005-03-31": -43}, "Cash Flow From Investing Activities": {"2020-12-31": "-37.00000", "2020-09-30": 51, "2020-06-30": -21, "2020-03-31": -115, "2019-12-31": "-173.00000", "2019-09-30": -170, "2019-06-30": -104, "2019-03-31": -123, "2018-12-31": "-136.00000", "2018-09-30": -33, "2018-06-30": -210, "2018-03-31": -69, "2017-12-31": "1880.00000", "2017-09-30": 184, "2017-06-30": -360, "2017-03-31": -141, "2016-12-31": "-331.00000", "2016-09-30": -16, "2016-06-30": -254, "2016-03-31": -233, "2015-12-31": "-384.00000", "2015-09-30": 1259, "2015-06-30": -71, "2015-03-31": -710, "2014-12-31": "-8.00000", "2014-09-30": -4299, "2014-06-30": 1855, "2014-03-31": -82, "2013-12-31": "-67.00000", "2013-09-30": -210, "2013-06-30": -121, "2013-03-31": -136, "2012-12-31": "-188.00000", "2012-09-30": -427, "2012-06-30": -450, "2012-03-31": -468, "2011-12-31": "-441.00000", "2011-09-30": -810, "2011-06-30": -600, "2011-03-31": -310, "2010-12-31": "654.00000", "2010-09-30": -336, "2010-06-30": -756, "2010-03-31": -278, "2009-12-31": "-417.00000", "2009-09-30": -383, "2009-06-30": -249, "2009-03-31": -273, "2008-12-31": "-298.00000", "2008-09-30": -105, "2008-06-30": 158, "2008-03-31": 2708, "2007-12-31": "-304.00000", "2007-09-30": -350, "2007-06-30": -3528, "2007-03-31": -237, "2006-12-31": "-435.00000", "2006-09-30": -828, "2006-06-30": -540, "2006-03-31": 378, "2005-12-31": "-437.00000", "2005-09-30": -674, "2005-06-30": -363, "2005-03-31": -717}, "Net Long-Term Debt": {"2020-12-31": "", "2020-09-30": 2309, "2020-06-30": -840, "2020-03-31": 335, "2019-12-31": "", "2019-09-30": 2333, "2019-06-30": -3889, "2019-03-31": 542, "2018-12-31": "1014.00000", "2018-09-30": 2993, "2018-06-30": -416, "2018-03-31": -385, "2017-12-31": "-1056.00000", "2017-09-30": -743, "2017-06-30": 747, "2017-03-31": 165, "2016-12-31": "556.00000", "2016-09-30": 2325, "2016-06-30": -10, "2016-03-31": -807, "2015-12-31": "-7.00000", "2015-09-30": -462, "2015-06-30": 3, "2015-03-31": 567, "2014-12-31": "", "2014-09-30": 1168, "2014-06-30": 0, "2014-03-31": 0, "2013-12-31": "", "2013-09-30": 0, "2013-06-30": 0, "2013-03-31": 0, "2012-12-31": "", "2012-09-30": -3021, "2012-06-30": 0, "2012-03-31": 0, "2011-12-31": "", "2011-09-30": 2, "2011-06-30": -1, "2011-03-31": 496, "2010-12-31": "-1.00000", "2010-09-30": 0, "2010-06-30": -450, "2010-03-31": -1, "2009-12-31": "490.00000", "2009-09-30": -1, "2009-06-30": 4, "2009-03-31": 876, "2008-12-31": "-345.00000", "2008-09-30": -359, "2008-06-30": -238, "2008-03-31": 414, "2007-12-31": "-3.00000", "2007-09-30": -1, "2007-06-30": -6291, "2007-03-31": -2, "2006-12-31": "", "2006-09-30": -1, "2006-06-30": -1050, "2006-03-31": -8, "2005-12-31": "-7.00000", "2005-09-30": -2266, "2005-06-30": -620, "2005-03-31": -1896}, "Net Current Debt": {"2020-12-31": "-20.00000", "2020-09-30": -2731, "2020-06-30": 1814, "2020-03-31": -512, "2019-12-31": "10.00000", "2019-09-30": -2343, "2019-06-30": -1274, "2019-03-31": -12, "2018-12-31": "", "2018-09-30": -3955, "2018-06-30": 450, "2018-03-31": -103, "2017-12-31": "", "2017-09-30": 0, "2017-06-30": -55, "2017-03-31": 55, "2016-12-31": "", "2016-09-30": -2828, "2016-06-30": 945, "2016-03-31": 619, "2015-12-31": "521.00000", "2015-09-30": -67, "2015-06-30": 0, "2015-03-31": -1, "2014-12-31": "", "2014-09-30": 74, "2014-06-30": -1, "2014-03-31": -160, "2013-12-31": "160.00000", "2013-09-30": -19, "2013-06-30": -10, "2013-03-31": -1, "2012-12-31": "", "2012-09-30": 0, "2012-06-30": -1, "2012-03-31": -35, "2011-12-31": "35.00000", "2011-09-30": -40, "2011-06-30": 40, "2011-03-31": -516, "2010-12-31": "-16.00000", "2010-09-30": 67, "2010-06-30": 1, "2010-03-31": -1, "2009-12-31": "-242.00000", "2009-09-30": 26, "2009-06-30": -1, "2009-03-31": -1002, "2008-12-31": "451.00000", "2008-09-30": 12, "2008-06-30": -2, "2008-03-31": -382, "2007-12-31": "11.00000", "2007-09-30": 0, "2007-06-30": 171, "2007-03-31": 197, "2006-12-31": "-2.00000", "2006-09-30": -10, "2006-06-30": 1177, "2006-03-31": -1189, "2005-12-31": "-2.00000", "2005-09-30": 1908, "2005-06-30": -734, "2005-03-31": -1182}, "Debt Issuance/Retirement Net - Total": {"2020-12-31": "-20.00000", "2020-09-30": -422, "2020-06-30": 974, "2020-03-31": -177, "2019-12-31": "10.00000", "2019-09-30": -10, "2019-06-30": -5163, "2019-03-31": 530, "2018-12-31": "1014.00000", "2018-09-30": -962, "2018-06-30": 34, "2018-03-31": -488, "2017-12-31": "-1056.00000", "2017-09-30": -743, "2017-06-30": 692, "2017-03-31": 220, "2016-12-31": "556.00000", "2016-09-30": -503, "2016-06-30": 935, "2016-03-31": -188, "2015-12-31": "514.00000", "2015-09-30": -529, "2015-06-30": 3, "2015-03-31": 566, "2014-12-31": "", "2014-09-30": 1242, "2014-06-30": -1, "2014-03-31": -160, "2013-12-31": "160.00000", "2013-09-30": -19, "2013-06-30": -10, "2013-03-31": -1, "2012-12-31": "", "2012-09-30": -3021, "2012-06-30": -1, "2012-03-31": -35, "2011-12-31": "35.00000", "2011-09-30": -38, "2011-06-30": 39, "2011-03-31": -20, "2010-12-31": "-17.00000", "2010-09-30": 67, "2010-06-30": -449, "2010-03-31": -2, "2009-12-31": "248.00000", "2009-09-30": 25, "2009-06-30": 3, "2009-03-31": -126, "2008-12-31": "106.00000", "2008-09-30": -347, "2008-06-30": -240, "2008-03-31": 32, "2007-12-31": "8.00000", "2007-09-30": -1, "2007-06-30": -6120, "2007-03-31": 195, "2006-12-31": "-2.00000", "2006-09-30": -11, "2006-06-30": 127, "2006-03-31": -1197, "2005-12-31": "-9.00000", "2005-09-30": -358, "2005-06-30": -1354, "2005-03-31": -3078}, "Net Common Equity Issued/Repurchased": {"2020-12-31": "-315.00000", "2020-09-30": -704, "2020-06-30": 3, "2020-03-31": -798, "2019-12-31": "-630.00000", "2019-09-30": -801, "2019-06-30": -4062, "2019-03-31": -495, "2018-12-31": "-454.00000", "2018-09-30": -18, "2018-06-30": -53, "2018-03-31": -29, "2017-12-31": "-134.00000", "2017-09-30": -198, "2017-06-30": -265, "2017-03-31": -60, "2016-12-31": "29.00000", "2016-09-30": 10, "2016-06-30": -461, "2016-03-31": 4, "2015-12-31": "16.00000", "2015-09-30": -740, "2015-06-30": 13, "2015-03-31": 24, "2014-12-31": "-384.00000", "2014-09-30": -336, "2014-06-30": -539, "2014-03-31": 22, "2013-12-31": "-210.00000", "2013-09-30": 28, "2013-06-30": -69, "2013-03-31": -102, "2012-12-31": "-4.00000", "2012-09-30": 86, "2012-06-30": -148, "2012-03-31": -41, "2011-12-31": "-171.00000", "2011-09-30": 12, "2011-06-30": -252, "2011-03-31": -458, "2010-12-31": "-478.00000", "2010-09-30": -608, "2010-06-30": -252, "2010-03-31": 3, "2009-12-31": "6.00000", "2009-09-30": 0, "2009-06-30": 0, "2009-03-31": 1, "2008-12-31": "-3.00000", "2008-09-30": -281, "2008-06-30": -260, "2008-03-31": -240, "2007-12-31": "-216.00000", "2007-09-30": -41, "2007-06-30": 176, "2007-03-31": 84, "2006-12-31": "-540.00000", "2006-09-30": -581, "2006-06-30": -1032, "2006-03-31": -527, "2005-12-31": "-155.00000", "2005-09-30": -244, "2005-06-30": 52, "2005-03-31": 118}, "Net Total Equity Issued/Repurchased": {"2020-12-31": "-315.00000", "2020-09-30": -704, "2020-06-30": 3, "2020-03-31": -798, "2019-12-31": "-630.00000", "2019-09-30": -801, "2019-06-30": -4062, "2019-03-31": -495, "2018-12-31": "-454.00000", "2018-09-30": -18, "2018-06-30": -53, "2018-03-31": -29, "2017-12-31": "-134.00000", "2017-09-30": -198, "2017-06-30": -265, "2017-03-31": -60, "2016-12-31": "29.00000", "2016-09-30": 10, "2016-06-30": -461, "2016-03-31": 4, "2015-12-31": "16.00000", "2015-09-30": -740, "2015-06-30": 13, "2015-03-31": 24, "2014-12-31": "-384.00000", "2014-09-30": -336, "2014-06-30": -539, "2014-03-31": 22, "2013-12-31": "-210.00000", "2013-09-30": 28, "2013-06-30": -69, "2013-03-31": -102, "2012-12-31": "-4.00000", "2012-09-30": 86, "2012-06-30": -148, "2012-03-31": -41, "2011-12-31": "-171.00000", "2011-09-30": 12, "2011-06-30": -252, "2011-03-31": -458, "2010-12-31": "-478.00000", "2010-09-30": -608, "2010-06-30": -252, "2010-03-31": 3, "2009-12-31": "6.00000", "2009-09-30": 0, "2009-06-30": 0, "2009-03-31": 1, "2008-12-31": "-3.00000", "2008-09-30": -281, "2008-06-30": -260, "2008-03-31": -240, "2007-12-31": "-216.00000", "2007-09-30": -41, "2007-06-30": 176, "2007-03-31": 84, "2006-12-31": "-540.00000", "2006-09-30": -581, "2006-06-30": -1032, "2006-03-31": -527, "2005-12-31": "-155.00000", "2005-09-30": -244, "2005-06-30": 52, "2005-03-31": 118}, "Total Common And Preferred Stock Dividends Paid": {"2020-12-31": "-190.00000", "2020-09-30": -241, "2020-06-30": -256, "2020-03-31": -199, "2019-12-31": "-208.00000", "2019-09-30": -208, "2019-06-30": -233, "2019-03-31": -328, "2018-12-31": "-283.00000", "2018-09-30": -240, "2018-06-30": -241, "2018-03-31": -284, "2017-12-31": "-232.00000", "2017-09-30": -212, "2017-06-30": -234, "2017-03-31": -282, "2016-12-31": "-31.00000", "2016-09-30": -437, "2016-06-30": -201, "2016-03-31": -261, "2015-12-31": "-322.00000", "2015-09-30": -488, "2015-06-30": -86, "2015-03-31": -76, "2014-12-31": "-75.00000", "2014-09-30": -392, "2014-06-30": -83, "2014-03-31": -74, "2013-12-31": "-74.00000", "2013-09-30": -74, "2013-06-30": -74, "2013-03-31": -70, "2012-12-31": "-70.00000", "2012-09-30": -115, "2012-06-30": -115, "2012-03-31": -115, "2011-12-31": "-116.00000", "2011-09-30": -116, "2011-06-30": -118, "2011-03-31": -111, "2010-12-31": "-113.00000", "2010-09-30": -105, "2010-06-30": -97, "2010-03-31": -107, "2009-12-31": "-107.00000", "2009-09-30": -101, "2009-06-30": -98, "2009-03-31": -94, "2008-12-31": "-95.00000", "2008-09-30": -71, "2008-06-30": -73, "2008-03-31": -74, "2007-12-31": "-74.00000", "2007-09-30": 0, "2007-06-30": -396, "2007-03-31": -196, "2006-12-31": "-199.00000", "2006-09-30": -201, "2006-06-30": -203, "2006-03-31": -202, "2005-12-31": "-200.00000", "2005-09-30": -201, "2005-06-30": -202, "2005-03-31": -225}, "Financial Activities - Other": {"2020-12-31": "-22.00000", "2020-09-30": -141, "2020-06-30": -1, "2020-03-31": -12, "2019-12-31": "-22.00000", "2019-09-30": 0, "2019-06-30": -3, "2019-03-31": -2, "2018-12-31": "-21.00000", "2018-09-30": -4, "2018-06-30": -2, "2018-03-31": -12, "2017-12-31": "-28.00000", "2017-09-30": -1393, "2017-06-30": -40, "2017-03-31": -98, "2016-12-31": "1410.00000", "2016-09-30": -56, "2016-06-30": 1, "2016-03-31": -3, "2015-12-31": "6.00000", "2015-09-30": 0, "2015-06-30": -3, "2015-03-31": -8, "2014-12-31": "-38.00000", "2014-09-30": 43, "2014-06-30": 0, "2014-03-31": -1, "2013-12-31": "-9.00000", "2013-09-30": 5, "2013-06-30": -18, "2013-03-31": -1, "2012-12-31": "-16.00000", "2012-09-30": 3023, "2012-06-30": -4, "2012-03-31": -2, "2011-12-31": "-19.00000", "2011-09-30": -70, "2011-06-30": -1, "2011-03-31": 2, "2010-12-31": "8.00000", "2010-09-30": -64, "2010-06-30": -11, "2010-03-31": 10, "2009-12-31": "12.00000", "2009-09-30": 8, "2009-06-30": 6, "2009-03-31": -7, "2008-12-31": "2.00000", "2008-09-30": -4, "2008-06-30": 4, "2008-03-31": 1, "2007-12-31": "-69.00000", "2007-09-30": -10, "2007-06-30": 7638, "2007-03-31": 18, "2006-12-31": "1.00000", "2006-09-30": -5, "2006-06-30": -147, "2006-03-31": -118, "2005-12-31": "3.00000", "2005-09-30": -194, "2005-06-30": -14, "2005-03-31": -98}, "Cash Flow From Financial Activities": {"2020-12-31": "-547.00000", "2020-09-30": -1508, "2020-06-30": 720, "2020-03-31": -1186, "2019-12-31": "-850.00000", "2019-09-30": -1019, "2019-06-30": -9461, "2019-03-31": -295, "2018-12-31": "256.00000", "2018-09-30": -1224, "2018-06-30": -262, "2018-03-31": -813, "2017-12-31": "-1450.00000", "2017-09-30": -2546, "2017-06-30": 153, "2017-03-31": -220, "2016-12-31": "1964.00000", "2016-09-30": -986, "2016-06-30": 274, "2016-03-31": -448, "2015-12-31": "214.00000", "2015-09-30": -1757, "2015-06-30": -73, "2015-03-31": 506, "2014-12-31": "-497.00000", "2014-09-30": 557, "2014-06-30": -623, "2014-03-31": -213, "2013-12-31": "-133.00000", "2013-09-30": -60, "2013-06-30": -171, "2013-03-31": -174, "2012-12-31": "-90.00000", "2012-09-30": -27, "2012-06-30": -268, "2012-03-31": -193, "2011-12-31": "-271.00000", "2011-09-30": -212, "2011-06-30": -332, "2011-03-31": -587, "2010-12-31": "-600.00000", "2010-09-30": -710, "2010-06-30": -809, "2010-03-31": -96, "2009-12-31": "159.00000", "2009-09-30": -68, "2009-06-30": -89, "2009-03-31": -226, "2008-12-31": "10.00000", "2008-09-30": -703, "2008-06-30": -569, "2008-03-31": -281, "2007-12-31": "-351.00000", "2007-09-30": -52, "2007-06-30": 1298, "2007-03-31": 101, "2006-12-31": "-740.00000", "2006-09-30": -798, "2006-06-30": -1255, "2006-03-31": -2044, "2005-12-31": "-361.00000", "2005-09-30": -997, "2005-06-30": -1518, "2005-03-31": -3283}, "Net Cash Flow": {"2020-12-31": "-116.00000", "2020-09-30": -395, "2020-06-30": 1336, "2020-03-31": -1153, "2019-12-31": "-649.00000", "2019-09-30": -880, "2019-06-30": 3443, "2019-03-31": -54, "2018-12-31": "112.00000", "2018-09-30": -86, "2018-06-30": 22, "2018-03-31": -287, "2017-12-31": "219.00000", "2017-09-30": -201, "2017-06-30": 46, "2017-03-31": 35, "2016-12-31": "-202.00000", "2016-09-30": 232, "2016-06-30": 55, "2016-03-31": -64, "2015-12-31": "-197.00000", "2015-09-30": 550, "2015-06-30": 99, "2015-03-31": -41, "2014-12-31": "-419.00000", "2014-09-30": -1995, "2014-06-30": 1417, "2014-03-31": 16, "2013-12-31": "-84.00000", "2013-09-30": 108, "2013-06-30": 25, "2013-03-31": -71, "2012-12-31": "-343.00000", "2012-09-30": -78, "2012-06-30": 88, "2012-03-31": 35, "2011-12-31": "-430.00000", "2011-09-30": -206, "2011-06-30": -211, "2011-03-31": -222, "2010-12-31": "287.00000", "2010-09-30": -3, "2010-06-30": -910, "2010-03-31": 260, "2009-12-31": "119.00000", "2009-09-30": 575, "2009-06-30": 360, "2009-03-31": 226, "2008-12-31": "-326.00000", "2008-09-30": 177, "2008-06-30": 268, "2008-03-31": 5, "2007-12-31": "-825.00000", "2007-09-30": 584, "2007-06-30": -1887, "2007-03-31": 1370, "2006-12-31": "-366.00000", "2006-09-30": 631, "2006-06-30": -399, "2006-03-31": -686, "2005-12-31": "-132.00000", "2005-09-30": 678, "2005-06-30": -276, "2005-03-31": -1541}, "Stock-Based Compensation": {"2020-12-31": "22.00000", "2020-09-30": 13, "2020-06-30": 23, "2020-03-31": 15, "2019-12-31": "23.00000", "2019-09-30": 29, "2019-06-30": 24, "2019-03-31": 24, "2018-12-31": "18.00000", "2018-09-30": 29, "2018-06-30": 27, "2018-03-31": 23, "2017-12-31": "27.00000", "2017-09-30": 20, "2017-06-30": 33, "2017-03-31": 44, "2016-12-31": "37.00000", "2016-09-30": 66, "2016-06-30": 25, "2016-03-31": 23, "2015-12-31": "28.00000", "2015-09-30": 46, "2015-06-30": 14, "2015-03-31": 15, "2014-12-31": "15.00000", "2014-09-30": 34, "2014-06-30": 17, "2014-03-31": 16, "2013-12-31": "15.00000", "2013-09-30": 16, "2013-06-30": 16, "2013-03-31": 17, "2012-12-31": "14.00000", "2012-09-30": 48, "2012-06-30": 23, "2012-03-31": 21, "2011-12-31": "21.00000", "2011-09-30": 3, "2011-06-30": 27, "2011-03-31": 28, "2010-12-31": "31.00000", "2010-09-30": 7, "2010-06-30": 30, "2010-03-31": 31, "2009-12-31": "31.00000", "2009-09-30": 27, "2009-06-30": 24, "2009-03-31": 23, "2008-12-31": "29.00000", "2008-09-30": 21, "2008-06-30": 21, "2008-03-31": 22, "2007-12-31": "35.00000", "2007-09-30": 52, "2007-06-30": 40, "2007-03-31": 36, "2006-12-31": "45.00000", "2006-09-30": 35, "2006-06-30": -30, "2006-03-31": 73, "2005-12-31": "73.00000", "2005-09-30": 17, "2005-06-30": 21, "2005-03-31": 34}, "Common Stock Dividends Paid": {"2020-12-31": "-190.00000", "2020-09-30": -241, "2020-06-30": -256, "2020-03-31": -199, "2019-12-31": "-208.00000", "2019-09-30": -208, "2019-06-30": -233, "2019-03-31": -328, "2018-12-31": "-283.00000", "2018-09-30": -240, "2018-06-30": -241, "2018-03-31": -284, "2017-12-31": "-232.00000", "2017-09-30": -212, "2017-06-30": -234, "2017-03-31": -282, "2016-12-31": "-31.00000", "2016-09-30": -437, "2016-06-30": -201, "2016-03-31": -261, "2015-12-31": "-322.00000", "2015-09-30": -488, "2015-06-30": -86, "2015-03-31": -76, "2014-12-31": "-75.00000", "2014-09-30": -392, "2014-06-30": -83, "2014-03-31": -74, "2013-12-31": "-74.00000", "2013-09-30": -74, "2013-06-30": -74, "2013-03-31": -70, "2012-12-31": "-70.00000", "2012-09-30": -115, "2012-06-30": -115, "2012-03-31": -115, "2011-12-31": "-116.00000", "2011-09-30": -116, "2011-06-30": -118, "2011-03-31": -111, "2010-12-31": "-113.00000", "2010-09-30": -105, "2010-06-30": -97, "2010-03-31": -107, "2009-12-31": "-107.00000", "2009-09-30": -101, "2009-06-30": -98, "2009-03-31": -94, "2008-12-31": "-95.00000", "2008-09-30": -71, "2008-06-30": -73, "2008-03-31": -74, "2007-12-31": "-74.00000", "2007-09-30": 0, "2007-06-30": -396, "2007-03-31": -196, "2006-12-31": "-199.00000", "2006-09-30": -201, "2006-06-30": -203, "2006-03-31": -202, "2005-12-31": "-200.00000", "2005-09-30": -201, "2005-06-30": -202, "2005-03-31": -225}}, "financial ratios": {"Current Ratio": {"2020-09-30": "1.21880", "2019-09-30": "1.36640", "2018-09-30": "1.05090", "2017-09-30": "1.03700", "2016-09-30": "1.04760", "2015-09-30": "1.00220", "2014-09-30": "1.37650", "2013-09-30": "1.45030", "2012-09-30": "1.40560", "2011-09-30": "3.22520", "2010-09-30": "1.39580", "2009-09-30": "1.69410", "2008-09-30": "1.48270", "2007-09-30": "1.37770", "2006-09-30": "3.08200", "2005-09-30": "1.58030"}, "Long-term Debt / Capital": {"2020-09-30": "0.28880", "2019-09-30": "0.24360", "2018-09-30": "0.30000", "2017-09-30": "0.35890", "2016-09-30": "0.30580", "2015-09-30": "0.35370", "2014-09-30": "0.23610", "2013-09-30": "0.21980", "2012-09-30": "0.22820", "2011-09-30": "0.22480", "2010-09-30": "0.20570", "2009-09-30": "0.23720", "2008-09-30": "0.19310", "2007-09-30": "0.20710", "2006-09-30": "0.20010", "2005-09-30": "0.24580"}, "Debt/Equity Ratio": {"2020-09-30": "0.42190", "2019-09-30": "0.34660", "2018-09-30": "0.48670", "2017-09-30": "0.63520", "2016-09-30": "0.50850", "2015-09-30": "0.62960", "2014-09-30": "0.31330", "2013-09-30": "0.28570", "2012-09-30": "0.29760", "2011-09-30": "0.29010", "2010-09-30": "0.29700", "2009-09-30": "0.32990", "2008-09-30": "0.27520", "2007-09-30": "0.28560", "2006-09-30": "0.27200", "2005-09-30": "0.38530"}, "Gross Margin": {"2020-09-30": "33.20790", "2019-09-30": "32.09700", "2018-09-30": "32.76500", "2017-09-30": "32.97570", "2016-09-30": "27.13440", "2015-09-30": "26.49710", "2014-09-30": "16.27140", "2013-09-30": "36.47840", "2012-09-30": "36.15040", "2011-09-30": "34.73530", "2010-09-30": "32.81310", "2009-09-30": "35.61190", "2008-09-30": "35.23540", "2007-09-30": "33.88000", "2006-09-30": "34.24350", "2005-09-30": "35.58360"}, "Operating Margin": {"2020-09-30": "4.31510", "2019-09-30": "5.06510", "2018-09-30": "7.56410", "2017-09-30": "6.39370", "2016-09-30": "5.64380", "2015-09-30": "6.57890", "2014-09-30": "4.55500", "2013-09-30": "7.07890", "2012-09-30": "5.84310", "2011-09-30": "9.30190", "2010-09-30": "5.58080", "2009-09-30": "-8.92070", "2008-09-30": "9.60830", "2007-09-30": "-9.37380", "2006-09-30": "7.93980", "2005-09-30": "7.14670"}, "EBIT Margin": {"2020-09-30": "4.31510", "2019-09-30": "5.06510", "2018-09-30": "7.56410", "2017-09-30": "6.39370", "2016-09-30": "5.64380", "2015-09-30": "6.57890", "2014-09-30": "4.55500", "2013-09-30": "7.07890", "2012-09-30": "5.84310", "2011-09-30": "9.30190", "2010-09-30": "5.58080", "2009-09-30": "-8.92070", "2008-09-30": "9.60830", "2007-09-30": "-9.37380", "2006-09-30": "7.93980", "2005-09-30": "7.14670"}, "EBITDA Margin": {"2020-09-30": "7.99840", "2019-09-30": "8.50720", "2018-09-30": "11.08550", "2017-09-30": "10.41820", "2016-09-30": "10.21740", "2015-09-30": "11.60820", "2014-09-30": "7.01950", "2013-09-30": "10.84710", "2012-09-30": "9.67450", "2011-09-30": "13.28980", "2010-09-30": "9.81850", "2009-09-30": "13.92020", "2008-09-30": "15.77560", "2007-09-30": "-2.80350", "2006-09-30": "14.88930", "2005-09-30": "14.44340"}, "Pre-Tax Profit Margin": {"2020-09-30": "4.04620", "2019-09-30": "4.40590", "2018-09-30": "6.60680", "2017-09-30": "5.04050", "2016-09-30": "5.09190", "2015-09-30": "5.44440", "2014-09-30": "4.94460", "2013-09-30": "5.95550", "2012-09-30": "-0.67730", "2011-09-30": "7.23690", "2010-09-30": "2.58620", "2009-09-30": "-10.48450", "2008-09-30": "7.03900", "2007-09-30": "-11.88510", "2006-09-30": "6.57450", "2005-09-30": "3.67240"}, "Net Profit Margin": {"2020-09-30": "2.82740", "2019-09-30": "23.67320", "2018-09-30": "9.23930", "2017-09-30": "7.05500", "2016-09-30": "-4.16570", "2015-09-30": "9.14040", "2014-09-30": "3.13560", "2013-09-30": "5.32910", "2012-09-30": "4.77150", "2011-09-30": "16.28300", "2010-09-30": "10.25410", "2009-09-30": "-10.65040", "2008-09-30": "7.87010", "2007-09-30": "-9.42790", "2006-09-30": "21.03600", "2005-09-30": "18.56590"}, "Asset Turnover": {"2020-09-30": "0.54680", "2019-09-30": "0.56680", "2018-09-30": "0.47950", "2017-09-30": "0.44010", "2016-09-30": "0.32980", "2015-09-30": "0.57730", "2014-09-30": "3.28130", "2013-09-30": "0.82610", "2012-09-30": "0.80000", "2011-09-30": "0.39540", "2010-09-30": "0.40620", "2009-09-30": "0.66070", "2008-09-30": "0.68510", "2007-09-30": "0.56310", "2006-09-30": "0.27080", "2005-09-30": "0.26580"}, "Inventory Turnover Ratio": {"2020-09-30": "8.40720", "2019-09-30": "8.97190", "2018-09-30": "8.64930", "2017-09-30": "4.76940", "2016-09-30": "5.25730", "2015-09-30": "5.28780", "2014-09-30": "51.91040", "2013-09-30": "9.90540", "2012-09-30": "9.96210", "2011-09-30": "12.78290", "2010-09-30": "5.13100", "2009-09-30": "7.93430", "2008-09-30": "6.80870", "2007-09-30": "6.85190", "2006-09-30": "6.93140", "2005-09-30": "2.59050"}, "Receiveable Turnover": {"2020-09-30": "4.21550", "2019-09-30": "4.15390", "2018-09-30": "4.16220", "2017-09-30": "3.42560", "2016-09-30": "3.25880", "2015-09-30": "2.97340", "2014-09-30": "22.34660", "2013-09-30": "5.90260", "2012-09-30": "5.83250", "2011-09-30": "6.82420", "2010-09-30": "4.42040", "2009-09-30": "6.63600", "2008-09-30": "6.60850", "2007-09-30": "6.37140", "2006-09-30": "6.21030", "2005-09-30": "2.50340"}, "Days Sales In Receivables": {"2020-09-30": "86.58470", "2019-09-30": "87.86920", "2018-09-30": "87.69360", "2017-09-30": "106.55090", "2016-09-30": "112.00320", "2015-09-30": "122.75530", "2014-09-30": "16.33360", "2013-09-30": "61.83740", "2012-09-30": "62.57990", "2011-09-30": "53.48630", "2010-09-30": "82.57210", "2009-09-30": "55.00300", "2008-09-30": "55.23190", "2007-09-30": "57.28740", "2006-09-30": "58.77300", "2005-09-30": "145.80290"}, "ROE - Return On Equity": {"2020-09-30": "4.28960", "2019-09-30": "6.18850", "2018-09-30": "6.00680", "2017-09-30": "3.87980", "2016-09-30": "3.44360", "2015-09-30": "8.19200", "2014-09-30": "32.31260", "2013-09-30": "8.65070", "2012-09-30": "-8.24350", "2011-09-30": "4.36630", "2010-09-30": "2.14170", "2009-09-30": "-14.21180", "2008-09-30": "6.86070", "2007-09-30": "-16.15460", "2006-09-30": "2.30880", "2005-09-30": "1.78690"}, "Return On Tangible Equity": {"2020-09-30": "-16.71920", "2019-09-30": "-43.24050", "2018-09-30": "-63.93370", "2017-09-30": "-16.37690", "2016-09-30": "-24.87050", "2015-09-30": "39.85170", "2014-09-30": "-920.12190", "2013-09-30": "263.69050", "2012-09-30": "322.65630", "2011-09-30": "6.73860", "2010-09-30": "28.01480", "2009-09-30": "-121.11840", "2008-09-30": "89.02850", "2007-09-30": "-171.46740", "2006-09-30": "3.82420", "2005-09-30": "20.22280"}, "ROA - Return On Assets": {"2020-09-30": "1.94780", "2019-09-30": "3.04820", "2018-09-30": "2.76450", "2017-09-30": "1.59780", "2016-09-30": "1.36750", "2015-09-30": "2.90320", "2014-09-30": "12.77840", "2013-09-30": "3.63830", "2012-09-30": "-3.34010", "2011-09-30": "2.31440", "2010-09-30": "1.11320", "2009-09-30": "-7.20460", "2008-09-30": "3.69050", "2007-09-30": "-7.69160", "2006-09-30": "1.29660", "2005-09-30": "0.92680"}, "ROI - Return On Investment": {"2020-09-30": "3.05080", "2019-09-30": "4.68100", "2018-09-30": "4.20500", "2017-09-30": "2.48720", "2016-09-30": "2.39050", "2015-09-30": "5.29460", "2014-09-30": "24.68510", "2013-09-30": "6.74890", "2012-09-30": "-6.36270", "2011-09-30": "3.38460", "2010-09-30": "1.70110", "2009-09-30": "-10.84030", "2008-09-30": "5.53560", "2007-09-30": "-12.80830", "2006-09-30": "1.84670", "2005-09-30": "1.34760"}, "Book Value Per Share": {"2020-09-30": "25.51970", "2019-09-30": "26.78520", "2018-09-30": "24.27870", "2017-09-30": "23.02540", "2016-09-30": "26.81140", "2015-09-30": "16.21650", "2014-09-30": "11.45470", "2013-09-30": "11.57020", "2012-09-30": "11.35050", "2011-09-30": "31.89880", "2010-09-30": "30.23190", "2009-09-30": "28.60700", "2008-09-30": "33.96520", "2007-09-30": "32.96420", "2006-09-30": "74.40210", "2005-09-30": "67.59230"}, "Operating Cash Flow Per Share": {"2020-09-30": 1.2959, "2019-09-30": 0.3622, "2018-09-30": 1.2386, "2017-09-30": -2.444, "2016-09-30": 0.4181, "2015-09-30": -1.1305, "2014-09-30": 1.6635, "2013-09-30": -3.9628, "2012-09-30": 0.5408, "2011-09-30": -0.3935, "2010-09-30": 0.3416, "2009-09-30": 7.2693, "2008-09-30": -11.0313, "2007-09-30": -2.0651, "2006-09-30": -0.8262, "2005-09-30": 12.0129}, "Free Cash Flow Per Share": {"2020-09-30": 1.516, "2019-09-30": 0.3635, "2018-09-30": 1.3718, "2017-09-30": -1.4085, "2016-09-30": 0.2685, "2015-09-30": -1.1305, "2014-09-30": 0.5894, "2013-09-30": -3.8904, "2012-09-30": 0.6806, "2011-09-30": -0.4812, "2010-09-30": 1.1589, "2009-09-30": 7.2374, "2008-09-30": -11.1667, "2007-09-30": -2.3862, "2006-09-30": -0.9708, "2005-09-30": 11.1184}}, "financial ratios, quarterly": {"Current Ratio": {"2020-12-31": "1.18240", "2020-09-30": "1.21880", "2020-06-30": "1.08110", "2020-03-31": "1.04690", "2019-12-31": "1.16800", "2019-09-30": "1.36640", "2019-06-30": "1.41120", "2019-03-31": "0.95500", "2018-12-31": "1.02590", "2018-09-30": "1.05090", "2018-06-30": "1.10300", "2018-03-31": "1.11640", "2017-12-31": "1.10520", "2017-09-30": "1.03700", "2017-06-30": "1.21250", "2017-03-31": "1.23150", "2016-12-31": "0.95700", "2016-09-30": "1.04760", "2016-06-30": "1.22660", "2016-03-31": "1.13300", "2015-12-31": "1.14140", "2015-09-30": "1.00220", "2015-06-30": "1.20640", "2015-03-31": "1.17220", "2014-12-31": "1.17010", "2014-09-30": "1.37650", "2014-06-30": "1.75480", "2014-03-31": "1.40140", "2013-12-31": "1.26680", "2013-09-30": "1.45030", "2013-06-30": "1.26340", "2013-03-31": "1.33310", "2012-12-31": "1.49210", "2012-09-30": "1.40560", "2012-06-30": "1.53310", "2012-03-31": "1.50790", "2011-12-31": "1.54000", "2011-09-30": "3.22520", "2011-06-30": "1.47640", "2011-03-31": "1.51350", "2010-12-31": "1.51190", "2010-09-30": "1.39580", "2010-06-30": "1.47790", "2010-03-31": "1.68180", "2009-12-31": "1.97010", "2009-09-30": "1.69410", "2009-06-30": "1.67490", "2009-03-31": "1.55810", "2008-12-31": "1.71300", "2008-09-30": "1.48270", "2008-06-30": "1.57500", "2008-03-31": "1.52640", "2007-12-31": "1.32750", "2007-09-30": "1.37770", "2007-06-30": "1.31600", "2007-03-31": "1.80180", "2006-12-31": "1.66660", "2006-09-30": "3.08200", "2006-06-30": "1.62480", "2006-03-31": "1.74380", "2005-12-31": "1.61590", "2005-09-30": "1.58030", "2005-06-30": "1.74190", "2005-03-31": "1.64270"}, "Long-term Debt / Capital": {"2020-12-31": "0.28410", "2020-09-30": "0.28880", "2020-06-30": "0.23110", "2020-03-31": "0.22810", "2019-12-31": "0.22470", "2019-09-30": "0.24360", "2019-06-30": "0.24120", "2019-03-31": "0.28330", "2018-12-31": "0.30930", "2018-09-30": "0.30000", "2018-06-30": "0.32230", "2018-03-31": "0.33380", "2017-12-31": "0.33630", "2017-09-30": "0.35890", "2017-06-30": "0.36350", "2017-03-31": "0.36890", "2016-12-31": "0.33670", "2016-09-30": "0.30580", "2016-06-30": "0.33050", "2016-03-31": "0.34070", "2015-12-31": "0.34660", "2015-09-30": "0.35370", "2015-06-30": "0.28670", "2015-03-31": "0.29050", "2014-12-31": "0.21650", "2014-09-30": "0.23610", "2014-06-30": "0.19310", "2014-03-31": "0.22190", "2013-12-31": "0.21870", "2013-09-30": "0.21980", "2013-06-30": "0.23640", "2013-03-31": "0.23840", "2012-12-31": "0.22350", "2012-09-30": "0.22820", "2012-06-30": "0.22350", "2012-03-31": "0.22100", "2011-12-31": "0.22460", "2011-09-30": "0.22480", "2011-06-30": "0.22620", "2011-03-31": "0.22910", "2010-12-31": "0.20380", "2010-09-30": "0.20570", "2010-06-30": "0.20440", "2010-03-31": "0.23610", "2009-12-31": "0.25450", "2009-09-30": "0.23720", "2009-06-30": "0.25120", "2009-03-31": "0.26220", "2008-12-31": "0.21720", "2008-09-30": "0.19310", "2008-06-30": "0.20220", "2008-03-31": "0.19930", "2007-12-31": "0.19360", "2007-09-30": "0.20710", "2007-06-30": "0.21160", "2007-03-31": "0.18930", "2006-12-31": "0.19340", "2006-09-30": "0.20010", "2006-06-30": "0.19920", "2006-03-31": "0.21280", "2005-12-31": "0.24470", "2005-09-30": "0.24580", "2005-06-30": "0.27250", "2005-03-31": "0.28320"}, "Debt/Equity Ratio": {"2020-12-31": "0.42150", "2020-09-30": "0.42190", "2020-06-30": "0.42890", "2020-03-31": "0.37040", "2019-12-31": "0.35640", "2019-09-30": "0.34660", "2019-06-30": "0.34210", "2019-03-31": "0.58150", "2018-12-31": "0.55630", "2018-09-30": "0.48670", "2018-06-30": "0.54820", "2018-03-31": "0.55290", "2017-12-31": "0.58140", "2017-09-30": "0.63520", "2017-06-30": "0.69230", "2017-03-31": "0.66710", "2016-12-31": "0.64960", "2016-09-30": "0.50850", "2016-06-30": "0.57140", "2016-03-31": "0.61250", "2015-12-31": "0.56800", "2015-09-30": "0.62960", "2015-06-30": "0.46580", "2015-03-31": "0.47520", "2014-12-31": "0.34130", "2014-09-30": "0.31330", "2014-06-30": "0.24270", "2014-03-31": "0.28920", "2013-12-31": "0.31490", "2013-09-30": "0.28570", "2013-06-30": "0.31360", "2013-03-31": "0.31540", "2012-12-31": "0.28990", "2012-09-30": "0.29760", "2012-06-30": "0.28890", "2012-03-31": "0.28400", "2011-12-31": "0.29220", "2011-09-30": "0.29010", "2011-06-30": "0.29520", "2011-03-31": "0.29730", "2010-12-31": "0.29250", "2010-09-30": "0.29700", "2010-06-30": "0.29470", "2010-03-31": "0.35060", "2009-12-31": "0.34260", "2009-09-30": "0.32990", "2009-06-30": "0.33700", "2009-03-31": "0.35700", "2008-12-31": "0.29320", "2008-09-30": "0.27520", "2008-06-30": "0.28700", "2008-03-31": "0.28180", "2007-12-31": "0.28420", "2007-09-30": "0.28560", "2007-06-30": "0.29350", "2007-03-31": "0.28380", "2006-12-31": "0.28520", "2006-09-30": "0.27200", "2006-06-30": "0.29210", "2006-03-31": "0.29220", "2005-12-31": "0.38410", "2005-09-30": "0.38530", "2005-06-30": "0.40980", "2005-03-31": "0.45560"}, "Gross Margin": {"2020-12-31": "32.35350", "2020-09-30": "33.17100", "2020-06-30": "34.28790", "2020-03-31": "33.08230", "2019-12-31": "32.33500", "2019-09-30": "31.55880", "2019-06-30": "33.23520", "2019-03-31": "31.90860", "2018-12-31": "31.57030", "2018-09-30": "33.26860", "2018-06-30": "33.23780", "2018-03-31": "32.39790", "2017-12-31": "32.00750", "2017-09-30": "88.11010", "2017-06-30": "31.64130", "2017-03-31": "31.38850", "2016-12-31": "29.83350", "2016-09-30": "26.99070", "2016-06-30": "27.59020", "2016-03-31": "27.19210", "2015-12-31": "26.76750", "2015-09-30": "18.80860", "2015-06-30": "36.80190", "2015-03-31": "36.25520", "2014-12-31": "36.68280", "2014-09-30": "11.24820", "2014-06-30": "37.03010", "2014-03-31": "36.37100", "2013-12-31": "36.82310", "2013-09-30": "37.71970", "2013-06-30": "36.69690", "2013-03-31": "35.69120", "2012-12-31": "35.84620", "2012-09-30": "36.65690", "2012-06-30": "36.53480", "2012-03-31": "35.71990", "2011-12-31": "36.27930", "2011-09-30": "36.04860", "2011-06-30": "38.49020", "2011-03-31": "38.77760", "2010-12-31": "37.20030", "2010-09-30": "37.14670", "2010-06-30": "36.99110", "2010-03-31": "36.41920", "2009-12-31": "37.03970", "2009-09-30": "37.19310", "2009-06-30": "35.52510", "2009-03-31": "34.57830", "2008-12-31": "35.17850", "2008-09-30": "36.19760", "2008-06-30": "35.49380", "2008-03-31": "34.50550", "2007-12-31": "34.73230", "2007-09-30": "33.79080", "2007-06-30": "33.98550", "2007-03-31": "33.49670", "2006-12-31": "34.22680", "2006-09-30": "34.48870", "2006-06-30": "31.51640", "2006-03-31": "33.76620", "2005-12-31": "33.59380", "2005-09-30": "34.02110", "2005-06-30": "35.28060", "2005-03-31": "34.93450"}, "Operating Margin": {"2020-12-31": "8.12580", "2020-09-30": "8.76720", "2020-06-30": "-2.09620", "2020-03-31": "5.29020", "2019-12-31": "4.75250", "2019-09-30": "0.31880", "2019-06-30": "8.07630", "2019-03-31": "6.67940", "2018-12-31": "5.25260", "2018-09-30": "9.12180", "2018-06-30": "10.29930", "2018-03-31": "5.93250", "2017-12-31": "4.24130", "2017-09-30": "-29.41180", "2017-06-30": "10.06120", "2017-03-31": "6.27490", "2016-12-31": "6.57630", "2016-09-30": "-0.99140", "2016-06-30": "9.70120", "2016-03-31": "6.93010", "2015-12-31": "8.73080", "2015-09-30": "4.65840", "2015-06-30": "10.16470", "2015-03-31": "9.09470", "2014-12-31": "8.03070", "2014-09-30": "2.77990", "2014-06-30": "11.16540", "2014-03-31": "10.44360", "2013-12-31": "13.79860", "2013-09-30": "8.99060", "2013-06-30": "6.38550", "2013-03-31": "3.83990", "2012-12-31": "9.03850", "2012-09-30": "5.60850", "2012-06-30": "4.44440", "2012-03-31": "8.96930", "2011-12-31": "7.50610", "2011-09-30": "7.89570", "2011-06-30": "11.06710", "2011-03-31": "10.94690", "2010-12-31": "16.12240", "2010-09-30": "8.74690", "2010-06-30": "8.77400", "2010-03-31": "10.38110", "2009-12-31": "9.74730", "2009-09-30": "7.24600", "2009-06-30": "8.04430", "2009-03-31": "-61.54220", "2008-12-31": "9.33120", "2008-09-30": "7.97010", "2008-06-30": "11.06420", "2008-03-31": "9.08900", "2007-12-31": "10.19230", "2007-09-30": "7.99520", "2007-06-30": "-54.89150", "2007-03-31": "4.54340", "2006-12-31": "5.86480", "2006-09-30": "11.63350", "2006-06-30": "5.74760", "2006-03-31": "13.95860", "2005-12-31": "12.75400", "2005-09-30": "10.48820", "2005-06-30": "18.56560", "2005-03-31": "15.26070"}, "EBIT Margin": {"2020-12-31": "8.12580", "2020-09-30": "8.76720", "2020-06-30": "-2.09620", "2020-03-31": "5.29020", "2019-12-31": "4.75250", "2019-09-30": "0.31880", "2019-06-30": "8.07630", "2019-03-31": "6.67940", "2018-12-31": "5.25260", "2018-09-30": "9.12180", "2018-06-30": "10.29930", "2018-03-31": "5.93250", "2017-12-31": "4.24130", "2017-09-30": "-29.41180", "2017-06-30": "10.06120", "2017-03-31": "6.27490", "2016-12-31": "6.57630", "2016-09-30": "-0.99140", "2016-06-30": "9.70120", "2016-03-31": "6.93010", "2015-12-31": "8.73080", "2015-09-30": "4.65840", "2015-06-30": "10.16470", "2015-03-31": "9.09470", "2014-12-31": "8.03070", "2014-09-30": "2.77990", "2014-06-30": "11.16540", "2014-03-31": "10.44360", "2013-12-31": "13.79860", "2013-09-30": "8.99060", "2013-06-30": "6.38550", "2013-03-31": "3.83990", "2012-12-31": "9.03850", "2012-09-30": "5.60850", "2012-06-30": "4.44440", "2012-03-31": "8.96930", "2011-12-31": "7.50610", "2011-09-30": "7.89570", "2011-06-30": "11.06710", "2011-03-31": "10.94690", "2010-12-31": "16.12240", "2010-09-30": "8.74690", "2010-06-30": "8.77400", "2010-03-31": "10.38110", "2009-12-31": "9.74730", "2009-09-30": "7.24600", "2009-06-30": "8.04430", "2009-03-31": "-61.54220", "2008-12-31": "9.33120", "2008-09-30": "7.97010", "2008-06-30": "11.06420", "2008-03-31": "9.08900", "2007-12-31": "10.19230", "2007-09-30": "7.99520", "2007-06-30": "-54.89150", "2007-03-31": "4.54340", "2006-12-31": "5.86480", "2006-09-30": "11.63350", "2006-06-30": "5.74760", "2006-03-31": "13.95860", "2005-12-31": "12.75400", "2005-09-30": "10.48820", "2005-06-30": "18.56560", "2005-03-31": "15.26070"}, "EBITDA Margin": {"2020-12-31": "", "2020-09-30": "", "2020-06-30": "", "2020-03-31": "", "2019-12-31": "", "2019-09-30": "", "2019-06-30": "", "2019-03-31": "", "2018-12-31": "", "2018-09-30": "", "2018-06-30": "", "2018-03-31": "", "2017-12-31": "", "2017-09-30": "", "2017-06-30": "", "2017-03-31": "", "2016-12-31": "", "2016-09-30": "", "2016-06-30": "", "2016-03-31": "", "2015-12-31": "", "2015-09-30": "", "2015-06-30": "", "2015-03-31": "", "2014-12-31": "", "2014-09-30": "", "2014-06-30": "", "2014-03-31": "", "2013-12-31": "", "2013-09-30": "", "2013-06-30": "", "2013-03-31": "", "2012-12-31": "", "2012-09-30": "", "2012-06-30": "", "2012-03-31": "", "2011-12-31": "", "2011-09-30": "", "2011-06-30": "", "2011-03-31": "", "2010-12-31": "", "2010-09-30": "", "2010-06-30": "", "2010-03-31": "", "2009-12-31": "", "2009-09-30": "", "2009-06-30": "", "2009-03-31": "", "2008-12-31": "", "2008-09-30": "", "2008-06-30": "", "2008-03-31": "", "2007-12-31": "", "2007-09-30": "", "2007-06-30": "", "2007-03-31": "", "2006-12-31": "", "2006-09-30": "", "2006-06-30": "", "2006-03-31": "", "2005-12-31": "", "2005-09-30": "", "2005-06-30": "", "2005-03-31": ""}, "Pre-Tax Profit Margin": {"2020-12-31": "8.10710", "2020-09-30": "8.75040", "2020-06-30": "-2.30210", "2020-03-31": "4.57380", "2019-12-31": "4.59110", "2019-09-30": "0.43030", "2019-06-30": "7.19270", "2019-03-31": "5.55460", "2018-12-31": "4.46560", "2018-09-30": "8.32930", "2018-06-30": "9.66250", "2018-03-31": "4.51150", "2017-12-31": "3.20450", "2017-09-30": "-43.17900", "2017-06-30": "9.34530", "2017-03-31": "5.40800", "2016-12-31": "5.43320", "2016-09-30": "-1.63100", "2016-06-30": "9.31320", "2016-03-31": "6.27510", "2015-12-31": "8.21980", "2015-09-30": "3.22580", "2015-06-30": "9.52190", "2015-03-31": "8.18930", "2014-12-31": "7.34460", "2014-09-30": "3.47410", "2014-06-30": "10.41350", "2014-03-31": "9.51610", "2013-12-31": "12.91620", "2013-09-30": "8.13240", "2013-06-30": "5.55770", "2013-03-31": "2.14230", "2012-12-31": "7.92310", "2012-09-30": "-12.02350", "2012-06-30": "2.44820", "2012-03-31": "6.64830", "2011-12-31": "5.44790", "2011-09-30": "6.21650", "2011-06-30": "9.78560", "2011-03-31": "9.44390", "2010-12-31": "14.91210", "2010-09-30": "7.45600", "2010-06-30": "5.28780", "2010-03-31": "8.81780", "2009-12-31": "8.37550", "2009-09-30": "5.27200", "2009-06-30": "6.47880", "2009-03-31": "-62.98800", "2008-12-31": "8.04340", "2008-09-30": "6.35120", "2008-06-30": "4.69800", "2008-03-31": "7.23830", "2007-12-31": "10.04760", "2007-09-30": "6.94110", "2007-06-30": "-61.44190", "2007-03-31": "3.38530", "2006-12-31": "4.69640", "2006-09-30": "10.46360", "2006-06-30": "4.55990", "2006-03-31": "12.40210", "2005-12-31": "11.17020", "2005-09-30": "8.89780", "2005-06-30": "15.03450", "2005-03-31": "7.73540"}, "Net Profit Margin": {"2020-12-31": "8.44410", "2020-09-30": "7.40680", "2020-06-30": "-3.40630", "2020-03-31": "3.91260", "2019-12-31": "2.85150", "2019-09-30": "9.75450", "2019-06-30": "64.98220", "2019-03-31": "8.91160", "2018-12-31": "6.49710", "2018-09-30": "12.46970", "2018-06-30": "11.50910", "2018-03-31": "7.77980", "2017-12-31": "4.33550", "2017-09-30": "109.51190", "2017-06-30": "7.22370", "2017-03-31": "-2.03660", "2016-12-31": "4.64300", "2016-09-30": "-18.72400", "2016-06-30": "7.43110", "2016-03-31": "-11.19800", "2015-12-31": "9.58260", "2015-09-30": "11.11000", "2015-06-30": "6.26760", "2015-03-31": "6.87240", "2014-12-31": "6.53750", "2014-09-30": "-2.28820", "2014-06-30": "54.51130", "2014-03-31": "8.34680", "2013-12-31": "10.83030", "2013-09-30": "6.78380", "2013-06-30": "5.32120", "2013-03-31": "2.91030", "2012-12-31": "6.26920", "2012-09-30": "-15.35920", "2012-06-30": "9.26550", "2012-03-31": "12.70650", "2011-12-31": "12.99440", "2011-09-30": "14.18360", "2011-06-30": "8.36440", "2011-03-31": "7.89080", "2010-12-31": "15.04910", "2010-09-30": "5.92030", "2010-06-30": "5.94290", "2010-03-31": "7.57210", "2009-12-31": "7.26840", "2009-09-30": "4.93500", "2009-06-30": "6.91230", "2009-03-31": "-61.85540", "2008-12-31": "6.25850", "2008-09-30": "9.00790", "2008-06-30": "9.12750", "2008-03-31": "5.75780", "2007-12-31": "7.50470", "2007-09-30": "3.59980", "2007-06-30": "-75.52110", "2007-03-31": "18.59690", "2006-12-31": "18.16720", "2006-09-30": "27.03640", "2006-06-30": "18.40930", "2006-03-31": "8.87280", "2005-12-31": "5.79350", "2005-09-30": "9.23000", "2005-06-30": "11.93360", "2005-03-31": "1.92130"}, "Asset Turnover": {"2020-12-31": "0.12890", "2020-09-30": "0.14590", "2020-06-30": "0.12940", "2020-03-31": "0.13470", "2019-12-31": "0.13120", "2019-09-30": "0.14840", "2019-06-30": "0.14980", "2019-03-31": "0.11920", "2018-12-31": "0.11380", "2018-09-30": "0.12670", "2018-06-30": "0.12720", "2018-03-31": "0.11270", "2017-12-31": "0.10660", "2017-09-30": "0.01540", "2017-06-30": "0.15160", "2017-03-31": "0.14650", "2016-12-31": "0.14520", "2016-09-30": "0.09900", "2016-06-30": "0.44380", "2016-03-31": "0.40760", "2015-12-31": "0.41080", "2015-09-30": "0.32760", "2015-06-30": "0.21240", "2015-03-31": "0.20780", "2014-12-31": "0.22130", "2014-09-30": "2.63490", "2014-06-30": "0.20820", "2014-03-31": "0.20780", "2013-12-31": "0.20750", "2013-09-30": "0.20100", "2013-06-30": "0.21370", "2013-03-31": "0.20690", "2012-12-31": "0.21440", "2012-09-30": "0.22060", "2012-06-30": "0.09810", "2012-03-31": "0.09390", "2011-12-31": "0.09350", "2011-09-30": "0.10480", "2011-06-30": "0.15910", "2011-03-31": "0.15030", "2010-12-31": "0.16600", "2010-09-30": "0.16560", "2010-06-30": "0.15880", "2010-03-31": "0.16070", "2009-12-31": "0.16230", "2009-09-30": "0.16260", "2009-06-30": "0.16440", "2009-03-31": "0.16750", "2008-12-31": "0.16160", "2008-09-30": "0.16730", "2008-06-30": "0.17340", "2008-03-31": "0.16280", "2007-12-31": "0.14900", "2007-09-30": "0.15320", "2007-06-30": "0.14620", "2007-03-31": "0.06960", "2006-12-31": "0.06860", "2006-09-30": "0.07330", "2006-06-30": "0.07640", "2006-03-31": "0.16520", "2005-12-31": "0.15410", "2005-09-30": "0.15850", "2005-06-30": "0.16230", "2005-03-31": "0.15920"}, "Inventory Turnover Ratio": {"2020-12-31": "1.88870", "2020-09-30": "2.24420", "2020-06-30": "1.75900", "2020-03-31": "1.79460", "2019-12-31": "1.93190", "2019-09-30": "2.36710", "2019-06-30": "2.10100", "2019-03-31": "1.85260", "2018-12-31": "1.84460", "2018-09-30": "2.26830", "2018-06-30": "1.19520", "2018-03-31": "1.06760", "2017-12-31": "1.04280", "2017-09-30": "0.02960", "2017-06-30": "1.55200", "2017-03-31": "1.58890", "2016-12-31": "1.68940", "2016-09-30": "1.58100", "2016-06-30": "5.68900", "2016-03-31": "5.14330", "2015-12-31": "5.31530", "2015-09-30": "3.31430", "2015-06-30": "2.27970", "2015-03-31": "2.28800", "2014-12-31": "2.38450", "2014-09-30": "44.18560", "2014-06-30": "2.57690", "2014-03-31": "2.38730", "2013-12-31": "2.29930", "2013-09-30": "2.36280", "2013-06-30": "2.34450", "2013-03-31": "2.43270", "2012-12-31": "2.51200", "2012-09-30": "2.72560", "2012-06-30": "1.08570", "2012-03-31": "1.05900", "2011-12-31": "1.07780", "2011-09-30": "3.32100", "2011-06-30": "1.87770", "2011-03-31": "1.80640", "2010-12-31": "2.19470", "2010-09-30": "1.95700", "2010-06-30": "1.90050", "2010-03-31": "1.77800", "2009-12-31": "1.76280", "2009-09-30": "1.90440", "2009-06-30": "1.68360", "2009-03-31": "1.58590", "2008-12-31": "1.52280", "2008-09-30": "1.63770", "2008-06-30": "1.68540", "2008-03-31": "1.57280", "2007-12-31": "1.61650", "2007-09-30": "1.86710", "2007-06-30": "1.61080", "2007-03-31": "0.55950", "2006-12-31": "0.54500", "2006-09-30": "1.86780", "2006-06-30": "0.66920", "2006-03-31": "1.43990", "2005-12-31": "1.44810", "2005-09-30": "1.58180", "2005-06-30": "1.41730", "2005-03-31": "1.36970"}, "Receiveable Turnover": {"2020-12-31": "1.03170", "2020-09-30": "1.12470", "2020-06-30": "0.99980", "2020-03-31": "0.99130", "2019-12-31": "0.99360", "2019-09-30": "1.08730", "2019-06-30": "1.06930", "2019-03-31": "1.01260", "2018-12-31": "1.00400", "2018-09-30": "1.09980", "2018-06-30": "0.91110", "2018-03-31": "0.84290", "2017-12-31": "0.78810", "2017-09-30": "0.11990", "2017-06-30": "1.19250", "2017-03-31": "1.19250", "2016-12-31": "1.16990", "2016-09-30": "0.97810", "2016-06-30": "2.85540", "2016-03-31": "2.74850", "2015-12-31": "2.73180", "2015-09-30": "1.68720", "2015-06-30": "1.40230", "2015-03-31": "1.47900", "2014-12-31": "1.44240", "2014-09-30": "17.94460", "2014-06-30": "1.52960", "2014-03-31": "1.48150", "2013-12-31": "1.44520", "2013-09-30": "1.43600", "2013-06-30": "1.51190", "2013-03-31": "1.50030", "2012-12-31": "1.52140", "2012-09-30": "1.60850", "2012-06-30": "1.07270", "2012-03-31": "1.04140", "2011-12-31": "1.08070", "2011-09-30": "1.80930", "2011-06-30": "1.73770", "2011-03-31": "1.72660", "2010-12-31": "1.97250", "2010-09-30": "1.80220", "2010-06-30": "1.76900", "2010-03-31": "1.66420", "2009-12-31": "1.66270", "2009-09-30": "1.63290", "2009-06-30": "1.57390", "2009-03-31": "1.59130", "2008-12-31": "1.61120", "2008-09-30": "1.61350", "2008-06-30": "1.62610", "2008-03-31": "1.55020", "2007-12-31": "1.59110", "2007-09-30": "1.73380", "2007-06-30": "1.41630", "2007-03-31": "0.61160", "2006-12-31": "0.61350", "2006-09-30": "1.67980", "2006-06-30": "0.66950", "2006-03-31": "1.47860", "2005-12-31": "1.45390", "2005-09-30": "1.49240", "2005-06-30": "1.39720", "2005-03-31": "1.39260"}, "Days Sales In Receivables": {"2020-12-31": "87.23650", "2020-09-30": "80.02350", "2020-06-30": "90.01690", "2020-03-31": "90.79350", "2019-12-31": "90.58110", "2019-09-30": "82.77020", "2019-06-30": "84.16830", "2019-03-31": "88.87870", "2018-12-31": "89.63760", "2018-09-30": "81.83410", "2018-06-30": "98.78220", "2018-03-31": "106.76910", "2017-12-31": "114.19230", "2017-09-30": "750.86360", "2017-06-30": "75.47440", "2017-03-31": "75.47270", "2016-12-31": "76.93060", "2016-09-30": "92.01470", "2016-06-30": "31.51920", "2016-03-31": "32.74460", "2015-12-31": "32.94510", "2015-09-30": "53.34330", "2015-06-30": "64.18240", "2015-03-31": "60.85190", "2014-12-31": "62.39710", "2014-09-30": "5.01540", "2014-06-30": "58.83840", "2014-03-31": "60.75000", "2013-12-31": "62.27440", "2013-09-30": "62.67270", "2013-06-30": "59.52700", "2013-03-31": "59.98790", "2012-12-31": "59.15770", "2012-09-30": "55.95310", "2012-06-30": "83.89830", "2012-03-31": "86.42410", "2011-12-31": "83.28090", "2011-09-30": "49.74280", "2011-06-30": "51.79400", "2011-03-31": "52.12430", "2010-12-31": "45.62690", "2010-09-30": "49.93770", "2010-06-30": "50.87510", "2010-03-31": "54.07910", "2009-12-31": "54.13000", "2009-09-30": "55.11800", "2009-06-30": "57.18210", "2009-03-31": "56.55900", "2008-12-31": "55.85860", "2008-09-30": "55.77830", "2008-06-30": "55.34610", "2008-03-31": "58.05680", "2007-12-31": "56.56400", "2007-09-30": "51.90930", "2007-06-30": "63.54740", "2007-03-31": "147.14700", "2006-12-31": "146.70100", "2006-09-30": "53.57890", "2006-06-30": "134.43690", "2006-03-31": "60.86850", "2005-12-31": "61.90370", "2005-09-30": "60.30500", "2005-06-30": "64.41430", "2005-03-31": "64.62920"}, "ROE - Return On Equity": {"2020-12-31": "1.97630", "2020-09-30": "2.64390", "2020-06-30": "-0.64640", "2020-03-31": "1.23640", "2019-12-31": "0.93490", "2019-09-30": "3.13990", "2019-06-30": "1.05100", "2019-03-31": "1.28630", "2018-12-31": "0.63530", "2018-09-30": "2.81410", "2018-06-30": "2.50360", "2018-03-31": "0.99630", "2017-12-31": "-0.21860", "2017-09-30": "-0.45400", "2017-06-30": "3.05120", "2017-03-31": "-0.56930", "2016-12-31": "2.02000", "2016-09-30": "-0.38660", "2016-06-30": "9.16550", "2016-03-31": "6.12730", "2015-12-31": "7.48890", "2015-09-30": "3.12440", "2015-06-30": "4.33280", "2015-03-31": "4.27900", "2014-12-31": "3.80490", "2014-09-30": "13.53320", "2014-06-30": "7.24950", "2014-03-31": "3.79750", "2013-12-31": "4.81180", "2013-09-30": "2.36280", "2013-06-30": "2.37190", "2013-03-31": "1.03590", "2012-12-31": "3.12990", "2012-09-30": "-12.55490", "2012-06-30": "0.44400", "2012-03-31": "0.91910", "2011-12-31": "0.68610", "2011-09-30": "1.23640", "2011-06-30": "2.55250", "2011-03-31": "2.30320", "2010-12-31": "3.45170", "2010-09-30": "1.95020", "2010-06-30": "1.78210", "2010-03-31": "2.38330", "2009-12-31": "2.24970", "2009-09-30": "1.51300", "2009-06-30": "1.94520", "2009-03-31": "-21.49290", "2008-12-31": "1.82620", "2008-09-30": "1.49740", "2008-06-30": "1.23930", "2008-03-31": "1.70280", "2007-12-31": "2.28890", "2007-09-30": "1.34410", "2007-06-30": "-19.98690", "2007-03-31": "0.44490", "2006-12-31": "0.45440", "2006-09-30": "0.92120", "2006-06-30": "0.49440", "2006-03-31": "2.80820", "2005-12-31": "2.47070", "2005-09-30": "2.66650", "2005-06-30": "3.35780", "2005-03-31": "1.26150"}, "Return On Tangible Equity": {"2020-12-31": "-7.80200", "2020-09-30": "-10.30490", "2020-06-30": "2.87060", "2020-03-31": "-5.39430", "2019-12-31": "-5.41080", "2019-09-30": "-21.93900", "2019-06-30": "-8.51630", "2019-03-31": "-9.05790", "2018-12-31": "-4.58840", "2018-09-30": "-29.95260", "2018-06-30": "-13.23000", "2018-03-31": "-4.79020", "2017-12-31": "0.96430", "2017-09-30": "1.91620", "2017-06-30": "-10.97540", "2017-03-31": "1.87600", "2016-12-31": "-5.37440", "2016-09-30": "2.79220", "2016-06-30": "-40.28060", "2016-03-31": "-19.58680", "2015-12-31": "-24.31780", "2015-09-30": "15.19930", "2015-06-30": "-22.32780", "2015-03-31": "-19.19410", "2014-12-31": "-24.69700", "2014-09-30": "-385.36580", "2014-06-30": "41.57950", "2014-03-31": "179.43920", "2013-12-31": "-137.77780", "2013-09-30": "72.02380", "2013-06-30": "-35.44300", "2013-03-31": "-14.00000", "2012-12-31": "-596.29630", "2012-09-30": "491.40630", "2012-06-30": "10.04710", "2012-03-31": "19.03410", "2011-12-31": "15.80650", "2011-09-30": "1.90820", "2011-06-30": "49.65710", "2011-03-31": "43.47830", "2010-12-31": "41.80890", "2010-09-30": "25.51020", "2010-06-30": "18.86230", "2010-03-31": "19.74360", "2009-12-31": "17.41940", "2009-09-30": "12.89470", "2009-06-30": "17.40060", "2009-03-31": "-271.12530", "2008-12-31": "21.46800", "2008-09-30": "19.43050", "2008-06-30": "11.82410", "2008-03-31": "19.20900", "2007-12-31": "27.75640", "2007-09-30": "14.26630", "2007-06-30": "-275.13510", "2007-03-31": "2.44010", "2006-12-31": "2.84470", "2006-09-30": "1.52590", "2006-06-30": "3.61550", "2006-03-31": "20.73430", "2005-12-31": "27.23880", "2005-09-30": "30.17750", "2005-06-30": "62.59450", "2005-03-31": "42.40170"}, "ROA - Return On Assets": {"2020-12-31": "0.89800", "2020-09-30": "1.20050", "2020-06-30": "-0.29560", "2020-03-31": "0.58410", "2019-12-31": "0.44930", "2019-09-30": "1.54660", "2019-06-30": "0.52240", "2019-03-31": "0.56510", "2018-12-31": "0.28320", "2018-09-30": "1.29520", "2018-06-30": "1.10510", "2018-03-31": "0.43640", "2017-12-31": "-0.09440", "2017-09-30": "-0.18700", "2017-06-30": "1.24100", "2017-03-31": "-0.23180", "2016-12-31": "0.84450", "2016-09-30": "-0.15350", "2016-06-30": "3.46130", "2016-03-31": "2.20480", "2015-12-31": "2.65070", "2015-09-30": "1.10730", "2015-06-30": "1.60410", "2015-03-31": "1.54770", "2014-12-31": "1.45560", "2014-09-30": "5.35190", "2014-06-30": "3.42050", "2014-03-31": "1.60870", "2013-12-31": "2.06440", "2013-09-30": "0.99380", "2013-06-30": "0.94360", "2013-03-31": "0.40980", "2012-12-31": "1.32780", "2012-09-30": "-5.08690", "2012-06-30": "0.23640", "2012-03-31": "0.49520", "2011-12-31": "0.36980", "2011-09-30": "0.65540", "2011-06-30": "1.34190", "2011-03-31": "1.20510", "2010-12-31": "1.85730", "2010-09-30": "1.01370", "2010-06-30": "0.93650", "2010-03-31": "1.20920", "2009-12-31": "1.16010", "2009-09-30": "0.76700", "2009-06-30": "0.96980", "2009-03-31": "-10.30800", "2008-12-31": "0.99330", "2008-09-30": "0.80540", "2008-06-30": "0.66180", "2008-03-31": "0.91050", "2007-12-31": "1.10870", "2007-09-30": "0.64000", "2007-06-30": "-9.49600", "2007-03-31": "0.25440", "2006-12-31": "0.25600", "2006-09-30": "0.51740", "2006-06-30": "0.27560", "2006-03-31": "1.57230", "2005-12-31": "1.28970", "2005-09-30": "1.38310", "2005-06-30": "1.74740", "2005-03-31": "0.63560"}, "ROI - Return On Investment": {"2020-12-31": "1.41490", "2020-09-30": "1.88030", "2020-06-30": "-0.49710", "2020-03-31": "0.95440", "2019-12-31": "0.72480", "2019-09-30": "2.37500", "2019-06-30": "0.79750", "2019-03-31": "0.92200", "2018-12-31": "0.43880", "2018-09-30": "1.97000", "2018-06-30": "1.69660", "2018-03-31": "0.66380", "2017-12-31": "-0.14510", "2017-09-30": "-0.29100", "2017-06-30": "1.94210", "2017-03-31": "-0.35930", "2016-12-31": "1.34000", "2016-09-30": "-0.26840", "2016-06-30": "6.13650", "2016-03-31": "4.03980", "2015-12-31": "4.89340", "2015-09-30": "2.01930", "2015-06-30": "3.09060", "2015-03-31": "3.03590", "2014-12-31": "2.98100", "2014-09-30": "10.33860", "2014-06-30": "5.84930", "2014-03-31": "2.95480", "2013-12-31": "3.75930", "2013-09-30": "1.84340", "2013-06-30": "1.81110", "2013-03-31": "0.78890", "2012-12-31": "2.43020", "2012-09-30": "-9.69030", "2012-06-30": "0.34470", "2012-03-31": "0.71600", "2011-12-31": "0.53200", "2011-09-30": "0.95840", "2011-06-30": "1.97520", "2011-03-31": "1.77550", "2010-12-31": "2.74820", "2010-09-30": "1.54900", "2010-06-30": "1.41780", "2010-03-31": "1.82050", "2009-12-31": "1.67720", "2009-09-30": "1.15410", "2009-06-30": "1.45650", "2009-03-31": "-15.85740", "2008-12-31": "1.42960", "2008-09-30": "1.20810", "2008-06-30": "0.98870", "2008-03-31": "1.36330", "2007-12-31": "1.84570", "2007-09-30": "1.06570", "2007-06-30": "-15.75770", "2007-03-31": "0.36070", "2006-12-31": "0.36650", "2006-09-30": "0.73690", "2006-06-30": "0.39590", "2006-03-31": "2.21060", "2005-12-31": "1.86610", "2005-09-30": "2.01090", "2005-06-30": "2.44280", "2005-03-31": "0.90420"}, "Book Value Per Share": {"2020-12-31": "26.13320", "2020-09-30": "25.51970", "2020-06-30": "25.36530", "2020-03-31": "25.66070", "2019-12-31": "26.74050", "2019-09-30": "26.78520", "2019-06-30": "26.90560", "2019-03-31": "23.71870", "2018-12-31": "23.45430", "2018-09-30": "24.27870", "2018-06-30": "23.57930", "2018-03-31": "23.62330", "2017-12-31": "23.21550", "2017-09-30": "23.02540", "2017-06-30": "22.10960", "2017-03-31": "21.53370", "2016-12-31": "21.72830", "2016-09-30": "26.81140", "2016-06-30": "10.77630", "2016-03-31": "10.29660", "2015-12-31": "9.98840", "2015-09-30": "16.21650", "2015-06-30": "10.78100", "2015-03-31": "10.52420", "2014-12-31": "10.68500", "2014-09-30": "11.45470", "2014-06-30": "14.04860", "2014-03-31": "11.47990", "2013-12-31": "11.72860", "2013-09-30": "11.57020", "2013-06-30": "10.70280", "2013-03-31": "10.70170", "2012-12-31": "11.57520", "2012-09-30": "11.35050", "2012-06-30": "32.83200", "2012-03-31": "33.02810", "2011-12-31": "32.32840", "2011-09-30": "31.89880", "2011-06-30": "32.02050", "2011-03-31": "31.06800", "2010-12-31": "31.09340", "2010-09-30": "30.23190", "2010-06-30": "29.37070", "2010-03-31": "28.46770", "2009-12-31": "29.09450", "2009-09-30": "28.60700", "2009-06-30": "27.84610", "2009-03-31": "26.28560", "2008-12-31": "32.61460", "2008-09-30": "33.96520", "2008-06-30": "35.06360", "2008-03-31": "34.47500", "2007-12-31": "33.52250", "2007-09-30": "32.96420", "2007-06-30": "32.20090", "2007-03-31": "77.96520", "2006-12-31": "76.03940", "2006-09-30": "74.40210", "2006-06-30": "71.52420", "2006-03-31": "69.84150", "2005-12-31": "67.57600", "2005-09-30": "67.59230", "2005-06-30": "66.35920", "2005-03-31": "65.62920"}, "Operating Cash Flow Per Share": {"2020-12-31": "0.70890", "2020-09-30": 1.2747, "2020-06-30": 1.1351, "2020-03-31": 0.2195, "2019-12-31": "0.66020", "2019-09-30": 1.1812, "2019-06-30": 0.6987, "2019-03-31": 0.1991, "2018-12-31": "-0.08540", "2018-09-30": 0.8825, "2018-06-30": 0.5988, "2018-03-31": 0.2937, "2017-12-31": "-0.14360", "2017-09-30": 1.7725, "2017-06-30": 0.2376, "2017-03-31": 0.3724, "2016-12-31": "-1.98970", "2016-09-30": 1.7655, "2016-06-30": 0.119, "2016-03-31": 0.9722, "2015-12-31": "-0.01990", "2015-09-30": 1.168, "2015-06-30": 0.6008, "2015-03-31": 0.4145, "2014-12-31": "0.23540", "2014-09-30": 2.156, "2014-06-30": 0.4041, "2014-03-31": 0.7156, "2013-12-31": "0.27350", "2013-09-30": 0.8252, "2013-06-30": 0.5988, "2013-03-31": 0.5392, "2012-12-31": "-0.07750", "2012-09-30": 1.7841, "2012-06-30": 1.7239, "2012-03-31": 1.5986, "2011-12-31": "0.75460", "2011-09-30": 1.8443, "2011-06-30": 1.5691, "2011-03-31": 1.4822, "2010-12-31": "0.50230", "2010-09-30": 2.0198, "2010-06-30": 1.3321, "2010-03-31": 1.384, "2009-12-31": "0.82850", "2009-09-30": 2.1962, "2009-06-30": 1.461, "2009-03-31": 1.5789, "2008-12-31": "0.12350", "2008-09-30": 2.2551, "2008-06-30": 1.437, "2008-03-31": -5.2289, "2007-12-31": "-0.37290", "2007-09-30": 2.0475, "2007-06-30": 1.9998, "2007-03-31": 3.2818, "2006-12-31": "1.70130", "2006-09-30": 5.0137, "2006-06-30": 3.1079, "2006-03-31": 1.9514, "2005-12-31": "1.33260", "2005-09-30": 4.3548, "2005-06-30": 3.2252, "2005-03-31": 4.6645}, "Free Cash Flow Per Share": {"2020-12-31": "0.63040", "2020-09-30": 1.1901, "2020-06-30": 1.1042, "2020-03-31": 0.0772, "2019-12-31": "0.49870", "2019-09-30": 0.9829, "2019-06-30": 0.559, "2019-03-31": 0.0609, "2018-12-31": "-0.24860", "2018-09-30": 0.7339, "2018-06-30": 0.3962, "2018-03-31": 0.1219, "2017-12-31": "-0.26130", "2017-09-30": 2.0289, "2017-06-30": -0.1368, "2017-03-31": 0.1059, "2016-12-31": "-2.37910", "2016-09-30": 1.1782, "2016-06-30": -0.2704, "2016-03-31": 0.5577, "2015-12-31": "-0.43810", "2015-09-30": -0.043, "2015-06-30": 0.4537, "2015-03-31": 0.2722, "2014-12-31": "0.07600", "2014-09-30": 0.9524, "2014-06-30": 0.2359, "2014-03-31": 0.5588, "2013-12-31": "0.14230", "2013-09-30": 0.6864, "2013-06-30": 0.4523, "2013-03-31": 0.4314, "2012-12-31": "-0.27010", "2012-09-30": 1.7751, "2012-06-30": 1.4818, "2012-03-31": 1.3888, "2011-12-31": "0.55590", "2011-09-30": 2.2254, "2011-06-30": 1.158, "2011-03-31": 1.0753, "2010-12-31": "0.12770", "2010-09-30": 2.3526, "2010-06-30": 0.9917, "2010-03-31": 1.0219, "2009-12-31": "0.50500", "2009-09-30": 1.7467, "2009-06-30": 1.1069, "2009-03-31": 1.2012, "2008-12-31": "-0.22270", "2008-09-30": 1.9036, "2008-06-30": 1.0316, "2008-03-31": -5.6115, "2007-12-31": "-0.72900", "2007-09-30": 1.6676, "2007-06-30": 1.6311, "2007-03-31": 2.9656, "2006-12-31": "1.41950", "2006-09-30": 4.7366, "2006-06-30": 3.7291, "2006-03-31": 1.1218, "2005-12-31": "0.75870", "2005-09-30": 5.2108, "2005-06-30": 2.5995, "2005-03-31": 3.5224}}, "revenue": {"Johnson Controls Annual Revenue (Millions of US $)": {"2020": "$22,317", "2019": "$23,968", "2018": "$23,400", "2017": "$22,835", "2016": "$20,837", "2015": "$17,100", "2014": "$38,749", "2013": "$10,058", "2012": "$9,892", "2011": "$10,557", "2010": "$11,020", "2009": "$16,882", "2008": "$19,733", "2007": "$18,477", "2006": "$17,066", "2005": "$16,665"}, "Johnson Controls Quarterly Revenue (Millions of US $)": {"2020-12-31": "$5,341", "2020-09-30": "$5,954", "2020-06-30": "$5,343", "2020-03-31": "$5,444", "2019-12-31": "$5,576", "2019-09-30": "$6,274", "2019-06-30": "$6,451", "2019-03-31": "$5,779", "2018-12-31": "$5,464", "2018-09-30": "$6,183", "2018-06-30": "$6,282", "2018-03-31": "$5,630", "2017-12-31": "$5,305", "2017-09-30": "$799", "2017-06-30": "$7,683", "2017-03-31": "$7,267", "2016-12-31": "$7,086", "2016-09-30": "$6,254", "2016-06-30": "$5,154", "2016-03-31": "$4,733", "2015-12-31": "$4,696", "2015-09-30": "$9,703", "2015-06-30": "$2,489", "2015-03-31": "$2,430", "2014-12-31": "$2,478", "2014-09-30": "$31,116", "2014-06-30": "$2,660", "2014-03-31": "$2,480", "2013-12-31": "$2,493", "2013-09-30": "$2,447", "2013-06-30": "$2,537", "2013-03-31": "$2,474", "2012-12-31": "$2,600", "2012-09-30": "$2,728", "2012-06-30": "$2,655", "2012-03-31": "$2,542", "2011-12-31": "$2,478", "2011-09-30": "$2,799", "2011-06-30": "$4,292", "2011-03-31": "$3,992", "2010-12-31": "$4,379", "2010-09-30": "$4,493", "2010-06-30": "$4,274", "2010-03-31": "$4,094", "2009-12-31": "$4,155", "2009-09-30": "$4,154", "2009-06-30": "$4,152", "2009-03-31": "$4,150", "2008-12-31": "$4,426", "2008-09-30": "$4,818", "2008-06-30": "$5,215", "2008-03-31": "$4,863", "2007-12-31": "$4,837", "2007-09-30": "$5,028", "2007-06-30": "$4,702", "2007-03-31": "$4,490", "2006-12-31": "$4,365", "2006-09-30": "$4,616", "2006-06-30": "$4,715", "2006-03-31": "$10,087", "2005-12-31": "$9,597", "2005-09-30": "$9,935", "2005-06-30": "$9,997", "2005-03-31": "$9,993"}}, "gross-profit": {"Johnson Controls Annual Gross Profit (Millions of US $)": {"2020": "$7,411", "2019": "$7,693", "2018": "$7,667", "2017": "$7,530", "2016": "$5,654", "2015": "$4,531", "2014": "$6,305", "2013": "$3,669", "2012": "$3,576", "2011": "$3,667", "2010": "$3,616", "2009": "$6,012", "2008": "$6,953", "2007": "$6,260", "2006": "$5,844", "2005": "$5,930"}, "Johnson Controls Quarterly Gross Profit (Millions of US $)": {"2020-12-31": "$1,728", "2020-09-30": "$1,975", "2020-06-30": "$1,832", "2020-03-31": "$1,801", "2019-12-31": "$1,803", "2019-09-30": "$1,980", "2019-06-30": "$2,144", "2019-03-31": "$1,844", "2018-12-31": "$1,725", "2018-09-30": "$2,057", "2018-06-30": "$2,088", "2018-03-31": "$1,824", "2017-12-31": "$1,698", "2017-09-30": "$704", "2017-06-30": "$2,431", "2017-03-31": "$2,281", "2016-12-31": "$2,114", "2016-09-30": "$1,688", "2016-06-30": "$1,422", "2016-03-31": "$1,287", "2015-12-31": "$1,257", "2015-09-30": "$1,825", "2015-06-30": "$916", "2015-03-31": "$881", "2014-12-31": "$909", "2014-09-30": "$3,500", "2014-06-30": "$985", "2014-03-31": "$902", "2013-12-31": "$918", "2013-09-30": "$923", "2013-06-30": "$931", "2013-03-31": "$883", "2012-12-31": "$932", "2012-09-30": "$1,000", "2012-06-30": "$970", "2012-03-31": "$908", "2011-12-31": "$899", "2011-09-30": "$1,009", "2011-06-30": "$1,652", "2011-03-31": "$1,548", "2010-12-31": "$1,629", "2010-09-30": "$1,669", "2010-06-30": "$1,581", "2010-03-31": "$1,491", "2009-12-31": "$1,539", "2009-09-30": "$1,545", "2009-06-30": "$1,475", "2009-03-31": "$1,435", "2008-12-31": "$1,557", "2008-09-30": "$1,744", "2008-06-30": "$1,851", "2008-03-31": "$1,678", "2007-12-31": "$1,680", "2007-09-30": "$1,699", "2007-06-30": "$1,598", "2007-03-31": "$1,504", "2006-12-31": "$1,494", "2006-09-30": "$1,592", "2006-06-30": "$1,486", "2006-03-31": "$3,406", "2005-12-31": "$3,224", "2005-09-30": "$3,380", "2005-06-30": "$3,527", "2005-03-31": "$3,491"}}, "operating-income": {"Johnson Controls Annual Operating Income (Millions of US $)": {"2020": "$963", "2019": "$1,214", "2018": "$1,770", "2017": "$1,460", "2016": "$1,176", "2015": "$1,125", "2014": "$1,765", "2013": "$712", "2012": "$578", "2011": "$982", "2010": "$615", "2009": "$-1,506", "2008": "$1,896", "2007": "$-1,732", "2006": "$1,355", "2005": "$1,191"}, "Johnson Controls Quarterly Operating Income (Millions of US $)": {"2020-12-31": "$434", "2020-09-30": "$522", "2020-06-30": "$-112", "2020-03-31": "$288", "2019-12-31": "$265", "2019-09-30": "$20", "2019-06-30": "$521", "2019-03-31": "$386", "2018-12-31": "$287", "2018-09-30": "$564", "2018-06-30": "$647", "2018-03-31": "$334", "2017-12-31": "$225", "2017-09-30": "$-235", "2017-06-30": "$773", "2017-03-31": "$456", "2016-12-31": "$466", "2016-09-30": "$-62", "2016-06-30": "$500", "2016-03-31": "$328", "2015-12-31": "$410", "2015-09-30": "$452", "2015-06-30": "$253", "2015-03-31": "$221", "2014-12-31": "$199", "2014-09-30": "$865", "2014-06-30": "$297", "2014-03-31": "$259", "2013-12-31": "$344", "2013-09-30": "$220", "2013-06-30": "$162", "2013-03-31": "$95", "2012-12-31": "$235", "2012-09-30": "$153", "2012-06-30": "$118", "2012-03-31": "$228", "2011-12-31": "$186", "2011-09-30": "$221", "2011-06-30": "$475", "2011-03-31": "$437", "2010-12-31": "$706", "2010-09-30": "$393", "2010-06-30": "$375", "2010-03-31": "$425", "2009-12-31": "$405", "2009-09-30": "$301", "2009-06-30": "$334", "2009-03-31": "$-2,554", "2008-12-31": "$413", "2008-09-30": "$384", "2008-06-30": "$577", "2008-03-31": "$442", "2007-12-31": "$493", "2007-09-30": "$402", "2007-06-30": "$-2,581", "2007-03-31": "$204", "2006-12-31": "$256", "2006-09-30": "$537", "2006-06-30": "$271", "2006-03-31": "$1,408", "2005-12-31": "$1,224", "2005-09-30": "$1,042", "2005-06-30": "$1,856", "2005-03-31": "$1,525"}}, "ebitda": {"Johnson Controls Annual EBITDA (Millions of US $)": {"2020": "$1,785", "2019": "$2,039", "2018": "$2,594", "2017": "$2,379", "2016": "$2,129", "2015": "$1,985", "2014": "$2,720", "2013": "$1,091", "2012": "$957", "2011": "$1,403", "2010": "$1,082", "2009": "$2,350", "2008": "$3,113", "2007": "$-518", "2006": "$2,541", "2005": "$2,407"}, "Johnson Controls Quarterly EBITDA (Millions of US $)": {"2020-12-31": "$641", "2020-09-30": "$728", "2020-06-30": "$90", "2020-03-31": "$495", "2019-12-31": "$472", "2019-09-30": "$220", "2019-06-30": "$724", "2019-03-31": "$597", "2018-12-31": "$498", "2018-09-30": "$739", "2018-06-30": "$874", "2018-03-31": "$546", "2017-12-31": "$435", "2017-09-30": "$-235", "2017-06-30": "$1,054", "2017-03-31": "$748", "2016-12-31": "$812", "2016-09-30": "$211", "2016-06-30": "$735", "2016-03-31": "$547", "2015-12-31": "$636", "2015-09-30": "$1,055", "2015-06-30": "$339", "2015-03-31": "$302", "2014-12-31": "$289", "2014-09-30": "$1,552", "2014-06-30": "$385", "2014-03-31": "$345", "2013-12-31": "$438", "2013-09-30": "$315", "2013-06-30": "$257", "2013-03-31": "$179", "2012-12-31": "$340", "2012-09-30": "$219", "2012-06-30": "$225", "2012-03-31": "$333", "2011-12-31": "$287", "2011-09-30": "$-334", "2011-06-30": "$806", "2011-03-31": "$759", "2010-12-31": "$1,029", "2010-09-30": "$-9", "2010-06-30": "$679", "2010-03-31": "$705", "2009-12-31": "$690", "2009-09-30": "$617", "2009-06-30": "$610", "2009-03-31": "$435", "2008-12-31": "$688", "2008-09-30": "$747", "2008-06-30": "$865", "2008-03-31": "$732", "2007-12-31": "$769", "2007-09-30": "$703", "2007-06-30": "$-2,260", "2007-03-31": "$500", "2006-12-31": "$552", "2006-09-30": "$826", "2006-06-30": "$144", "2006-03-31": "$1,922", "2005-12-31": "$1,734", "2005-09-30": "$697", "2005-06-30": "$2,363", "2005-03-31": "$2,050"}}, "net-income": {"Johnson Controls Annual Net Income (Millions of US $)": {"2020": "$631", "2019": "$5,674", "2018": "$2,162", "2017": "$1,611", "2016": "$-868", "2015": "$1,563", "2014": "$1,215", "2013": "$536", "2012": "$472", "2011": "$1,719", "2010": "$1,130", "2009": "$-1,798", "2008": "$1,553", "2007": "$-1,742", "2006": "$3,590", "2005": "$3,094"}, "Johnson Controls Quarterly Net Income (Millions of US $)": {"2020-12-31": "$451", "2020-09-30": "$441", "2020-06-30": "$-182", "2020-03-31": "$213", "2019-12-31": "$159", "2019-09-30": "$612", "2019-06-30": "$4,192", "2019-03-31": "$515", "2018-12-31": "$355", "2018-09-30": "$771", "2018-06-30": "$723", "2018-03-31": "$438", "2017-12-31": "$230", "2017-09-30": "$875", "2017-06-30": "$555", "2017-03-31": "$-148", "2016-12-31": "$329", "2016-09-30": "$-1,171", "2016-06-30": "$383", "2016-03-31": "$-530", "2015-12-31": "$450", "2015-09-30": "$1,078", "2015-06-30": "$156", "2015-03-31": "$167", "2014-12-31": "$162", "2014-09-30": "$-712", "2014-06-30": "$1,450", "2014-03-31": "$207", "2013-12-31": "$270", "2013-09-30": "$166", "2013-06-30": "$135", "2013-03-31": "$72", "2012-12-31": "$163", "2012-09-30": "$-419", "2012-06-30": "$246", "2012-03-31": "$323", "2011-12-31": "$322", "2011-09-30": "$397", "2011-06-30": "$359", "2011-03-31": "$315", "2010-12-31": "$659", "2010-09-30": "$266", "2010-06-30": "$254", "2010-03-31": "$310", "2009-12-31": "$302", "2009-09-30": "$205", "2009-06-30": "$287", "2009-03-31": "$-2,567", "2008-12-31": "$277", "2008-09-30": "$434", "2008-06-30": "$476", "2008-03-31": "$280", "2007-12-31": "$363", "2007-09-30": "$181", "2007-06-30": "$-3,551", "2007-03-31": "$835", "2006-12-31": "$793", "2006-09-30": "$1,248", "2006-06-30": "$868", "2006-03-31": "$895", "2005-12-31": "$556", "2005-09-30": "$917", "2005-06-30": "$1,193", "2005-03-31": "$192"}}, "eps-earnings-per-share-diluted": {"Johnson Controls Annual EPS": {"2020": "$0.84", "2019": "$6.49", "2018": "$2.32", "2017": "$1.71", "2016": "$-1.29", "2015": "$2.36", "2014": "$1.80", "2013": "$1.19", "2012": "$1.07", "2011": "$3.76", "2010": "$2.42", "2009": "$-3.98", "2008": "$3.34", "2007": "$-3.69", "2006": "$7.28", "2005": "$6.13"}, "Johnson Controls Quarterly EPS": {"2020-12-31": "$0.62", "2020-09-30": "$0.59", "2020-06-30": "$-0.24", "2020-03-31": "$0.28", "2019-12-31": "$0.21", "2019-09-30": "$0.75", "2019-06-30": "$4.79", "2019-03-31": "$0.57", "2018-12-31": "$0.38", "2018-09-30": "$0.82", "2018-06-30": "$0.78", "2018-03-31": "$0.47", "2017-12-31": "$0.25", "2017-09-30": "$0.93", "2017-06-30": "$0.59", "2017-03-31": "$-0.16", "2016-12-31": "$0.35", "2016-09-30": "$-1.76", "2016-06-30": "$0.59", "2016-03-31": "$-0.81", "2015-12-31": "$0.69", "2015-09-30": "$1.17", "2015-06-30": "$0.39", "2015-03-31": "$0.41", "2014-12-31": "$0.40", "2014-09-30": "$-2.51", "2014-06-30": "$3.26", "2014-03-31": "$0.46", "2013-12-31": "$0.60", "2013-09-30": "$0.38", "2013-06-30": "$0.29", "2013-03-31": "$0.17", "2012-12-31": "$0.36", "2012-09-30": "$-0.95", "2012-06-30": "$0.55", "2012-03-31": "$0.72", "2011-12-31": "$0.72", "2011-09-30": "$0.88", "2011-06-30": "$0.80", "2011-03-31": "$0.69", "2010-12-31": "$1.40", "2010-09-30": "$0.56", "2010-06-30": "$0.53", "2010-03-31": "$0.68", "2009-12-31": "$0.66", "2009-09-30": "$0.46", "2009-06-30": "$0.63", "2009-03-31": "$-5.68", "2008-12-31": "$0.61", "2008-09-30": "$0.95", "2008-06-30": "$1.03", "2008-03-31": "$0.60", "2007-12-31": "$0.76", "2007-09-30": "$0.38", "2007-06-30": "$-7.52", "2007-03-31": "$1.74", "2006-12-31": "$1.64", "2006-09-30": "$2.57", "2006-06-30": "$1.76", "2006-03-31": "$1.80", "2005-12-31": "$1.13", "2005-09-30": "$1.84", "2005-06-30": "$2.35", "2005-03-31": "$0.42"}}, "shares-outstanding": {"Johnson Controls Annual Shares Outstanding (Millions of Shares)": {"2020": "754", "2019": "874", "2018": "932", "2017": "945", "2016": "673", "2015": "662", "2014": "675", "2013": "451", "2012": "442", "2011": "457", "2010": "466", "2009": "452", "2008": "466", "2007": "473", "2006": "498", "2005": "518"}, "Johnson Controls Quarterly Shares Outstanding (Millions of Shares)": {"2020-12-31": "727", "2020-09-30": "754", "2020-06-30": "744", "2020-03-31": "757", "2019-12-31": "774", "2019-09-30": "874", "2019-06-30": "875", "2019-03-31": "906", "2018-12-31": "925", "2018-09-30": "932", "2018-06-30": "931", "2018-03-31": "933", "2017-12-31": "926", "2017-09-30": "945", "2017-06-30": "944", "2017-03-31": "939", "2016-12-31": "947", "2016-09-30": "673", "2016-06-30": "650", "2016-03-31": "652", "2015-12-31": "653", "2015-09-30": "662", "2015-06-30": "408", "2015-03-31": "408", "2014-12-31": "408", "2014-09-30": "675", "2014-06-30": "445", "2014-03-31": "448", "2013-12-31": "450", "2013-09-30": "451", "2013-06-30": "450", "2013-03-31": "453", "2012-12-31": "452", "2012-09-30": "441", "2012-06-30": "449", "2012-03-31": "448", "2011-12-31": "448", "2011-09-30": "450", "2011-06-30": "454", "2011-03-31": "456", "2010-12-31": "470", "2010-09-30": "478", "2010-06-30": "474", "2010-03-31": "456", "2009-12-31": "457", "2009-09-30": "452", "2009-06-30": "454", "2009-03-31": "452", "2008-12-31": "454", "2008-09-30": "466", "2008-06-30": "464", "2008-03-31": "467", "2007-12-31": "475", "2007-09-30": "478", "2007-06-30": "473", "2007-03-31": "483", "2006-12-31": "486", "2006-09-30": "488", "2006-06-30": "495", "2006-03-31": "503", "2005-12-31": "504", "2005-09-30": "508", "2005-06-30": "513", "2005-03-31": "521"}}, "total-assets": {"Johnson Controls Annual Total Assets (Millions of US $)": {"2020": "$40,815", "2019": "$42,287", "2018": "$48,797", "2017": "$51,884", "2016": "$63,179", "2015": "$29,622", "2014": "$11,809", "2013": "$12,176", "2012": "$12,365", "2011": "$26,702", "2010": "$27,128", "2009": "$25,553", "2008": "$28,804", "2007": "$32,815", "2006": "$63,011", "2005": "$62,686"}, "Johnson Controls Quarterly Total Assets (Millions of US $)": {"2020-12-31": "$41,424", "2020-09-30": "$40,815", "2020-06-30": "$41,278", "2020-03-31": "$40,402", "2019-12-31": "$42,513", "2019-09-30": "$42,287", "2019-06-30": "$43,069", "2019-03-31": "$48,489", "2018-12-31": "$48,016", "2018-09-30": "$48,797", "2018-06-30": "$49,406", "2018-03-31": "$49,952", "2017-12-31": "$49,767", "2017-09-30": "$51,884", "2017-06-30": "$50,686", "2017-03-31": "$49,607", "2016-12-31": "$48,788", "2016-09-30": "$63,179", "2016-06-30": "$11,614", "2016-03-31": "$11,611", "2015-12-31": "$11,431", "2015-09-30": "$29,622", "2015-06-30": "$11,720", "2015-03-31": "$11,695", "2014-12-31": "$11,198", "2014-09-30": "$11,809", "2014-06-30": "$12,776", "2014-03-31": "$11,935", "2013-12-31": "$12,013", "2013-09-30": "$12,176", "2013-06-30": "$11,870", "2013-03-31": "$11,958", "2012-12-31": "$12,125", "2012-09-30": "$12,365", "2012-06-30": "$27,068", "2012-03-31": "$27,062", "2011-12-31": "$26,498", "2011-09-30": "$26,702", "2011-06-30": "$26,977", "2011-03-31": "$26,554", "2010-12-31": "$26,382", "2010-09-30": "$27,128", "2010-06-30": "$26,908", "2010-03-31": "$25,472", "2009-12-31": "$25,601", "2009-09-30": "$25,553", "2009-06-30": "$25,263", "2009-03-31": "$24,777", "2008-12-31": "$27,384", "2008-09-30": "$28,804", "2008-06-30": "$30,069", "2008-03-31": "$29,874", "2007-12-31": "$32,470", "2007-09-30": "$32,815", "2007-06-30": "$32,161", "2007-03-31": "$64,471", "2006-12-31": "$63,676", "2006-09-30": "$63,011", "2006-06-30": "$61,692", "2006-03-31": "$61,056", "2005-12-31": "$62,261", "2005-09-30": "$62,686", "2005-06-30": "$61,577", "2005-03-31": "$62,772"}}, "cash-on-hand": {"Johnson Controls Annual Cash on Hand (Millions of US $)": {"2020": "$1,951", "2019": "$2,805", "2018": "$185", "2017": "$321", "2016": "$579", "2015": "$597", "2014": "$892", "2013": "$563", "2012": "$844", "2011": "$1,229", "2010": "$1,775", "2009": "$2,354", "2008": "$1,519", "2007": "$4,886", "2006": "$2,193", "2005": "$3,212"}, "Johnson Controls Quarterly Cash on Hand (Millions of US $)": {"2020-12-31": "$1,839", "2020-09-30": "$1,951", "2020-06-30": "$2,342", "2020-03-31": "$1,006", "2019-12-31": "$2,160", "2019-09-30": "$2,805", "2019-06-30": "$3,685", "2019-03-31": "$239", "2018-12-31": "$292", "2018-09-30": "$185", "2018-06-30": "$283", "2018-03-31": "$268", "2017-12-31": "$552", "2017-09-30": "$321", "2017-06-30": "$458", "2017-03-31": "$412", "2016-12-31": "$377", "2016-09-30": "$579", "2016-06-30": "$345", "2016-03-31": "$345", "2015-12-31": "$301", "2015-09-30": "$597", "2015-06-30": "$531", "2015-03-31": "$432", "2014-12-31": "$473", "2014-09-30": "$892", "2014-06-30": "$1,912", "2014-03-31": "$495", "2013-12-31": "$479", "2013-09-30": "$563", "2013-06-30": "$455", "2013-03-31": "$430", "2012-12-31": "$501", "2012-09-30": "$844", "2012-06-30": "$1,118", "2012-03-31": "$1,086", "2011-12-31": "$1,013", "2011-09-30": "$1,229", "2011-06-30": "$1,629", "2011-03-31": "$1,840", "2010-12-31": "$2,062", "2010-09-30": "$1,775", "2010-06-30": "$1,823", "2010-03-31": "$2,733", "2009-12-31": "$2,473", "2009-09-30": "$2,354", "2009-06-30": "$1,779", "2009-03-31": "$1,419", "2008-12-31": "$1,193", "2008-09-30": "$1,519", "2008-06-30": "$1,342", "2008-03-31": "$1,074", "2007-12-31": "$4,080", "2007-09-30": "$4,886", "2007-06-30": "$4,282", "2007-03-31": "$4,056", "2006-12-31": "$2,598", "2006-09-30": "$2,193", "2006-06-30": "$2,120", "2006-03-31": "$2,389", "2005-12-31": "$3,071", "2005-09-30": "$3,212", "2005-06-30": "$2,666", "2005-03-31": "$2,940"}}, "long-term-debt": {"Johnson Controls Annual Long Term Debt (Millions of US $)": {"2020": "$7,526", "2019": "$6,708", "2018": "$9,623", "2017": "$11,964", "2016": "$11,053", "2015": "$5,745", "2014": "$1,443", "2013": "$1,443", "2012": "$1,481", "2011": "$4,105", "2010": "$3,652", "2009": "$4,029", "2008": "$3,709", "2007": "$4,082", "2006": "$8,853", "2005": "$10,599"}, "Johnson Controls Quarterly Long Term Debt (Millions of US $)": {"2020-12-31": "$7,469", "2020-09-30": "$7,526", "2020-06-30": "$5,671", "2020-03-31": "$5,640", "2019-12-31": "$5,920", "2019-09-30": "$6,708", "2019-06-30": "$6,804", "2019-03-31": "$8,418", "2018-12-31": "$9,588", "2018-09-30": "$9,623", "2018-06-30": "$10,373", "2018-03-31": "$10,962", "2017-12-31": "$10,895", "2017-09-30": "$11,964", "2017-06-30": "$11,772", "2017-03-31": "$11,810", "2016-12-31": "$10,351", "2016-09-30": "$11,053", "2016-06-30": "$2,165", "2016-03-31": "$2,159", "2015-12-31": "$2,146", "2015-09-30": "$5,745", "2015-06-30": "$1,744", "2015-03-31": "$1,732", "2014-12-31": "$1,184", "2014-09-30": "$1,443", "2014-06-30": "$1,443", "2014-03-31": "$1,442", "2013-12-31": "$1,443", "2013-09-30": "$1,443", "2013-06-30": "$1,462", "2013-03-31": "$1,481", "2012-12-31": "$1,481", "2012-09-30": "$1,481", "2012-06-30": "$4,149", "2012-03-31": "$4,137", "2011-12-31": "$4,137", "2011-09-30": "$4,105", "2011-06-30": "$4,145", "2011-03-31": "$4,129", "2010-12-31": "$3,634", "2010-09-30": "$3,652", "2010-06-30": "$3,633", "2010-03-31": "$3,995", "2009-12-31": "$4,506", "2009-09-30": "$4,029", "2009-06-30": "$4,226", "2009-03-31": "$4,223", "2008-12-31": "$4,132", "2008-09-30": "$3,709", "2008-06-30": "$4,070", "2008-03-31": "$3,977", "2007-12-31": "$3,777", "2007-09-30": "$4,082", "2007-06-30": "$4,101", "2007-03-31": "$8,609", "2006-12-31": "$8,602", "2006-09-30": "$8,853", "2006-06-30": "$8,554", "2006-03-31": "$9,242", "2005-12-31": "$10,529", "2005-09-30": "$10,599", "2005-06-30": "$12,002", "2005-03-31": "$12,497"}}, "total-liabilities": {"Johnson Controls Annual Total Liabilities (Millions of US $)": {"2020": "$22,282", "2019": "$21,458", "2018": "$26,339", "2017": "$30,517", "2016": "$38,089", "2015": "$19,124", "2014": "$7,139", "2013": "$7,055", "2012": "$7,355", "2011": "$12,548", "2010": "$13,027", "2009": "$12,599", "2008": "$13,310", "2007": "$17,191", "2006": "$27,624", "2005": "$30,171"}, "Johnson Controls Quarterly Total Liabilities (Millions of US $)": {"2020-12-31": "$22,601", "2020-09-30": "$22,282", "2020-06-30": "$22,405", "2020-03-31": "$21,314", "2019-12-31": "$22,082", "2019-09-30": "$21,458", "2019-06-30": "$21,660", "2019-03-31": "$27,188", "2018-12-31": "$26,609", "2018-09-30": "$26,339", "2018-06-30": "$27,597", "2018-03-31": "$28,072", "2017-12-31": "$28,267", "2017-09-30": "$30,517", "2017-06-30": "$30,071", "2017-03-31": "$29,406", "2016-12-31": "$28,392", "2016-09-30": "$38,089", "2016-06-30": "$7,228", "2016-03-31": "$7,433", "2015-12-31": "$7,385", "2015-09-30": "$19,124", "2015-06-30": "$7,381", "2015-03-31": "$7,465", "2014-12-31": "$6,914", "2014-09-30": "$7,139", "2014-06-30": "$6,748", "2014-03-31": "$6,879", "2013-12-31": "$6,859", "2013-09-30": "$7,055", "2013-06-30": "$7,148", "2013-03-31": "$7,228", "2012-12-31": "$6,981", "2012-09-30": "$7,355", "2012-06-30": "$12,652", "2012-03-31": "$12,483", "2011-12-31": "$12,214", "2011-09-30": "$12,548", "2011-06-30": "$12,795", "2011-03-31": "$12,660", "2010-12-31": "$12,186", "2010-09-30": "$13,027", "2010-06-30": "$12,767", "2010-03-31": "$12,549", "2009-12-31": "$12,399", "2009-09-30": "$12,599", "2009-06-30": "$12,668", "2009-03-31": "$12,894", "2008-12-31": "$12,490", "2008-09-30": "$13,310", "2008-06-30": "$14,012", "2008-03-31": "$13,900", "2007-12-31": "$16,742", "2007-09-30": "$17,191", "2007-06-30": "$16,881", "2007-03-31": "$27,610", "2006-12-31": "$27,805", "2006-09-30": "$27,624", "2006-06-30": "$27,306", "2006-03-31": "$26,870", "2005-12-31": "$29,760", "2005-09-30": "$30,171", "2005-06-30": "$29,532", "2005-03-31": "$31,143"}}, "total-share-holder-equity": {"Johnson Controls Annual Share Holder Equity (Millions of US $)": {"2020": "$18,533", "2019": "$20,829", "2018": "$22,458", "2017": "$21,367", "2016": "$25,090", "2015": "$10,498", "2014": "$4,670", "2013": "$5,121", "2012": "$5,010", "2011": "$14,154", "2010": "$14,101", "2009": "$12,954", "2008": "$15,494", "2007": "$15,624", "2006": "$35,387", "2005": "$32,515"}, "Johnson Controls Quarterly Share Holder Equity (Millions of US $)": {"2020-12-31": "$18,823", "2020-09-30": "$18,533", "2020-06-30": "$18,873", "2020-03-31": "$19,088", "2019-12-31": "$20,431", "2019-09-30": "$20,829", "2019-06-30": "$21,409", "2019-03-31": "$21,301", "2018-12-31": "$21,407", "2018-09-30": "$22,458", "2018-06-30": "$21,809", "2018-03-31": "$21,880", "2017-12-31": "$21,500", "2017-09-30": "$21,367", "2017-06-30": "$20,615", "2017-03-31": "$20,201", "2016-12-31": "$20,396", "2016-09-30": "$25,090", "2016-06-30": "$4,386", "2016-03-31": "$4,178", "2015-12-31": "$4,046", "2015-09-30": "$10,498", "2015-06-30": "$4,339", "2015-03-31": "$4,230", "2014-12-31": "$4,284", "2014-09-30": "$4,670", "2014-06-30": "$6,028", "2014-03-31": "$5,056", "2013-12-31": "$5,154", "2013-09-30": "$5,121", "2013-06-30": "$4,722", "2013-03-31": "$4,730", "2012-12-31": "$5,144", "2012-09-30": "$5,010", "2012-06-30": "$14,416", "2012-03-31": "$14,579", "2011-12-31": "$14,284", "2011-09-30": "$14,154", "2011-06-30": "$14,182", "2011-03-31": "$13,894", "2010-12-31": "$14,196", "2010-09-30": "$14,101", "2010-06-30": "$14,141", "2010-03-31": "$12,923", "2009-12-31": "$13,202", "2009-09-30": "$12,954", "2009-06-30": "$12,595", "2009-03-31": "$11,883", "2008-12-31": "$14,894", "2008-09-30": "$15,494", "2008-06-30": "$16,057", "2008-03-31": "$15,974", "2007-12-31": "$15,728", "2007-09-30": "$15,624", "2007-06-30": "$15,280", "2007-03-31": "$36,861", "2006-12-31": "$35,871", "2006-09-30": "$35,387", "2006-06-30": "$34,386", "2006-03-31": "$34,186", "2005-12-31": "$32,501", "2005-09-30": "$32,515", "2005-06-30": "$32,045", "2005-03-31": "$31,629"}}, "profit-margins": {"current": "4.18%"}, "gross margin": {"2020-12-31": "33.22%", "2020-09-30": "33.21%", "2020-06-30": "32.76%", "2020-03-31": "32.55%", "2019-12-31": "32.27%", "2019-09-30": "32.10%", "2019-06-30": "32.54%", "2019-03-31": "32.54%", "2018-12-31": "32.66%", "2018-09-30": "32.76%", "2018-06-30": "35.05%", "2018-03-31": "34.28%", "2017-12-31": "33.79%", "2017-09-30": "32.98%", "2017-06-30": "30.10%", "2017-03-31": "29.13%", "2016-12-31": "28.03%", "2016-09-30": "27.13%", "2016-06-30": "23.85%", "2016-03-31": "24.44%", "2015-12-31": "25.26%", "2015-09-30": "26.50%", "2015-06-30": "16.11%", "2015-03-31": "16.22%", "2014-12-31": "16.25%", "2014-09-30": "16.27%", "2014-06-30": "36.98%", "2014-03-31": "36.90%", "2013-12-31": "36.73%", "2013-09-30": "36.48%", "2013-06-30": "36.23%", "2013-03-31": "36.20%", "2012-12-31": "36.20%", "2012-09-30": "36.31%", "2012-06-30": "36.15%", "2012-03-31": "36.89%", "2011-12-31": "37.67%", "2011-09-30": "37.76%", "2011-06-30": "37.88%", "2011-03-31": "37.50%", "2010-12-31": "36.95%", "2010-09-30": "36.91%", "2010-06-30": "36.91%", "2010-03-31": "36.54%", "2009-12-31": "36.08%", "2009-09-30": "35.61%", "2009-06-30": "35.40%", "2009-03-31": "35.40%", "2008-12-31": "35.35%", "2008-09-30": "35.24%", "2008-06-30": "34.64%", "2008-03-31": "34.25%", "2007-12-31": "34.01%", "2007-09-30": "33.87%", "2007-06-30": "34.05%", "2007-03-31": "33.41%", "2006-12-31": "33.54%", "2006-09-30": "33.46%", "2006-06-30": "33.48%", "2006-03-31": "34.17%", "2005-12-31": "34.47%"}, "operating margin": {"2020-12-31": "5.13%", "2020-09-30": "4.32%", "2020-06-30": "2.04%", "2020-03-31": "4.61%", "2019-12-31": "4.95%", "2019-09-30": "5.07%", "2019-06-30": "7.36%", "2019-03-31": "7.95%", "2018-12-31": "7.78%", "2018-09-30": "7.56%", "2018-06-30": "5.39%", "2018-03-31": "5.65%", "2017-12-31": "5.79%", "2017-09-30": "6.39%", "2017-06-30": "5.77%", "2017-03-31": "5.28%", "2016-12-31": "5.30%", "2016-09-30": "5.64%", "2016-06-30": "6.96%", "2016-03-31": "6.67%", "2015-12-31": "6.92%", "2015-09-30": "6.58%", "2015-06-30": "3.99%", "2015-03-31": "4.09%", "2014-12-31": "4.18%", "2014-09-30": "4.55%", "2014-06-30": "11.11%", "2014-03-31": "9.89%", "2013-12-31": "8.25%", "2013-09-30": "7.08%", "2013-06-30": "6.24%", "2013-03-31": "5.75%", "2012-12-31": "6.97%", "2012-09-30": "6.58%", "2012-06-30": "7.19%", "2012-03-31": "9.17%", "2011-12-31": "9.73%", "2011-09-30": "11.89%", "2011-06-30": "11.72%", "2011-03-31": "11.15%", "2010-12-31": "11.02%", "2010-09-30": "9.39%", "2010-06-30": "9.03%", "2010-03-31": "8.85%", "2009-12-31": "-9.11%", "2009-09-30": "-8.92%", "2009-06-30": "-8.11%", "2009-03-31": "-6.34%", "2008-12-31": "9.40%", "2008-09-30": "9.61%", "2008-06-30": "9.60%", "2008-03-31": "-6.40%", "2007-12-31": "-7.78%", "2007-09-30": "-9.25%", "2007-06-30": "-8.72%", "2007-03-31": "6.97%", "2006-12-31": "10.39%", "2006-09-30": "11.86%", "2006-06-30": "11.49%", "2006-03-31": "13.96%", "2005-12-31": "14.29%"}, "ebitda margin": {"2020-12-31": "8.85%", "2020-09-30": "8.00%", "2020-06-30": "5.64%", "2020-03-31": "8.05%", "2019-12-31": "8.36%", "2019-09-30": "8.51%", "2019-06-30": "10.71%", "2019-03-31": "11.42%", "2018-12-31": "11.28%", "2018-09-30": "11.09%", "2018-06-30": "8.99%", "2018-03-31": "9.27%", "2017-12-31": "9.51%", "2017-09-30": "10.42%", "2017-06-30": "9.99%", "2017-03-31": "9.73%", "2016-12-31": "9.92%", "2016-09-30": "10.22%", "2016-06-30": "12.24%", "2016-03-31": "11.92%", "2015-12-31": "12.07%", "2015-09-30": "11.61%", "2015-06-30": "6.44%", "2015-03-31": "6.54%", "2014-12-31": "6.64%", "2014-09-30": "7.02%", "2014-06-30": "14.71%", "2014-03-31": "13.61%", "2013-12-31": "11.95%", "2013-09-30": "10.85%", "2013-06-30": "9.62%", "2013-03-31": "9.21%", "2012-12-31": "10.61%", "2012-09-30": "10.23%", "2012-06-30": "4.88%", "2012-03-31": "9.02%", "2011-12-31": "11.19%", "2011-09-30": "14.62%", "2011-06-30": "15.07%", "2011-03-31": "14.34%", "2010-12-31": "13.94%", "2010-09-30": "12.14%", "2010-06-30": "16.14%", "2010-03-31": "15.84%", "2009-12-31": "14.16%", "2009-09-30": "13.92%", "2009-06-30": "14.13%", "2009-03-31": "14.70%", "2008-12-31": "15.69%", "2008-09-30": "15.78%", "2008-06-30": "15.39%", "2008-03-31": "-0.29%", "2007-12-31": "-1.51%", "2007-09-30": "-2.72%", "2007-06-30": "-2.10%", "2007-03-31": "11.12%", "2006-12-31": "14.48%", "2006-09-30": "15.94%", "2006-06-30": "13.10%", "2006-03-31": "16.95%", "2005-12-31": "17.32%"}, "pre tax profit margin": {"2020-12-31": "4.89%", "2020-09-30": "4.05%", "2020-06-30": "1.81%", "2020-03-31": "4.19%", "2019-12-31": "4.44%", "2019-09-30": "4.41%", "2019-06-30": "6.47%", "2019-03-31": "7.12%", "2018-12-31": "6.88%", "2018-09-30": "6.61%", "2018-06-30": "3.81%", "2018-03-31": "4.10%", "2017-12-31": "4.45%", "2017-09-30": "5.04%", "2017-06-30": "4.93%", "2017-03-31": "4.49%", "2016-12-31": "4.56%", "2016-09-30": "5.09%", "2016-06-30": "6.08%", "2016-03-31": "5.70%", "2015-12-31": "5.88%", "2015-09-30": "5.44%", "2015-06-30": "4.41%", "2015-03-31": "4.50%", "2014-12-31": "4.59%", "2014-09-30": "4.94%", "2014-06-30": "10.26%", "2014-03-31": "9.02%", "2013-12-31": "7.19%", "2013-09-30": "5.96%", "2013-06-30": "0.70%", "2013-03-31": "-0.04%", "2012-12-31": "1.06%", "2012-09-30": "0.39%", "2012-06-30": "5.18%", "2012-03-31": "7.41%", "2011-12-31": "8.16%", "2011-09-30": "10.50%", "2011-06-30": "10.40%", "2011-03-31": "9.28%", "2010-12-31": "9.14%", "2010-09-30": "7.46%", "2010-06-30": "6.92%", "2010-03-31": "7.23%", "2009-12-31": "-10.70%", "2009-09-30": "-10.48%", "2009-06-30": "-9.59%", "2009-03-31": "-9.17%", "2008-12-31": "6.52%", "2008-09-30": "7.04%", "2008-06-30": "7.18%", "2008-03-31": "-8.76%", "2007-12-31": "-9.98%", "2007-09-30": "-11.75%", "2007-06-30": "-11.27%", "2007-03-31": "5.80%", "2006-12-31": "9.06%", "2006-09-30": "10.41%", "2006-06-30": "9.97%", "2006-03-31": "11.89%", "2005-12-31": "10.71%"}, "net profit margin": {"2020-12-31": "4.18%", "2020-09-30": "2.83%", "2020-06-30": "3.54%", "2020-03-31": "21.80%", "2019-12-31": "22.75%", "2019-09-30": "23.67%", "2019-06-30": "24.43%", "2019-03-31": "9.97%", "2018-12-31": "9.71%", "2018-09-30": "9.24%", "2018-06-30": "12.58%", "2018-03-31": "10.80%", "2017-12-31": "7.18%", "2017-09-30": "7.05%", "2017-06-30": "-1.54%", "2017-03-31": "-2.36%", "2016-12-31": "-4.26%", "2016-09-30": "-4.17%", "2016-06-30": "5.69%", "2016-03-31": "5.34%", "2015-12-31": "9.58%", "2015-09-30": "9.14%", "2015-06-30": "-0.59%", "2015-03-31": "2.76%", "2014-12-31": "2.86%", "2014-09-30": "3.14%", "2014-06-30": "20.76%", "2014-03-31": "7.81%", "2013-12-31": "6.46%", "2013-09-30": "5.33%", "2013-06-30": "-0.47%", "2013-03-31": "0.59%", "2012-12-31": "2.97%", "2012-09-30": "4.54%", "2012-06-30": "12.30%", "2012-03-31": "11.57%", "2011-12-31": "10.27%", "2011-09-30": "11.19%", "2011-06-30": "9.32%", "2011-03-31": "8.72%", "2010-12-31": "8.64%", "2010-09-30": "6.65%", "2010-06-30": "6.42%", "2010-03-31": "6.67%", "2009-12-31": "-10.67%", "2009-09-30": "-10.65%", "2009-06-30": "-8.94%", "2009-03-31": "-7.42%", "2008-12-31": "7.59%", "2008-09-30": "7.87%", "2008-06-30": "6.52%", "2008-03-31": "-14.03%", "2007-12-31": "-11.40%", "2007-09-30": "-9.37%", "2007-06-30": "-3.71%", "2007-03-31": "20.59%", "2006-12-31": "15.99%", "2006-09-30": "12.29%", "2006-06-30": "9.43%", "2006-03-31": "8.99%", "2005-12-31": "7.23%"}, "pe ratio": {"current": "22.39", "2021-02-05": "79.77", "2020-12-31": "72.80", "2020-09-30": "47.79", "2020-06-30": "33.07", "2020-03-31": "4.37", "2019-12-31": "6.25", "2019-09-30": "6.52", "2019-06-30": "6.04", "2019-03-31": "13.78", "2018-12-31": "11.43", "2018-09-30": "14.12", "2018-06-30": "12.85", "2018-03-31": "14.58", "2017-12-31": "18.17", "2017-09-30": "18.14", "2017-06-30": "0.00", "2017-03-31": "0.00", "2016-12-31": "0.00", "2016-09-30": "0.00", "2016-06-30": "27.33", "2016-03-31": "27.70", "2015-12-31": "22.80", "2015-09-30": "20.10", "2015-06-30": "31.55", "2015-03-31": "8.98", "2014-12-31": "8.98", "2014-09-30": "8.65", "2014-06-30": "7.73", "2014-03-31": "19.50", "2013-12-31": "22.67", "2013-09-30": "23.02", "2013-06-30": "0.00", "2013-03-31": "234.56", "2012-12-31": "33.31", "2012-09-30": "20.12", "2012-06-30": "6.86", "2012-03-31": "6.66", "2011-12-31": "5.58", "2011-09-30": "4.00", "2011-06-30": "5.29", "2011-03-31": "5.16", "2010-12-31": "4.77", "2010-09-30": "5.49", "2010-06-30": "5.47", "2010-03-31": "5.68", "2009-12-31": "0.00", "2009-09-30": "0.00", "2009-06-30": "0.00", "2009-03-31": "0.00", "2008-12-31": "2.37", "2008-09-30": "3.63", "2008-06-30": "4.98", "2008-03-31": "0.00", "2007-12-31": "0.00", "2007-09-30": "0.00", "2007-06-30": "0.00", "2007-03-31": "2.08", "2006-12-31": "1.90"}, "price sales": {"2021-02-05": "1.72", "2020-12-31": "1.57", "2020-09-30": "1.38", "2020-06-30": "1.17", "2020-03-31": "0.91", "2019-12-31": "1.41", "2019-09-30": "1.58", "2019-06-30": "1.51", "2019-03-31": "1.37", "2018-12-31": "1.11", "2018-09-30": "1.31", "2018-06-30": "1.61", "2018-03-31": "1.57", "2017-12-31": "1.56", "2017-09-30": "1.52", "2017-06-30": "1.21", "2017-03-31": "1.17", "2016-12-31": "1.16", "2016-09-30": "1.17", "2016-06-30": "0.95", "2016-03-31": "0.86", "2015-12-31": "0.77", "2015-09-30": "0.83", "2015-06-30": "0.48", "2015-03-31": "0.54", "2014-12-31": "0.55", "2014-09-30": "0.56", "2014-06-30": "1.61", "2014-03-31": "1.51", "2013-12-31": "1.46", "2013-09-30": "1.22", "2013-06-30": "1.10", "2013-03-31": "1.05", "2012-12-31": "0.95", "2012-09-30": "0.91", "2012-06-30": "0.85", "2012-03-31": "0.78", "2011-12-31": "0.58", "2011-09-30": "0.45", "2011-06-30": "0.49", "2011-03-31": "0.45", "2010-12-31": "0.41", "2010-09-30": "0.37", "2010-06-30": "0.35", "2010-03-31": "0.38", "2009-12-31": "0.35", "2009-09-30": "0.33", "2009-06-30": "0.24", "2009-03-31": "0.17", "2008-12-31": "0.18", "2008-09-30": "0.29", "2008-06-30": "0.33", "2008-03-31": "0.37", "2007-12-31": "0.34", "2007-09-30": "0.39", "2007-06-30": "0.46", "2007-03-31": "0.43", "2006-12-31": "0.32"}, "price book": {"current": "1.95", "2021-02-05": "1.95", "2020-12-31": "1.78", "2020-09-30": "1.59", "2020-06-30": "1.33", "2020-03-31": "1.03", "2019-12-31": "1.48", "2019-09-30": "1.58", "2019-06-30": "1.48", "2019-03-31": "1.49", "2018-12-31": "1.20", "2018-09-30": "1.36", "2018-06-30": "1.32", "2018-03-31": "1.38", "2017-12-31": "1.51", "2017-09-30": "1.60", "2017-06-30": "1.78", "2017-03-31": "1.77", "2016-12-31": "1.70", "2016-09-30": "1.38", "2016-06-30": "3.27", "2016-03-31": "2.93", "2015-12-31": "2.61", "2015-09-30": "1.67", "2015-06-30": "2.88", "2015-03-31": "3.29", "2014-12-31": "3.28", "2014-09-30": "3.10", "2014-06-30": "2.57", "2014-03-31": "2.92", "2013-12-31": "2.75", "2013-09-30": "2.35", "2013-06-30": "2.37", "2013-03-31": "2.29", "2012-12-31": "1.93", "2012-09-30": "1.87", "2012-06-30": "0.61", "2012-03-31": "0.64", "2011-12-31": "0.54", "2011-09-30": "0.47", "2011-06-30": "0.57", "2011-03-31": "0.53", "2010-12-31": "0.49", "2010-09-30": "0.44", "2010-06-30": "0.43", "2010-03-31": "0.48", "2009-12-31": "0.44", "2009-09-30": "0.43", "2009-06-30": "0.33", "2009-03-31": "0.26", "2008-12-31": "0.23", "2008-09-30": "0.36", "2008-06-30": "0.39", "2008-03-31": "0.44", "2007-12-31": "0.40", "2007-09-30": "0.46", "2007-06-30": "0.54", "2007-03-31": "0.21", "2006-12-31": "0.20", "2006-09-30": "0.19", "2006-06-30": "0.19", "2006-03-31": "0.19"}, "price fcf": {"2021-02-05": "", "2020-12-31": "$3.00", "2020-09-30": "$2.87", "2020-06-30": "$2.66", "2020-03-31": "$2.12", "2019-12-31": "$2.10", "2019-09-30": "$1.35", "2019-06-30": "$1.11", "2019-03-31": "$0.94", "2018-12-31": "$1.00", "2018-09-30": "$0.99", "2018-06-30": "$2.29", "2018-03-31": "$1.75", "2017-12-31": "$1.74", "2017-09-30": "$-0.38", "2017-06-30": "$-1.23", "2017-03-31": "$-1.37", "2016-12-31": "$-0.91", "2016-09-30": "$1.03", "2016-06-30": "$-0.19", "2016-03-31": "$0.53", "2015-12-31": "$0.24", "2015-09-30": "$0.76", "2015-06-30": "$1.75", "2015-03-31": "$1.54", "2014-12-31": "$1.82", "2014-09-30": "$1.89", "2014-06-30": "$1.62", "2014-03-31": "$1.84", "2013-12-31": "$1.71", "2013-09-30": "$1.30", "2013-06-30": "$2.39", "2013-03-31": "$3.42", "2012-12-31": "$4.38", "2012-09-30": "$5.20", "2012-06-30": "$5.65", "2012-03-31": "$5.33", "2011-12-31": "$5.01", "2011-09-30": "$4.59", "2011-06-30": "$4.71", "2011-03-31": "$4.55", "2010-12-31": "$4.49", "2010-09-30": "$4.87", "2010-06-30": "$4.27", "2010-03-31": "$4.38", "2009-12-31": "$4.56", "2009-09-30": "$3.83", "2009-06-30": "$3.99", "2009-03-31": "$3.91", "2008-12-31": "$-2.90", "2008-09-30": "$-3.41", "2008-06-30": "$-3.64", "2008-03-31": "$-3.04", "2007-12-31": "$5.54", "2007-09-30": "$7.68", "2007-06-30": "$10.75", "2007-03-31": "$12.85", "2006-12-31": "$11.77"}, "net worth": {"value": "$36.73B"}, "current ratio": {"current": "1.18", "2020-12-31": "1.18", "2020-09-30": "1.22", "2020-06-30": "1.08", "2020-03-31": "1.05", "2019-12-31": "1.17", "2019-09-30": "1.37", "2019-06-30": "1.41", "2019-03-31": "0.96", "2018-12-31": "1.03", "2018-09-30": "1.05", "2018-06-30": "1.10", "2018-03-31": "1.12", "2017-12-31": "1.11", "2017-09-30": "1.04", "2017-06-30": "1.21", "2017-03-31": "1.23", "2016-12-31": "0.96", "2016-09-30": "1.05", "2016-06-30": "1.23", "2016-03-31": "1.13", "2015-12-31": "1.14", "2015-09-30": "1.00", "2015-06-30": "1.21", "2015-03-31": "1.17", "2014-12-31": "1.17", "2014-09-30": "1.38", "2014-06-30": "1.76", "2014-03-31": "1.40", "2013-12-31": "1.27", "2013-09-30": "1.45", "2013-06-30": "1.26", "2013-03-31": "1.33", "2012-12-31": "1.49", "2012-09-30": "1.41", "2012-06-30": "1.53", "2012-03-31": "1.51", "2011-12-31": "1.54", "2011-09-30": "3.23", "2011-06-30": "1.48", "2011-03-31": "1.51", "2010-12-31": "1.51", "2010-09-30": "1.40", "2010-06-30": "1.48", "2010-03-31": "1.68", "2009-12-31": "1.97", "2009-09-30": "1.69", "2009-06-30": "1.68", "2009-03-31": "1.56", "2008-12-31": "1.71", "2008-09-30": "1.48", "2008-06-30": "1.58", "2008-03-31": "1.53", "2007-12-31": "1.33", "2007-09-30": "1.38", "2007-06-30": "1.32", "2007-03-31": "1.80", "2006-12-31": "1.67", "2006-09-30": "3.08", "2006-06-30": "1.63", "2006-03-31": "1.74", "2005-12-31": "1.62", "2005-09-30": "1.58", "2005-06-30": "1.74", "2005-03-31": "1.64"}, "quick ratio": {"2020-12-31": "0.96", "2020-09-30": "1.00", "2020-06-30": "0.89", "2020-03-31": "0.83", "2019-12-31": "0.97", "2019-09-30": "1.17", "2019-06-30": "1.19", "2019-03-31": "0.80", "2018-12-31": "0.85", "2018-09-30": "0.89", "2018-06-30": "0.79", "2018-03-31": "0.79", "2017-12-31": "0.80", "2017-09-30": "0.77", "2017-06-30": "0.92", "2017-03-31": "0.94", "2016-12-31": "0.70", "2016-09-30": "0.87", "2016-06-30": "1.02", "2016-03-31": "0.93", "2015-12-31": "0.94", "2015-09-30": "0.78", "2015-06-30": "1.01", "2015-03-31": "0.98", "2014-12-31": "0.98", "2014-09-30": "1.20", "2014-06-30": "1.56", "2014-03-31": "1.21", "2013-12-31": "1.05", "2013-09-30": "1.26", "2013-06-30": "1.05", "2013-03-31": "1.11", "2012-12-31": "1.25", "2012-09-30": "1.20", "2012-06-30": "1.18", "2012-03-31": "1.15", "2011-12-31": "1.17", "2011-09-30": "3.13", "2011-06-30": "1.17", "2011-03-31": "1.21", "2010-12-31": "1.23", "2010-09-30": "1.12", "2010-06-30": "1.19", "2010-03-31": "1.37", "2009-12-31": "1.60", "2009-09-30": "1.41", "2009-06-30": "1.33", "2009-03-31": "1.21", "2008-12-31": "1.30", "2008-09-30": "1.15", "2008-06-30": "1.24", "2008-03-31": "1.18", "2007-12-31": "1.11", "2007-09-30": "1.18", "2007-06-30": "1.09", "2007-03-31": "1.32", "2006-12-31": "1.20", "2006-09-30": "2.97", "2006-06-30": "1.18", "2006-03-31": "1.27", "2005-12-31": "1.23", "2005-09-30": "1.23", "2005-06-30": "1.27", "2005-03-31": "1.20"}, "debt equity ratio": {"current": "0.40", "2020-12-31": "1.20", "2020-09-30": "1.20", "2020-06-30": "1.19", "2020-03-31": "1.12", "2019-12-31": "1.08", "2019-09-30": "1.03", "2019-06-30": "1.01", "2019-03-31": "1.28", "2018-12-31": "1.24", "2018-09-30": "1.17", "2018-06-30": "1.27", "2018-03-31": "1.28", "2017-12-31": "1.32", "2017-09-30": "1.43", "2017-06-30": "1.46", "2017-03-31": "1.46", "2016-12-31": "1.39", "2016-09-30": "1.52", "2016-06-30": "1.65", "2016-03-31": "1.78", "2015-12-31": "1.83", "2015-09-30": "1.82", "2015-06-30": "1.70", "2015-03-31": "1.77", "2014-12-31": "1.61", "2014-09-30": "1.53", "2014-06-30": "1.12", "2014-03-31": "1.36", "2013-12-31": "1.33", "2013-09-30": "1.38", "2013-06-30": "1.51", "2013-03-31": "1.53", "2012-12-31": "1.36", "2012-09-30": "1.47", "2012-06-30": "0.88", "2012-03-31": "0.86", "2011-12-31": "0.86", "2011-09-30": "0.89", "2011-06-30": "0.90", "2011-03-31": "0.91", "2010-12-31": "0.86", "2010-09-30": "0.92", "2010-06-30": "0.90", "2010-03-31": "0.97", "2009-12-31": "0.94", "2009-09-30": "0.97", "2009-06-30": "1.01", "2009-03-31": "1.09", "2008-12-31": "0.84", "2008-09-30": "0.86", "2008-06-30": "0.87", "2008-03-31": "0.87", "2007-12-31": "1.06", "2007-09-30": "1.10", "2007-06-30": "1.11", "2007-03-31": "0.75", "2006-12-31": "0.78", "2006-09-30": "0.78", "2006-06-30": "0.79", "2006-03-31": "0.79", "2005-12-31": "0.92", "2005-09-30": "0.93", "2005-06-30": "0.92", "2005-03-31": "0.99"}, "return on equity": {"2020-12-31": "4.90%", "2020-09-30": "3.28%", "2020-06-30": "4.05%", "2020-03-31": "25.32%", "2019-12-31": "26.10%", "2019-09-30": "26.72%", "2019-06-30": "26.95%", "2019-03-31": "10.87%", "2018-12-31": "10.45%", "2018-09-30": "9.87%", "2018-06-30": "10.47%", "2018-03-31": "9.83%", "2017-12-31": "7.23%", "2017-09-30": "7.80%", "2017-06-30": "-2.02%", "2017-03-31": "-3.46%", "2016-12-31": "-7.32%", "2016-09-30": "-9.21%", "2016-06-30": "23.91%", "2016-03-31": "20.02%", "2015-12-31": "32.03%", "2015-09-30": "26.77%", "2015-06-30": "-5.18%", "2015-03-31": "22.22%", "2014-12-31": "22.10%", "2014-09-30": "23.24%", "2014-06-30": "39.20%", "2014-03-31": "15.52%", "2013-12-31": "13.04%", "2013-09-30": "10.87%", "2013-06-30": "-1.00%", "2013-03-31": "0.85%", "2012-12-31": "3.20%", "2012-09-30": "3.91%", "2012-06-30": "8.97%", "2012-03-31": "9.80%", "2011-12-31": "9.86%", "2011-09-30": "12.26%", "2011-06-30": "11.35%", "2011-03-31": "10.61%", "2010-12-31": "10.76%", "2010-09-30": "8.33%", "2010-06-30": "8.05%", "2010-03-31": "8.55%", "2009-12-31": "-14.01%", "2009-09-30": "-13.74%", "2009-06-30": "-11.44%", "2009-03-31": "-9.46%", "2008-12-31": "9.40%", "2008-09-30": "9.82%", "2008-06-30": "8.20%", "2008-03-31": "-17.42%", "2007-12-31": "-10.41%", "2007-09-30": "-6.72%", "2007-06-30": "-2.19%", "2007-03-31": "10.51%", "2006-12-31": "10.88%", "2006-09-30": "10.46%", "2006-06-30": "9.69%", "2006-03-31": "10.85%", "2005-12-31": "8.88%"}, "return on assets": {"2020-12-31": "2.25%", "2020-09-30": "1.53%", "2020-06-30": "1.93%", "2020-03-31": "12.30%", "2019-12-31": "12.42%", "2019-09-30": "12.48%", "2019-06-30": "12.39%", "2019-03-31": "4.86%", "2018-12-31": "4.66%", "2018-09-30": "4.37%", "2018-06-30": "4.51%", "2018-03-31": "4.15%", "2017-12-31": "2.99%", "2017-09-30": "3.21%", "2017-06-30": "-0.82%", "2017-03-31": "-1.40%", "2016-12-31": "-2.93%", "2016-09-30": "-3.55%", "2016-06-30": "8.59%", "2016-03-31": "7.17%", "2015-12-31": "11.48%", "2015-09-30": "9.73%", "2015-06-30": "-1.96%", "2015-03-31": "8.99%", "2014-12-31": "9.28%", "2014-09-30": "10.01%", "2014-06-30": "17.12%", "2014-03-31": "6.48%", "2013-12-31": "5.36%", "2013-09-30": "4.45%", "2013-06-30": "-0.41%", "2013-03-31": "0.39%", "2012-12-31": "1.59%", "2012-09-30": "2.03%", "2012-06-30": "4.80%", "2012-03-31": "5.23%", "2011-12-31": "5.22%", "2011-09-30": "6.49%", "2011-06-30": "5.98%", "2011-03-31": "5.59%", "2010-12-31": "5.62%", "2010-09-30": "4.31%", "2010-06-30": "4.14%", "2010-03-31": "4.33%", "2009-12-31": "-7.01%", "2009-09-30": "-6.98%", "2009-06-30": "-5.91%", "2009-03-31": "-4.97%", "2008-12-31": "5.05%", "2008-09-30": "5.12%", "2008-06-30": "4.15%", "2008-03-31": "-8.57%", "2007-12-31": "-5.37%", "2007-09-30": "-3.61%", "2007-06-30": "-1.21%", "2007-03-31": "5.92%", "2006-12-31": "6.10%", "2006-09-30": "5.75%", "2006-06-30": "5.23%", "2006-03-31": "5.75%", "2005-12-31": "4.59%"}, "return on investments": {"2020-12-31": "4.46%", "2020-09-30": "3.79%", "2020-06-30": "1.79%", "2020-03-31": "4.10%", "2019-12-31": "4.26%", "2019-09-30": "4.17%", "2019-06-30": "5.81%", "2019-03-31": "6.03%", "2018-12-31": "5.72%", "2018-09-30": "5.47%", "2018-06-30": "2.97%", "2018-03-31": "3.35%", "2017-12-31": "3.75%", "2017-09-30": "4.55%", "2017-06-30": "4.98%", "2017-03-31": "5.16%", "2016-12-31": "6.18%", "2016-09-30": "8.52%", "2016-06-30": "19.14%", "2016-03-31": "16.56%", "2015-12-31": "15.50%", "2015-09-30": "13.33%", "2015-06-30": "26.04%", "2015-03-31": "25.30%", "2014-12-31": "25.36%", "2014-09-30": "26.46%", "2014-06-30": "16.51%", "2014-03-31": "15.25%", "2013-12-31": "12.85%", "2013-09-30": "11.13%", "2013-06-30": "10.11%", "2013-03-31": "6.34%", "2012-12-31": "5.83%", "2012-09-30": "4.41%", "2012-06-30": "4.07%", "2012-03-31": "6.02%", "2011-12-31": "7.22%", "2011-09-30": "10.15%", "2011-06-30": "11.18%", "2011-03-31": "10.71%", "2010-12-31": "10.81%", "2010-09-30": "9.11%", "2010-06-30": "8.68%", "2010-03-31": "8.56%", "2009-12-31": "-8.96%", "2009-09-30": "-8.74%", "2009-06-30": "-8.00%", "2009-03-31": "-6.34%", "2008-12-31": "9.28%", "2008-09-30": "9.63%", "2008-06-30": "9.66%", "2008-03-31": "-6.34%", "2007-12-31": "-5.70%", "2007-09-30": "-5.33%", "2007-06-30": "-4.13%", "2007-03-31": "2.86%", "2006-12-31": "5.65%", "2006-09-30": "7.92%", "2006-06-30": "9.15%", "2006-03-31": "12.74%", "2005-12-31": "12.96%"}, "return on tangible equity": {"2020-12-31": "-20.34%", "2020-09-30": "-14.93%", "2020-06-30": "-21.19%", "2020-03-31": "-153.05%", "2019-12-31": "-179.93%", "2019-09-30": "-195.45%", "2019-06-30": "-217.22%", "2019-03-31": "-77.34%", "2018-12-31": "-66.52%", "2018-09-30": "-55.22%", "2018-06-30": "-48.69%", "2018-03-31": "-41.51%", "2017-12-31": "-27.75%", "2017-09-30": "-26.21%", "2017-06-30": "7.56%", "2017-03-31": "13.29%", "2016-12-31": "29.42%", "2016-09-30": "49.42%", "2016-06-30": "-396.55%", "2016-03-31": "-373.16%", "2015-12-31": "-848.11%", "2015-09-30": "-2178.40%", "2015-06-30": "34.80%", "2015-03-31": "-596.09%", "2014-12-31": "1325.75%", "2014-09-30": "597.05%", "2014-06-30": "730.54%", "2014-03-31": "-1408.14%", "2013-12-31": "-379.35%", "2013-09-30": "-408.38%", "2013-06-30": "23.87%", "2013-03-31": "187.88%", "2012-12-31": "105.56%", "2012-09-30": "103.00%", "2012-06-30": "46.28%", "2012-03-31": "49.93%", "2011-12-31": "49.50%", "2011-09-30": "58.60%", "2011-06-30": "172.17%", "2011-03-31": "138.27%", "2010-12-31": "115.74%", "2010-09-30": "79.73%", "2010-06-30": "69.99%", "2010-03-31": "71.31%", "2009-12-31": "-127.21%", "2009-09-30": "-140.00%", "2009-06-30": "-130.45%", "2009-03-31": "-108.53%", "2008-12-31": "105.54%", "2008-09-30": "111.13%", "2008-06-30": "88.62%", "2008-03-31": "-206.01%", "2007-12-31": "-81.96%", "2007-09-30": "-46.35%", "2007-06-30": "-7.73%", "2007-03-31": "38.88%", "2006-12-31": "41.77%", "2006-09-30": "42.41%", "2006-06-30": "85.42%", "2006-03-31": "117.04%", "2005-12-31": "134.80%"}, "dividend yield history": {"last payout": "$1.04", "last yield": "2.04%"}}