{"ticker": "JNJ", "price": {"title": "Johnson & Johnson Historical Annual Stock Price Data", "value": 164.45, "historical": {"2021": {"Average Stock Price": "162.0579", "Year Open": "156.5000", "Year High": "170.4800", "Year Low": "156.5000", "Year Close": "164.4500", "Annual % Change": "4.49%"}, "2020": {"Average Stock Price": "145.8164", "Year Open": "145.9700", "Year High": "157.3800", "Year Low": "111.1400", "Year Close": "157.3800", "Annual % Change": "7.89%"}, "2019": {"Average Stock Price": "134.9359", "Year Open": "127.7500", "Year High": "146.4400", "Year Low": "125.7200", "Year Close": "145.8700", "Annual % Change": "13.03%"}, "2018": {"Average Stock Price": "133.0255", "Year Open": "139.2300", "Year High": "148.1400", "Year Low": "119.4000", "Year Close": "129.0500", "Annual % Change": "-7.64%"}, "2017": {"Average Stock Price": "129.7608", "Year Open": "115.8400", "Year High": "143.6200", "Year Low": "111.7600", "Year Close": "139.7200", "Annual % Change": "21.27%"}, "2016": {"Average Stock Price": "113.6073", "Year Open": "100.4800", "Year High": "125.4000", "Year Low": "95.7500", "Year Close": "115.2100", "Annual % Change": "12.16%"}, "2015": {"Average Stock Price": "99.7594", "Year Open": "104.5200", "Year High": "106.3900", "Year Low": "90.7300", "Year Close": "102.7200", "Annual % Change": "-1.77%"}, "2014": {"Average Stock Price": "100.8153", "Year Open": "91.0300", "Year High": "109.0700", "Year Low": "86.6200", "Year Close": "104.5700", "Annual % Change": "14.17%"}, "2013": {"Average Stock Price": "85.7595", "Year Open": "70.8400", "Year High": "95.6300", "Year Low": "70.7400", "Year Close": "91.5900", "Annual % Change": "30.66%"}, "2012": {"Average Stock Price": "66.9473", "Year Open": "65.8800", "Year High": "72.5200", "Year Low": "61.7800", "Year Close": "70.1000", "Annual % Change": "6.89%"}, "2011": {"Average Stock Price": "63.5544", "Year Open": "62.8200", "Year High": "67.9200", "Year Low": "57.6600", "Year Close": "65.5800", "Annual % Change": "6.03%"}, "2010": {"Average Stock Price": "62.1572", "Year Open": "64.6800", "Year High": "66.0300", "Year Low": "57.0200", "Year Close": "61.8500", "Annual % Change": "-3.97%"}, "2009": {"Average Stock Price": "57.7864", "Year Open": "60.6500", "Year High": "64.9600", "Year Low": "46.6000", "Year Close": "64.4100", "Annual % Change": "7.66%"}, "2008": {"Average Stock Price": "64.9140", "Year Open": "65.9100", "Year High": "72.2200", "Year Low": "55.3300", "Year Close": "59.8300", "Annual % Change": "-10.30%"}, "2007": {"Average Stock Price": "63.9777", "Year Open": "66.4000", "Year High": "68.4000", "Year Low": "59.7700", "Year Close": "66.7000", "Annual % Change": "1.03%"}, "2006": {"Average Stock Price": "62.2075", "Year Open": "61.6300", "Year High": "69.1000", "Year Low": "56.8000", "Year Close": "66.0200", "Annual % Change": "9.85%"}, "2005": {"Average Stock Price": "64.6922", "Year Open": "62.9000", "Year High": "69.4000", "Year Low": "60.0400", "Year Close": "60.1000", "Annual % Change": "-5.23%"}, "2004": {"Average Stock Price": "55.8880", "Year Open": "51.6600", "Year High": "63.7600", "Year Low": "49.5000", "Year Close": "63.4200", "Annual % Change": "22.76%"}, "2003": {"Average Stock Price": "52.6047", "Year Open": "55.3300", "Year High": "58.6700", "Year Low": "48.7300", "Year Close": "51.6600", "Annual % Change": "-3.82%"}, "2002": {"Average Stock Price": "57.6370", "Year Open": "58.7000", "Year High": "65.4900", "Year Low": "41.8500", "Year Close": "53.7100", "Annual % Change": "-9.12%"}, "2001": {"Average Stock Price": "51.9361", "Year Open": "51.0000", "Year High": "60.9700", "Year Low": "41.6250", "Year Close": "59.1000", "Annual % Change": "12.46%"}, "2000": {"Average Stock Price": "44.6343", "Year Open": "46.0950", "Year High": "52.5500", "Year Low": "34.2500", "Year Close": "52.5500", "Annual % Change": "12.71%"}, "1999": {"Average Stock Price": "47.0157", "Year Open": "41.3450", "Year High": "53.0500", "Year Low": "38.5000", "Year Close": "46.6250", "Annual % Change": "11.17%"}, "1998": {"Average Stock Price": "37.5132", "Year Open": "32.5300", "Year High": "44.5000", "Year Low": "32.0000", "Year Close": "41.9400", "Annual % Change": "27.32%"}, "1997": {"Average Stock Price": "29.8362", "Year Open": "24.8750", "Year High": "33.4700", "Year Low": "24.8750", "Year Close": "32.9400", "Annual % Change": "32.42%"}, "1996": {"Average Stock Price": "24.2629", "Year Open": "21.0625", "Year High": "26.8750", "Year Low": "21.0625", "Year Close": "24.8750", "Annual % Change": "16.37%"}, "1995": {"Average Stock Price": "17.2058", "Year Open": "13.6250", "Year High": "22.8750", "Year Low": "13.4375", "Year Close": "21.3750", "Annual % Change": "56.16%"}, "1994": {"Average Stock Price": "11.5482", "Year Open": "11.3125", "Year High": "13.9375", "Year Low": "9.1875", "Year Close": "13.6875", "Annual % Change": "21.99%"}, "1993": {"Average Stock Price": "10.4992", "Year Open": "12.3750", "Year High": "12.3750", "Year Low": "8.9075", "Year Close": "11.2200", "Annual % Change": "-11.13%"}, "1992": {"Average Stock Price": "12.3390", "Year Open": "14.0313", "Year High": "14.5475", "Year Low": "10.7825", "Year Close": "12.6250", "Annual % Change": "-11.79%"}, "1991": {"Average Stock Price": "11.2061", "Year Open": "8.7500", "Year High": "14.4375", "Year Low": "8.2025", "Year Close": "14.3125", "Annual % Change": "59.58%"}, "1990": {"Average Stock Price": "7.8557", "Year Open": "7.4850", "Year High": "9.1725", "Year Low": "6.5000", "Year Close": "8.9688", "Annual % Change": "20.83%"}, "1989": {"Average Stock Price": "6.2566", "Year Open": "5.2263", "Year High": "7.4225", "Year Low": "5.2263", "Year Close": "7.4225", "Annual % Change": "39.52%"}, "1988": {"Average Stock Price": "5.0606", "Year Open": "4.8825", "Year High": "5.5075", "Year Low": "4.3438", "Year Close": "5.3200", "Annual % Change": "13.68%"}, "1987": {"Average Stock Price": "5.3868", "Year Open": "4.2113", "Year High": "6.5388", "Year Low": "4.0313", "Year Close": "4.6800", "Annual % Change": "14.11%"}, "1986": {"Average Stock Price": "3.9821", "Year Open": "3.2425", "Year High": "4.6175", "Year Low": "2.9844", "Year Close": "4.1013", "Annual % Change": "24.71%"}, "1985": {"Average Stock Price": "2.7837", "Year Open": "2.2263", "Year High": "3.4219", "Year Low": "2.1950", "Year Close": "3.2888", "Annual % Change": "45.68%"}, "1984": {"Average Stock Price": "2.1431", "Year Open": "2.5550", "Year High": "2.6488", "Year Low": "1.7656", "Year Close": "2.2575", "Annual % Change": "-11.64%"}, "1983": {"Average Stock Price": "2.8541", "Year Open": "3.0938", "Year High": "3.1950", "Year Low": "2.4531", "Year Close": "2.5550", "Annual % Change": "-17.62%"}, "1982": {"Average Stock Price": "2.5529", "Year Open": "2.2888", "Year High": "3.1875", "Year Low": "2.0313", "Year Close": "3.1013", "Annual % Change": "33.68%"}, "1981": {"Average Stock Price": "2.1350", "Year Open": "2.0808", "Year High": "2.4063", "Year Low": "1.7813", "Year Close": "2.3200", "Annual % Change": "11.64%"}, "1980": {"Average Stock Price": "1.6533", "Year Open": "1.5990", "Year High": "2.0833", "Year Low": "1.3854", "Year Close": "2.0781", "Annual % Change": "25.87%"}, "1979": {"Average Stock Price": "1.5022", "Year Open": "1.5469", "Year High": "1.6667", "Year Low": "1.3490", "Year Close": "1.6510", "Annual % Change": "7.45%"}, "1978": {"Average Stock Price": "1.5989", "Year Open": "1.5625", "Year High": "1.8490", "Year Low": "1.3725", "Year Close": "1.5365", "Annual % Change": "-3.91%"}, "1977": {"Average Stock Price": "1.4657", "Year Open": "1.6275", "Year High": "1.6275", "Year Low": "1.3048", "Year Close": "1.5990", "Annual % Change": "-1.60%"}, "1976": {"Average Stock Price": "1.7987", "Year Open": "1.8775", "Year High": "2.0025", "Year Low": "1.5000", "Year Close": "1.6250", "Annual % Change": "-13.09%"}, "1975": {"Average Stock Price": "1.8534", "Year Open": "1.7292", "Year High": "2.0625", "Year Low": "1.5365", "Year Close": "1.8698", "Annual % Change": "10.97%"}, "1974": {"Average Stock Price": "2.0535", "Year Open": "2.3281", "Year High": "2.4765", "Year Low": "1.5650", "Year Close": "1.6850", "Annual % Change": "-28.27%"}, "1973": {"Average Stock Price": "2.4765", "Year Open": "2.6771", "Year High": "2.7188", "Year Low": "2.1771", "Year Close": "2.3490", "Annual % Change": "-13.60%"}, "1972": {"Average Stock Price": "2.4569", "Year Open": "2.0365", "Year High": "2.7525", "Year Low": "1.9765", "Year Close": "2.7188", "Annual % Change": "32.49%"}, "1971": {"Average Stock Price": "1.7733", "Year Open": "1.1927", "Year High": "2.0600", "Year Low": "1.1927", "Year Close": "2.0521", "Annual % Change": "72.81%"}}}, "market cap": {"value": "$432.92B"}, "income statement": {"Revenue": {"2020-12-31": "82584.00000", "2019-12-31": "82059.00000", "2018-12-31": "81581.00000", "2017-12-31": "76450.00000", "2016-12-31": "71890.00000", "2015-12-31": "70074.00000", "2014-12-31": "74331.00000", "2013-12-31": "71312.00000", "2012-12-31": "67224.00000", "2011-12-31": "65030.00000", "2010-12-31": "61587.00000", "2009-12-31": "61897.00000", "2008-12-31": "63747.00000", "2007-12-31": "61095.00000", "2006-12-31": "53324.00000", "2005-12-31": "50514.00000"}, "Cost Of Goods Sold": {"2020-12-31": "28427.00000", "2019-12-31": "27556.00000", "2018-12-31": "27091.00000", "2017-12-31": "25439.00000", "2016-12-31": "21789.00000", "2015-12-31": "21536.00000", "2014-12-31": "22746.00000", "2013-12-31": "22342.00000", "2012-12-31": "21658.00000", "2011-12-31": "20360.00000", "2010-12-31": "18792.00000", "2009-12-31": "18447.00000", "2008-12-31": "18511.00000", "2007-12-31": "17751.00000", "2006-12-31": "15057.00000", "2005-12-31": "14010.00000"}, "Gross Profit": {"2020-12-31": "54157.00000", "2019-12-31": "54503.00000", "2018-12-31": "54490.00000", "2017-12-31": "51011.00000", "2016-12-31": "50101.00000", "2015-12-31": "48538.00000", "2014-12-31": "51585.00000", "2013-12-31": "48970.00000", "2012-12-31": "45566.00000", "2011-12-31": "44670.00000", "2010-12-31": "42795.00000", "2009-12-31": "43450.00000", "2008-12-31": "45236.00000", "2007-12-31": "43344.00000", "2006-12-31": "38267.00000", "2005-12-31": "36504.00000"}, "Research And Development Expenses": {"2020-12-31": "12159.00000", "2019-12-31": "11355.00000", "2018-12-31": "10775.00000", "2017-12-31": "10594.00000", "2016-12-31": "9143.00000", "2015-12-31": "9046.00000", "2014-12-31": "8494.00000", "2013-12-31": "8183.00000", "2012-12-31": "7665.00000", "2011-12-31": "7548.00000", "2010-12-31": "6844.00000", "2009-12-31": "6986.00000", "2008-12-31": "7577.00000", "2007-12-31": "7680.00000", "2006-12-31": "7125.00000", "2005-12-31": "6462.00000"}, "SG&A Expenses": {"2020-12-31": "22084.00000", "2019-12-31": "22178.00000", "2018-12-31": "22540.00000", "2017-12-31": "21520.00000", "2016-12-31": "20067.00000", "2015-12-31": "21203.00000", "2014-12-31": "21954.00000", "2013-12-31": "21830.00000", "2012-12-31": "20869.00000", "2011-12-31": "20969.00000", "2010-12-31": "19424.00000", "2009-12-31": "19801.00000", "2008-12-31": "21490.00000", "2007-12-31": "20451.00000", "2006-12-31": "17433.00000", "2005-12-31": "17211.00000"}, "Other Operating Income Or Expenses": {"2020-12-31": "-2899.00000", "2019-12-31": "-2525.00000", "2018-12-31": "-1405.00000", "2017-12-31": "42.00000", "2016-12-31": "-210.00000", "2015-12-31": "2064.00000", "2014-12-31": "70.00000", "2013-12-31": "-2498.00000", "2012-12-31": "-1626.00000", "2011-12-31": "-2743.00000", "2010-12-31": "768.00000", "2009-12-31": "526.00000", "2008-12-31": "1015.00000", "2007-12-31": "-534.00000", "2006-12-31": "671.00000", "2005-12-31": "214.00000"}, "Operating Expenses": {"2020-12-31": "66087.00000", "2019-12-31": "64731.00000", "2018-12-31": "63582.00000", "2017-12-31": "58777.00000", "2016-12-31": "52087.00000", "2015-12-31": "50878.00000", "2014-12-31": "53768.00000", "2013-12-31": "55841.00000", "2012-12-31": "53449.00000", "2011-12-31": "52669.00000", "2010-12-31": "44640.00000", "2009-12-31": "46142.00000", "2008-12-31": "46818.00000", "2007-12-31": "47812.00000", "2006-12-31": "38737.00000", "2005-12-31": "37398.00000"}, "Operating Income": {"2020-12-31": "16497.00000", "2019-12-31": "17328.00000", "2018-12-31": "17999.00000", "2017-12-31": "17673.00000", "2016-12-31": "19803.00000", "2015-12-31": "19196.00000", "2014-12-31": "20563.00000", "2013-12-31": "15471.00000", "2012-12-31": "13775.00000", "2011-12-31": "12361.00000", "2010-12-31": "16947.00000", "2009-12-31": "15755.00000", "2008-12-31": "16929.00000", "2007-12-31": "13283.00000", "2006-12-31": "14587.00000", "2005-12-31": "13116.00000"}, "Total Non-Operating Income/Expense": {"2020-12-31": "", "2019-12-31": "", "2018-12-31": "", "2017-12-31": "", "2016-12-31": "", "2015-12-31": "", "2014-12-31": "", "2013-12-31": "", "2012-12-31": "", "2011-12-31": "", "2010-12-31": "", "2009-12-31": "", "2008-12-31": "", "2007-12-31": "", "2006-12-31": "", "2005-12-31": ""}, "Pre-Tax Income": {"2020-12-31": "16497.00000", "2019-12-31": "17328.00000", "2018-12-31": "17999.00000", "2017-12-31": "17673.00000", "2016-12-31": "19803.00000", "2015-12-31": "19196.00000", "2014-12-31": "20563.00000", "2013-12-31": "15471.00000", "2012-12-31": "13775.00000", "2011-12-31": "12361.00000", "2010-12-31": "16947.00000", "2009-12-31": "15755.00000", "2008-12-31": "16929.00000", "2007-12-31": "13283.00000", "2006-12-31": "14587.00000", "2005-12-31": "13116.00000"}, "Income Taxes": {"2020-12-31": "1783.00000", "2019-12-31": "2209.00000", "2018-12-31": "2702.00000", "2017-12-31": "16373.00000", "2016-12-31": "3263.00000", "2015-12-31": "3787.00000", "2014-12-31": "4240.00000", "2013-12-31": "1640.00000", "2012-12-31": "3261.00000", "2011-12-31": "2689.00000", "2010-12-31": "3613.00000", "2009-12-31": "3489.00000", "2008-12-31": "3980.00000", "2007-12-31": "2707.00000", "2006-12-31": "3534.00000", "2005-12-31": "3056.00000"}, "Income After Taxes": {"2020-12-31": "14714.00000", "2019-12-31": "15119.00000", "2018-12-31": "15297.00000", "2017-12-31": "1300.00000", "2016-12-31": "16540.00000", "2015-12-31": "15409.00000", "2014-12-31": "16323.00000", "2013-12-31": "13831.00000", "2012-12-31": "10514.00000", "2011-12-31": "9672.00000", "2010-12-31": "13334.00000", "2009-12-31": "12266.00000", "2008-12-31": "12949.00000", "2007-12-31": "10576.00000", "2006-12-31": "11053.00000", "2005-12-31": "10060.00000"}, "Other Income": {"2020-12-31": "", "2019-12-31": "", "2018-12-31": "", "2017-12-31": "", "2016-12-31": "", "2015-12-31": "", "2014-12-31": "", "2013-12-31": "", "2012-12-31": "", "2011-12-31": "", "2010-12-31": "", "2009-12-31": "", "2008-12-31": "", "2007-12-31": "", "2006-12-31": "", "2005-12-31": ""}, "Income From Continuous Operations": {"2020-12-31": "14714.00000", "2019-12-31": "15119.00000", "2018-12-31": "15297.00000", "2017-12-31": "1300.00000", "2016-12-31": "16540.00000", "2015-12-31": "15409.00000", "2014-12-31": "16323.00000", "2013-12-31": "13831.00000", "2012-12-31": "10514.00000", "2011-12-31": "9672.00000", "2010-12-31": "13334.00000", "2009-12-31": "12266.00000", "2008-12-31": "12949.00000", "2007-12-31": "10576.00000", "2006-12-31": "11053.00000", "2005-12-31": "10060.00000"}, "Income From Discontinued Operations": {"2020-12-31": "", "2019-12-31": "", "2018-12-31": "", "2017-12-31": "", "2016-12-31": "", "2015-12-31": "", "2014-12-31": "", "2013-12-31": "", "2012-12-31": "", "2011-12-31": "", "2010-12-31": "", "2009-12-31": "", "2008-12-31": "", "2007-12-31": "", "2006-12-31": "", "2005-12-31": ""}, "Net Income": {"2020-12-31": "14714.00000", "2019-12-31": "15119.00000", "2018-12-31": "15297.00000", "2017-12-31": "1300.00000", "2016-12-31": "16540.00000", "2015-12-31": "15409.00000", "2014-12-31": "16323.00000", "2013-12-31": "13831.00000", "2012-12-31": "10853.00000", "2011-12-31": "9672.00000", "2010-12-31": "13334.00000", "2009-12-31": "12266.00000", "2008-12-31": "12949.00000", "2007-12-31": "10576.00000", "2006-12-31": "11053.00000", "2005-12-31": "10060.00000"}, "EBITDA": {"2020-12-31": "16407.00000", "2019-12-31": "25012.00000", "2018-12-31": "26544.00000", "2017-12-31": "24634.00000", "2016-12-31": "24651.00000", "2015-12-31": "23622.00000", "2014-12-31": "25058.00000", "2013-12-31": "20131.00000", "2012-12-31": "18037.00000", "2011-12-31": "16181.00000", "2010-12-31": "20448.00000", "2009-12-31": "19070.00000", "2008-12-31": "20557.00000", "2007-12-31": "16808.00000", "2006-12-31": "17656.00000", "2005-12-31": "15750.00000"}, "EBIT": {"2020-12-31": "16407.00000", "2019-12-31": "18003.00000", "2018-12-31": "19615.00000", "2017-12-31": "18992.00000", "2016-12-31": "20897.00000", "2015-12-31": "19876.00000", "2014-12-31": "21163.00000", "2013-12-31": "16027.00000", "2012-12-31": "14371.00000", "2011-12-31": "13023.00000", "2010-12-31": "17509.00000", "2009-12-31": "16296.00000", "2008-12-31": "17725.00000", "2007-12-31": "14031.00000", "2006-12-31": "15479.00000", "2005-12-31": "13657.00000"}, "Basic Shares Outstanding": {"2020-12-31": "", "2019-12-31": "2645.10000", "2018-12-31": "2681.50000", "2017-12-31": "2692.00000", "2016-12-31": "2737.30000", "2015-12-31": "2771.80000", "2014-12-31": "2815.20000", "2013-12-31": "2809.20000", "2012-12-31": "2753.30000", "2011-12-31": "2736.00000", "2010-12-31": "2751.40000", "2009-12-31": "2759.50000", "2008-12-31": "2802.50000", "2007-12-31": "2882.90000", "2006-12-31": "2936.40000", "2005-12-31": "2973.90000"}, "Shares Outstanding": {"2020-12-31": "2670.70000", "2019-12-31": "2684.30000", "2018-12-31": "2728.70000", "2017-12-31": "2745.30000", "2016-12-31": "2788.90000", "2015-12-31": "2812.90000", "2014-12-31": "2863.90000", "2013-12-31": "2877.00000", "2012-12-31": "2812.60000", "2011-12-31": "2775.30000", "2010-12-31": "2788.80000", "2009-12-31": "2789.10000", "2008-12-31": "2835.60000", "2007-12-31": "2910.70000", "2006-12-31": "2961.00000", "2005-12-31": "3002.80000"}, "Basic EPS": {"2020-12-31": "", "2019-12-31": "5.72000", "2018-12-31": "5.70000", "2017-12-31": "0.48000", "2016-12-31": "6.04000", "2015-12-31": "5.56000", "2014-12-31": "5.80000", "2013-12-31": "4.92000", "2012-12-31": "3.94000", "2011-12-31": "3.54000", "2010-12-31": "4.85000", "2009-12-31": "4.45000", "2008-12-31": "4.62000", "2007-12-31": "3.67000", "2006-12-31": "3.76000", "2005-12-31": "3.38000"}, "EPS - Earnings Per Share": {"2020-12-31": "5.51000", "2019-12-31": "5.63000", "2018-12-31": "5.61000", "2017-12-31": "0.47000", "2016-12-31": "5.93000", "2015-12-31": "5.48000", "2014-12-31": "5.70000", "2013-12-31": "4.81000", "2012-12-31": "3.86000", "2011-12-31": "3.49000", "2010-12-31": "4.78000", "2009-12-31": "4.40000", "2008-12-31": "4.57000", "2007-12-31": "3.63000", "2006-12-31": "3.73000", "2005-12-31": "3.35000"}}, "income statement, quarterly": {"Revenue": {"2020-12-31": "22475.00000", "2020-09-30": "21082.00000", "2020-06-30": "18336.00000", "2020-03-31": "20691.00000", "2019-12-31": "20747.00000", "2019-09-30": "20729.00000", "2019-06-30": "20562.00000", "2019-03-31": "20021.00000", "2018-12-31": "20394.00000", "2018-09-30": "20348.00000", "2018-06-30": "20830.00000", "2018-03-31": "20009.00000", "2017-12-31": "20195.00000", "2017-09-30": "19650.00000", "2017-06-30": "18839.00000", "2017-03-31": "17766.00000", "2016-12-31": "18106.00000", "2016-09-30": "17820.00000", "2016-06-30": "18482.00000", "2016-03-31": "17482.00000", "2015-12-31": "17811.00000", "2015-09-30": "17102.00000", "2015-06-30": "17787.00000", "2015-03-31": "17374.00000", "2014-12-31": "18254.00000", "2014-09-30": "18467.00000", "2014-06-30": "19495.00000", "2014-03-31": "18115.00000", "2013-12-31": "18355.00000", "2013-09-30": "17575.00000", "2013-06-30": "17877.00000", "2013-03-31": "17505.00000", "2012-12-31": "17558.00000", "2012-09-30": "17052.00000", "2012-06-30": "16475.00000", "2012-03-31": "16139.00000", "2011-12-31": "16255.00000", "2011-09-30": "16005.00000", "2011-06-30": "16597.00000", "2011-03-31": "16173.00000", "2010-12-31": "15644.00000", "2010-09-30": "14982.00000", "2010-06-30": "15330.00000", "2010-03-31": "15631.00000", "2009-12-31": "16551.00000", "2009-09-30": "15081.00000", "2009-06-30": "15239.00000", "2009-03-31": "15026.00000", "2008-12-31": "15182.00000", "2008-09-30": "15921.00000", "2008-06-30": "16450.00000", "2008-03-31": "16194.00000", "2007-12-31": "15957.00000", "2007-09-30": "14970.00000", "2007-06-30": "15131.00000", "2007-03-31": "15037.00000", "2006-12-31": "13682.00000", "2006-09-30": "13287.00000", "2006-06-30": "13363.00000", "2006-03-31": "12992.00000", "2005-12-31": "12610.00000", "2005-09-30": "12310.00000", "2005-06-30": "12762.00000", "2005-03-31": "12832.00000"}, "Cost Of Goods Sold": {"2020-12-31": "7814.00000", "2020-09-30": "6972.00000", "2020-06-30": "6579.00000", "2020-03-31": "7062.00000", "2019-12-31": "7134.00000", "2019-09-30": "6867.00000", "2019-06-30": "6940.00000", "2019-03-31": "6615.00000", "2018-12-31": "6961.00000", "2018-09-30": "6589.00000", "2018-06-30": "6927.00000", "2018-03-31": "6614.00000", "2017-12-31": "7259.00000", "2017-09-30": "6925.00000", "2017-06-30": "5846.00000", "2017-03-31": "5409.00000", "2016-12-31": "5638.00000", "2016-09-30": "5486.00000", "2016-06-30": "5336.00000", "2016-03-31": "5329.00000", "2015-12-31": "5673.00000", "2015-09-30": "5224.00000", "2015-06-30": "5357.00000", "2015-03-31": "5282.00000", "2014-12-31": "5853.00000", "2014-09-30": "5399.00000", "2014-06-30": "6039.00000", "2014-03-31": "5455.00000", "2013-12-31": "5955.00000", "2013-09-30": "5344.00000", "2013-06-30": "5489.00000", "2013-03-31": "5554.00000", "2012-12-31": "6003.00000", "2012-09-30": "5597.00000", "2012-06-30": "5143.00000", "2012-03-31": "4915.00000", "2011-12-31": "5338.00000", "2011-09-30": "5072.00000", "2011-06-30": "5172.00000", "2011-03-31": "4778.00000", "2010-12-31": "5040.00000", "2010-09-30": "4594.00000", "2010-06-30": "4630.00000", "2010-03-31": "4528.00000", "2009-12-31": "5312.00000", "2009-09-30": "4434.00000", "2009-06-30": "4450.00000", "2009-03-31": "4251.00000", "2008-12-31": "4372.00000", "2008-09-30": "4774.00000", "2008-06-30": "4751.00000", "2008-03-31": "4614.00000", "2007-12-31": "4734.00000", "2007-09-30": "4274.00000", "2007-06-30": "4358.00000", "2007-03-31": "4385.00000", "2006-12-31": "4007.00000", "2006-09-30": "3650.00000", "2006-06-30": "3788.00000", "2006-03-31": "3612.00000", "2005-12-31": "3638.00000", "2005-09-30": "3354.00000", "2005-06-30": "3522.00000", "2005-03-31": "3496.00000"}, "Gross Profit": {"2020-12-31": "14661.00000", "2020-09-30": "14110.00000", "2020-06-30": "11757.00000", "2020-03-31": "13629.00000", "2019-12-31": "13613.00000", "2019-09-30": "13862.00000", "2019-06-30": "13622.00000", "2019-03-31": "13406.00000", "2018-12-31": "13433.00000", "2018-09-30": "13759.00000", "2018-06-30": "13903.00000", "2018-03-31": "13395.00000", "2017-12-31": "12936.00000", "2017-09-30": "12725.00000", "2017-06-30": "12993.00000", "2017-03-31": "12357.00000", "2016-12-31": "12468.00000", "2016-09-30": "12334.00000", "2016-06-30": "13146.00000", "2016-03-31": "12153.00000", "2015-12-31": "12138.00000", "2015-09-30": "11878.00000", "2015-06-30": "12430.00000", "2015-03-31": "12092.00000", "2014-12-31": "12401.00000", "2014-09-30": "13068.00000", "2014-06-30": "13456.00000", "2014-03-31": "12660.00000", "2013-12-31": "12400.00000", "2013-09-30": "12231.00000", "2013-06-30": "12388.00000", "2013-03-31": "11951.00000", "2012-12-31": "11555.00000", "2012-09-30": "11455.00000", "2012-06-30": "11332.00000", "2012-03-31": "11224.00000", "2011-12-31": "10917.00000", "2011-09-30": "10933.00000", "2011-06-30": "11425.00000", "2011-03-31": "11395.00000", "2010-12-31": "10604.00000", "2010-09-30": "10388.00000", "2010-06-30": "10700.00000", "2010-03-31": "11103.00000", "2009-12-31": "11239.00000", "2009-09-30": "10647.00000", "2009-06-30": "10789.00000", "2009-03-31": "10775.00000", "2008-12-31": "10810.00000", "2008-09-30": "11147.00000", "2008-06-30": "11699.00000", "2008-03-31": "11580.00000", "2007-12-31": "11223.00000", "2007-09-30": "10696.00000", "2007-06-30": "10773.00000", "2007-03-31": "10652.00000", "2006-12-31": "9675.00000", "2006-09-30": "9637.00000", "2006-06-30": "9575.00000", "2006-03-31": "9380.00000", "2005-12-31": "8972.00000", "2005-09-30": "8956.00000", "2005-06-30": "9240.00000", "2005-03-31": "9336.00000"}, "Research And Development Expenses": {"2020-12-31": "4032.00000", "2020-09-30": "2840.00000", "2020-06-30": "2707.00000", "2020-03-31": "2580.00000", "2019-12-31": "3232.00000", "2019-09-30": "2599.00000", "2019-06-30": "2666.00000", "2019-03-31": "2858.00000", "2018-12-31": "3224.00000", "2018-09-30": "2508.00000", "2018-06-30": "2639.00000", "2018-03-31": "2404.00000", "2017-12-31": "3643.00000", "2017-09-30": "2585.00000", "2017-06-30": "2296.00000", "2017-03-31": "2070.00000", "2016-12-31": "2688.00000", "2016-09-30": "2178.00000", "2016-06-30": "2264.00000", "2016-03-31": "2013.00000", "2015-12-31": "2864.00000", "2015-09-30": "2154.00000", "2015-06-30": "2129.00000", "2015-03-31": "1899.00000", "2014-12-31": "2635.00000", "2014-09-30": "2023.00000", "2014-06-30": "2005.00000", "2014-03-31": "1831.00000", "2013-12-31": "2411.00000", "2013-09-30": "2042.00000", "2013-06-30": "1946.00000", "2013-03-31": "1784.00000", "2012-12-31": "2331.00000", "2012-09-30": "1923.00000", "2012-06-30": "1766.00000", "2012-03-31": "1645.00000", "2011-12-31": "2155.00000", "2011-09-30": "1773.00000", "2011-06-30": "1882.00000", "2011-03-31": "1738.00000", "2010-12-31": "1982.00000", "2010-09-30": "1657.00000", "2010-06-30": "1648.00000", "2010-03-31": "1557.00000", "2009-12-31": "2213.00000", "2009-09-30": "1617.00000", "2009-06-30": "1638.00000", "2009-03-31": "1518.00000", "2008-12-31": "2108.00000", "2008-09-30": "1861.00000", "2008-06-30": "1896.00000", "2008-03-31": "1712.00000", "2007-12-31": "2328.00000", "2007-09-30": "1834.00000", "2007-06-30": "1866.00000", "2007-03-31": "1652.00000", "2006-12-31": "2046.00000", "2006-09-30": "1719.00000", "2006-06-30": "1828.00000", "2006-03-31": "1532.00000", "2005-12-31": "2014.00000", "2005-09-30": "1539.00000", "2005-06-30": "1525.00000", "2005-03-31": "1384.00000"}, "SG&A Expenses": {"2020-12-31": "6457.00000", "2020-09-30": "5431.00000", "2020-06-30": "4993.00000", "2020-03-31": "5203.00000", "2019-12-31": "6039.00000", "2019-09-30": "5374.00000", "2019-06-30": "5546.00000", "2019-03-31": "5219.00000", "2018-12-31": "5991.00000", "2018-09-30": "5543.00000", "2018-06-30": "5743.00000", "2018-03-31": "5263.00000", "2017-12-31": "6045.00000", "2017-09-30": "5423.00000", "2017-06-30": "5289.00000", "2017-03-31": "4763.00000", "2016-12-31": "5431.00000", "2016-09-30": "4772.00000", "2016-06-30": "5176.00000", "2016-03-31": "4688.00000", "2015-12-31": "5891.00000", "2015-09-30": "5081.00000", "2015-06-30": "5384.00000", "2015-03-31": "4847.00000", "2014-12-31": "5822.00000", "2014-09-30": "5468.00000", "2014-06-30": "5481.00000", "2014-03-31": "5183.00000", "2013-12-31": "5917.00000", "2013-09-30": "5314.00000", "2013-06-30": "5376.00000", "2013-03-31": "5223.00000", "2012-12-31": "5661.00000", "2012-09-30": "5228.00000", "2012-06-30": "4965.00000", "2012-03-31": "5015.00000", "2011-12-31": "5458.00000", "2011-09-30": "5240.00000", "2011-06-30": "5215.00000", "2011-03-31": "5056.00000", "2010-12-31": "5180.00000", "2010-09-30": "4709.00000", "2010-06-30": "4756.00000", "2010-03-31": "4779.00000", "2009-12-31": "5629.00000", "2009-09-30": "4767.00000", "2009-06-30": "4797.00000", "2009-03-31": "4608.00000", "2008-12-31": "5665.00000", "2008-09-30": "5195.00000", "2008-06-30": "5507.00000", "2008-03-31": "5123.00000", "2007-12-31": "5721.00000", "2007-09-30": "4899.00000", "2007-06-30": "5029.00000", "2007-03-31": "4802.00000", "2006-12-31": "4696.00000", "2006-09-30": "4291.00000", "2006-06-30": "4351.00000", "2006-03-31": "4095.00000", "2005-12-31": "4645.00000", "2005-09-30": "4161.00000", "2005-06-30": "4278.00000", "2005-03-31": "4127.00000"}, "Other Operating Income Or Expenses": {"2020-12-31": "-2354.00000", "2020-09-30": "-1200.00000", "2020-06-30": "-24.00000", "2020-03-31": "679.00000", "2019-12-31": "-16.00000", "2019-09-30": "-4214.00000", "2019-06-30": "1683.00000", "2019-03-31": "22.00000", "2018-12-31": "-978.00000", "2018-09-30": "-3.00000", "2018-06-30": "-364.00000", "2018-03-31": "-60.00000", "2017-12-31": "53.00000", "2017-09-30": "297.00000", "2017-06-30": "-527.00000", "2017-03-31": "219.00000", "2016-12-31": "254.00000", "2016-09-30": "54.00000", "2016-06-30": "-557.00000", "2016-03-31": "39.00000", "2015-12-31": "1205.00000", "2015-09-30": "-420.00000", "2015-06-30": "931.00000", "2015-03-31": "348.00000", "2014-12-31": "-963.00000", "2014-09-30": "1345.00000", "2014-06-30": "-226.00000", "2014-03-31": "-86.00000", "2013-12-31": "-868.00000", "2013-09-30": "-943.00000", "2013-06-30": "-172.00000", "2013-03-31": "-515.00000", "2012-12-31": "-319.00000", "2012-09-30": "90.00000", "2012-06-30": "-2008.00000", "2012-03-31": "611.00000", "2011-12-31": "-2858.00000", "2011-09-30": "308.00000", "2011-06-30": "-206.00000", "2011-03-31": "13.00000", "2010-12-31": "-1100.00000", "2010-09-30": "292.00000", "2010-06-30": "-18.00000", "2010-03-31": "1594.00000", "2009-12-31": "361.00000", "2009-09-30": "96.00000", "2009-06-30": "-6.00000", "2009-03-31": "75.00000", "2008-12-31": "638.00000", "2008-09-30": "224.00000", "2008-06-30": "135.00000", "2008-03-31": "18.00000", "2007-12-31": "-877.00000", "2007-09-30": "-2.00000", "2007-06-30": "117.00000", "2007-03-31": "228.00000", "2006-12-31": "-100.00000", "2006-09-30": "-45.00000", "2006-06-30": "98.00000", "2006-03-31": "718.00000", "2005-12-31": "30.00000", "2005-09-30": "63.00000", "2005-06-30": "88.00000", "2005-03-31": "33.00000"}, "Operating Expenses": {"2020-12-31": "20680.00000", "2020-09-30": "16681.00000", "2020-06-30": "14396.00000", "2020-03-31": "14182.00000", "2019-12-31": "16529.00000", "2019-09-30": "19082.00000", "2019-06-30": "13521.00000", "2019-03-31": "15599.00000", "2018-12-31": "17272.00000", "2018-09-30": "15925.00000", "2018-06-30": "15857.00000", "2018-03-31": "14528.00000", "2017-12-31": "17635.00000", "2017-09-30": "14860.00000", "2017-06-30": "14091.00000", "2017-03-31": "12191.00000", "2016-12-31": "13782.00000", "2016-09-30": "12539.00000", "2016-06-30": "13578.00000", "2016-03-31": "12188.00000", "2015-12-31": "14053.00000", "2015-09-30": "12980.00000", "2015-06-30": "12046.00000", "2015-03-31": "11799.00000", "2014-12-31": "15551.00000", "2014-09-30": "11657.00000", "2014-06-30": "13869.00000", "2014-03-31": "12691.00000", "2013-12-31": "15605.00000", "2013-09-30": "13908.00000", "2013-06-30": "13084.00000", "2013-03-31": "13244.00000", "2012-12-31": "14458.00000", "2012-09-30": "13457.00000", "2012-06-30": "14440.00000", "2012-03-31": "11094.00000", "2011-12-31": "15937.00000", "2011-09-30": "11894.00000", "2011-06-30": "13175.00000", "2011-03-31": "11663.00000", "2010-12-31": "13416.00000", "2010-09-30": "10763.00000", "2010-06-30": "11110.00000", "2010-03-31": "9351.00000", "2009-12-31": "13947.00000", "2009-09-30": "10836.00000", "2009-06-30": "10976.00000", "2009-03-31": "10383.00000", "2008-12-31": "11665.00000", "2008-09-30": "11631.00000", "2008-06-30": "12075.00000", "2008-03-31": "11447.00000", "2007-12-31": "13625.00000", "2007-09-30": "11702.00000", "2007-06-30": "11100.00000", "2007-03-31": "11385.00000", "2006-12-31": "10974.00000", "2006-09-30": "9626.00000", "2006-06-30": "9760.00000", "2006-03-31": "8377.00000", "2005-12-31": "10107.00000", "2005-09-30": "8890.00000", "2005-06-30": "9496.00000", "2005-03-31": "8905.00000"}, "Operating Income": {"2020-12-31": "1795.00000", "2020-09-30": "4401.00000", "2020-06-30": "3940.00000", "2020-03-31": "6509.00000", "2019-12-31": "4218.00000", "2019-09-30": "1647.00000", "2019-06-30": "7041.00000", "2019-03-31": "4422.00000", "2018-12-31": "3122.00000", "2018-09-30": "4423.00000", "2018-06-30": "4973.00000", "2018-03-31": "5481.00000", "2017-12-31": "2560.00000", "2017-09-30": "4790.00000", "2017-06-30": "4748.00000", "2017-03-31": "5575.00000", "2016-12-31": "4324.00000", "2016-09-30": "5281.00000", "2016-06-30": "4904.00000", "2016-03-31": "5294.00000", "2015-12-31": "3758.00000", "2015-09-30": "4122.00000", "2015-06-30": "5741.00000", "2015-03-31": "5575.00000", "2014-12-31": "2703.00000", "2014-09-30": "6810.00000", "2014-06-30": "5626.00000", "2014-03-31": "5424.00000", "2013-12-31": "2750.00000", "2013-09-30": "3667.00000", "2013-06-30": "4793.00000", "2013-03-31": "4261.00000", "2012-12-31": "3100.00000", "2012-09-30": "3595.00000", "2012-06-30": "2035.00000", "2012-03-31": "5045.00000", "2011-12-31": "318.00000", "2011-09-30": "4111.00000", "2011-06-30": "3422.00000", "2011-03-31": "4510.00000", "2010-12-31": "2228.00000", "2010-09-30": "4219.00000", "2010-06-30": "4220.00000", "2010-03-31": "6280.00000", "2009-12-31": "2604.00000", "2009-09-30": "4245.00000", "2009-06-30": "4263.00000", "2009-03-31": "4643.00000", "2008-12-31": "3517.00000", "2008-09-30": "4290.00000", "2008-06-30": "4375.00000", "2008-03-31": "4747.00000", "2007-12-31": "2332.00000", "2007-09-30": "3268.00000", "2007-06-30": "4031.00000", "2007-03-31": "3652.00000", "2006-12-31": "2708.00000", "2006-09-30": "3661.00000", "2006-06-30": "3603.00000", "2006-03-31": "4615.00000", "2005-12-31": "2503.00000", "2005-09-30": "3420.00000", "2005-06-30": "3266.00000", "2005-03-31": "3927.00000"}, "Total Non-Operating Income/Expense": {"2020-12-31": "", "2020-09-30": "", "2020-06-30": "", "2020-03-31": "", "2019-12-31": "", "2019-09-30": "", "2019-06-30": "", "2019-03-31": "", "2018-12-31": "", "2018-09-30": "", "2018-06-30": "", "2018-03-31": "", "2017-12-31": "", "2017-09-30": "", "2017-06-30": "", "2017-03-31": "", "2016-12-31": "", "2016-09-30": "", "2016-06-30": "", "2016-03-31": "", "2015-12-31": "", "2015-09-30": "", "2015-06-30": "", "2015-03-31": "", "2014-12-31": "", "2014-09-30": "", "2014-06-30": "", "2014-03-31": "", "2013-12-31": "", "2013-09-30": "", "2013-06-30": "", "2013-03-31": "", "2012-12-31": "", "2012-09-30": "", "2012-06-30": "", "2012-03-31": "", "2011-12-31": "", "2011-09-30": "", "2011-06-30": "", "2011-03-31": "", "2010-12-31": "", "2010-09-30": "", "2010-06-30": "", "2010-03-31": "", "2009-12-31": "", "2009-09-30": "", "2009-06-30": "", "2009-03-31": "", "2008-12-31": "", "2008-09-30": "", "2008-06-30": "", "2008-03-31": "", "2007-12-31": "", "2007-09-30": "", "2007-06-30": "", "2007-03-31": "", "2006-12-31": "", "2006-09-30": "", "2006-06-30": "", "2006-03-31": "", "2005-12-31": "", "2005-09-30": "", "2005-06-30": "", "2005-03-31": ""}, "Pre-Tax Income": {"2020-12-31": "1647.00000", "2020-09-30": "4401.00000", "2020-06-30": "3940.00000", "2020-03-31": "6509.00000", "2019-12-31": "4218.00000", "2019-09-30": "1647.00000", "2019-06-30": "7041.00000", "2019-03-31": "4422.00000", "2018-12-31": "3122.00000", "2018-09-30": "4423.00000", "2018-06-30": "4973.00000", "2018-03-31": "5481.00000", "2017-12-31": "2560.00000", "2017-09-30": "4790.00000", "2017-06-30": "4748.00000", "2017-03-31": "5575.00000", "2016-12-31": "4324.00000", "2016-09-30": "5281.00000", "2016-06-30": "4904.00000", "2016-03-31": "5294.00000", "2015-12-31": "3758.00000", "2015-09-30": "4122.00000", "2015-06-30": "5741.00000", "2015-03-31": "5575.00000", "2014-12-31": "2703.00000", "2014-09-30": "6810.00000", "2014-06-30": "5626.00000", "2014-03-31": "5424.00000", "2013-12-31": "2750.00000", "2013-09-30": "3667.00000", "2013-06-30": "4793.00000", "2013-03-31": "4261.00000", "2012-12-31": "3100.00000", "2012-09-30": "3595.00000", "2012-06-30": "2035.00000", "2012-03-31": "5045.00000", "2011-12-31": "318.00000", "2011-09-30": "4111.00000", "2011-06-30": "3422.00000", "2011-03-31": "4510.00000", "2010-12-31": "2228.00000", "2010-09-30": "4219.00000", "2010-06-30": "4220.00000", "2010-03-31": "6280.00000", "2009-12-31": "2604.00000", "2009-09-30": "4245.00000", "2009-06-30": "4263.00000", "2009-03-31": "4643.00000", "2008-12-31": "3517.00000", "2008-09-30": "4290.00000", "2008-06-30": "4375.00000", "2008-03-31": "4747.00000", "2007-12-31": "2332.00000", "2007-09-30": "3268.00000", "2007-06-30": "4031.00000", "2007-03-31": "3652.00000", "2006-12-31": "2708.00000", "2006-09-30": "3661.00000", "2006-06-30": "3603.00000", "2006-03-31": "4615.00000", "2005-12-31": "2503.00000", "2005-09-30": "3420.00000", "2005-06-30": "3266.00000", "2005-03-31": "3927.00000"}, "Income Taxes": {"2020-12-31": "-91.00000", "2020-09-30": "847.00000", "2020-06-30": "314.00000", "2020-03-31": "713.00000", "2019-12-31": "208.00000", "2019-09-30": "-106.00000", "2019-06-30": "1434.00000", "2019-03-31": "673.00000", "2018-12-31": "80.00000", "2018-09-30": "489.00000", "2018-06-30": "1019.00000", "2018-03-31": "1114.00000", "2017-12-31": "13273.00000", "2017-09-30": "1026.00000", "2017-06-30": "921.00000", "2017-03-31": "1153.00000", "2016-12-31": "510.00000", "2016-09-30": "1009.00000", "2016-06-30": "907.00000", "2016-03-31": "837.00000", "2015-12-31": "543.00000", "2015-09-30": "764.00000", "2015-06-30": "1225.00000", "2015-03-31": "1255.00000", "2014-12-31": "182.00000", "2014-09-30": "2061.00000", "2014-06-30": "1300.00000", "2014-03-31": "697.00000", "2013-12-31": "-769.00000", "2013-09-30": "685.00000", "2013-06-30": "960.00000", "2013-03-31": "764.00000", "2012-12-31": "533.00000", "2012-09-30": "966.00000", "2012-06-30": "627.00000", "2012-03-31": "1135.00000", "2011-12-31": "100.00000", "2011-09-30": "909.00000", "2011-06-30": "646.00000", "2011-03-31": "1034.00000", "2010-12-31": "286.00000", "2010-09-30": "802.00000", "2010-06-30": "771.00000", "2010-03-31": "1754.00000", "2009-12-31": "398.00000", "2009-09-30": "900.00000", "2009-06-30": "1055.00000", "2009-03-31": "1136.00000", "2008-12-31": "803.00000", "2008-09-30": "980.00000", "2008-06-30": "1048.00000", "2008-03-31": "1149.00000", "2007-12-31": "-42.00000", "2007-09-30": "720.00000", "2007-06-30": "950.00000", "2007-03-31": "1079.00000", "2006-12-31": "540.00000", "2006-09-30": "901.00000", "2006-06-30": "783.00000", "2006-03-31": "1310.00000", "2005-12-31": "408.00000", "2005-09-30": "882.00000", "2005-06-30": "678.00000", "2005-03-31": "1088.00000"}, "Income After Taxes": {"2020-12-31": "1738.00000", "2020-09-30": "3554.00000", "2020-06-30": "3626.00000", "2020-03-31": "5796.00000", "2019-12-31": "4010.00000", "2019-09-30": "1753.00000", "2019-06-30": "5607.00000", "2019-03-31": "3749.00000", "2018-12-31": "3042.00000", "2018-09-30": "3934.00000", "2018-06-30": "3954.00000", "2018-03-31": "4367.00000", "2017-12-31": "-10713.00000", "2017-09-30": "3764.00000", "2017-06-30": "3827.00000", "2017-03-31": "4422.00000", "2016-12-31": "3814.00000", "2016-09-30": "4272.00000", "2016-06-30": "3997.00000", "2016-03-31": "4457.00000", "2015-12-31": "3215.00000", "2015-09-30": "3358.00000", "2015-06-30": "4516.00000", "2015-03-31": "4320.00000", "2014-12-31": "2521.00000", "2014-09-30": "4749.00000", "2014-06-30": "4326.00000", "2014-03-31": "4727.00000", "2013-12-31": "3519.00000", "2013-09-30": "2982.00000", "2013-06-30": "3833.00000", "2013-03-31": "3497.00000", "2012-12-31": "2567.00000", "2012-09-30": "2629.00000", "2012-06-30": "1408.00000", "2012-03-31": "3910.00000", "2011-12-31": "218.00000", "2011-09-30": "3202.00000", "2011-06-30": "2776.00000", "2011-03-31": "3476.00000", "2010-12-31": "1942.00000", "2010-09-30": "3417.00000", "2010-06-30": "3449.00000", "2010-03-31": "4526.00000", "2009-12-31": "2206.00000", "2009-09-30": "3345.00000", "2009-06-30": "3208.00000", "2009-03-31": "3507.00000", "2008-12-31": "2714.00000", "2008-09-30": "3310.00000", "2008-06-30": "3327.00000", "2008-03-31": "3598.00000", "2007-12-31": "2374.00000", "2007-09-30": "2548.00000", "2007-06-30": "3081.00000", "2007-03-31": "2573.00000", "2006-12-31": "2168.00000", "2006-09-30": "2760.00000", "2006-06-30": "2820.00000", "2006-03-31": "3305.00000", "2005-12-31": "2095.00000", "2005-09-30": "2538.00000", "2005-06-30": "2588.00000", "2005-03-31": "2839.00000"}, "Other Income": {"2020-12-31": "", "2020-09-30": "", "2020-06-30": "", "2020-03-31": "", "2019-12-31": "", "2019-09-30": "", "2019-06-30": "", "2019-03-31": "", "2018-12-31": "", "2018-09-30": "", "2018-06-30": "", "2018-03-31": "", "2017-12-31": "", "2017-09-30": "", "2017-06-30": "", "2017-03-31": "", "2016-12-31": "", "2016-09-30": "", "2016-06-30": "", "2016-03-31": "", "2015-12-31": "", "2015-09-30": "", "2015-06-30": "", "2015-03-31": "", "2014-12-31": "", "2014-09-30": "", "2014-06-30": "", "2014-03-31": "", "2013-12-31": "", "2013-09-30": "", "2013-06-30": "", "2013-03-31": "", "2012-12-31": "", "2012-09-30": "", "2012-06-30": "", "2012-03-31": "", "2011-12-31": "", "2011-09-30": "", "2011-06-30": "", "2011-03-31": "", "2010-12-31": "", "2010-09-30": "", "2010-06-30": "", "2010-03-31": "", "2009-12-31": "", "2009-09-30": "", "2009-06-30": "", "2009-03-31": "", "2008-12-31": "", "2008-09-30": "", "2008-06-30": "", "2008-03-31": "", "2007-12-31": "", "2007-09-30": "", "2007-06-30": "", "2007-03-31": "", "2006-12-31": "", "2006-09-30": "", "2006-06-30": "", "2006-03-31": "", "2005-12-31": "", "2005-09-30": "", "2005-06-30": "", "2005-03-31": ""}, "Income From Continuous Operations": {"2020-12-31": "1738.00000", "2020-09-30": "3554.00000", "2020-06-30": "3626.00000", "2020-03-31": "5796.00000", "2019-12-31": "4010.00000", "2019-09-30": "1753.00000", "2019-06-30": "5607.00000", "2019-03-31": "3749.00000", "2018-12-31": "3042.00000", "2018-09-30": "3934.00000", "2018-06-30": "3954.00000", "2018-03-31": "4367.00000", "2017-12-31": "-10713.00000", "2017-09-30": "3764.00000", "2017-06-30": "3827.00000", "2017-03-31": "4422.00000", "2016-12-31": "3814.00000", "2016-09-30": "4272.00000", "2016-06-30": "3997.00000", "2016-03-31": "4457.00000", "2015-12-31": "3215.00000", "2015-09-30": "3358.00000", "2015-06-30": "4516.00000", "2015-03-31": "4320.00000", "2014-12-31": "2521.00000", "2014-09-30": "4749.00000", "2014-06-30": "4326.00000", "2014-03-31": "4727.00000", "2013-12-31": "3519.00000", "2013-09-30": "2982.00000", "2013-06-30": "3833.00000", "2013-03-31": "3497.00000", "2012-12-31": "2567.00000", "2012-09-30": "2629.00000", "2012-06-30": "1408.00000", "2012-03-31": "3910.00000", "2011-12-31": "218.00000", "2011-09-30": "3202.00000", "2011-06-30": "2776.00000", "2011-03-31": "3476.00000", "2010-12-31": "1942.00000", "2010-09-30": "3417.00000", "2010-06-30": "3449.00000", "2010-03-31": "4526.00000", "2009-12-31": "2206.00000", "2009-09-30": "3345.00000", "2009-06-30": "3208.00000", "2009-03-31": "3507.00000", "2008-12-31": "2714.00000", "2008-09-30": "3310.00000", "2008-06-30": "3327.00000", "2008-03-31": "3598.00000", "2007-12-31": "2374.00000", "2007-09-30": "2548.00000", "2007-06-30": "3081.00000", "2007-03-31": "2573.00000", "2006-12-31": "2168.00000", "2006-09-30": "2760.00000", "2006-06-30": "2820.00000", "2006-03-31": "3305.00000", "2005-12-31": "2095.00000", "2005-09-30": "2538.00000", "2005-06-30": "2588.00000", "2005-03-31": "2839.00000"}, "Income From Discontinued Operations": {"2020-12-31": "", "2020-09-30": "", "2020-06-30": "", "2020-03-31": "", "2019-12-31": "", "2019-09-30": "", "2019-06-30": "", "2019-03-31": "", "2018-12-31": "", "2018-09-30": "", "2018-06-30": "", "2018-03-31": "", "2017-12-31": "", "2017-09-30": "", "2017-06-30": "", "2017-03-31": "", "2016-12-31": "", "2016-09-30": "", "2016-06-30": "", "2016-03-31": "", "2015-12-31": "", "2015-09-30": "", "2015-06-30": "", "2015-03-31": "", "2014-12-31": "", "2014-09-30": "", "2014-06-30": "", "2014-03-31": "", "2013-12-31": "", "2013-09-30": "", "2013-06-30": "", "2013-03-31": "", "2012-12-31": "", "2012-09-30": "", "2012-06-30": "", "2012-03-31": "", "2011-12-31": "", "2011-09-30": "", "2011-06-30": "", "2011-03-31": "", "2010-12-31": "", "2010-09-30": "", "2010-06-30": "", "2010-03-31": "", "2009-12-31": "", "2009-09-30": "", "2009-06-30": "", "2009-03-31": "", "2008-12-31": "", "2008-09-30": "", "2008-06-30": "", "2008-03-31": "", "2007-12-31": "", "2007-09-30": "", "2007-06-30": "", "2007-03-31": "", "2006-12-31": "", "2006-09-30": "", "2006-06-30": "", "2006-03-31": "", "2005-12-31": "", "2005-09-30": "", "2005-06-30": "", "2005-03-31": ""}, "Net Income": {"2020-12-31": "1738.00000", "2020-09-30": "3554.00000", "2020-06-30": "3626.00000", "2020-03-31": "5796.00000", "2019-12-31": "4010.00000", "2019-09-30": "1753.00000", "2019-06-30": "5607.00000", "2019-03-31": "3749.00000", "2018-12-31": "3042.00000", "2018-09-30": "3934.00000", "2018-06-30": "3954.00000", "2018-03-31": "4367.00000", "2017-12-31": "-10713.00000", "2017-09-30": "3764.00000", "2017-06-30": "3827.00000", "2017-03-31": "4422.00000", "2016-12-31": "3814.00000", "2016-09-30": "4272.00000", "2016-06-30": "3997.00000", "2016-03-31": "4457.00000", "2015-12-31": "3215.00000", "2015-09-30": "3358.00000", "2015-06-30": "4516.00000", "2015-03-31": "4320.00000", "2014-12-31": "2521.00000", "2014-09-30": "4749.00000", "2014-06-30": "4326.00000", "2014-03-31": "4727.00000", "2013-12-31": "3519.00000", "2013-09-30": "2982.00000", "2013-06-30": "3833.00000", "2013-03-31": "3497.00000", "2012-12-31": "2567.00000", "2012-09-30": "2968.00000", "2012-06-30": "1408.00000", "2012-03-31": "3910.00000", "2011-12-31": "218.00000", "2011-09-30": "3202.00000", "2011-06-30": "2776.00000", "2011-03-31": "3476.00000", "2010-12-31": "1942.00000", "2010-09-30": "3417.00000", "2010-06-30": "3449.00000", "2010-03-31": "4526.00000", "2009-12-31": "2206.00000", "2009-09-30": "3345.00000", "2009-06-30": "3208.00000", "2009-03-31": "3507.00000", "2008-12-31": "2714.00000", "2008-09-30": "3310.00000", "2008-06-30": "3327.00000", "2008-03-31": "3598.00000", "2007-12-31": "2374.00000", "2007-09-30": "2548.00000", "2007-06-30": "3081.00000", "2007-03-31": "2573.00000", "2006-12-31": "2168.00000", "2006-09-30": "2760.00000", "2006-06-30": "2820.00000", "2006-03-31": "3305.00000", "2005-12-31": "2095.00000", "2005-09-30": "2538.00000", "2005-06-30": "2588.00000", "2005-03-31": "2839.00000"}, "EBITDA": {"2020-12-31": "", "2020-09-30": "6275.00000", "2020-06-30": "5730.00000", "2020-03-31": "8348.00000", "2019-12-31": "6200.00000", "2019-09-30": "3511.00000", "2019-06-30": "8917.00000", "2019-03-31": "6384.00000", "2018-12-31": "5303.00000", "2018-09-30": "6572.00000", "2018-06-30": "7069.00000", "2018-03-31": "7600.00000", "2017-12-31": "4788.00000", "2017-09-30": "6804.00000", "2017-06-30": "6230.00000", "2017-03-31": "6812.00000", "2016-12-31": "5663.00000", "2016-09-30": "6478.00000", "2016-06-30": "6082.00000", "2016-03-31": "6428.00000", "2015-12-31": "5004.00000", "2015-09-30": "5206.00000", "2015-06-30": "6785.00000", "2015-03-31": "6627.00000", "2014-12-31": "3850.00000", "2014-09-30": "7897.00000", "2014-06-30": "6720.00000", "2014-03-31": "6591.00000", "2013-12-31": "4004.00000", "2013-09-30": "4766.00000", "2013-06-30": "5918.00000", "2013-03-31": "5443.00000", "2012-12-31": "4261.00000", "2012-09-30": "4750.00000", "2012-06-30": "3044.00000", "2012-03-31": "5982.00000", "2011-12-31": "1379.00000", "2011-09-30": "5045.00000", "2011-06-30": "4346.00000", "2011-03-31": "5411.00000", "2010-12-31": "3159.00000", "2010-09-30": "5065.00000", "2010-06-30": "5075.00000", "2010-03-31": "7149.00000", "2009-12-31": "3453.00000", "2009-09-30": "5090.00000", "2009-06-30": "5077.00000", "2009-03-31": "5450.00000", "2008-12-31": "4435.00000", "2008-09-30": "5277.00000", "2008-06-30": "5252.00000", "2008-03-31": "5593.00000", "2007-12-31": "3428.00000", "2007-09-30": "4081.00000", "2007-06-30": "4868.00000", "2007-03-31": "4431.00000", "2006-12-31": "3516.00000", "2006-09-30": "4420.00000", "2006-06-30": "4371.00000", "2006-03-31": "5349.00000", "2005-12-31": "3183.00000", "2005-09-30": "4088.00000", "2005-06-30": "3938.00000", "2005-03-31": "4541.00000"}, "EBIT": {"2020-12-31": "1869.00000", "2020-09-30": "4457.00000", "2020-06-30": "4004.00000", "2020-03-31": "6601.00000", "2019-12-31": "4384.00000", "2019-09-30": "1784.00000", "2019-06-30": "7212.00000", "2019-03-31": "4623.00000", "2018-12-31": "3568.00000", "2018-09-30": "4841.00000", "2018-06-30": "5352.00000", "2018-03-31": "5854.00000", "2017-12-31": "2919.00000", "2017-09-30": "5093.00000", "2017-06-30": "5080.00000", "2017-03-31": "5900.00000", "2016-12-31": "4608.00000", "2016-09-30": "5570.00000", "2016-06-30": "5182.00000", "2016-03-31": "5537.00000", "2015-12-31": "3971.00000", "2015-09-30": "4277.00000", "2015-06-30": "5896.00000", "2015-03-31": "5732.00000", "2014-12-31": "2859.00000", "2014-09-30": "6958.00000", "2014-06-30": "5768.00000", "2014-03-31": "5578.00000", "2013-12-31": "2902.00000", "2013-09-30": "3790.00000", "2013-06-30": "4928.00000", "2013-03-31": "4407.00000", "2012-12-31": "3225.00000", "2012-09-30": "3745.00000", "2012-06-30": "2192.00000", "2012-03-31": "5209.00000", "2011-12-31": "536.00000", "2011-09-30": "4262.00000", "2011-06-30": "3569.00000", "2011-03-31": "4656.00000", "2010-12-31": "2390.00000", "2010-09-30": "4340.00000", "2010-06-30": "4364.00000", "2010-03-31": "6415.00000", "2009-12-31": "2709.00000", "2009-09-30": "4415.00000", "2009-06-30": "4398.00000", "2009-03-31": "4774.00000", "2008-12-31": "3720.00000", "2008-09-30": "4509.00000", "2008-06-30": "4569.00000", "2008-03-31": "4927.00000", "2007-12-31": "2553.00000", "2007-09-30": "3484.00000", "2007-06-30": "4185.00000", "2007-03-31": "3809.00000", "2006-12-31": "2945.00000", "2006-09-30": "3881.00000", "2006-06-30": "3825.00000", "2006-03-31": "4828.00000", "2005-12-31": "2676.00000", "2005-09-30": "3565.00000", "2005-06-30": "3390.00000", "2005-03-31": "4026.00000"}, "Basic Shares Outstanding": {"2020-12-31": "", "2020-09-30": "2632.50000", "2020-06-30": "2632.90000", "2020-03-31": "2633.70000", "2019-12-31": "2645.10000", "2019-09-30": "2635.20000", "2019-06-30": "2652.50000", "2019-03-31": "2660.80000", "2018-12-31": "2681.50000", "2018-09-30": "2683.20000", "2018-06-30": "2682.30000", "2018-03-31": "2682.20000", "2017-12-31": "2692.00000", "2017-09-30": "2684.60000", "2017-06-30": "2691.90000", "2017-03-31": "2706.60000", "2016-12-31": "2737.30000", "2016-09-30": "2731.60000", "2016-06-30": "2745.40000", "2016-03-31": "2757.20000", "2015-12-31": "2771.80000", "2015-09-30": "2768.40000", "2015-06-30": "2772.30000", "2015-03-31": "2782.60000", "2014-12-31": "2815.20000", "2014-09-30": "2814.40000", "2014-06-30": "2826.40000", "2014-03-31": "2826.80000", "2013-12-31": "2809.20000", "2013-09-30": "2818.40000", "2013-06-30": "2809.70000", "2013-03-31": "2790.20000", "2012-12-31": "2753.30000", "2012-09-30": "2757.40000", "2012-06-30": "2747.40000", "2012-03-31": "2736.90000", "2011-12-31": "2736.00000", "2011-09-30": "2737.00000", "2011-06-30": "2740.50000", "2011-03-31": "2738.40000", "2010-12-31": "2751.40000", "2010-09-30": "2751.60000", "2010-06-30": "2756.60000", "2010-03-31": "2755.40000", "2009-12-31": "2759.50000", "2009-09-30": "2756.30000", "2009-06-30": "2756.20000", "2009-03-31": "2765.90000", "2008-12-31": "2802.50000", "2008-09-30": "2790.90000", "2008-06-30": "2809.80000", "2008-03-31": "2832.30000", "2007-12-31": "2882.90000", "2007-09-30": "2887.70000", "2007-06-30": "2895.10000", "2007-03-31": "2894.20000", "2006-12-31": "2936.40000", "2006-09-30": "2920.00000", "2006-06-30": "2954.00000", "2006-03-31": "2974.50000", "2005-12-31": "2973.90000", "2005-09-30": "2974.60000", "2005-06-30": "2973.70000", "2005-03-31": "2972.10000"}, "Shares Outstanding": {"2020-12-31": "2669.20000", "2020-09-30": "2669.30000", "2020-06-30": "2665.50000", "2020-03-31": "2671.00000", "2019-12-31": "2684.30000", "2019-09-30": "2669.90000", "2019-06-30": "2691.70000", "2019-03-31": "2698.80000", "2018-12-31": "2728.70000", "2018-09-30": "2727.60000", "2018-06-30": "2721.30000", "2018-03-31": "2731.90000", "2017-12-31": "2745.30000", "2017-09-30": "2737.70000", "2017-06-30": "2741.50000", "2017-03-31": "2754.50000", "2016-12-31": "2788.90000", "2016-09-30": "2785.40000", "2016-06-30": "2794.20000", "2016-03-31": "2803.80000", "2015-12-31": "2812.90000", "2015-09-30": "2807.20000", "2015-06-30": "2812.00000", "2015-03-31": "2826.00000", "2014-12-31": "2863.90000", "2014-09-30": "2864.30000", "2014-06-30": "2874.20000", "2014-03-31": "2874.70000", "2013-12-31": "2877.00000", "2013-09-30": "2881.20000", "2013-06-30": "2893.00000", "2013-03-31": "2858.80000", "2012-12-31": "2812.60000", "2012-09-30": "2818.10000", "2012-06-30": "2798.20000", "2012-03-31": "2774.90000", "2011-12-31": "2775.30000", "2011-09-30": "2778.20000", "2011-06-30": "2781.30000", "2011-03-31": "2772.70000", "2010-12-31": "2788.80000", "2010-09-30": "2786.40000", "2010-06-30": "2796.00000", "2010-03-31": "2797.30000", "2009-12-31": "2789.10000", "2009-09-30": "2793.00000", "2009-06-30": "2782.00000", "2009-03-31": "2789.80000", "2008-12-31": "2835.60000", "2008-09-30": "2831.30000", "2008-06-30": "2844.80000", "2008-03-31": "2866.30000", "2007-12-31": "2910.70000", "2007-09-30": "2912.90000", "2007-06-30": "2922.50000", "2007-03-31": "2924.30000", "2006-12-31": "2961.00000", "2006-09-30": "2948.10000", "2006-06-30": "2974.40000", "2006-03-31": "2992.70000", "2005-12-31": "3002.80000", "2005-09-30": "3006.20000", "2005-06-30": "3024.70000", "2005-03-31": "3023.70000"}, "Basic EPS": {"2020-12-31": "", "2020-09-30": "1.35000", "2020-06-30": "1.38000", "2020-03-31": "2.20000", "2019-12-31": "1.53000", "2019-09-30": "0.67000", "2019-06-30": "2.11000", "2019-03-31": "1.41000", "2018-12-31": "1.13000", "2018-09-30": "1.47000", "2018-06-30": "1.47000", "2018-03-31": "1.63000", "2017-12-31": "-3.97000", "2017-09-30": "1.40000", "2017-06-30": "1.42000", "2017-03-31": "1.63000", "2016-12-31": "1.40000", "2016-09-30": "1.56000", "2016-06-30": "1.46000", "2016-03-31": "1.62000", "2015-12-31": "1.17000", "2015-09-30": "1.21000", "2015-06-30": "1.63000", "2015-03-31": "1.55000", "2014-12-31": "0.91000", "2014-09-30": "1.69000", "2014-06-30": "1.53000", "2014-03-31": "1.67000", "2013-12-31": "1.25000", "2013-09-30": "1.06000", "2013-06-30": "1.36000", "2013-03-31": "1.25000", "2012-12-31": "0.92000", "2012-09-30": "1.08000", "2012-06-30": "0.51000", "2012-03-31": "1.43000", "2011-12-31": "0.09000", "2011-09-30": "1.17000", "2011-06-30": "1.01000", "2011-03-31": "1.27000", "2010-12-31": "0.72000", "2010-09-30": "1.24000", "2010-06-30": "1.25000", "2010-03-31": "1.64000", "2009-12-31": "0.81000", "2009-09-30": "1.21000", "2009-06-30": "1.16000", "2009-03-31": "1.27000", "2008-12-31": "0.98000", "2008-09-30": "1.19000", "2008-06-30": "1.18000", "2008-03-31": "1.27000", "2007-12-31": "0.84000", "2007-09-30": "0.88000", "2007-06-30": "1.06000", "2007-03-31": "0.89000", "2006-12-31": "0.74000", "2006-09-30": "0.95000", "2006-06-30": "0.96000", "2006-03-31": "1.11000", "2005-12-31": "0.70000", "2005-09-30": "0.85000", "2005-06-30": "0.87000", "2005-03-31": "0.96000"}, "EPS - Earnings Per Share": {"2020-12-31": "0.65000", "2020-09-30": "1.33000", "2020-06-30": "1.36000", "2020-03-31": "2.17000", "2019-12-31": "1.50000", "2019-09-30": "0.66000", "2019-06-30": "2.08000", "2019-03-31": "1.39000", "2018-12-31": "1.12000", "2018-09-30": "1.44000", "2018-06-30": "1.45000", "2018-03-31": "1.60000", "2017-12-31": "-3.91000", "2017-09-30": "1.37000", "2017-06-30": "1.40000", "2017-03-31": "1.61000", "2016-12-31": "1.38000", "2016-09-30": "1.53000", "2016-06-30": "1.43000", "2016-03-31": "1.59000", "2015-12-31": "1.14000", "2015-09-30": "1.20000", "2015-06-30": "1.61000", "2015-03-31": "1.53000", "2014-12-31": "0.89000", "2014-09-30": "1.66000", "2014-06-30": "1.51000", "2014-03-31": "1.64000", "2013-12-31": "1.22000", "2013-09-30": "1.04000", "2013-06-30": "1.33000", "2013-03-31": "1.22000", "2012-12-31": "0.90000", "2012-09-30": "1.05000", "2012-06-30": "0.50000", "2012-03-31": "1.41000", "2011-12-31": "0.09000", "2011-09-30": "1.15000", "2011-06-30": "1.00000", "2011-03-31": "1.25000", "2010-12-31": "0.70000", "2010-09-30": "1.23000", "2010-06-30": "1.23000", "2010-03-31": "1.62000", "2009-12-31": "0.79000", "2009-09-30": "1.20000", "2009-06-30": "1.15000", "2009-03-31": "1.26000", "2008-12-31": "0.97000", "2008-09-30": "1.17000", "2008-06-30": "1.17000", "2008-03-31": "1.26000", "2007-12-31": "0.82000", "2007-09-30": "0.88000", "2007-06-30": "1.05000", "2007-03-31": "0.88000", "2006-12-31": "0.74000", "2006-09-30": "0.94000", "2006-06-30": "0.95000", "2006-03-31": "1.10000", "2005-12-31": "0.70000", "2005-09-30": "0.85000", "2005-06-30": "0.86000", "2005-03-31": "0.94000"}}, "balance sheet": {"Cash On Hand": {"2020-12-31": "", "2019-12-31": "19287.00000", "2018-12-31": "19687.00000", "2017-12-31": "18296.00000", "2016-12-31": "41907.00000", "2015-12-31": "38376.00000", "2014-12-31": "33089.00000", "2013-12-31": "29206.00000", "2012-12-31": "21089.00000", "2011-12-31": "32261.00000", "2010-12-31": "27658.00000", "2009-12-31": "19425.00000", "2008-12-31": "12809.00000", "2007-12-31": "9315.00000", "2006-12-31": "4084.00000", "2005-12-31": "16138.00000"}, "Receivables": {"2020-12-31": "", "2019-12-31": "14481.00000", "2018-12-31": "14098.00000", "2017-12-31": "13490.00000", "2016-12-31": "11699.00000", "2015-12-31": "10734.00000", "2014-12-31": "10985.00000", "2013-12-31": "11713.00000", "2012-12-31": "11309.00000", "2011-12-31": "10581.00000", "2010-12-31": "9774.00000", "2009-12-31": "9646.00000", "2008-12-31": "9719.00000", "2007-12-31": "9444.00000", "2006-12-31": "8712.00000", "2005-12-31": "7010.00000"}, "Inventory": {"2020-12-31": "", "2019-12-31": "9020.00000", "2018-12-31": "8599.00000", "2017-12-31": "8765.00000", "2016-12-31": "8144.00000", "2015-12-31": "8053.00000", "2014-12-31": "8184.00000", "2013-12-31": "7878.00000", "2012-12-31": "7495.00000", "2011-12-31": "6285.00000", "2010-12-31": "5378.00000", "2009-12-31": "5180.00000", "2008-12-31": "5052.00000", "2007-12-31": "5110.00000", "2006-12-31": "4889.00000", "2005-12-31": "3959.00000"}, "Pre-Paid Expenses": {"2020-12-31": "", "2019-12-31": "2392.00000", "2018-12-31": "2699.00000", "2017-12-31": "2537.00000", "2016-12-31": "3282.00000", "2015-12-31": "3047.00000", "2014-12-31": "3486.00000", "2013-12-31": "4003.00000", "2012-12-31": "3084.00000", "2011-12-31": "2633.00000", "2010-12-31": "2273.00000", "2009-12-31": "2497.00000", "2008-12-31": "3367.00000", "2007-12-31": "3467.00000", "2006-12-31": "3196.00000", "2005-12-31": "2442.00000"}, "Other Current Assets": {"2020-12-31": "", "2019-12-31": "94.00000", "2018-12-31": "950.00000", "2017-12-31": "", "2016-12-31": "", "2015-12-31": "", "2014-12-31": "", "2013-12-31": "", "2012-12-31": "", "2011-12-31": "", "2010-12-31": "", "2009-12-31": "", "2008-12-31": "", "2007-12-31": "", "2006-12-31": "", "2005-12-31": ""}, "Total Current Assets": {"2020-12-31": "", "2019-12-31": "45274.00000", "2018-12-31": "46033.00000", "2017-12-31": "43088.00000", "2016-12-31": "65032.00000", "2015-12-31": "60210.00000", "2014-12-31": "55744.00000", "2013-12-31": "56407.00000", "2012-12-31": "46116.00000", "2011-12-31": "54316.00000", "2010-12-31": "47307.00000", "2009-12-31": "39541.00000", "2008-12-31": "34377.00000", "2007-12-31": "29945.00000", "2006-12-31": "22975.00000", "2005-12-31": "31480.00000"}, "Property, Plant, And Equipment": {"2020-12-31": "", "2019-12-31": "17658.00000", "2018-12-31": "17035.00000", "2017-12-31": "17005.00000", "2016-12-31": "15912.00000", "2015-12-31": "15905.00000", "2014-12-31": "16126.00000", "2013-12-31": "16710.00000", "2012-12-31": "16097.00000", "2011-12-31": "14739.00000", "2010-12-31": "14553.00000", "2009-12-31": "14759.00000", "2008-12-31": "14365.00000", "2007-12-31": "14185.00000", "2006-12-31": "13044.00000", "2005-12-31": "10830.00000"}, "Long-Term Investments": {"2020-12-31": "", "2019-12-31": "", "2018-12-31": "", "2017-12-31": "", "2016-12-31": "", "2015-12-31": "", "2014-12-31": "", "2013-12-31": "", "2012-12-31": "", "2011-12-31": "", "2010-12-31": "", "2009-12-31": "", "2008-12-31": "", "2007-12-31": "2.00000", "2006-12-31": "16.00000", "2005-12-31": "20.00000"}, "Goodwill And Intangible Assets": {"2020-12-31": "", "2019-12-31": "81282.00000", "2018-12-31": "78064.00000", "2017-12-31": "85134.00000", "2016-12-31": "49681.00000", "2015-12-31": "47393.00000", "2014-12-31": "49054.00000", "2013-12-31": "50745.00000", "2012-12-31": "51176.00000", "2011-12-31": "34276.00000", "2010-12-31": "32010.00000", "2009-12-31": "31185.00000", "2008-12-31": "27695.00000", "2007-12-31": "28763.00000", "2006-12-31": "28688.00000", "2005-12-31": "12175.00000"}, "Other Long-Term Assets": {"2020-12-31": "", "2019-12-31": "5695.00000", "2018-12-31": "4182.00000", "2017-12-31": "4971.00000", "2016-12-31": "4435.00000", "2015-12-31": "4413.00000", "2014-12-31": "3232.00000", "2013-12-31": "4949.00000", "2012-12-31": "3417.00000", "2011-12-31": "3773.00000", "2010-12-31": "3942.00000", "2009-12-31": "3690.00000", "2008-12-31": "2634.00000", "2007-12-31": "3170.00000", "2006-12-31": "2623.00000", "2005-12-31": "3221.00000"}, "Total Long-Term Assets": {"2020-12-31": "", "2019-12-31": "112454.00000", "2018-12-31": "106921.00000", "2017-12-31": "114215.00000", "2016-12-31": "76176.00000", "2015-12-31": "73201.00000", "2014-12-31": "74614.00000", "2013-12-31": "76276.00000", "2012-12-31": "75231.00000", "2011-12-31": "59328.00000", "2010-12-31": "55601.00000", "2009-12-31": "55141.00000", "2008-12-31": "50535.00000", "2007-12-31": "51009.00000", "2006-12-31": "47581.00000", "2005-12-31": "27384.00000"}, "Total Assets": {"2020-12-31": "0.00000", "2019-12-31": "157728.00000", "2018-12-31": "152954.00000", "2017-12-31": "157303.00000", "2016-12-31": "141208.00000", "2015-12-31": "133411.00000", "2014-12-31": "130358.00000", "2013-12-31": "132683.00000", "2012-12-31": "121347.00000", "2011-12-31": "113644.00000", "2010-12-31": "102908.00000", "2009-12-31": "94682.00000", "2008-12-31": "84912.00000", "2007-12-31": "80954.00000", "2006-12-31": "70556.00000", "2005-12-31": "58864.00000"}, "Total Current Liabilities": {"2020-12-31": "", "2019-12-31": "35964.00000", "2018-12-31": "31230.00000", "2017-12-31": "30537.00000", "2016-12-31": "26287.00000", "2015-12-31": "27747.00000", "2014-12-31": "25031.00000", "2013-12-31": "25675.00000", "2012-12-31": "24262.00000", "2011-12-31": "22811.00000", "2010-12-31": "23072.00000", "2009-12-31": "21731.00000", "2008-12-31": "20852.00000", "2007-12-31": "19837.00000", "2006-12-31": "19161.00000", "2005-12-31": "12635.00000"}, "Long Term Debt": {"2020-12-31": "", "2019-12-31": "26494.00000", "2018-12-31": "27684.00000", "2017-12-31": "30675.00000", "2016-12-31": "22442.00000", "2015-12-31": "12857.00000", "2014-12-31": "15122.00000", "2013-12-31": "13328.00000", "2012-12-31": "11489.00000", "2011-12-31": "12969.00000", "2010-12-31": "9156.00000", "2009-12-31": "8223.00000", "2008-12-31": "8120.00000", "2007-12-31": "7074.00000", "2006-12-31": "2014.00000", "2005-12-31": "2017.00000"}, "Other Non-Current Liabilities": {"2020-12-31": "", "2019-12-31": "19178.00000", "2018-12-31": "16831.00000", "2017-12-31": "17489.00000", "2016-12-31": "9536.00000", "2015-12-31": "10241.00000", "2014-12-31": "8034.00000", "2013-12-31": "7854.00000", "2012-12-31": "8552.00000", "2011-12-31": "10631.00000", "2010-12-31": "6567.00000", "2009-12-31": "5947.00000", "2008-12-31": "4206.00000", "2007-12-31": "3829.00000", "2006-12-31": "3160.00000", "2005-12-31": "2226.00000"}, "Total Long Term Liabilities": {"2020-12-31": "", "2019-12-31": "62293.00000", "2018-12-31": "61972.00000", "2017-12-31": "66606.00000", "2016-12-31": "44503.00000", "2015-12-31": "34514.00000", "2014-12-31": "35575.00000", "2013-12-31": "32955.00000", "2012-12-31": "32259.00000", "2011-12-31": "33753.00000", "2010-12-31": "23257.00000", "2009-12-31": "22363.00000", "2008-12-31": "21549.00000", "2007-12-31": "17798.00000", "2006-12-31": "12077.00000", "2005-12-31": "7519.00000"}, "Total Liabilities": {"2020-12-31": "", "2019-12-31": "98257.00000", "2018-12-31": "93202.00000", "2017-12-31": "97143.00000", "2016-12-31": "70790.00000", "2015-12-31": "62261.00000", "2014-12-31": "60606.00000", "2013-12-31": "58630.00000", "2012-12-31": "56521.00000", "2011-12-31": "56564.00000", "2010-12-31": "46329.00000", "2009-12-31": "44094.00000", "2008-12-31": "42401.00000", "2007-12-31": "37635.00000", "2006-12-31": "31238.00000", "2005-12-31": "20154.00000"}, "Common Stock Net": {"2020-12-31": "", "2019-12-31": "3120.00000", "2018-12-31": "3120.00000", "2017-12-31": "3120.00000", "2016-12-31": "3120.00000", "2015-12-31": "3120.00000", "2014-12-31": "3120.00000", "2013-12-31": "3120.00000", "2012-12-31": "3120.00000", "2011-12-31": "3120.00000", "2010-12-31": "3120.00000", "2009-12-31": "3120.00000", "2008-12-31": "3120.00000", "2007-12-31": "3120.00000", "2006-12-31": "3120.00000", "2005-12-31": "3120.00000"}, "Retained Earnings (Accumulated Deficit)": {"2020-12-31": "", "2019-12-31": "110659.00000", "2018-12-31": "106216.00000", "2017-12-31": "101793.00000", "2016-12-31": "110551.00000", "2015-12-31": "103879.00000", "2014-12-31": "97245.00000", "2013-12-31": "89493.00000", "2012-12-31": "85992.00000", "2011-12-31": "81251.00000", "2010-12-31": "77773.00000", "2009-12-31": "70306.00000", "2008-12-31": "63379.00000", "2007-12-31": "55280.00000", "2006-12-31": "49290.00000", "2005-12-31": "42310.00000"}, "Comprehensive Income": {"2020-12-31": "", "2019-12-31": "-15891.00000", "2018-12-31": "-15222.00000", "2017-12-31": "-13199.00000", "2016-12-31": "-14901.00000", "2015-12-31": "-13165.00000", "2014-12-31": "-10722.00000", "2013-12-31": "-2860.00000", "2012-12-31": "-5810.00000", "2011-12-31": "-5632.00000", "2010-12-31": "-3531.00000", "2009-12-31": "-3058.00000", "2008-12-31": "-4955.00000", "2007-12-31": "-693.00000", "2006-12-31": "-2118.00000", "2005-12-31": "-755.00000"}, "Other Share Holders Equity": {"2020-12-31": "", "2019-12-31": "", "2018-12-31": "", "2017-12-31": "", "2016-12-31": "", "2015-12-31": "", "2014-12-31": "", "2013-12-31": "", "2012-12-31": "", "2011-12-31": "", "2010-12-31": "", "2009-12-31": "", "2008-12-31": "", "2007-12-31": "", "2006-12-31": "", "2005-12-31": ""}, "Share Holder Equity": {"2020-12-31": "", "2019-12-31": "59471.00000", "2018-12-31": "59752.00000", "2017-12-31": "60160.00000", "2016-12-31": "70418.00000", "2015-12-31": "71150.00000", "2014-12-31": "69752.00000", "2013-12-31": "74053.00000", "2012-12-31": "64826.00000", "2011-12-31": "57080.00000", "2010-12-31": "56579.00000", "2009-12-31": "50588.00000", "2008-12-31": "42511.00000", "2007-12-31": "43319.00000", "2006-12-31": "39318.00000", "2005-12-31": "38710.00000"}, "Total Liabilities And Share Holders Equity": {"2020-12-31": "", "2019-12-31": "157728.00000", "2018-12-31": "152954.00000", "2017-12-31": "157303.00000", "2016-12-31": "141208.00000", "2015-12-31": "133411.00000", "2014-12-31": "130358.00000", "2013-12-31": "132683.00000", "2012-12-31": "121347.00000", "2011-12-31": "113644.00000", "2010-12-31": "102908.00000", "2009-12-31": "94682.00000", "2008-12-31": "84912.00000", "2007-12-31": "80954.00000", "2006-12-31": "70556.00000", "2005-12-31": "58864.00000"}}, "balance sheet, quarterly": {"Cash On Hand": {"2020-12-31": "", "2020-09-30": "30781.00000", "2020-06-30": "19135.00000", "2020-03-31": "18024.00000", "2019-12-31": "19287.00000", "2019-09-30": "17945.00000", "2019-06-30": "15278.00000", "2019-03-31": "15336.00000", "2018-12-31": "19687.00000", "2018-09-30": "19364.00000", "2018-06-30": "18139.00000", "2018-03-31": "15204.00000", "2017-12-31": "18296.00000", "2017-09-30": "16231.00000", "2017-06-30": "12853.00000", "2017-03-31": "39343.00000", "2016-12-31": "41907.00000", "2016-09-30": "40433.00000", "2016-06-30": "42584.00000", "2016-03-31": "39855.00000", "2015-12-31": "38376.00000", "2015-09-30": "37306.00000", "2015-06-30": "33954.00000", "2015-03-31": "31319.00000", "2014-12-31": "33089.00000", "2014-09-30": "33005.00000", "2014-06-30": "31624.00000", "2014-03-31": "29392.00000", "2013-12-31": "29206.00000", "2013-09-30": "25228.00000", "2013-06-30": "25129.00000", "2013-03-31": "21668.00000", "2012-12-31": "21089.00000", "2012-09-30": "19771.00000", "2012-06-30": "16915.00000", "2012-03-31": "33847.00000", "2011-12-31": "32261.00000", "2011-09-30": "30927.00000", "2011-06-30": "29682.00000", "2011-03-31": "26867.00000", "2010-12-31": "27658.00000", "2010-09-30": "22126.00000", "2010-06-30": "18901.00000", "2010-03-31": "18010.00000", "2009-12-31": "19425.00000", "2009-09-30": "14337.00000", "2009-06-30": "14716.00000", "2009-03-31": "13933.00000", "2008-12-31": "12809.00000", "2008-09-30": "14799.00000", "2008-06-30": "13058.00000", "2008-03-31": "11144.00000", "2007-12-31": "9315.00000", "2007-09-30": "8320.00000", "2007-06-30": "5971.00000", "2007-03-31": "5191.00000", "2006-12-31": "4084.00000", "2006-09-30": "14692.00000", "2006-06-30": "14725.00000", "2006-03-31": "17185.00000", "2005-12-31": "16138.00000", "2005-09-30": "15179.00000", "2005-06-30": "13161.00000", "2005-03-31": "13650.00000"}, "Receivables": {"2020-12-31": "", "2020-09-30": "14579.00000", "2020-06-30": "14645.00000", "2020-03-31": "14874.00000", "2019-12-31": "14481.00000", "2019-09-30": "14801.00000", "2019-06-30": "14653.00000", "2019-03-31": "14115.00000", "2018-12-31": "14098.00000", "2018-09-30": "14048.00000", "2018-06-30": "14111.00000", "2018-03-31": "14166.00000", "2017-12-31": "13490.00000", "2017-09-30": "13155.00000", "2017-06-30": "13283.00000", "2017-03-31": "12300.00000", "2016-12-31": "11699.00000", "2016-09-30": "11798.00000", "2016-06-30": "12062.00000", "2016-03-31": "11406.00000", "2015-12-31": "10734.00000", "2015-09-30": "11366.00000", "2015-06-30": "11968.00000", "2015-03-31": "11533.00000", "2014-12-31": "10985.00000", "2014-09-30": "11615.00000", "2014-06-30": "12257.00000", "2014-03-31": "12116.00000", "2013-12-31": "11713.00000", "2013-09-30": "12027.00000", "2013-06-30": "11614.00000", "2013-03-31": "11515.00000", "2012-12-31": "11309.00000", "2012-09-30": "11175.00000", "2012-06-30": "10992.00000", "2012-03-31": "10982.00000", "2011-12-31": "10581.00000", "2011-09-30": "10552.00000", "2011-06-30": "10982.00000", "2011-03-31": "10861.00000", "2010-12-31": "9774.00000", "2010-09-30": "10290.00000", "2010-06-30": "9629.00000", "2010-03-31": "10018.00000", "2009-12-31": "9646.00000", "2009-09-30": "10279.00000", "2009-06-30": "10133.00000", "2009-03-31": "9831.00000", "2008-12-31": "9719.00000", "2008-09-30": "10156.00000", "2008-06-30": "10539.00000", "2008-03-31": "10384.00000", "2007-12-31": "9444.00000", "2007-09-30": "9384.00000", "2007-06-30": "9470.00000", "2007-03-31": "9293.00000", "2006-12-31": "8712.00000", "2006-09-30": "7978.00000", "2006-06-30": "8162.00000", "2006-03-31": "7671.00000", "2005-12-31": "7010.00000", "2005-09-30": "7154.00000", "2005-06-30": "7379.00000", "2005-03-31": "7336.00000"}, "Inventory": {"2020-12-31": "", "2020-09-30": "9599.00000", "2020-06-30": "9424.00000", "2020-03-31": "8868.00000", "2019-12-31": "9020.00000", "2019-09-30": "9173.00000", "2019-06-30": "9263.00000", "2019-03-31": "9086.00000", "2018-12-31": "8599.00000", "2018-09-30": "8678.00000", "2018-06-30": "8810.00000", "2018-03-31": "9014.00000", "2017-12-31": "8765.00000", "2017-09-30": "9521.00000", "2017-06-30": "9699.00000", "2017-03-31": "8878.00000", "2016-12-31": "8144.00000", "2016-09-30": "8488.00000", "2016-06-30": "8523.00000", "2016-03-31": "8170.00000", "2015-12-31": "8053.00000", "2015-09-30": "8206.00000", "2015-06-30": "8298.00000", "2015-03-31": "8085.00000", "2014-12-31": "8184.00000", "2014-09-30": "8419.00000", "2014-06-30": "8155.00000", "2014-03-31": "8009.00000", "2013-12-31": "7878.00000", "2013-09-30": "8124.00000", "2013-06-30": "7822.00000", "2013-03-31": "7691.00000", "2012-12-31": "7495.00000", "2012-09-30": "7809.00000", "2012-06-30": "7697.00000", "2012-03-31": "6800.00000", "2011-12-31": "6285.00000", "2011-09-30": "6428.00000", "2011-06-30": "6413.00000", "2011-03-31": "6200.00000", "2010-12-31": "5378.00000", "2010-09-30": "5409.00000", "2010-06-30": "5071.00000", "2010-03-31": "5308.00000", "2009-12-31": "5180.00000", "2009-09-30": "5568.00000", "2009-06-30": "5472.00000", "2009-03-31": "5359.00000", "2008-12-31": "5052.00000", "2008-09-30": "5473.00000", "2008-06-30": "5700.00000", "2008-03-31": "5575.00000", "2007-12-31": "5110.00000", "2007-09-30": "5414.00000", "2007-06-30": "5155.00000", "2007-03-31": "5047.00000", "2006-12-31": "4889.00000", "2006-09-30": "4449.00000", "2006-06-30": "4313.00000", "2006-03-31": "4240.00000", "2005-12-31": "3959.00000", "2005-09-30": "4015.00000", "2005-06-30": "3963.00000", "2005-03-31": "3814.00000"}, "Pre-Paid Expenses": {"2020-12-31": "", "2020-09-30": "2528.00000", "2020-06-30": "2588.00000", "2020-03-31": "2358.00000", "2019-12-31": "2392.00000", "2019-09-30": "2220.00000", "2019-06-30": "2411.00000", "2019-03-31": "2599.00000", "2018-12-31": "2699.00000", "2018-09-30": "2896.00000", "2018-06-30": "2569.00000", "2018-03-31": "2641.00000", "2017-12-31": "2537.00000", "2017-09-30": "2922.00000", "2017-06-30": "2954.00000", "2017-03-31": "2826.00000", "2016-12-31": "3282.00000", "2016-09-30": "2600.00000", "2016-06-30": "3122.00000", "2016-03-31": "3307.00000", "2015-12-31": "3047.00000", "2015-09-30": "3010.00000", "2015-06-30": "3058.00000", "2015-03-31": "3731.00000", "2014-12-31": "3486.00000", "2014-09-30": "3107.00000", "2014-06-30": "3982.00000", "2014-03-31": "3932.00000", "2013-12-31": "4003.00000", "2013-09-30": "3312.00000", "2013-06-30": "3425.00000", "2013-03-31": "3260.00000", "2012-12-31": "3084.00000", "2012-09-30": "2789.00000", "2012-06-30": "2894.00000", "2012-03-31": "2683.00000", "2011-12-31": "2633.00000", "2011-09-30": "3056.00000", "2011-06-30": "3290.00000", "2011-03-31": "3021.00000", "2010-12-31": "2273.00000", "2010-09-30": "2474.00000", "2010-06-30": "3172.00000", "2010-03-31": "3293.00000", "2009-12-31": "2497.00000", "2009-09-30": "2768.00000", "2009-06-30": "2719.00000", "2009-03-31": "3374.00000", "2008-12-31": "3367.00000", "2008-09-30": "3578.00000", "2008-06-30": "3908.00000", "2008-03-31": "4113.00000", "2007-12-31": "3467.00000", "2007-09-30": "3229.00000", "2007-06-30": "3014.00000", "2007-03-31": "3054.00000", "2006-12-31": "3196.00000", "2006-09-30": "2166.00000", "2006-06-30": "2223.00000", "2006-03-31": "2661.00000", "2005-12-31": "2442.00000", "2005-09-30": "2415.00000", "2005-06-30": "2387.00000", "2005-03-31": "2174.00000"}, "Other Current Assets": {"2020-12-31": "", "2020-09-30": "91.00000", "2020-06-30": "100.00000", "2020-03-31": "102.00000", "2019-12-31": "94.00000", "2019-09-30": "194.00000", "2019-06-30": "194.00000", "2019-03-31": "851.00000", "2018-12-31": "950.00000", "2018-09-30": "2208.00000", "2018-06-30": "1809.00000", "2018-03-31": "1743.00000", "2017-12-31": "", "2017-09-30": "", "2017-06-30": "", "2017-03-31": "", "2016-12-31": "", "2016-09-30": "", "2016-06-30": "", "2016-03-31": "", "2015-12-31": "", "2015-09-30": "", "2015-06-30": "", "2015-03-31": "", "2014-12-31": "", "2014-09-30": "", "2014-06-30": "", "2014-03-31": "", "2013-12-31": "", "2013-09-30": "", "2013-06-30": "", "2013-03-31": "", "2012-12-31": "", "2012-09-30": "", "2012-06-30": "", "2012-03-31": "", "2011-12-31": "", "2011-09-30": "", "2011-06-30": "", "2011-03-31": "", "2010-12-31": "", "2010-09-30": "", "2010-06-30": "", "2010-03-31": "", "2009-12-31": "", "2009-09-30": "", "2009-06-30": "", "2009-03-31": "", "2008-12-31": "", "2008-09-30": "", "2008-06-30": "", "2008-03-31": "", "2007-12-31": "", "2007-09-30": "", "2007-06-30": "", "2007-03-31": "", "2006-12-31": "", "2006-09-30": "", "2006-06-30": "", "2006-03-31": "", "2005-12-31": "", "2005-09-30": "", "2005-06-30": "", "2005-03-31": ""}, "Total Current Assets": {"2020-12-31": "", "2020-09-30": "57578.00000", "2020-06-30": "45892.00000", "2020-03-31": "44226.00000", "2019-12-31": "45274.00000", "2019-09-30": "44333.00000", "2019-06-30": "41799.00000", "2019-03-31": "41987.00000", "2018-12-31": "46033.00000", "2018-09-30": "47194.00000", "2018-06-30": "45438.00000", "2018-03-31": "42768.00000", "2017-12-31": "43088.00000", "2017-09-30": "41829.00000", "2017-06-30": "38789.00000", "2017-03-31": "63347.00000", "2016-12-31": "65032.00000", "2016-09-30": "63319.00000", "2016-06-30": "66291.00000", "2016-03-31": "62738.00000", "2015-12-31": "60210.00000", "2015-09-30": "63494.00000", "2015-06-30": "61001.00000", "2015-03-31": "58192.00000", "2014-12-31": "55744.00000", "2014-09-30": "59973.00000", "2014-06-30": "60119.00000", "2014-03-31": "57369.00000", "2013-12-31": "56407.00000", "2013-09-30": "52176.00000", "2013-06-30": "51273.00000", "2013-03-31": "47228.00000", "2012-12-31": "46116.00000", "2012-09-30": "44791.00000", "2012-06-30": "41615.00000", "2012-03-31": "57007.00000", "2011-12-31": "54316.00000", "2011-09-30": "53443.00000", "2011-06-30": "52673.00000", "2011-03-31": "49221.00000", "2010-12-31": "47307.00000", "2010-09-30": "42717.00000", "2010-06-30": "39023.00000", "2010-03-31": "38861.00000", "2009-12-31": "39541.00000", "2009-09-30": "35602.00000", "2009-06-30": "35494.00000", "2009-03-31": "34839.00000", "2008-12-31": "34377.00000", "2008-09-30": "36590.00000", "2008-06-30": "35817.00000", "2008-03-31": "33818.00000", "2007-12-31": "29945.00000", "2007-09-30": "28941.00000", "2007-06-30": "25804.00000", "2007-03-31": "24673.00000", "2006-12-31": "22975.00000", "2006-09-30": "31286.00000", "2006-06-30": "31514.00000", "2006-03-31": "33752.00000", "2005-12-31": "31480.00000", "2005-09-30": "30576.00000", "2005-06-30": "28720.00000", "2005-03-31": "28766.00000"}, "Property, Plant, And Equipment": {"2020-12-31": "", "2020-09-30": "17855.00000", "2020-06-30": "17598.00000", "2020-03-31": "17401.00000", "2019-12-31": "17658.00000", "2019-09-30": "17048.00000", "2019-06-30": "17248.00000", "2019-03-31": "17000.00000", "2018-12-31": "17035.00000", "2018-09-30": "16629.00000", "2018-06-30": "16632.00000", "2018-03-31": "17040.00000", "2017-12-31": "17005.00000", "2017-09-30": "16628.00000", "2017-06-30": "16458.00000", "2017-03-31": "16191.00000", "2016-12-31": "15912.00000", "2016-09-30": "16095.00000", "2016-06-30": "15972.00000", "2016-03-31": "15964.00000", "2015-12-31": "15905.00000", "2015-09-30": "15551.00000", "2015-06-30": "15583.00000", "2015-03-31": "15364.00000", "2014-12-31": "16126.00000", "2014-09-30": "15804.00000", "2014-06-30": "16155.00000", "2014-03-31": "15996.00000", "2013-12-31": "16710.00000", "2013-09-30": "16127.00000", "2013-06-30": "15794.00000", "2013-03-31": "15721.00000", "2012-12-31": "16097.00000", "2012-09-30": "15845.00000", "2012-06-30": "15622.00000", "2012-03-31": "14824.00000", "2011-12-31": "14739.00000", "2011-09-30": "14635.00000", "2011-06-30": "14974.00000", "2011-03-31": "15084.00000", "2010-12-31": "14553.00000", "2010-09-30": "14360.00000", "2010-06-30": "13881.00000", "2010-03-31": "14277.00000", "2009-12-31": "14759.00000", "2009-09-30": "14815.00000", "2009-06-30": "14502.00000", "2009-03-31": "14253.00000", "2008-12-31": "14365.00000", "2008-09-30": "14355.00000", "2008-06-30": "14627.00000", "2008-03-31": "14486.00000", "2007-12-31": "14185.00000", "2007-09-30": "13613.00000", "2007-06-30": "13385.00000", "2007-03-31": "13180.00000", "2006-12-31": "13044.00000", "2006-09-30": "11462.00000", "2006-06-30": "11287.00000", "2006-03-31": "10951.00000", "2005-12-31": "10830.00000", "2005-09-30": "10227.00000", "2005-06-30": "10091.00000", "2005-03-31": "10237.00000"}, "Long-Term Investments": {"2020-12-31": "", "2020-09-30": "", "2020-06-30": "", "2020-03-31": "", "2019-12-31": "", "2019-09-30": "", "2019-06-30": "", "2019-03-31": "", "2018-12-31": "", "2018-09-30": "", "2018-06-30": "", "2018-03-31": "", "2017-12-31": "", "2017-09-30": "", "2017-06-30": "", "2017-03-31": "", "2016-12-31": "", "2016-09-30": "", "2016-06-30": "", "2016-03-31": "", "2015-12-31": "", "2015-09-30": "", "2015-06-30": "", "2015-03-31": "", "2014-12-31": "", "2014-09-30": "", "2014-06-30": "", "2014-03-31": "", "2013-12-31": "", "2013-09-30": "", "2013-06-30": "", "2013-03-31": "", "2012-12-31": "", "2012-09-30": "", "2012-06-30": "", "2012-03-31": "", "2011-12-31": "", "2011-09-30": "", "2011-06-30": "", "2011-03-31": "", "2010-12-31": "", "2010-09-30": "", "2010-06-30": "", "2010-03-31": "", "2009-12-31": "", "2009-09-30": "19.00000", "2009-06-30": "18.00000", "2009-03-31": "17.00000", "2008-12-31": "", "2008-09-30": "2.00000", "2008-06-30": "3.00000", "2008-03-31": "3.00000", "2007-12-31": "2.00000", "2007-09-30": "8.00000", "2007-06-30": "17.00000", "2007-03-31": "14.00000", "2006-12-31": "16.00000", "2006-09-30": "16.00000", "2006-06-30": "21.00000", "2006-03-31": "20.00000", "2005-12-31": "20.00000", "2005-09-30": "44.00000", "2005-06-30": "49.00000", "2005-03-31": "48.00000"}, "Goodwill And Intangible Assets": {"2020-12-31": "", "2020-09-30": "81313.00000", "2020-06-30": "81303.00000", "2020-03-31": "80809.00000", "2019-12-31": "81282.00000", "2019-09-30": "81137.00000", "2019-06-30": "82993.00000", "2019-03-31": "78348.00000", "2018-12-31": "78064.00000", "2018-09-30": "79339.00000", "2018-06-30": "80402.00000", "2018-03-31": "83514.00000", "2017-12-31": "85134.00000", "2017-09-30": "85877.00000", "2017-06-30": "86176.00000", "2017-03-31": "54310.00000", "2016-12-31": "49681.00000", "2016-09-30": "50813.00000", "2016-06-30": "47798.00000", "2016-03-31": "47688.00000", "2015-12-31": "47393.00000", "2015-09-30": "47267.00000", "2015-06-30": "48510.00000", "2015-03-31": "48370.00000", "2014-12-31": "49054.00000", "2014-09-30": "47940.00000", "2014-06-30": "49111.00000", "2014-03-31": "49821.00000", "2013-12-31": "50745.00000", "2013-09-30": "51319.00000", "2013-06-30": "50041.00000", "2013-03-31": "50358.00000", "2012-12-31": "51176.00000", "2012-09-30": "50567.00000", "2012-06-30": "50611.00000", "2012-03-31": "34496.00000", "2011-12-31": "34276.00000", "2011-09-30": "34274.00000", "2011-06-30": "34621.00000", "2011-03-31": "34813.00000", "2010-12-31": "32010.00000", "2010-09-30": "32443.00000", "2010-06-30": "31087.00000", "2010-03-31": "31776.00000", "2009-12-31": "31185.00000", "2009-09-30": "31653.00000", "2009-06-30": "28872.00000", "2009-03-31": "28923.00000", "2008-12-31": "27695.00000", "2008-09-30": "28571.00000", "2008-06-30": "29201.00000", "2008-03-31": "29433.00000", "2007-12-31": "28763.00000", "2007-09-30": "29508.00000", "2007-06-30": "29166.00000", "2007-03-31": "29231.00000", "2006-12-31": "28688.00000", "2006-09-30": "13331.00000", "2006-06-30": "13274.00000", "2006-03-31": "12898.00000", "2005-12-31": "12175.00000", "2005-09-30": "12086.00000", "2005-06-30": "12195.00000", "2005-03-31": "11818.00000"}, "Other Long-Term Assets": {"2020-12-31": "", "2020-09-30": "6131.00000", "2020-06-30": "5782.00000", "2020-03-31": "5042.00000", "2019-12-31": "5695.00000", "2019-09-30": "5307.00000", "2019-06-30": "5430.00000", "2019-03-31": "5159.00000", "2018-12-31": "4182.00000", "2018-09-30": "4465.00000", "2018-06-30": "4421.00000", "2018-03-31": "4518.00000", "2017-12-31": "4971.00000", "2017-09-30": "5021.00000", "2017-06-30": "5273.00000", "2017-03-31": "4690.00000", "2016-12-31": "4435.00000", "2016-09-30": "4245.00000", "2016-06-30": "3977.00000", "2016-03-31": "4163.00000", "2015-12-31": "4413.00000", "2015-09-30": "3804.00000", "2015-06-30": "3855.00000", "2015-03-31": "3605.00000", "2014-12-31": "3232.00000", "2014-09-30": "5033.00000", "2014-06-30": "6435.00000", "2014-03-31": "6459.00000", "2013-12-31": "4949.00000", "2013-09-30": "2715.00000", "2013-06-30": "2477.00000", "2013-03-31": "3723.00000", "2012-12-31": "3417.00000", "2012-09-30": "3521.00000", "2012-06-30": "3891.00000", "2012-03-31": "3956.00000", "2011-12-31": "3773.00000", "2011-09-30": "3905.00000", "2011-06-30": "4193.00000", "2011-03-31": "3705.00000", "2010-12-31": "3942.00000", "2010-09-30": "3552.00000", "2010-06-30": "3200.00000", "2010-03-31": "3622.00000", "2009-12-31": "3690.00000", "2009-09-30": "3581.00000", "2009-06-30": "2682.00000", "2009-03-31": "2589.00000", "2008-12-31": "2634.00000", "2008-09-30": "3015.00000", "2008-06-30": "3043.00000", "2008-03-31": "3126.00000", "2007-12-31": "3170.00000", "2007-09-30": "2787.00000", "2007-06-30": "2736.00000", "2007-03-31": "2695.00000", "2006-12-31": "2623.00000", "2006-09-30": "3278.00000", "2006-06-30": "3211.00000", "2006-03-31": "3243.00000", "2005-12-31": "3221.00000", "2005-09-30": "2983.00000", "2005-06-30": "3135.00000", "2005-03-31": "3222.00000"}, "Total Long-Term Assets": {"2020-12-31": "", "2020-09-30": "113115.00000", "2020-06-30": "112488.00000", "2020-03-31": "110791.00000", "2019-12-31": "112454.00000", "2019-09-30": "111188.00000", "2019-06-30": "113318.00000", "2019-03-31": "108040.00000", "2018-12-31": "106921.00000", "2018-09-30": "108509.00000", "2018-06-30": "109927.00000", "2018-03-31": "113857.00000", "2017-12-31": "114215.00000", "2017-09-30": "113829.00000", "2017-06-30": "114018.00000", "2017-03-31": "81571.00000", "2016-12-31": "76176.00000", "2016-09-30": "77050.00000", "2016-06-30": "73523.00000", "2016-03-31": "73493.00000", "2015-12-31": "73201.00000", "2015-09-30": "69772.00000", "2015-06-30": "71035.00000", "2015-03-31": "70398.00000", "2014-12-31": "74614.00000", "2014-09-30": "72124.00000", "2014-06-30": "75081.00000", "2014-03-31": "75961.00000", "2013-12-31": "76276.00000", "2013-09-30": "74757.00000", "2013-06-30": "73052.00000", "2013-03-31": "74308.00000", "2012-12-31": "75231.00000", "2012-09-30": "74160.00000", "2012-06-30": "74135.00000", "2012-03-31": "59187.00000", "2011-12-31": "59328.00000", "2011-09-30": "58378.00000", "2011-06-30": "59441.00000", "2011-03-31": "58929.00000", "2010-12-31": "55601.00000", "2010-09-30": "55530.00000", "2010-06-30": "53277.00000", "2010-03-31": "54580.00000", "2009-12-31": "55141.00000", "2009-09-30": "55956.00000", "2009-06-30": "51944.00000", "2009-03-31": "51261.00000", "2008-12-31": "50535.00000", "2008-09-30": "51134.00000", "2008-06-30": "52296.00000", "2008-03-31": "52177.00000", "2007-12-31": "51009.00000", "2007-09-30": "49724.00000", "2007-06-30": "48879.00000", "2007-03-31": "48393.00000", "2006-12-31": "47581.00000", "2006-09-30": "29952.00000", "2006-06-30": "29476.00000", "2006-03-31": "28381.00000", "2005-12-31": "27384.00000", "2005-09-30": "25998.00000", "2005-06-30": "25833.00000", "2005-03-31": "25680.00000"}, "Total Assets": {"2020-12-31": "0.00000", "2020-09-30": "170693.00000", "2020-06-30": "158380.00000", "2020-03-31": "155017.00000", "2019-12-31": "157728.00000", "2019-09-30": "155521.00000", "2019-06-30": "155117.00000", "2019-03-31": "150027.00000", "2018-12-31": "152954.00000", "2018-09-30": "155703.00000", "2018-06-30": "155365.00000", "2018-03-31": "156625.00000", "2017-12-31": "157303.00000", "2017-09-30": "155658.00000", "2017-06-30": "152807.00000", "2017-03-31": "144918.00000", "2016-12-31": "141208.00000", "2016-09-30": "140369.00000", "2016-06-30": "139814.00000", "2016-03-31": "136231.00000", "2015-12-31": "133411.00000", "2015-09-30": "133266.00000", "2015-06-30": "132036.00000", "2015-03-31": "128590.00000", "2014-12-31": "130358.00000", "2014-09-30": "132097.00000", "2014-06-30": "135200.00000", "2014-03-31": "133330.00000", "2013-12-31": "132683.00000", "2013-09-30": "126933.00000", "2013-06-30": "124325.00000", "2013-03-31": "121536.00000", "2012-12-31": "121347.00000", "2012-09-30": "118951.00000", "2012-06-30": "115750.00000", "2012-03-31": "116194.00000", "2011-12-31": "113644.00000", "2011-09-30": "111821.00000", "2011-06-30": "112114.00000", "2011-03-31": "108150.00000", "2010-12-31": "102908.00000", "2010-09-30": "98247.00000", "2010-06-30": "92300.00000", "2010-03-31": "93441.00000", "2009-12-31": "94682.00000", "2009-09-30": "91558.00000", "2009-06-30": "87438.00000", "2009-03-31": "86100.00000", "2008-12-31": "84912.00000", "2008-09-30": "87724.00000", "2008-06-30": "88113.00000", "2008-03-31": "85995.00000", "2007-12-31": "80954.00000", "2007-09-30": "78665.00000", "2007-06-30": "74683.00000", "2007-03-31": "73066.00000", "2006-12-31": "70556.00000", "2006-09-30": "61238.00000", "2006-06-30": "60990.00000", "2006-03-31": "62133.00000", "2005-12-31": "58864.00000", "2005-09-30": "56574.00000", "2005-06-30": "54553.00000", "2005-03-31": "54446.00000"}, "Total Current Liabilities": {"2020-12-31": "", "2020-09-30": "38847.00000", "2020-06-30": "36772.00000", "2020-03-31": "33689.00000", "2019-12-31": "35964.00000", "2019-09-30": "35162.00000", "2019-06-30": "31353.00000", "2019-03-31": "29111.00000", "2018-12-31": "31230.00000", "2018-09-30": "27437.00000", "2018-06-30": "27488.00000", "2018-03-31": "27081.00000", "2017-12-31": "30537.00000", "2017-09-30": "31806.00000", "2017-06-30": "28872.00000", "2017-03-31": "25119.00000", "2016-12-31": "26287.00000", "2016-09-30": "23230.00000", "2016-06-30": "21536.00000", "2016-03-31": "22134.00000", "2015-12-31": "27747.00000", "2015-09-30": "25260.00000", "2015-06-30": "24512.00000", "2015-03-31": "23836.00000", "2014-12-31": "25031.00000", "2014-09-30": "22982.00000", "2014-06-30": "24359.00000", "2014-03-31": "23840.00000", "2013-12-31": "25675.00000", "2013-09-30": "25835.00000", "2013-06-30": "23767.00000", "2013-03-31": "22524.00000", "2012-12-31": "24262.00000", "2012-09-30": "23935.00000", "2012-06-30": "23848.00000", "2012-03-31": "21198.00000", "2011-12-31": "22811.00000", "2011-09-30": "21686.00000", "2011-06-30": "20985.00000", "2011-03-31": "24011.00000", "2010-12-31": "23072.00000", "2010-09-30": "17414.00000", "2010-06-30": "17164.00000", "2010-03-31": "18499.00000", "2009-12-31": "21731.00000", "2009-09-30": "19245.00000", "2009-06-30": "19886.00000", "2009-03-31": "21325.00000", "2008-12-31": "20852.00000", "2008-09-30": "22730.00000", "2008-06-30": "21780.00000", "2008-03-31": "22071.00000", "2007-12-31": "19837.00000", "2007-09-30": "19328.00000", "2007-06-30": "18983.00000", "2007-03-31": "19663.00000", "2006-12-31": "19161.00000", "2006-09-30": "12063.00000", "2006-06-30": "12189.00000", "2006-03-31": "13192.00000", "2005-12-31": "12635.00000", "2005-09-30": "12047.00000", "2005-06-30": "11640.00000", "2005-03-31": "12981.00000"}, "Long Term Debt": {"2020-12-31": "", "2020-09-30": "32680.00000", "2020-06-30": "25062.00000", "2020-03-31": "25393.00000", "2019-12-31": "26494.00000", "2019-09-30": "26919.00000", "2019-06-30": "27699.00000", "2019-03-31": "27660.00000", "2018-12-31": "27684.00000", "2018-09-30": "29480.00000", "2018-06-30": "29405.00000", "2018-03-31": "29837.00000", "2017-12-31": "30675.00000", "2017-09-30": "26675.00000", "2017-06-30": "27363.00000", "2017-03-31": "27015.00000", "2016-12-31": "22442.00000", "2016-09-30": "23546.00000", "2016-06-30": "24535.00000", "2016-03-31": "20233.00000", "2015-12-31": "12857.00000", "2015-09-30": "14073.00000", "2015-06-30": "14085.00000", "2015-03-31": "14938.00000", "2014-12-31": "15122.00000", "2014-09-30": "13152.00000", "2014-06-30": "13303.00000", "2014-03-31": "13343.00000", "2013-12-31": "13328.00000", "2013-09-30": "9748.00000", "2013-06-30": "9643.00000", "2013-03-31": "11363.00000", "2012-12-31": "11489.00000", "2012-09-30": "11428.00000", "2012-06-30": "11525.00000", "2012-03-31": "13010.00000", "2011-12-31": "12969.00000", "2011-09-30": "13031.00000", "2011-06-30": "13680.00000", "2011-03-31": "9255.00000", "2010-12-31": "9156.00000", "2010-09-30": "9182.00000", "2010-06-30": "7937.00000", "2010-03-31": "8059.00000", "2009-12-31": "8223.00000", "2009-09-30": "8259.00000", "2009-06-30": "8179.00000", "2009-03-31": "8052.00000", "2008-12-31": "8120.00000", "2008-09-30": "8395.00000", "2008-06-30": "8770.00000", "2008-03-31": "7166.00000", "2007-12-31": "7074.00000", "2007-09-30": "4633.00000", "2007-06-30": "2013.00000", "2007-03-31": "2012.00000", "2006-12-31": "2014.00000", "2006-09-30": "2007.00000", "2006-06-30": "1981.00000", "2006-03-31": "1980.00000", "2005-12-31": "2017.00000", "2005-09-30": "2139.00000", "2005-06-30": "2329.00000", "2005-03-31": "2459.00000"}, "Other Non-Current Liabilities": {"2020-12-31": "", "2020-09-30": "18894.00000", "2020-06-30": "17625.00000", "2020-03-31": "18346.00000", "2019-12-31": "19178.00000", "2019-09-30": "18874.00000", "2019-06-30": "17645.00000", "2019-03-31": "17002.00000", "2018-12-31": "16831.00000", "2018-09-30": "17075.00000", "2018-06-30": "17928.00000", "2018-03-31": "18329.00000", "2017-12-31": "17489.00000", "2017-09-30": "9102.00000", "2017-06-30": "10117.00000", "2017-03-31": "9526.00000", "2016-12-31": "9536.00000", "2016-09-30": "9414.00000", "2016-06-30": "10062.00000", "2016-03-31": "9749.00000", "2015-12-31": "10241.00000", "2015-09-30": "9303.00000", "2015-06-30": "8973.00000", "2015-03-31": "8604.00000", "2014-12-31": "8034.00000", "2014-09-30": "7758.00000", "2014-06-30": "7373.00000", "2014-03-31": "7271.00000", "2013-12-31": "7854.00000", "2013-09-30": "8895.00000", "2013-06-30": "8569.00000", "2013-03-31": "8197.00000", "2012-12-31": "8552.00000", "2012-09-30": "9207.00000", "2012-06-30": "9487.00000", "2012-03-31": "10538.00000", "2011-12-31": "10631.00000", "2011-09-30": "7473.00000", "2011-06-30": "7227.00000", "2011-03-31": "7001.00000", "2010-12-31": "6567.00000", "2010-09-30": "6226.00000", "2010-06-30": "6359.00000", "2010-03-31": "6043.00000", "2009-12-31": "5947.00000", "2009-09-30": "5054.00000", "2009-06-30": "4275.00000", "2009-03-31": "4148.00000", "2008-12-31": "4206.00000", "2008-09-30": "3948.00000", "2008-06-30": "4102.00000", "2008-03-31": "4134.00000", "2007-12-31": "3829.00000", "2007-09-30": "3663.00000", "2007-06-30": "3550.00000", "2007-03-31": "3428.00000", "2006-12-31": "3160.00000", "2006-09-30": "2673.00000", "2006-06-30": "2300.00000", "2006-03-31": "2260.00000", "2005-12-31": "2226.00000", "2005-09-30": "2077.00000", "2005-06-30": "2061.00000", "2005-03-31": "2061.00000"}, "Total Long Term Liabilities": {"2020-12-31": "", "2020-09-30": "67373.00000", "2020-06-30": "58630.00000", "2020-03-31": "60034.00000", "2019-12-31": "62293.00000", "2019-09-30": "62149.00000", "2019-06-30": "62979.00000", "2019-03-31": "61961.00000", "2018-12-31": "61972.00000", "2018-09-30": "63640.00000", "2018-06-30": "64988.00000", "2018-03-31": "66289.00000", "2017-12-31": "66606.00000", "2017-09-30": "49873.00000", "2017-06-30": "52013.00000", "2017-03-31": "49458.00000", "2016-12-31": "44503.00000", "2016-09-30": "44370.00000", "2016-06-30": "45805.00000", "2016-03-31": "41450.00000", "2015-12-31": "34514.00000", "2015-09-30": "36452.00000", "2015-06-30": "36393.00000", "2015-03-31": "36876.00000", "2014-12-31": "35575.00000", "2014-09-30": "32524.00000", "2014-06-30": "32793.00000", "2014-03-31": "32908.00000", "2013-12-31": "32955.00000", "2013-09-30": "31294.00000", "2013-06-30": "30893.00000", "2013-03-31": "32157.00000", "2012-12-31": "32259.00000", "2012-09-30": "31255.00000", "2012-06-30": "31468.00000", "2012-03-31": "33630.00000", "2011-12-31": "33753.00000", "2011-09-30": "28608.00000", "2011-06-30": "28997.00000", "2011-03-31": "24276.00000", "2010-12-31": "23257.00000", "2010-09-30": "23542.00000", "2010-06-30": "22285.00000", "2010-03-31": "22028.00000", "2009-12-31": "22363.00000", "2009-09-30": "21929.00000", "2009-06-30": "21305.00000", "2009-03-31": "20984.00000", "2008-12-31": "21549.00000", "2008-09-30": "19260.00000", "2008-06-30": "19898.00000", "2008-03-31": "18299.00000", "2007-12-31": "17798.00000", "2007-09-30": "15764.00000", "2007-06-30": "12578.00000", "2007-03-31": "12475.00000", "2006-12-31": "12077.00000", "2006-09-30": "8602.00000", "2006-06-30": "8059.00000", "2006-03-31": "7818.00000", "2005-12-31": "7519.00000", "2005-09-30": "7680.00000", "2005-06-30": "7744.00000", "2005-03-31": "7811.00000"}, "Total Liabilities": {"2020-12-31": "", "2020-09-30": "106220.00000", "2020-06-30": "95402.00000", "2020-03-31": "93723.00000", "2019-12-31": "98257.00000", "2019-09-30": "97311.00000", "2019-06-30": "94332.00000", "2019-03-31": "91072.00000", "2018-12-31": "93202.00000", "2018-09-30": "91077.00000", "2018-06-30": "92476.00000", "2018-03-31": "93370.00000", "2017-12-31": "97143.00000", "2017-09-30": "81679.00000", "2017-06-30": "80885.00000", "2017-03-31": "74577.00000", "2016-12-31": "70790.00000", "2016-09-30": "67600.00000", "2016-06-30": "67341.00000", "2016-03-31": "63584.00000", "2015-12-31": "62261.00000", "2015-09-30": "61712.00000", "2015-06-30": "60905.00000", "2015-03-31": "60712.00000", "2014-12-31": "60606.00000", "2014-09-30": "55506.00000", "2014-06-30": "57152.00000", "2014-03-31": "56748.00000", "2013-12-31": "58630.00000", "2013-09-30": "57129.00000", "2013-06-30": "54660.00000", "2013-03-31": "54681.00000", "2012-12-31": "56521.00000", "2012-09-30": "55190.00000", "2012-06-30": "55316.00000", "2012-03-31": "54828.00000", "2011-12-31": "56564.00000", "2011-09-30": "50294.00000", "2011-06-30": "49982.00000", "2011-03-31": "48287.00000", "2010-12-31": "46329.00000", "2010-09-30": "40956.00000", "2010-06-30": "39449.00000", "2010-03-31": "40527.00000", "2009-12-31": "44094.00000", "2009-09-30": "41174.00000", "2009-06-30": "41191.00000", "2009-03-31": "42309.00000", "2008-12-31": "42401.00000", "2008-09-30": "41990.00000", "2008-06-30": "41678.00000", "2008-03-31": "40370.00000", "2007-12-31": "37635.00000", "2007-09-30": "35092.00000", "2007-06-30": "31561.00000", "2007-03-31": "32138.00000", "2006-12-31": "31238.00000", "2006-09-30": "20665.00000", "2006-06-30": "20248.00000", "2006-03-31": "21010.00000", "2005-12-31": "20154.00000", "2005-09-30": "19727.00000", "2005-06-30": "19384.00000", "2005-03-31": "20792.00000"}, "Common Stock Net": {"2020-12-31": "", "2020-09-30": "3120.00000", "2020-06-30": "3120.00000", "2020-03-31": "3120.00000", "2019-12-31": "3120.00000", "2019-09-30": "3120.00000", "2019-06-30": "3120.00000", "2019-03-31": "3120.00000", "2018-12-31": "3120.00000", "2018-09-30": "3120.00000", "2018-06-30": "3120.00000", "2018-03-31": "3120.00000", "2017-12-31": "3120.00000", "2017-09-30": "3120.00000", "2017-06-30": "3120.00000", "2017-03-31": "3120.00000", "2016-12-31": "3120.00000", "2016-09-30": "3120.00000", "2016-06-30": "3120.00000", "2016-03-31": "3120.00000", "2015-12-31": "3120.00000", "2015-09-30": "3120.00000", "2015-06-30": "3120.00000", "2015-03-31": "3120.00000", "2014-12-31": "3120.00000", "2014-09-30": "3120.00000", "2014-06-30": "3120.00000", "2014-03-31": "3120.00000", "2013-12-31": "3120.00000", "2013-09-30": "3120.00000", "2013-06-30": "3120.00000", "2013-03-31": "3120.00000", "2012-12-31": "3120.00000", "2012-09-30": "3120.00000", "2012-06-30": "3120.00000", "2012-03-31": "3120.00000", "2011-12-31": "3120.00000", "2011-09-30": "3120.00000", "2011-06-30": "3120.00000", "2011-03-31": "3120.00000", "2010-12-31": "3120.00000", "2010-09-30": "3120.00000", "2010-06-30": "3120.00000", "2010-03-31": "3120.00000", "2009-12-31": "3120.00000", "2009-09-30": "3120.00000", "2009-06-30": "3120.00000", "2009-03-31": "3120.00000", "2008-12-31": "3120.00000", "2008-09-30": "3120.00000", "2008-06-30": "3120.00000", "2008-03-31": "3120.00000", "2007-12-31": "3120.00000", "2007-09-30": "3120.00000", "2007-06-30": "3120.00000", "2007-03-31": "3120.00000", "2006-12-31": "3120.00000", "2006-09-30": "3120.00000", "2006-06-30": "3120.00000", "2006-03-31": "3120.00000", "2005-12-31": "3120.00000", "2005-09-30": "3120.00000", "2005-06-30": "3120.00000", "2005-03-31": "3120.00000"}, "Retained Earnings (Accumulated Deficit)": {"2020-12-31": "", "2020-09-30": "114831.00000", "2020-06-30": "113898.00000", "2020-03-31": "112901.00000", "2019-12-31": "110659.00000", "2019-09-30": "109242.00000", "2019-06-30": "109809.00000", "2019-03-31": "106650.00000", "2018-12-31": "106216.00000", "2018-09-30": "107617.00000", "2018-06-30": "106123.00000", "2018-03-31": "104339.00000", "2017-12-31": "101793.00000", "2017-09-30": "114805.00000", "2017-06-30": "113208.00000", "2017-03-31": "111643.00000", "2016-12-31": "110551.00000", "2016-09-30": "108860.00000", "2016-06-30": "106738.00000", "2016-03-31": "104990.00000", "2015-12-31": "103879.00000", "2015-09-30": "102748.00000", "2015-06-30": "101352.00000", "2015-03-31": "98656.00000", "2014-12-31": "97245.00000", "2014-09-30": "96560.00000", "2014-06-30": "93745.00000", "2014-03-31": "91387.00000", "2013-12-31": "89493.00000", "2013-09-30": "87703.00000", "2013-06-30": "89449.00000", "2013-03-31": "87242.00000", "2012-12-31": "85992.00000", "2012-09-30": "84880.00000", "2012-06-30": "83530.00000", "2012-03-31": "83103.00000", "2011-12-31": "81251.00000", "2011-09-30": "82634.00000", "2011-06-30": "80836.00000", "2011-03-31": "79515.00000", "2010-12-31": "77773.00000", "2010-09-30": "77272.00000", "2010-06-30": "75252.00000", "2010-03-31": "73184.00000", "2009-12-31": "70306.00000", "2009-09-30": "69471.00000", "2009-06-30": "67408.00000", "2009-03-31": "65398.00000", "2008-12-31": "63379.00000", "2008-09-30": "61878.00000", "2008-06-30": "59960.00000", "2008-03-31": "57811.00000", "2007-12-31": "55280.00000", "2007-09-30": "54197.00000", "2007-06-30": "52819.00000", "2007-03-31": "50850.00000", "2006-12-31": "49290.00000", "2006-09-30": "48210.00000", "2006-06-30": "46530.00000", "2006-03-31": "44713.00000", "2005-12-31": "42310.00000", "2005-09-30": "40422.00000", "2005-06-30": "38853.00000", "2005-03-31": "37300.00000"}, "Comprehensive Income": {"2020-12-31": "", "2020-09-30": "-14938.00000", "2020-06-30": "-15533.00000", "2020-03-31": "-16243.00000", "2019-12-31": "-15891.00000", "2019-09-30": "-15533.00000", "2019-06-30": "-14969.00000", "2019-03-31": "-15517.00000", "2018-12-31": "-15222.00000", "2018-09-30": "-14647.00000", "2018-06-30": "-14777.00000", "2018-03-31": "-12608.00000", "2017-12-31": "-13199.00000", "2017-09-30": "-12747.00000", "2017-06-30": "-13234.00000", "2017-03-31": "-14522.00000", "2016-12-31": "-14901.00000", "2016-09-30": "-12715.00000", "2016-06-30": "-12707.00000", "2016-03-31": "-12391.00000", "2015-12-31": "-13165.00000", "2015-09-30": "-12861.00000", "2015-06-30": "-12054.00000", "2015-03-31": "-13300.00000", "2014-12-31": "-10722.00000", "2014-09-30": "-5382.00000", "2014-06-30": "-3007.00000", "2014-03-31": "-2645.00000", "2013-12-31": "-2860.00000", "2013-09-30": "-5346.00000", "2013-06-30": "-6810.00000", "2013-03-31": "-6689.00000", "2012-12-31": "-5810.00000", "2012-09-30": "-4925.00000", "2012-06-30": "-6204.00000", "2012-03-31": "-4540.00000", "2011-12-31": "-5632.00000", "2011-09-30": "-3068.00000", "2011-06-30": "-1192.00000", "2011-03-31": "-2020.00000", "2010-12-31": "-3531.00000", "2010-09-30": "-2924.00000", "2010-06-30": "-5705.00000", "2010-03-31": "-3837.00000", "2009-12-31": "-3058.00000", "2009-09-30": "-2661.00000", "2009-06-30": "-4481.00000", "2009-03-31": "-5169.00000", "2008-12-31": "-4955.00000", "2008-09-30": "-930.00000", "2008-06-30": "561.00000", "2008-03-31": "509.00000", "2007-12-31": "-693.00000", "2007-09-30": "-1534.00000", "2007-06-30": "-1898.00000", "2007-03-31": "-2124.00000", "2006-12-31": "-2118.00000", "2006-09-30": "-539.00000", "2006-06-30": "-550.00000", "2006-03-31": "-633.00000", "2005-12-31": "-755.00000", "2005-09-30": "-751.00000", "2005-06-30": "-805.00000", "2005-03-31": "-648.00000"}, "Other Share Holders Equity": {"2020-12-31": "", "2020-09-30": "", "2020-06-30": "", "2020-03-31": "", "2019-12-31": "", "2019-09-30": "", "2019-06-30": "", "2019-03-31": "", "2018-12-31": "", "2018-09-30": "", "2018-06-30": "", "2018-03-31": "", "2017-12-31": "", "2017-09-30": "", "2017-06-30": "", "2017-03-31": "", "2016-12-31": "", "2016-09-30": "", "2016-06-30": "", "2016-03-31": "", "2015-12-31": "", "2015-09-30": "", "2015-06-30": "", "2015-03-31": "", "2014-12-31": "", "2014-09-30": "", "2014-06-30": "", "2014-03-31": "", "2013-12-31": "", "2013-09-30": "", "2013-06-30": "", "2013-03-31": "", "2012-12-31": "", "2012-09-30": "", "2012-06-30": "", "2012-03-31": "", "2011-12-31": "", "2011-09-30": "", "2011-06-30": "", "2011-03-31": "", "2010-12-31": "", "2010-09-30": "", "2010-06-30": "", "2010-03-31": "", "2009-12-31": "", "2009-09-30": "", "2009-06-30": "", "2009-03-31": "", "2008-12-31": "", "2008-09-30": "", "2008-06-30": "", "2008-03-31": "", "2007-12-31": "", "2007-09-30": "", "2007-06-30": "", "2007-03-31": "", "2006-12-31": "", "2006-09-30": "", "2006-06-30": "", "2006-03-31": "", "2005-12-31": "", "2005-09-30": "", "2005-06-30": "", "2005-03-31": ""}, "Share Holder Equity": {"2020-12-31": "", "2020-09-30": "64473.00000", "2020-06-30": "62978.00000", "2020-03-31": "61294.00000", "2019-12-31": "59471.00000", "2019-09-30": "58210.00000", "2019-06-30": "60785.00000", "2019-03-31": "58955.00000", "2018-12-31": "59752.00000", "2018-09-30": "64626.00000", "2018-06-30": "62889.00000", "2018-03-31": "63255.00000", "2017-12-31": "60160.00000", "2017-09-30": "73979.00000", "2017-06-30": "71922.00000", "2017-03-31": "70341.00000", "2016-12-31": "70418.00000", "2016-09-30": "72769.00000", "2016-06-30": "72473.00000", "2016-03-31": "72647.00000", "2015-12-31": "71150.00000", "2015-09-30": "71554.00000", "2015-06-30": "71131.00000", "2015-03-31": "67878.00000", "2014-12-31": "69752.00000", "2014-09-30": "76591.00000", "2014-06-30": "78048.00000", "2014-03-31": "76582.00000", "2013-12-31": "74053.00000", "2013-09-30": "69804.00000", "2013-06-30": "69665.00000", "2013-03-31": "66855.00000", "2012-12-31": "64826.00000", "2012-09-30": "63761.00000", "2012-06-30": "60434.00000", "2012-03-31": "61366.00000", "2011-12-31": "57080.00000", "2011-09-30": "61527.00000", "2011-06-30": "62132.00000", "2011-03-31": "59863.00000", "2010-12-31": "56579.00000", "2010-09-30": "57291.00000", "2010-06-30": "52851.00000", "2010-03-31": "52914.00000", "2009-12-31": "50588.00000", "2009-09-30": "50384.00000", "2009-06-30": "46247.00000", "2009-03-31": "43791.00000", "2008-12-31": "42511.00000", "2008-09-30": "45734.00000", "2008-06-30": "46435.00000", "2008-03-31": "45625.00000", "2007-12-31": "43319.00000", "2007-09-30": "43573.00000", "2007-06-30": "43122.00000", "2007-03-31": "40928.00000", "2006-12-31": "39318.00000", "2006-09-30": "40573.00000", "2006-06-30": "40742.00000", "2006-03-31": "41123.00000", "2005-12-31": "38710.00000", "2005-09-30": "36847.00000", "2005-06-30": "35169.00000", "2005-03-31": "33654.00000"}, "Total Liabilities And Share Holders Equity": {"2020-12-31": "", "2020-09-30": "170693.00000", "2020-06-30": "158380.00000", "2020-03-31": "155017.00000", "2019-12-31": "157728.00000", "2019-09-30": "155521.00000", "2019-06-30": "155117.00000", "2019-03-31": "150027.00000", "2018-12-31": "152954.00000", "2018-09-30": "155703.00000", "2018-06-30": "155365.00000", "2018-03-31": "156625.00000", "2017-12-31": "157303.00000", "2017-09-30": "155658.00000", "2017-06-30": "152807.00000", "2017-03-31": "144918.00000", "2016-12-31": "141208.00000", "2016-09-30": "140369.00000", "2016-06-30": "139814.00000", "2016-03-31": "136231.00000", "2015-12-31": "133411.00000", "2015-09-30": "133266.00000", "2015-06-30": "132036.00000", "2015-03-31": "128590.00000", "2014-12-31": "130358.00000", "2014-09-30": "132097.00000", "2014-06-30": "135200.00000", "2014-03-31": "133330.00000", "2013-12-31": "132683.00000", "2013-09-30": "126933.00000", "2013-06-30": "124325.00000", "2013-03-31": "121536.00000", "2012-12-31": "121347.00000", "2012-09-30": "118951.00000", "2012-06-30": "115750.00000", "2012-03-31": "116194.00000", "2011-12-31": "113644.00000", "2011-09-30": "111821.00000", "2011-06-30": "112114.00000", "2011-03-31": "108150.00000", "2010-12-31": "102908.00000", "2010-09-30": "98247.00000", "2010-06-30": "92300.00000", "2010-03-31": "93441.00000", "2009-12-31": "94682.00000", "2009-09-30": "91558.00000", "2009-06-30": "87438.00000", "2009-03-31": "86100.00000", "2008-12-31": "84912.00000", "2008-09-30": "87724.00000", "2008-06-30": "88113.00000", "2008-03-31": "85995.00000", "2007-12-31": "80954.00000", "2007-09-30": "78665.00000", "2007-06-30": "74683.00000", "2007-03-31": "73066.00000", "2006-12-31": "70556.00000", "2006-09-30": "61238.00000", "2006-06-30": "60990.00000", "2006-03-31": "62133.00000", "2005-12-31": "58864.00000", "2005-09-30": "56574.00000", "2005-06-30": "54553.00000", "2005-03-31": "54446.00000"}}, "cash flow statement": {"Net Income/Loss": {"2020-12-31": "0.00000", "2019-12-31": "15119.00000", "2018-12-31": "15297.00000", "2017-12-31": "1300.00000", "2016-12-31": "16540.00000", "2015-12-31": "15409.00000", "2014-12-31": "16323.00000", "2013-12-31": "13831.00000", "2012-12-31": "10514.00000", "2011-12-31": "9672.00000", "2010-12-31": "13334.00000", "2009-12-31": "12266.00000", "2008-12-31": "12949.00000", "2007-12-31": "10576.00000", "2006-12-31": "11053.00000", "2005-12-31": "10060.00000"}, "Total Depreciation And Amortization - Cash Flow": {"2020-12-31": "", "2019-12-31": "7009.00000", "2018-12-31": "6929.00000", "2017-12-31": "5642.00000", "2016-12-31": "3754.00000", "2015-12-31": "3746.00000", "2014-12-31": "3895.00000", "2013-12-31": "4104.00000", "2012-12-31": "3666.00000", "2011-12-31": "3158.00000", "2010-12-31": "2939.00000", "2009-12-31": "2774.00000", "2008-12-31": "2832.00000", "2007-12-31": "2777.00000", "2006-12-31": "2177.00000", "2005-12-31": "2093.00000"}, "Other Non-Cash Items": {"2020-12-31": "", "2019-12-31": "-2557.00000", "2018-12-31": "3.00000", "2017-12-31": "2856.00000", "2016-12-31": "257.00000", "2015-12-31": "-1233.00000", "2014-12-31": "-653.00000", "2013-12-31": "438.00000", "2012-12-31": "2185.00000", "2011-12-31": "-55.00000", "2010-12-31": "970.00000", "2009-12-31": "192.00000", "2008-12-31": "830.00000", "2007-12-31": "421.00000", "2006-12-31": "50.00000", "2005-12-31": "667.00000"}, "Total Non-Cash Items": {"2020-12-31": "", "2019-12-31": "4452.00000", "2018-12-31": "6932.00000", "2017-12-31": "8498.00000", "2016-12-31": "4011.00000", "2015-12-31": "2513.00000", "2014-12-31": "3242.00000", "2013-12-31": "4542.00000", "2012-12-31": "5851.00000", "2011-12-31": "3103.00000", "2010-12-31": "3909.00000", "2009-12-31": "2966.00000", "2008-12-31": "3662.00000", "2007-12-31": "3198.00000", "2006-12-31": "2227.00000", "2005-12-31": "2760.00000"}, "Change In Accounts Receivable": {"2020-12-31": "", "2019-12-31": "-309.00000", "2018-12-31": "-1216.00000", "2017-12-31": "-616.00000", "2016-12-31": "-1076.00000", "2015-12-31": "-415.00000", "2014-12-31": "-275.00000", "2013-12-31": "-763.00000", "2012-12-31": "83.00000", "2011-12-31": "-883.00000", "2010-12-31": "-195.00000", "2009-12-31": "511.00000", "2008-12-31": "-650.00000", "2007-12-31": "-394.00000", "2006-12-31": "-713.00000", "2005-12-31": "-599.00000"}, "Change In Inventories": {"2020-12-31": "", "2019-12-31": "-277.00000", "2018-12-31": "-644.00000", "2017-12-31": "581.00000", "2016-12-31": "-249.00000", "2015-12-31": "-449.00000", "2014-12-31": "-1120.00000", "2013-12-31": "-622.00000", "2012-12-31": "-1.00000", "2011-12-31": "-715.00000", "2010-12-31": "-196.00000", "2009-12-31": "95.00000", "2008-12-31": "-101.00000", "2007-12-31": "14.00000", "2006-12-31": "-210.00000", "2005-12-31": "-396.00000"}, "Change In Accounts Payable": {"2020-12-31": "", "2019-12-31": "", "2018-12-31": "", "2017-12-31": "", "2016-12-31": "", "2015-12-31": "", "2014-12-31": "", "2013-12-31": "", "2012-12-31": "", "2011-12-31": "", "2010-12-31": "", "2009-12-31": "", "2008-12-31": "", "2007-12-31": "", "2006-12-31": "", "2005-12-31": ""}, "Change In Assets/Liabilities": {"2020-12-31": "", "2019-12-31": "371.00000", "2018-12-31": "-2119.00000", "2017-12-31": "8568.00000", "2016-12-31": "-1115.00000", "2015-12-31": "2224.00000", "2014-12-31": "-654.00000", "2013-12-31": "-1395.00000", "2012-12-31": "-3819.00000", "2011-12-31": "2628.00000", "2010-12-31": "-487.00000", "2009-12-31": "1240.00000", "2008-12-31": "-616.00000", "2007-12-31": "-1014.00000", "2006-12-31": "141.00000", "2005-12-31": "885.00000"}, "Total Change In Assets/Liabilities": {"2020-12-31": "", "2019-12-31": "3845.00000", "2018-12-31": "-28.00000", "2017-12-31": "11258.00000", "2016-12-31": "-1784.00000", "2015-12-31": "1647.00000", "2014-12-31": "-855.00000", "2013-12-31": "-959.00000", "2012-12-31": "-969.00000", "2011-12-31": "1523.00000", "2010-12-31": "-858.00000", "2009-12-31": "1339.00000", "2008-12-31": "-1639.00000", "2007-12-31": "1248.00000", "2006-12-31": "968.00000", "2005-12-31": "-1021.00000"}, "Cash Flow From Operating Activities": {"2020-12-31": "", "2019-12-31": "23416.00000", "2018-12-31": "22201.00000", "2017-12-31": "21056.00000", "2016-12-31": "18767.00000", "2015-12-31": "19569.00000", "2014-12-31": "18710.00000", "2013-12-31": "17414.00000", "2012-12-31": "15396.00000", "2011-12-31": "14298.00000", "2010-12-31": "16385.00000", "2009-12-31": "16571.00000", "2008-12-31": "14972.00000", "2007-12-31": "15022.00000", "2006-12-31": "14248.00000", "2005-12-31": "11799.00000"}, "Net Change In Property, Plant, And Equipment": {"2020-12-31": "", "2019-12-31": "-233.00000", "2018-12-31": "-467.00000", "2017-12-31": "-1447.00000", "2016-12-31": "-1959.00000", "2015-12-31": "1.00000", "2014-12-31": "917.00000", "2013-12-31": "-3137.00000", "2012-12-31": "-1425.00000", "2011-12-31": "-1551.00000", "2010-12-31": "-1860.00000", "2009-12-31": "-2211.00000", "2008-12-31": "-2281.00000", "2007-12-31": "-2485.00000", "2006-12-31": "-2155.00000", "2005-12-31": "-2478.00000"}, "Net Change In Intangible Assets": {"2020-12-31": "", "2019-12-31": "", "2018-12-31": "", "2017-12-31": "", "2016-12-31": "", "2015-12-31": "", "2014-12-31": "", "2013-12-31": "", "2012-12-31": "", "2011-12-31": "", "2010-12-31": "", "2009-12-31": "", "2008-12-31": "", "2007-12-31": "", "2006-12-31": "", "2005-12-31": ""}, "Net Acquisitions/Divestitures": {"2020-12-31": "", "2019-12-31": "-5810.00000", "2018-12-31": "-899.00000", "2017-12-31": "-35151.00000", "2016-12-31": "-4509.00000", "2015-12-31": "-954.00000", "2014-12-31": "-2129.00000", "2013-12-31": "-835.00000", "2012-12-31": "-4486.00000", "2011-12-31": "-2797.00000", "2010-12-31": "-1269.00000", "2009-12-31": "-2470.00000", "2008-12-31": "-1214.00000", "2007-12-31": "-1388.00000", "2006-12-31": "-18023.00000", "2005-12-31": "-987.00000"}, "Net Change In Short-term Investments": {"2020-12-31": "", "2019-12-31": "", "2018-12-31": "", "2017-12-31": "", "2016-12-31": "", "2015-12-31": "", "2014-12-31": "", "2013-12-31": "", "2012-12-31": "", "2011-12-31": "", "2010-12-31": "", "2009-12-31": "", "2008-12-31": "", "2007-12-31": "", "2006-12-31": "", "2005-12-31": ""}, "Net Change In Long-Term Investments": {"2020-12-31": "", "2019-12-31": "-533.00000", "2018-12-31": "-1337.00000", "2017-12-31": "21964.00000", "2016-12-31": "1830.00000", "2015-12-31": "-6679.00000", "2014-12-31": "-10794.00000", "2013-12-31": "-865.00000", "2012-12-31": "1363.00000", "2011-12-31": "514.00000", "2010-12-31": "-4687.00000", "2009-12-31": "-2808.00000", "2008-12-31": "-609.00000", "2007-12-31": "-1671.00000", "2006-12-31": "-41.00000", "2005-12-31": "3527.00000"}, "Net Change In Investments - Total": {"2020-12-31": "", "2019-12-31": "-533.00000", "2018-12-31": "-1337.00000", "2017-12-31": "21964.00000", "2016-12-31": "1830.00000", "2015-12-31": "-6679.00000", "2014-12-31": "-10794.00000", "2013-12-31": "-865.00000", "2012-12-31": "1363.00000", "2011-12-31": "514.00000", "2010-12-31": "-4687.00000", "2009-12-31": "-2808.00000", "2008-12-31": "-609.00000", "2007-12-31": "-1671.00000", "2006-12-31": "-41.00000", "2005-12-31": "3527.00000"}, "Investing Activities - Other": {"2020-12-31": "", "2019-12-31": "382.00000", "2018-12-31": "-464.00000", "2017-12-31": "-234.00000", "2016-12-31": "-123.00000", "2015-12-31": "-103.00000", "2014-12-31": "-299.00000", "2013-12-31": "-266.00000", "2012-12-31": "38.00000", "2011-12-31": "-778.00000", "2010-12-31": "-38.00000", "2009-12-31": "-109.00000", "2008-12-31": "-83.00000", "2007-12-31": "-368.00000", "2006-12-31": "-72.00000", "2005-12-31": "-341.00000"}, "Cash Flow From Investing Activities": {"2020-12-31": "", "2019-12-31": "-6194.00000", "2018-12-31": "-3167.00000", "2017-12-31": "-14868.00000", "2016-12-31": "-4761.00000", "2015-12-31": "-7735.00000", "2014-12-31": "-12305.00000", "2013-12-31": "-5103.00000", "2012-12-31": "-4510.00000", "2011-12-31": "-4612.00000", "2010-12-31": "-7854.00000", "2009-12-31": "-7598.00000", "2008-12-31": "-4187.00000", "2007-12-31": "-5912.00000", "2006-12-31": "-20291.00000", "2005-12-31": "-279.00000"}, "Net Long-Term Debt": {"2020-12-31": "", "2019-12-31": "-2820.00000", "2018-12-31": "-1550.00000", "2017-12-31": "7215.00000", "2016-12-31": "9781.00000", "2015-12-31": "7.00000", "2014-12-31": "254.00000", "2013-12-31": "2014.00000", "2012-12-31": "-759.00000", "2011-12-31": "4454.00000", "2010-12-31": "1086.00000", "2009-12-31": "-210.00000", "2008-12-31": "1614.00000", "2007-12-31": "5082.00000", "2006-12-31": "-7.00000", "2005-12-31": "-190.00000"}, "Net Current Debt": {"2020-12-31": "", "2019-12-31": "-61.00000", "2018-12-31": "-2399.00000", "2017-12-31": "-461.00000", "2016-12-31": "-1906.00000", "2015-12-31": "1372.00000", "2014-12-31": "596.00000", "2013-12-31": "14.00000", "2012-12-31": "-2907.00000", "2011-12-31": "-1471.00000", "2010-12-31": "1309.00000", "2009-12-31": "2693.00000", "2008-12-31": "1111.00000", "2007-12-31": "-2065.00000", "2006-12-31": "3752.00000", "2005-12-31": "483.00000"}, "Debt Issuance/Retirement Net - Total": {"2020-12-31": "", "2019-12-31": "-2881.00000", "2018-12-31": "-3949.00000", "2017-12-31": "6754.00000", "2016-12-31": "7875.00000", "2015-12-31": "1379.00000", "2014-12-31": "850.00000", "2013-12-31": "2028.00000", "2012-12-31": "-3666.00000", "2011-12-31": "2983.00000", "2010-12-31": "2395.00000", "2009-12-31": "2483.00000", "2008-12-31": "2725.00000", "2007-12-31": "3017.00000", "2006-12-31": "3745.00000", "2005-12-31": "293.00000"}, "Net Common Equity Issued/Repurchased": {"2020-12-31": "", "2019-12-31": "-5792.00000", "2018-12-31": "-4919.00000", "2017-12-31": "-5296.00000", "2016-12-31": "-7790.00000", "2015-12-31": "-4285.00000", "2014-12-31": "-5581.00000", "2013-12-31": "-889.00000", "2012-12-31": "-10199.00000", "2011-12-31": "-1279.00000", "2010-12-31": "-1571.00000", "2009-12-31": "-1248.00000", "2008-12-31": "-5165.00000", "2007-12-31": "-4045.00000", "2006-12-31": "-5587.00000", "2005-12-31": "-943.00000"}, "Net Total Equity Issued/Repurchased": {"2020-12-31": "", "2019-12-31": "-5792.00000", "2018-12-31": "-4919.00000", "2017-12-31": "-5296.00000", "2016-12-31": "-7790.00000", "2015-12-31": "-4285.00000", "2014-12-31": "-5581.00000", "2013-12-31": "-889.00000", "2012-12-31": "-10199.00000", "2011-12-31": "-1279.00000", "2010-12-31": "-1571.00000", "2009-12-31": "-1248.00000", "2008-12-31": "-5165.00000", "2007-12-31": "-4045.00000", "2006-12-31": "-5587.00000", "2005-12-31": "-943.00000"}, "Total Common And Preferred Stock Dividends Paid": {"2020-12-31": "", "2019-12-31": "-9917.00000", "2018-12-31": "-9494.00000", "2017-12-31": "-8943.00000", "2016-12-31": "-8621.00000", "2015-12-31": "-8173.00000", "2014-12-31": "-7768.00000", "2013-12-31": "-7286.00000", "2012-12-31": "-6614.00000", "2011-12-31": "-6156.00000", "2010-12-31": "-5804.00000", "2009-12-31": "-5327.00000", "2008-12-31": "-5024.00000", "2007-12-31": "-4670.00000", "2006-12-31": "-4267.00000", "2005-12-31": "-3793.00000"}, "Financial Activities - Other": {"2020-12-31": "", "2019-12-31": "575.00000", "2018-12-31": "-148.00000", "2017-12-31": "-188.00000", "2016-12-31": "-15.00000", "2015-12-31": "-57.00000", "2014-12-31": "", "2013-12-31": "56.00000", "2012-12-31": "-83.00000", "2011-12-31": "", "2010-12-31": "", "2009-12-31": "", "2008-12-31": "", "2007-12-31": "", "2006-12-31": "", "2005-12-31": ""}, "Cash Flow From Financial Activities": {"2020-12-31": "", "2019-12-31": "-18015.00000", "2018-12-31": "-18510.00000", "2017-12-31": "-7673.00000", "2016-12-31": "-8551.00000", "2015-12-31": "-11136.00000", "2014-12-31": "-12499.00000", "2013-12-31": "-6091.00000", "2012-12-31": "-20562.00000", "2011-12-31": "-4452.00000", "2010-12-31": "-4980.00000", "2009-12-31": "-4092.00000", "2008-12-31": "-7464.00000", "2007-12-31": "-5698.00000", "2006-12-31": "-6109.00000", "2005-12-31": "-4443.00000"}, "Net Cash Flow": {"2020-12-31": "", "2019-12-31": "-802.00000", "2018-12-31": "283.00000", "2017-12-31": "-1148.00000", "2016-12-31": "5240.00000", "2015-12-31": "-791.00000", "2014-12-31": "-6404.00000", "2013-12-31": "6016.00000", "2012-12-31": "-9631.00000", "2011-12-31": "5187.00000", "2010-12-31": "3545.00000", "2009-12-31": "5042.00000", "2008-12-31": "2998.00000", "2007-12-31": "3687.00000", "2006-12-31": "-11972.00000", "2005-12-31": "6852.00000"}, "Stock-Based Compensation": {"2020-12-31": "", "2019-12-31": "977.00000", "2018-12-31": "978.00000", "2017-12-31": "962.00000", "2016-12-31": "878.00000", "2015-12-31": "874.00000", "2014-12-31": "792.00000", "2013-12-31": "728.00000", "2012-12-31": "662.00000", "2011-12-31": "621.00000", "2010-12-31": "614.00000", "2009-12-31": "628.00000", "2008-12-31": "627.00000", "2007-12-31": "698.00000", "2006-12-31": "659.00000", "2005-12-31": "540.00000"}, "Common Stock Dividends Paid": {"2020-12-31": "", "2019-12-31": "-9917.00000", "2018-12-31": "-9494.00000", "2017-12-31": "-8943.00000", "2016-12-31": "-8621.00000", "2015-12-31": "-8173.00000", "2014-12-31": "-7768.00000", "2013-12-31": "-7286.00000", "2012-12-31": "-6614.00000", "2011-12-31": "-6156.00000", "2010-12-31": "-5804.00000", "2009-12-31": "-5327.00000", "2008-12-31": "-5024.00000", "2007-12-31": "-4670.00000", "2006-12-31": "-4267.00000", "2005-12-31": "-3793.00000"}}, "cash flow statement, quarterly": {"Net Income/Loss": {"2020-12-31": -12976, "2020-09-30": 3554, "2020-06-30": 3626, "2020-03-31": "5796.00000", "2019-12-31": 4010, "2019-09-30": 1753, "2019-06-30": 5607, "2019-03-31": "3749.00000", "2018-12-31": 3042, "2018-09-30": 3934, "2018-06-30": 3954, "2018-03-31": "4367.00000", "2017-12-31": -10713, "2017-09-30": 3764, "2017-06-30": 3827, "2017-03-31": "4422.00000", "2016-12-31": 3814, "2016-09-30": 4272, "2016-06-30": 3997, "2016-03-31": "4457.00000", "2015-12-31": 3215, "2015-09-30": 3358, "2015-06-30": 4516, "2015-03-31": "4320.00000", "2014-12-31": 2521, "2014-09-30": 4749, "2014-06-30": 4326, "2014-03-31": "4727.00000", "2013-12-31": 3519, "2013-09-30": 2982, "2013-06-30": 3833, "2013-03-31": "3497.00000", "2012-12-31": 2567, "2012-09-30": 2629, "2012-06-30": 1408, "2012-03-31": "3910.00000", "2011-12-31": 218, "2011-09-30": 3202, "2011-06-30": 2776, "2011-03-31": "3476.00000", "2010-12-31": 1942, "2010-09-30": 3417, "2010-06-30": 3449, "2010-03-31": "4526.00000", "2009-12-31": 2206, "2009-09-30": 3345, "2009-06-30": 3208, "2009-03-31": "3507.00000", "2008-12-31": 2714, "2008-09-30": 3310, "2008-06-30": 3327, "2008-03-31": "3598.00000", "2007-12-31": 2374, "2007-09-30": 2548, "2007-06-30": 3081, "2007-03-31": "2573.00000", "2006-12-31": 2168, "2006-09-30": 2760, "2006-06-30": 2820, "2006-03-31": "3305.00000", "2005-12-31": 2095, "2005-09-30": 2538, "2005-06-30": 2588, "2005-03-31": "2839.00000"}, "Total Depreciation And Amortization - Cash Flow": {"2020-12-31": -5291, "2020-09-30": 1818, "2020-06-30": 1726, "2020-03-31": "1747.00000", "2019-12-31": 1816, "2019-09-30": 1727, "2019-06-30": 1705, "2019-03-31": "1761.00000", "2018-12-31": 1735, "2018-09-30": 1731, "2018-06-30": 1717, "2018-03-31": "1746.00000", "2017-12-31": 1869, "2017-09-30": 1711, "2017-06-30": 1150, "2017-03-31": "912.00000", "2016-12-31": 1055, "2016-09-30": 908, "2016-06-30": 900, "2016-03-31": "891.00000", "2015-12-31": 1033, "2015-09-30": 929, "2015-06-30": 889, "2015-03-31": "895.00000", "2014-12-31": 991, "2014-09-30": 939, "2014-06-30": 952, "2014-03-31": "1013.00000", "2013-12-31": 1102, "2013-09-30": 976, "2013-06-30": 990, "2013-03-31": "1036.00000", "2012-12-31": 1036, "2012-09-30": 1005, "2012-06-30": 852, "2012-03-31": "773.00000", "2011-12-31": 843, "2011-09-30": 783, "2011-06-30": 777, "2011-03-31": "755.00000", "2010-12-31": 769, "2010-09-30": 725, "2010-06-30": 711, "2010-03-31": "734.00000", "2009-12-31": 744, "2009-09-30": 675, "2009-06-30": 679, "2009-03-31": "676.00000", "2008-12-31": 715, "2008-09-30": 768, "2008-06-30": 683, "2008-03-31": "666.00000", "2007-12-31": 875, "2007-09-30": 597, "2007-06-30": 683, "2007-03-31": "622.00000", "2006-12-31": 571, "2006-09-30": 539, "2006-06-30": 546, "2006-03-31": "521.00000", "2005-12-31": 507, "2005-09-30": 523, "2005-06-30": 548, "2005-03-31": "515.00000"}, "Other Non-Cash Items": {"2020-12-31": 403, "2020-09-30": 446, "2020-06-30": -194, "2020-03-31": "-655.00000", "2019-12-31": -142, "2019-09-30": -1203, "2019-06-30": -1949, "2019-03-31": "737.00000", "2018-12-31": -1655, "2018-09-30": 1779, "2018-06-30": -433, "2018-03-31": "312.00000", "2017-12-31": 2723, "2017-09-30": -534, "2017-06-30": 428, "2017-03-31": "239.00000", "2016-12-31": -573, "2016-09-30": 234, "2016-06-30": -84, "2016-03-31": "680.00000", "2015-12-31": -1236, "2015-09-30": 268, "2015-06-30": -976, "2015-03-31": "711.00000", "2014-12-31": 392, "2014-09-30": -1981, "2014-06-30": 206, "2014-03-31": "730.00000", "2013-12-31": 158, "2013-09-30": 44, "2013-06-30": -500, "2013-03-31": "736.00000", "2012-12-31": -392, "2012-09-30": 1351, "2012-06-30": 496, "2012-03-31": "730.00000", "2011-12-31": 150, "2011-09-30": -200, "2011-06-30": -153, "2011-03-31": "148.00000", "2010-12-31": -148, "2010-09-30": 209, "2010-06-30": -208, "2010-03-31": "1117.00000", "2009-12-31": -848, "2009-09-30": 54, "2009-06-30": -385, "2009-03-31": "1371.00000", "2008-12-31": 620, "2008-09-30": 136, "2008-06-30": -62, "2008-03-31": "136.00000", "2007-12-31": -23, "2007-09-30": -318, "2007-06-30": -204, "2007-03-31": "966.00000", "2006-12-31": -19, "2006-09-30": 233, "2006-06-30": -201, "2006-03-31": "37.00000", "2005-12-31": 461, "2005-09-30": -206, "2005-06-30": 224, "2005-03-31": "188.00000"}, "Total Non-Cash Items": {"2020-12-31": -4888, "2020-09-30": 2264, "2020-06-30": 1532, "2020-03-31": "1092.00000", "2019-12-31": 1674, "2019-09-30": 524, "2019-06-30": -244, "2019-03-31": "2498.00000", "2018-12-31": 80, "2018-09-30": 3510, "2018-06-30": 1284, "2018-03-31": "2058.00000", "2017-12-31": 4592, "2017-09-30": 1177, "2017-06-30": 1578, "2017-03-31": "1151.00000", "2016-12-31": 482, "2016-09-30": 1142, "2016-06-30": 816, "2016-03-31": "1571.00000", "2015-12-31": -203, "2015-09-30": 1197, "2015-06-30": -87, "2015-03-31": "1606.00000", "2014-12-31": 1383, "2014-09-30": -1042, "2014-06-30": 1158, "2014-03-31": "1743.00000", "2013-12-31": 1260, "2013-09-30": 1020, "2013-06-30": 490, "2013-03-31": "1772.00000", "2012-12-31": 644, "2012-09-30": 2356, "2012-06-30": 1348, "2012-03-31": "1503.00000", "2011-12-31": 993, "2011-09-30": 583, "2011-06-30": 624, "2011-03-31": "903.00000", "2010-12-31": 621, "2010-09-30": 934, "2010-06-30": 503, "2010-03-31": "1851.00000", "2009-12-31": -104, "2009-09-30": 729, "2009-06-30": 294, "2009-03-31": "2047.00000", "2008-12-31": 1335, "2008-09-30": 904, "2008-06-30": 621, "2008-03-31": "802.00000", "2007-12-31": 852, "2007-09-30": 279, "2007-06-30": 479, "2007-03-31": "1588.00000", "2006-12-31": 552, "2006-09-30": 772, "2006-06-30": 345, "2006-03-31": "558.00000", "2005-12-31": 968, "2005-09-30": 317, "2005-06-30": 772, "2005-03-31": "703.00000"}, "Change In Accounts Receivable": {"2020-12-31": 366, "2020-09-30": 37, "2020-06-30": 387, "2020-03-31": "-790.00000", "2019-12-31": 371, "2019-09-30": -345, "2019-06-30": -489, "2019-03-31": "154.00000", "2018-12-31": -173, "2018-09-30": -38, "2018-06-30": -506, "2018-03-31": "-499.00000", "2017-12-31": -375, "2017-09-30": 211, "2017-06-30": -343, "2017-03-31": "-109.00000", "2016-12-31": -330, "2016-09-30": 356, "2016-06-30": -712, "2016-03-31": "-390.00000", "2015-12-31": 493, "2015-09-30": 273, "2015-06-30": -395, "2015-03-31": "-786.00000", "2014-12-31": 178, "2014-09-30": 168, "2014-06-30": -170, "2014-03-31": "-451.00000", "2013-12-31": 240, "2013-09-30": -327, "2013-06-30": -231, "2013-03-31": "-445.00000", "2012-12-31": -97, "2012-09-30": -58, "2012-06-30": 411, "2012-03-31": "-173.00000", "2011-12-31": -373, "2011-09-30": 99, "2011-06-30": 16, "2011-03-31": "-625.00000", "2010-12-31": 360, "2010-09-30": -46, "2010-06-30": -58, "2010-03-31": "-451.00000", "2009-12-31": 533, "2009-09-30": 151, "2009-06-30": -109, "2009-03-31": "-64.00000", "2008-12-31": 78, "2008-09-30": -11, "2008-06-30": -212, "2008-03-31": "-505.00000", "2007-12-31": 0, "2007-09-30": 264, "2007-06-30": -99, "2007-03-31": "-559.00000", "2006-12-31": 17, "2006-09-30": 224, "2006-06-30": -382, "2006-03-31": "-572.00000", "2005-12-31": 71, "2005-09-30": 223, "2005-06-30": -276, "2005-03-31": "-617.00000"}, "Change In Inventories": {"2020-12-31": 784, "2020-09-30": -147, "2020-06-30": -478, "2020-03-31": "-159.00000", "2019-12-31": 147, "2019-09-30": -1, "2019-06-30": -54, "2019-03-31": "-369.00000", "2018-12-31": 133, "2018-09-30": -286, "2018-06-30": -169, "2018-03-31": "-322.00000", "2017-12-31": 774, "2017-09-30": 228, "2017-06-30": -53, "2017-03-31": "-368.00000", "2016-12-31": 159, "2016-09-30": 35, "2016-06-30": -253, "2016-03-31": "-190.00000", "2015-12-31": 270, "2015-09-30": -182, "2015-06-30": -261, "2015-03-31": "-276.00000", "2014-12-31": -22, "2014-09-30": -493, "2014-06-30": -93, "2014-03-31": "-512.00000", "2013-12-31": 177, "2013-09-30": -252, "2013-06-30": -259, "2013-03-31": "-288.00000", "2012-12-31": 592, "2012-09-30": 25, "2012-06-30": -169, "2012-03-31": "-449.00000", "2011-12-31": 72, "2011-09-30": -167, "2011-06-30": -168, "2011-03-31": "-452.00000", "2010-12-31": 1, "2010-09-30": -109, "2010-06-30": 105, "2010-03-31": "-193.00000", "2009-12-31": 345, "2009-09-30": 89, "2009-06-30": -3, "2009-03-31": "-336.00000", "2008-12-31": 247, "2008-09-30": 31, "2008-06-30": -120, "2008-03-31": "-259.00000", "2007-12-31": 323, "2007-09-30": -119, "2007-06-30": -70, "2007-03-31": "-120.00000", "2006-12-31": 129, "2006-09-30": -110, "2006-06-30": -10, "2006-03-31": "-219.00000", "2005-12-31": 37, "2005-09-30": -53, "2005-06-30": -240, "2005-03-31": "-140.00000"}, "Change In Accounts Payable": {"2020-12-31": 0, "2020-09-30": 0, "2020-06-30": 0, "2020-03-31": "", "2019-12-31": 0, "2019-09-30": 0, "2019-06-30": 0, "2019-03-31": "", "2018-12-31": 0, "2018-09-30": 0, "2018-06-30": 0, "2018-03-31": "", "2017-12-31": 0, "2017-09-30": 0, "2017-06-30": 0, "2017-03-31": "", "2016-12-31": 0, "2016-09-30": 0, "2016-06-30": 0, "2016-03-31": "", "2015-12-31": 0, "2015-09-30": 0, "2015-06-30": 0, "2015-03-31": "", "2014-12-31": 0, "2014-09-30": 0, "2014-06-30": 0, "2014-03-31": "", "2013-12-31": 0, "2013-09-30": 0, "2013-06-30": 0, "2013-03-31": "", "2012-12-31": 0, "2012-09-30": 0, "2012-06-30": 0, "2012-03-31": "", "2011-12-31": 0, "2011-09-30": 0, "2011-06-30": 0, "2011-03-31": "", "2010-12-31": 0, "2010-09-30": 0, "2010-06-30": 0, "2010-03-31": "", "2009-12-31": 0, "2009-09-30": 0, "2009-06-30": 0, "2009-03-31": "", "2008-12-31": 0, "2008-09-30": 0, "2008-06-30": 0, "2008-03-31": "", "2007-12-31": 0, "2007-09-30": 0, "2007-06-30": 0, "2007-03-31": "", "2006-12-31": 0, "2006-09-30": 0, "2006-06-30": 0, "2006-03-31": "", "2005-12-31": 0, "2005-09-30": 0, "2005-06-30": 0, "2005-03-31": ""}, "Change In Assets/Liabilities": {"2020-12-31": 1402, "2020-09-30": 475, "2020-06-30": -1819, "2020-03-31": "-58.00000", "2019-12-31": -1591, "2019-09-30": 2879, "2019-06-30": -261, "2019-03-31": "-656.00000", "2018-12-31": -58, "2018-09-30": -1628, "2018-06-30": -121, "2018-03-31": "-312.00000", "2017-12-31": 9441, "2017-09-30": -654, "2017-06-30": -66, "2017-03-31": "-153.00000", "2016-12-31": 652, "2016-09-30": -271, "2016-06-30": -309, "2016-03-31": "-1187.00000", "2015-12-31": -248, "2015-09-30": 834, "2015-06-30": 1179, "2015-03-31": "459.00000", "2014-12-31": -1477, "2014-09-30": 1504, "2014-06-30": -101, "2014-03-31": "-580.00000", "2013-12-31": -2289, "2013-09-30": 1220, "2013-06-30": 474, "2013-03-31": "-800.00000", "2012-12-31": -1878, "2012-09-30": -293, "2012-06-30": -983, "2012-03-31": "-665.00000", "2011-12-31": 1948, "2011-09-30": 561, "2011-06-30": -22, "2011-03-31": "141.00000", "2010-12-31": -672, "2010-09-30": 671, "2010-06-30": -94, "2010-03-31": "-392.00000", "2009-12-31": 984, "2009-09-30": 713, "2009-06-30": -285, "2009-03-31": "-172.00000", "2008-12-31": -1204, "2008-09-30": 602, "2008-06-30": 113, "2008-03-31": "-127.00000", "2007-12-31": -1161, "2007-09-30": -20, "2007-06-30": -417, "2007-03-31": "584.00000", "2006-12-31": -731, "2006-09-30": 93, "2006-06-30": -256, "2006-03-31": "1035.00000", "2005-12-31": -829, "2005-09-30": 1043, "2005-06-30": -688, "2005-03-31": "1359.00000"}, "Total Change In Assets/Liabilities": {"2020-12-31": 2671, "2020-09-30": 2565, "2020-06-30": -1706, "2020-03-31": "-3530.00000", "2019-12-31": 714, "2019-09-30": 5250, "2019-06-30": 585, "2019-03-31": "-2704.00000", "2018-12-31": 3122, "2018-09-30": -1172, "2018-06-30": 841, "2018-03-31": "-2819.00000", "2017-12-31": 12226, "2017-09-30": 1325, "2017-06-30": 367, "2017-03-31": "-2660.00000", "2016-12-31": 2357, "2016-09-30": -53, "2016-06-30": -249, "2016-03-31": "-3839.00000", "2015-12-31": 2073, "2015-09-30": 1585, "2015-06-30": 1043, "2015-03-31": "-3054.00000", "2014-12-31": 700, "2014-09-30": 947, "2014-06-30": 45, "2014-03-31": "-2547.00000", "2013-12-31": -640, "2013-09-30": 1945, "2013-06-30": 728, "2013-03-31": "-2992.00000", "2012-12-31": 165, "2012-09-30": -5, "2012-06-30": 1489, "2012-03-31": "-2618.00000", "2011-12-31": 2240, "2011-09-30": 837, "2011-06-30": 509, "2011-03-31": "-2063.00000", "2010-12-31": 1261, "2010-09-30": 683, "2010-06-30": -115, "2010-03-31": "-2687.00000", "2009-12-31": 3185, "2009-09-30": 1020, "2009-06-30": -139, "2009-03-31": "-2727.00000", "2008-12-31": -48, "2008-09-30": 679, "2008-06-30": -1106, "2008-03-31": "-1164.00000", "2007-12-31": 871, "2007-09-30": 1364, "2007-06-30": -663, "2007-03-31": "-324.00000", "2006-12-31": 1563, "2006-09-30": 603, "2006-06-30": -809, "2006-03-31": "-389.00000", "2005-12-31": 100, "2005-09-30": 1132, "2005-06-30": -1346, "2005-03-31": "-907.00000"}, "Cash Flow From Operating Activities": {"2020-12-31": -15193, "2020-09-30": 8383, "2020-06-30": 3452, "2020-03-31": "3358.00000", "2019-12-31": 6398, "2019-09-30": 7527, "2019-06-30": 5948, "2019-03-31": "3543.00000", "2018-12-31": 6244, "2018-09-30": 6272, "2018-06-30": 6079, "2018-03-31": "3606.00000", "2017-12-31": 6105, "2017-09-30": 6266, "2017-06-30": 5772, "2017-03-31": "2913.00000", "2016-12-31": 6653, "2016-09-30": 5361, "2016-06-30": 4564, "2016-03-31": "2189.00000", "2015-12-31": 5085, "2015-09-30": 6140, "2015-06-30": 5472, "2015-03-31": "2872.00000", "2014-12-31": 4604, "2014-09-30": 4654, "2014-06-30": 5529, "2014-03-31": "3923.00000", "2013-12-31": 4139, "2013-09-30": 5947, "2013-06-30": 5051, "2013-03-31": "2277.00000", "2012-12-31": 3376, "2012-09-30": 4980, "2012-06-30": 4245, "2012-03-31": "2795.00000", "2011-12-31": 3451, "2011-09-30": 4622, "2011-06-30": 3909, "2011-03-31": "2316.00000", "2010-12-31": 3824, "2010-09-30": 5034, "2010-06-30": 3837, "2010-03-31": "3690.00000", "2009-12-31": 5287, "2009-09-30": 5094, "2009-06-30": 3363, "2009-03-31": "2827.00000", "2008-12-31": 4001, "2008-09-30": 4893, "2008-06-30": 2842, "2008-03-31": "3236.00000", "2007-12-31": 4097, "2007-09-30": 4191, "2007-06-30": 2897, "2007-03-31": "3837.00000", "2006-12-31": 4283, "2006-09-30": 4135, "2006-06-30": 2356, "2006-03-31": "3474.00000", "2005-12-31": 3163, "2005-09-30": 3987, "2005-06-30": 2014, "2005-03-31": "2635.00000"}, "Net Change In Property, Plant, And Equipment": {"2020-12-31": 1924, "2020-09-30": -724, "2020-06-30": -592, "2020-03-31": "-608.00000", "2019-12-31": -1098, "2019-09-30": -660, "2019-06-30": 1928, "2019-03-31": "-403.00000", "2018-12-31": 990, "2018-09-30": -794, "2018-06-30": -25, "2018-03-31": "-638.00000", "2017-12-31": -134, "2017-09-30": -189, "2017-06-30": -595, "2017-03-31": "-529.00000", "2016-12-31": -699, "2016-09-30": -549, "2016-06-30": -97, "2016-03-31": "-614.00000", "2015-12-31": 478, "2015-09-30": -362, "2015-06-30": 318, "2015-03-31": "-433.00000", "2014-12-31": -1346, "2014-09-30": 3157, "2014-06-30": -299, "2014-03-31": "-595.00000", "2013-12-31": -1163, "2013-09-30": -764, "2013-06-30": -730, "2013-03-31": "-480.00000", "2012-12-31": -548, "2012-09-30": -467, "2012-06-30": -266, "2012-03-31": "-144.00000", "2011-12-31": -507, "2011-09-30": -133, "2011-06-30": -596, "2011-03-31": "-315.00000", "2010-12-31": -759, "2010-09-30": -313, "2010-06-30": -493, "2010-03-31": "-295.00000", "2009-12-31": -702, "2009-09-30": -519, "2009-06-30": -561, "2009-03-31": "-429.00000", "2008-12-31": -399, "2008-09-30": -763, "2008-06-30": -674, "2008-03-31": "-445.00000", "2007-12-31": -995, "2007-09-30": -659, "2007-06-30": -599, "2007-03-31": "-232.00000", "2006-12-31": -550, "2006-09-30": -572, "2006-06-30": -588, "2006-03-31": "-445.00000", "2005-12-31": -1140, "2005-09-30": -541, "2005-06-30": -477, "2005-03-31": "-320.00000"}, "Net Change In Intangible Assets": {"2020-12-31": 0, "2020-09-30": 0, "2020-06-30": 0, "2020-03-31": "", "2019-12-31": 0, "2019-09-30": 0, "2019-06-30": 0, "2019-03-31": "", "2018-12-31": 0, "2018-09-30": 0, "2018-06-30": 0, "2018-03-31": "", "2017-12-31": 0, "2017-09-30": 0, "2017-06-30": 0, "2017-03-31": "", "2016-12-31": 0, "2016-09-30": 0, "2016-06-30": 0, "2016-03-31": "", "2015-12-31": 0, "2015-09-30": 0, "2015-06-30": 0, "2015-03-31": "", "2014-12-31": 0, "2014-09-30": 0, "2014-06-30": 0, "2014-03-31": "", "2013-12-31": 0, "2013-09-30": 0, "2013-06-30": 0, "2013-03-31": "", "2012-12-31": 0, "2012-09-30": 0, "2012-06-30": 0, "2012-03-31": "", "2011-12-31": 0, "2011-09-30": 0, "2011-06-30": 0, "2011-03-31": "", "2010-12-31": 0, "2010-09-30": 0, "2010-06-30": 0, "2010-03-31": "", "2009-12-31": 0, "2009-09-30": 0, "2009-06-30": 0, "2009-03-31": "", "2008-12-31": 0, "2008-09-30": 0, "2008-06-30": 0, "2008-03-31": "", "2007-12-31": 0, "2007-09-30": 0, "2007-06-30": 0, "2007-03-31": "", "2006-12-31": 0, "2006-09-30": 0, "2006-06-30": 0, "2006-03-31": "", "2005-12-31": 0, "2005-09-30": 0, "2005-06-30": 0, "2005-03-31": ""}, "Net Acquisitions/Divestitures": {"2020-12-31": 949, "2020-09-30": 0, "2020-06-30": -10, "2020-03-31": "-939.00000", "2019-12-31": -248, "2019-09-30": -216, "2019-06-30": -3663, "2019-03-31": "-1683.00000", "2018-12-31": -2, "2018-09-30": -675, "2018-06-30": -140, "2018-03-31": "-82.00000", "2017-12-31": -505, "2017-09-30": -574, "2017-06-30": -29220, "2017-03-31": "-4852.00000", "2016-12-31": -459, "2016-09-30": -3320, "2016-06-30": -725, "2016-03-31": "-5.00000", "2015-12-31": -721, "2015-09-30": 0, "2015-06-30": 0, "2015-03-31": "-233.00000", "2014-12-31": -1838, "2014-09-30": -291, "2014-06-30": 0, "2014-03-31": "", "2013-12-31": -16, "2013-09-30": -645, "2013-06-30": -6, "2013-03-31": "-168.00000", "2012-12-31": -63, "2012-09-30": -99, "2012-06-30": -4324, "2012-03-31": "", "2011-12-31": -328, "2011-09-30": -420, "2011-06-30": 0, "2011-03-31": "-2049.00000", "2010-12-31": 0, "2010-09-30": -398, "2010-06-30": -99, "2010-03-31": "-772.00000", "2009-12-31": -133, "2009-09-30": -1046, "2009-06-30": 0, "2009-03-31": "-1291.00000", "2008-12-31": -814, "2008-09-30": -354, "2008-06-30": -38, "2008-03-31": "-8.00000", "2007-12-31": -10, "2007-09-30": -10, "2007-06-30": 0, "2007-03-31": "-1368.00000", "2006-12-31": -16646, "2006-09-30": -159, "2006-06-30": -407, "2006-03-31": "-811.00000", "2005-12-31": -240, "2005-09-30": -54, "2005-06-30": -693, "2005-03-31": ""}, "Net Change In Short-term Investments": {"2020-12-31": 0, "2020-09-30": 0, "2020-06-30": 0, "2020-03-31": "", "2019-12-31": 0, "2019-09-30": 0, "2019-06-30": 0, "2019-03-31": "", "2018-12-31": 0, "2018-09-30": 0, "2018-06-30": 0, "2018-03-31": "", "2017-12-31": 0, "2017-09-30": 0, "2017-06-30": 0, "2017-03-31": "", "2016-12-31": 0, "2016-09-30": 0, "2016-06-30": 0, "2016-03-31": "", "2015-12-31": 0, "2015-09-30": 0, "2015-06-30": 0, "2015-03-31": "", "2014-12-31": 0, "2014-09-30": 0, "2014-06-30": 0, "2014-03-31": "", "2013-12-31": 0, "2013-09-30": 0, "2013-06-30": 0, "2013-03-31": "", "2012-12-31": 0, "2012-09-30": 0, "2012-06-30": 0, "2012-03-31": "", "2011-12-31": 0, "2011-09-30": 0, "2011-06-30": 0, "2011-03-31": "", "2010-12-31": 0, "2010-09-30": 0, "2010-06-30": 0, "2010-03-31": "", "2009-12-31": 0, "2009-09-30": 0, "2009-06-30": 0, "2009-03-31": "", "2008-12-31": 0, "2008-09-30": 0, "2008-06-30": 0, "2008-03-31": "", "2007-12-31": 0, "2007-09-30": 0, "2007-06-30": 0, "2007-03-31": "", "2006-12-31": 0, "2006-09-30": 0, "2006-06-30": 0, "2006-03-31": "", "2005-12-31": 0, "2005-09-30": 0, "2005-06-30": 0, "2005-03-31": ""}, "Net Change In Long-Term Investments": {"2020-12-31": 9658, "2020-09-30": -3524, "2020-06-30": -5614, "2020-03-31": "-520.00000", "2019-12-31": -308, "2019-09-30": -840, "2019-06-30": -150, "2019-03-31": "765.00000", "2018-12-31": 1656, "2018-09-30": -2785, "2018-06-30": -1, "2018-03-31": "-207.00000", "2017-12-31": 251, "2017-09-30": -380, "2017-06-30": 17649, "2017-03-31": "4444.00000", "2016-12-31": -930, "2016-09-30": 1496, "2016-06-30": 2181, "2016-03-31": "-917.00000", "2015-12-31": -1080, "2015-09-30": -615, "2015-06-30": -3872, "2015-03-31": "-1112.00000", "2014-12-31": 414, "2014-09-30": -2078, "2014-06-30": -7780, "2014-03-31": "-1350.00000", "2013-12-31": -173, "2013-09-30": -120, "2013-06-30": 179, "2013-03-31": "-751.00000", "2012-12-31": -1934, "2012-09-30": -1375, "2012-06-30": 470, "2012-03-31": "4202.00000", "2011-12-31": 7520, "2011-09-30": -768, "2011-06-30": -10099, "2011-03-31": "3861.00000", "2010-12-31": -677, "2010-09-30": -1115, "2010-06-30": -2089, "2010-03-31": "-806.00000", "2009-12-31": -1583, "2009-09-30": -211, "2009-06-30": -1724, "2009-03-31": "710.00000", "2008-12-31": -1254, "2008-09-30": -454, "2008-06-30": 172, "2008-03-31": "927.00000", "2007-12-31": 98, "2007-09-30": -1306, "2007-06-30": -417, "2007-03-31": "-46.00000", "2006-12-31": 87, "2006-09-30": -54, "2006-06-30": 184, "2006-03-31": "-258.00000", "2005-12-31": 298, "2005-09-30": 617, "2005-06-30": 4096, "2005-03-31": "-1484.00000"}, "Net Change In Investments - Total": {"2020-12-31": 9658, "2020-09-30": -3524, "2020-06-30": -5614, "2020-03-31": "-520.00000", "2019-12-31": -308, "2019-09-30": -840, "2019-06-30": -150, "2019-03-31": "765.00000", "2018-12-31": 1656, "2018-09-30": -2785, "2018-06-30": -1, "2018-03-31": "-207.00000", "2017-12-31": 251, "2017-09-30": -380, "2017-06-30": 17649, "2017-03-31": "4444.00000", "2016-12-31": -930, "2016-09-30": 1496, "2016-06-30": 2181, "2016-03-31": "-917.00000", "2015-12-31": -1080, "2015-09-30": -615, "2015-06-30": -3872, "2015-03-31": "-1112.00000", "2014-12-31": 414, "2014-09-30": -2078, "2014-06-30": -7780, "2014-03-31": "-1350.00000", "2013-12-31": -173, "2013-09-30": -120, "2013-06-30": 179, "2013-03-31": "-751.00000", "2012-12-31": -1934, "2012-09-30": -1375, "2012-06-30": 470, "2012-03-31": "4202.00000", "2011-12-31": 7520, "2011-09-30": -768, "2011-06-30": -10099, "2011-03-31": "3861.00000", "2010-12-31": -677, "2010-09-30": -1115, "2010-06-30": -2089, "2010-03-31": "-806.00000", "2009-12-31": -1583, "2009-09-30": -211, "2009-06-30": -1724, "2009-03-31": "710.00000", "2008-12-31": -1254, "2008-09-30": -454, "2008-06-30": 172, "2008-03-31": "927.00000", "2007-12-31": 98, "2007-09-30": -1306, "2007-06-30": -417, "2007-03-31": "-46.00000", "2006-12-31": 87, "2006-09-30": -54, "2006-06-30": 184, "2006-03-31": "-258.00000", "2005-12-31": 298, "2005-09-30": 617, "2005-06-30": 4096, "2005-03-31": "-1484.00000"}, "Investing Activities - Other": {"2020-12-31": 391, "2020-09-30": -571, "2020-06-30": -1306, "2020-03-31": "1486.00000", "2019-12-31": 310, "2019-09-30": 71, "2019-06-30": 97, "2019-03-31": "-96.00000", "2018-12-31": -416, "2018-09-30": -15, "2018-06-30": -35, "2018-03-31": "2.00000", "2017-12-31": -117, "2017-09-30": -37, "2017-06-30": -81, "2017-03-31": "1.00000", "2016-12-31": -86, "2016-09-30": 1, "2016-06-30": -37, "2016-03-31": "-1.00000", "2015-12-31": -68, "2015-09-30": -24, "2015-06-30": 0, "2015-03-31": "-11.00000", "2014-12-31": -152, "2014-09-30": -53, "2014-06-30": -13, "2014-03-31": "-81.00000", "2013-12-31": -226, "2013-09-30": -24, "2013-06-30": -12, "2013-03-31": "-4.00000", "2012-12-31": 42, "2012-09-30": 4, "2012-06-30": -6, "2012-03-31": "-2.00000", "2011-12-31": -447, "2011-09-30": -269, "2011-06-30": -5, "2011-03-31": "-57.00000", "2010-12-31": 32, "2010-09-30": -49, "2010-06-30": -12, "2010-03-31": "-9.00000", "2009-12-31": 54, "2009-09-30": -79, "2009-06-30": -18, "2009-03-31": "-66.00000", "2008-12-31": -47, "2008-09-30": 10, "2008-06-30": -24, "2008-03-31": "-22.00000", "2007-12-31": -267, "2007-09-30": -52, "2007-06-30": -9, "2007-03-31": "-40.00000", "2006-12-31": 52, "2006-09-30": -87, "2006-06-30": 26, "2006-03-31": "-63.00000", "2005-12-31": -46, "2005-09-30": -13, "2005-06-30": -72, "2005-03-31": "-210.00000"}, "Cash Flow From Investing Activities": {"2020-12-31": 12922, "2020-09-30": -4819, "2020-06-30": -7522, "2020-03-31": "-581.00000", "2019-12-31": -1344, "2019-09-30": -1645, "2019-06-30": -1788, "2019-03-31": "-1417.00000", "2018-12-31": 2228, "2018-09-30": -4269, "2018-06-30": -201, "2018-03-31": "-925.00000", "2017-12-31": -505, "2017-09-30": -1180, "2017-06-30": -12247, "2017-03-31": "-936.00000", "2016-12-31": -2174, "2016-09-30": -2372, "2016-06-30": 1322, "2016-03-31": "-1537.00000", "2015-12-31": -1391, "2015-09-30": -1001, "2015-06-30": -3554, "2015-03-31": "-1789.00000", "2014-12-31": -2922, "2014-09-30": 735, "2014-06-30": -8092, "2014-03-31": "-2026.00000", "2013-12-31": -1578, "2013-09-30": -1553, "2013-06-30": -569, "2013-03-31": "-1403.00000", "2012-12-31": -2503, "2012-09-30": -1937, "2012-06-30": -4126, "2012-03-31": "4056.00000", "2011-12-31": 6238, "2011-09-30": -1590, "2011-06-30": -10700, "2011-03-31": "1440.00000", "2010-12-31": -1404, "2010-09-30": -1875, "2010-06-30": -2693, "2010-03-31": "-1882.00000", "2009-12-31": -2364, "2009-09-30": -1855, "2009-06-30": -2303, "2009-03-31": "-1076.00000", "2008-12-31": -2514, "2008-09-30": -1561, "2008-06-30": -564, "2008-03-31": "452.00000", "2007-12-31": -1174, "2007-09-30": -2027, "2007-06-30": -1025, "2007-03-31": "-1686.00000", "2006-12-31": -17057, "2006-09-30": -872, "2006-06-30": -785, "2006-03-31": "-1577.00000", "2005-12-31": -1128, "2005-09-30": 9, "2005-06-30": 2854, "2005-03-31": "-2014.00000"}, "Net Long-Term Debt": {"2020-12-31": -6869, "2020-09-30": 6879, "2020-06-30": 1, "2020-03-31": "-11.00000", "2019-12-31": -1813, "2019-09-30": -3, "2019-06-30": -2, "2019-03-31": "-1002.00000", "2018-12-31": -646, "2018-09-30": -898, "2018-06-30": 0, "2018-03-31": "-6.00000", "2017-12-31": 3774, "2017-09-30": -1008, "2017-06-30": -13, "2017-03-31": "4462.00000", "2016-12-31": -1217, "2016-09-30": -17, "2016-06-30": 3594, "2016-03-31": "7421.00000", "2015-12-31": 31, "2015-09-30": -6, "2015-06-30": -5, "2015-03-31": "-13.00000", "2014-12-31": 2024, "2014-09-30": -6, "2014-06-30": -1759, "2014-03-31": "-5.00000", "2013-12-31": 3494, "2013-09-30": 18, "2013-06-30": -1503, "2013-03-31": "5.00000", "2012-12-31": 21, "2012-09-30": -776, "2012-06-30": 24, "2012-03-31": "-28.00000", "2011-12-31": -5, "2011-09-30": 60, "2011-06-30": 4394, "2011-03-31": "5.00000", "2010-12-31": 28, "2010-09-30": 1070, "2010-06-30": -4, "2010-03-31": "-8.00000", "2009-12-31": 5, "2009-09-30": -208, "2009-06-30": 0, "2009-03-31": "-7.00000", "2008-12-31": -10, "2008-09-30": -12, "2008-06-30": 1638, "2008-03-31": "-2.00000", "2007-12-31": 2489, "2007-09-30": 2598, "2007-06-30": 0, "2007-03-31": "-5.00000", "2006-12-31": 4, "2006-09-30": -1, "2006-06-30": -3, "2006-03-31": "-7.00000", "2005-12-31": 2, "2005-09-30": -176, "2005-06-30": -3, "2005-03-31": "-13.00000"}, "Net Current Debt": {"2020-12-31": -3025, "2020-09-30": 325, "2020-06-30": 2708, "2020-03-31": "-8.00000", "2019-12-31": -122, "2019-09-30": 58, "2019-06-30": 6, "2019-03-31": "-3.00000", "2018-12-31": -74, "2018-09-30": 81, "2018-06-30": 52, "2018-03-31": "-2458.00000", "2017-12-31": -4285, "2017-09-30": 1369, "2017-06-30": 1931, "2017-03-31": "524.00000", "2016-12-31": 1871, "2016-09-30": 792, "2016-06-30": -492, "2016-03-31": "-4077.00000", "2015-12-31": 195, "2015-09-30": 498, "2015-06-30": 283, "2015-03-31": "396.00000", "2014-12-31": 1680, "2014-09-30": -1686, "2014-06-30": 1599, "2014-03-31": "-997.00000", "2013-12-31": -340, "2013-09-30": -54, "2013-06-30": 637, "2013-03-31": "-229.00000", "2012-12-31": -733, "2012-09-30": 88, "2012-06-30": -2019, "2012-03-31": "-243.00000", "2011-12-31": 1357, "2011-09-30": -220, "2011-06-30": -3508, "2011-03-31": "900.00000", "2010-12-31": 4803, "2010-09-30": -852, "2010-06-30": -314, "2010-03-31": "-2328.00000", "2009-12-31": 2802, "2009-09-30": -1860, "2009-06-30": -468, "2009-03-31": "2219.00000", "2008-12-31": -2434, "2008-09-30": 1006, "2008-06-30": 950, "2008-03-31": "1589.00000", "2007-12-31": -728, "2007-09-30": -1184, "2007-06-30": -219, "2007-03-31": "66.00000", "2006-12-31": 4292, "2006-09-30": -317, "2006-06-30": -313, "2006-03-31": "90.00000", "2005-12-31": 548, "2005-09-30": -102, "2005-06-30": 8, "2005-03-31": "29.00000"}, "Debt Issuance/Retirement Net - Total": {"2020-12-31": -9894, "2020-09-30": 7204, "2020-06-30": 2709, "2020-03-31": "-19.00000", "2019-12-31": -1935, "2019-09-30": 55, "2019-06-30": 4, "2019-03-31": "-1005.00000", "2018-12-31": -720, "2018-09-30": -817, "2018-06-30": 52, "2018-03-31": "-2464.00000", "2017-12-31": -511, "2017-09-30": 361, "2017-06-30": 1918, "2017-03-31": "4986.00000", "2016-12-31": 654, "2016-09-30": 775, "2016-06-30": 3102, "2016-03-31": "3344.00000", "2015-12-31": 226, "2015-09-30": 492, "2015-06-30": 278, "2015-03-31": "383.00000", "2014-12-31": 3704, "2014-09-30": -1692, "2014-06-30": -160, "2014-03-31": "-1002.00000", "2013-12-31": 3154, "2013-09-30": -36, "2013-06-30": -866, "2013-03-31": "-224.00000", "2012-12-31": -712, "2012-09-30": -688, "2012-06-30": -1995, "2012-03-31": "-271.00000", "2011-12-31": 1352, "2011-09-30": -160, "2011-06-30": 886, "2011-03-31": "905.00000", "2010-12-31": 4831, "2010-09-30": 218, "2010-06-30": -318, "2010-03-31": "-2336.00000", "2009-12-31": 2807, "2009-09-30": -2068, "2009-06-30": -468, "2009-03-31": "2212.00000", "2008-12-31": -2444, "2008-09-30": 994, "2008-06-30": 2588, "2008-03-31": "1587.00000", "2007-12-31": 1761, "2007-09-30": 1414, "2007-06-30": -219, "2007-03-31": "61.00000", "2006-12-31": 4296, "2006-09-30": -318, "2006-06-30": -316, "2006-03-31": "83.00000", "2005-12-31": 550, "2005-09-30": -278, "2005-06-30": 5, "2005-03-31": "16.00000"}, "Net Common Equity Issued/Repurchased": {"2020-12-31": 1978, "2020-09-30": -269, "2020-06-30": -330, "2020-03-31": "-1379.00000", "2019-12-31": -52, "2019-09-30": -1511, "2019-06-30": -2117, "2019-03-31": "-2112.00000", "2018-12-31": -3339, "2018-09-30": -153, "2018-06-30": -49, "2018-03-31": "-1378.00000", "2017-12-31": -607, "2017-09-30": -176, "2017-06-30": -1573, "2017-03-31": "-2940.00000", "2016-12-31": -1948, "2016-09-30": -2020, "2016-06-30": -1943, "2016-03-31": "-1879.00000", "2015-12-31": -1441, "2015-09-30": -256, "2015-06-30": -974, "2015-03-31": "-1614.00000", "2014-12-31": -2606, "2014-09-30": -2057, "2014-06-30": -730, "2014-03-31": "-188.00000", "2013-12-31": -110, "2013-09-30": -2621, "2013-06-30": 719, "2013-03-31": "1123.00000", "2012-12-31": 903, "2012-09-30": 669, "2012-06-30": -12584, "2012-03-31": "813.00000", "2011-12-31": -553, "2011-09-30": -514, "2011-06-30": 38, "2011-03-31": "-250.00000", "2010-12-31": -744, "2010-09-30": -433, "2010-06-30": -258, "2010-03-31": "-136.00000", "2009-12-31": -376, "2009-09-30": 177, "2009-06-30": -242, "2009-03-31": "-807.00000", "2008-12-31": -752, "2008-09-30": -1406, "2008-06-30": -1484, "2008-03-31": "-1523.00000", "2007-12-31": -2425, "2007-09-30": -1445, "2007-06-30": -114, "2007-03-31": "-61.00000", "2006-12-31": -908, "2006-09-30": -2043, "2006-06-30": -2371, "2006-03-31": "-265.00000", "2005-12-31": -371, "2005-09-30": -39, "2005-06-30": -164, "2005-03-31": "-369.00000"}, "Net Total Equity Issued/Repurchased": {"2020-12-31": 1978, "2020-09-30": -269, "2020-06-30": -330, "2020-03-31": "-1379.00000", "2019-12-31": -52, "2019-09-30": -1511, "2019-06-30": -2117, "2019-03-31": "-2112.00000", "2018-12-31": -3339, "2018-09-30": -153, "2018-06-30": -49, "2018-03-31": "-1378.00000", "2017-12-31": -607, "2017-09-30": -176, "2017-06-30": -1573, "2017-03-31": "-2940.00000", "2016-12-31": -1948, "2016-09-30": -2020, "2016-06-30": -1943, "2016-03-31": "-1879.00000", "2015-12-31": -1441, "2015-09-30": -256, "2015-06-30": -974, "2015-03-31": "-1614.00000", "2014-12-31": -2606, "2014-09-30": -2057, "2014-06-30": -730, "2014-03-31": "-188.00000", "2013-12-31": -110, "2013-09-30": -2621, "2013-06-30": 719, "2013-03-31": "1123.00000", "2012-12-31": 903, "2012-09-30": 669, "2012-06-30": -12584, "2012-03-31": "813.00000", "2011-12-31": -553, "2011-09-30": -514, "2011-06-30": 38, "2011-03-31": "-250.00000", "2010-12-31": -744, "2010-09-30": -433, "2010-06-30": -258, "2010-03-31": "-136.00000", "2009-12-31": -376, "2009-09-30": 177, "2009-06-30": -242, "2009-03-31": "-807.00000", "2008-12-31": -752, "2008-09-30": -1406, "2008-06-30": -1484, "2008-03-31": "-1523.00000", "2007-12-31": -2425, "2007-09-30": -1445, "2007-06-30": -114, "2007-03-31": "-61.00000", "2006-12-31": -908, "2006-09-30": -2043, "2006-06-30": -2371, "2006-03-31": "-265.00000", "2005-12-31": -371, "2005-09-30": -39, "2005-06-30": -164, "2005-03-31": "-369.00000"}, "Total Common And Preferred Stock Dividends Paid": {"2020-12-31": 7823, "2020-09-30": -2659, "2020-06-30": -2659, "2020-03-31": "-2505.00000", "2019-12-31": -2500, "2019-09-30": -2499, "2019-06-30": -2522, "2019-03-31": "-2396.00000", "2018-12-31": -2411, "2018-09-30": -2415, "2018-06-30": -2415, "2018-03-31": "-2253.00000", "2017-12-31": -2256, "2017-09-30": -2254, "2017-06-30": -2262, "2017-03-31": "-2171.00000", "2016-12-31": -2170, "2016-09-30": -2185, "2016-06-30": -2197, "2016-03-31": "-2069.00000", "2015-12-31": -2072, "2015-09-30": -2076, "2015-06-30": -2079, "2015-03-31": "-1946.00000", "2014-12-31": -1956, "2014-09-30": -1967, "2014-06-30": -1978, "2014-03-31": "-1867.00000", "2013-12-31": -1862, "2013-09-30": -1862, "2013-06-30": -1856, "2013-03-31": "-1706.00000", "2012-12-31": -1690, "2012-09-30": -1683, "2012-06-30": -1676, "2012-03-31": "-1565.00000", "2011-12-31": -1555, "2011-09-30": -1558, "2011-06-30": -1563, "2011-03-31": "-1480.00000", "2010-12-31": -1481, "2010-09-30": -1484, "2010-06-30": -1489, "2010-03-31": "-1350.00000", "2009-12-31": -1353, "2009-09-30": -1351, "2009-06-30": -1350, "2009-03-31": "-1273.00000", "2008-12-31": -1274, "2008-09-30": -1284, "2008-06-30": -1292, "2008-03-31": "-1174.00000", "2007-12-31": -1184, "2007-09-30": -1199, "2007-06-30": -1202, "2007-03-31": "-1085.00000", "2006-12-31": -1085, "2006-09-30": -1093, "2006-06-30": -1107, "2006-03-31": "-982.00000", "2005-12-31": -983, "2005-09-30": -981, "2005-06-30": -982, "2005-03-31": "-847.00000"}, "Financial Activities - Other": {"2020-12-31": 569, "2020-09-30": -80, "2020-06-30": -77, "2020-03-31": "-412.00000", "2019-12-31": 415, "2019-09-30": 62, "2019-06-30": 101, "2019-03-31": "-3.00000", "2018-12-31": 81, "2018-09-30": -92, "2018-06-30": -262, "2018-03-31": "125.00000", "2017-12-31": -163, "2017-09-30": 0, "2017-06-30": 0, "2017-03-31": "-25.00000", "2016-12-31": 0, "2016-09-30": -15, "2016-06-30": 0, "2016-03-31": "", "2015-12-31": -7, "2015-09-30": 0, "2015-06-30": 0, "2015-03-31": "-50.00000", "2014-12-31": 0, "2014-09-30": 0, "2014-06-30": 0, "2014-03-31": "", "2013-12-31": 0, "2013-09-30": 0, "2013-06-30": 26, "2013-03-31": "30.00000", "2012-12-31": 28, "2012-09-30": 49, "2012-06-30": 0, "2012-03-31": "-160.00000", "2011-12-31": 0, "2011-09-30": 0, "2011-06-30": 0, "2011-03-31": "", "2010-12-31": 0, "2010-09-30": 0, "2010-06-30": 0, "2010-03-31": "", "2009-12-31": 0, "2009-09-30": 0, "2009-06-30": 0, "2009-03-31": "", "2008-12-31": 0, "2008-09-30": 0, "2008-06-30": 0, "2008-03-31": "", "2007-12-31": 0, "2007-09-30": 0, "2007-06-30": 0, "2007-03-31": "", "2006-12-31": 0, "2006-09-30": 0, "2006-06-30": 0, "2006-03-31": "", "2005-12-31": 0, "2005-09-30": 0, "2005-06-30": 0, "2005-03-31": ""}, "Cash Flow From Financial Activities": {"2020-12-31": 476, "2020-09-30": 4196, "2020-06-30": -357, "2020-03-31": "-4315.00000", "2019-12-31": -4072, "2019-09-30": -3893, "2019-06-30": -4534, "2019-03-31": "-5516.00000", "2018-12-31": -6389, "2018-09-30": -3477, "2018-06-30": -2674, "2018-03-31": "-5970.00000", "2017-12-31": -3537, "2017-09-30": -2069, "2017-06-30": -1917, "2017-03-31": "-150.00000", "2016-12-31": -3464, "2016-09-30": -3445, "2016-06-30": -1038, "2016-03-31": "-604.00000", "2015-12-31": -3294, "2015-09-30": -1840, "2015-06-30": -2775, "2015-03-31": "-3227.00000", "2014-12-31": -858, "2014-09-30": -5716, "2014-06-30": -2868, "2014-03-31": "-3057.00000", "2013-12-31": 1182, "2013-09-30": -4519, "2013-06-30": -1977, "2013-03-31": "-777.00000", "2012-12-31": -1471, "2012-09-30": -1653, "2012-06-30": -16255, "2012-03-31": "-1183.00000", "2011-12-31": -756, "2011-09-30": -2232, "2011-06-30": -639, "2011-03-31": "-825.00000", "2010-12-31": 2606, "2010-09-30": -1699, "2010-06-30": -2065, "2010-03-31": "-3822.00000", "2009-12-31": 1078, "2009-09-30": -3242, "2009-06-30": -2060, "2009-03-31": "132.00000", "2008-12-31": -4470, "2008-09-30": -1696, "2008-06-30": -188, "2008-03-31": "-1110.00000", "2007-12-31": -1848, "2007-09-30": -1230, "2007-06-30": -1535, "2007-03-31": "-1085.00000", "2006-12-31": 2303, "2006-09-30": -3454, "2006-06-30": -3794, "2006-03-31": "-1164.00000", "2005-12-31": -804, "2005-09-30": -1298, "2005-06-30": -1141, "2005-03-31": "-1200.00000"}, "Net Cash Flow": {"2020-12-31": -1660, "2020-09-30": 7791, "2020-06-30": -4356, "2020-03-31": "-1775.00000", "2019-12-31": 1056, "2019-09-30": 1873, "2019-06-30": -358, "2019-03-31": "-3373.00000", "2018-12-31": 2051, "2018-09-30": -1513, "2018-06-30": 2930, "2018-03-31": "-3185.00000", "2017-12-31": 2103, "2017-09-30": 3123, "2017-06-30": -8311, "2017-03-31": "1937.00000", "2016-12-31": 767, "2016-09-30": -435, "2016-06-30": 4779, "2016-03-31": "129.00000", "2015-12-31": 93, "2015-09-30": 3000, "2015-06-30": -1349, "2015-03-31": "-2535.00000", "2014-12-31": 705, "2014-09-30": -418, "2014-06-30": -5486, "2014-03-31": "-1205.00000", "2013-12-31": 3723, "2013-09-30": -103, "2013-06-30": 2452, "2013-03-31": "-56.00000", "2012-12-31": -575, "2012-09-30": 1444, "2012-06-30": -16225, "2012-03-31": "5725.00000", "2011-12-31": 8925, "2011-09-30": 643, "2011-06-30": -7382, "2011-03-31": "3001.00000", "2010-12-31": 5017, "2010-09-30": 1625, "2010-06-30": -1030, "2010-03-31": "-2067.00000", "2009-12-31": 3954, "2009-09-30": 170, "2009-06-30": -903, "2009-03-31": "1821.00000", "2008-12-31": -3250, "2008-09-30": 1372, "2008-06-30": 2107, "2008-03-31": "2769.00000", "2007-12-31": 1130, "2007-09-30": 1069, "2007-06-30": 396, "2007-03-31": "1092.00000", "2006-12-31": -10408, "2006-09-30": -156, "2006-06-30": -2175, "2006-03-31": "767.00000", "2005-12-31": 1230, "2005-09-30": 2669, "2005-06-30": 3617, "2005-03-31": "-664.00000"}, "Stock-Based Compensation": {"2020-12-31": -845, "2020-09-30": 256, "2020-06-30": 326, "2020-03-31": "263.00000", "2019-12-31": 160, "2019-09-30": 245, "2019-06-30": 314, "2019-03-31": "258.00000", "2018-12-31": 156, "2018-09-30": 242, "2018-06-30": 312, "2018-03-31": "268.00000", "2017-12-31": 204, "2017-09-30": 236, "2017-06-30": 293, "2017-03-31": "229.00000", "2016-12-31": 174, "2016-09-30": 225, "2016-06-30": 274, "2016-03-31": "205.00000", "2015-12-31": 197, "2015-09-30": 203, "2015-06-30": 270, "2015-03-31": "204.00000", "2014-12-31": 146, "2014-09-30": 206, "2014-06-30": 242, "2014-03-31": "198.00000", "2013-12-31": 144, "2013-09-30": 161, "2013-06-30": 229, "2013-03-31": "194.00000", "2012-12-31": 147, "2012-09-30": 146, "2012-06-30": 196, "2012-03-31": "173.00000", "2011-12-31": 137, "2011-09-30": 145, "2011-06-30": 187, "2011-03-31": "152.00000", "2010-12-31": 140, "2010-09-30": 169, "2010-06-30": 148, "2010-03-31": "157.00000", "2009-12-31": 129, "2009-09-30": 158, "2009-06-30": 182, "2009-03-31": "159.00000", "2008-12-31": 103, "2008-09-30": 168, "2008-06-30": 193, "2008-03-31": "163.00000", "2007-12-31": 161, "2007-09-30": 177, "2007-06-30": 196, "2007-03-31": "164.00000", "2006-12-31": 148, "2006-09-30": 171, "2006-06-30": 187, "2006-03-31": "153.00000", "2005-12-31": 135, "2005-09-30": 134, "2005-06-30": 136, "2005-03-31": "135.00000"}, "Common Stock Dividends Paid": {"2020-12-31": 7823, "2020-09-30": -2659, "2020-06-30": -2659, "2020-03-31": "-2505.00000", "2019-12-31": -2500, "2019-09-30": -2499, "2019-06-30": -2522, "2019-03-31": "-2396.00000", "2018-12-31": -2411, "2018-09-30": -2415, "2018-06-30": -2415, "2018-03-31": "-2253.00000", "2017-12-31": -2256, "2017-09-30": -2254, "2017-06-30": -2262, "2017-03-31": "-2171.00000", "2016-12-31": -2170, "2016-09-30": -2185, "2016-06-30": -2197, "2016-03-31": "-2069.00000", "2015-12-31": -2072, "2015-09-30": -2076, "2015-06-30": -2079, "2015-03-31": "-1946.00000", "2014-12-31": -1956, "2014-09-30": -1967, "2014-06-30": -1978, "2014-03-31": "-1867.00000", "2013-12-31": -1862, "2013-09-30": -1862, "2013-06-30": -1856, "2013-03-31": "-1706.00000", "2012-12-31": -1690, "2012-09-30": -1683, "2012-06-30": -1676, "2012-03-31": "-1565.00000", "2011-12-31": -1555, "2011-09-30": -1558, "2011-06-30": -1563, "2011-03-31": "-1480.00000", "2010-12-31": -1481, "2010-09-30": -1484, "2010-06-30": -1489, "2010-03-31": "-1350.00000", "2009-12-31": -1353, "2009-09-30": -1351, "2009-06-30": -1350, "2009-03-31": "-1273.00000", "2008-12-31": -1274, "2008-09-30": -1284, "2008-06-30": -1292, "2008-03-31": "-1174.00000", "2007-12-31": -1184, "2007-09-30": -1199, "2007-06-30": -1202, "2007-03-31": "-1085.00000", "2006-12-31": -1085, "2006-09-30": -1093, "2006-06-30": -1107, "2006-03-31": "-982.00000", "2005-12-31": -983, "2005-09-30": -981, "2005-06-30": -982, "2005-03-31": "-847.00000"}}, "financial ratios": {"Current Ratio": {"2019-12-31": "1.25890", "2018-12-31": "1.47400", "2017-12-31": "1.41100", "2016-12-31": "2.47390", "2015-12-31": "2.17000", "2014-12-31": "2.22700", "2013-12-31": "2.19700", "2012-12-31": "1.90080", "2011-12-31": "2.38110", "2010-12-31": "2.05040", "2009-12-31": "1.81960", "2008-12-31": "1.64860", "2007-12-31": "1.50960", "2006-12-31": "1.19910", "2005-12-31": "2.49150"}, "Long-term Debt / Capital": {"2019-12-31": "0.30820", "2018-12-31": "0.31660", "2017-12-31": "0.33770", "2016-12-31": "0.24170", "2015-12-31": "0.15300", "2014-12-31": "0.17820", "2013-12-31": "0.15250", "2012-12-31": "0.15050", "2011-12-31": "0.18510", "2010-12-31": "0.13930", "2009-12-31": "0.13980", "2008-12-31": "0.16040", "2007-12-31": "0.14040", "2006-12-31": "0.04870", "2005-12-31": "0.04950"}, "Debt/Equity Ratio": {"2019-12-31": "0.46570", "2018-12-31": "0.51010", "2017-12-31": "0.57480", "2016-12-31": "0.38520", "2015-12-31": "0.27910", "2014-12-31": "0.26900", "2013-12-31": "0.24550", "2012-12-31": "0.24940", "2011-12-31": "0.34390", "2010-12-31": "0.29650", "2009-12-31": "0.28740", "2008-12-31": "0.27880", "2007-12-31": "0.22020", "2006-12-31": "0.16770", "2005-12-31": "0.06940"}, "Gross Margin": {"2019-12-31": "66.41930", "2018-12-31": "66.79250", "2017-12-31": "66.72470", "2016-12-31": "69.69120", "2015-12-31": "69.26680", "2014-12-31": "69.39900", "2013-12-31": "68.67010", "2012-12-31": "67.78230", "2011-12-31": "68.69140", "2010-12-31": "69.48710", "2009-12-31": "70.19730", "2008-12-31": "70.96180", "2007-12-31": "70.94530", "2006-12-31": "71.76320", "2005-12-31": "72.26510"}, "Operating Margin": {"2019-12-31": "21.11650", "2018-12-31": "22.06270", "2017-12-31": "23.11710", "2016-12-31": "27.54630", "2015-12-31": "27.39390", "2014-12-31": "27.66410", "2013-12-31": "21.69480", "2012-12-31": "20.49120", "2011-12-31": "19.00820", "2010-12-31": "27.51720", "2009-12-31": "25.45360", "2008-12-31": "26.55650", "2007-12-31": "21.74160", "2006-12-31": "27.35540", "2005-12-31": "25.96510"}, "EBIT Margin": {"2019-12-31": "21.93910", "2018-12-31": "24.04360", "2017-12-31": "24.84240", "2016-12-31": "29.06800", "2015-12-31": "28.36430", "2014-12-31": "28.47130", "2013-12-31": "22.47450", "2012-12-31": "21.37780", "2011-12-31": "20.02610", "2010-12-31": "28.42970", "2009-12-31": "26.32760", "2008-12-31": "27.80520", "2007-12-31": "22.96590", "2006-12-31": "29.02820", "2005-12-31": "27.03610"}, "EBITDA Margin": {"2019-12-31": "30.48050", "2018-12-31": "32.53700", "2017-12-31": "32.22240", "2016-12-31": "34.28990", "2015-12-31": "33.71010", "2014-12-31": "33.71140", "2013-12-31": "28.22950", "2012-12-31": "26.83120", "2011-12-31": "24.88240", "2010-12-31": "33.20180", "2009-12-31": "30.80930", "2008-12-31": "32.24780", "2007-12-31": "27.51130", "2006-12-31": "33.11080", "2005-12-31": "31.17950"}, "Pre-Tax Profit Margin": {"2019-12-31": "21.11650", "2018-12-31": "22.06270", "2017-12-31": "23.11710", "2016-12-31": "27.54630", "2015-12-31": "27.39390", "2014-12-31": "27.66410", "2013-12-31": "21.69480", "2012-12-31": "20.49120", "2011-12-31": "19.00820", "2010-12-31": "27.51720", "2009-12-31": "25.45360", "2008-12-31": "26.55650", "2007-12-31": "21.74160", "2006-12-31": "27.35540", "2005-12-31": "25.96510"}, "Net Profit Margin": {"2019-12-31": "18.42460", "2018-12-31": "18.75070", "2017-12-31": "1.70050", "2016-12-31": "23.00740", "2015-12-31": "21.98960", "2014-12-31": "21.95990", "2013-12-31": "19.39510", "2012-12-31": "16.14450", "2011-12-31": "14.87310", "2010-12-31": "21.65070", "2009-12-31": "19.81680", "2008-12-31": "20.31310", "2007-12-31": "17.31080", "2006-12-31": "20.72800", "2005-12-31": "19.91530"}, "Asset Turnover": {"2019-12-31": "0.52030", "2018-12-31": "0.53340", "2017-12-31": "0.48600", "2016-12-31": "0.50910", "2015-12-31": "0.52520", "2014-12-31": "0.57020", "2013-12-31": "0.53750", "2012-12-31": "0.55400", "2011-12-31": "0.57220", "2010-12-31": "0.59850", "2009-12-31": "0.65370", "2008-12-31": "0.75070", "2007-12-31": "0.75470", "2006-12-31": "0.75580", "2005-12-31": "0.85810"}, "Inventory Turnover Ratio": {"2019-12-31": "3.05500", "2018-12-31": "3.15050", "2017-12-31": "2.90230", "2016-12-31": "2.67550", "2015-12-31": "2.67430", "2014-12-31": "2.77930", "2013-12-31": "2.83600", "2012-12-31": "2.88970", "2011-12-31": "3.23950", "2010-12-31": "3.49420", "2009-12-31": "3.56120", "2008-12-31": "3.66410", "2007-12-31": "3.47380", "2006-12-31": "3.07980", "2005-12-31": "3.53880"}, "Receiveable Turnover": {"2019-12-31": "5.66670", "2018-12-31": "5.78670", "2017-12-31": "5.66720", "2016-12-31": "6.14500", "2015-12-31": "6.52820", "2014-12-31": "6.76660", "2013-12-31": "6.08830", "2012-12-31": "5.94430", "2011-12-31": "6.14590", "2010-12-31": "6.30110", "2009-12-31": "6.41690", "2008-12-31": "6.55900", "2007-12-31": "6.46920", "2006-12-31": "6.12080", "2005-12-31": "7.20600"}, "Days Sales In Receivables": {"2019-12-31": "64.41180", "2018-12-31": "63.07560", "2017-12-31": "64.40610", "2016-12-31": "59.39820", "2015-12-31": "55.91100", "2014-12-31": "53.94150", "2013-12-31": "59.95130", "2012-12-31": "61.40340", "2011-12-31": "59.38900", "2010-12-31": "57.92640", "2009-12-31": "56.88140", "2008-12-31": "55.64870", "2007-12-31": "56.42130", "2006-12-31": "59.63320", "2005-12-31": "50.65230"}, "ROE - Return On Equity": {"2019-12-31": "25.42250", "2018-12-31": "25.60080", "2017-12-31": "2.16090", "2016-12-31": "", "2015-12-31": "", "2014-12-31": "23.40150", "2013-12-31": "18.67720", "2012-12-31": "16.21880", "2011-12-31": "16.94460", "2010-12-31": "23.56710", "2009-12-31": "24.24690", "2008-12-31": "30.46040", "2007-12-31": "24.41420", "2006-12-31": "28.11180", "2005-12-31": "25.98810"}, "Return On Tangible Equity": {"2019-12-31": "-69.31820", "2018-12-31": "-83.53540", "2017-12-31": "-5.20540", "2016-12-31": "79.76080", "2015-12-31": "64.86090", "2014-12-31": "78.86270", "2013-12-31": "59.34010", "2012-12-31": "77.02560", "2011-12-31": "42.41360", "2010-12-31": "54.27160", "2009-12-31": "63.21700", "2008-12-31": "87.39880", "2007-12-31": "72.65730", "2006-12-31": "103.97930", "2005-12-31": "37.91220"}, "ROA - Return On Assets": {"2019-12-31": "9.58550", "2018-12-31": "10.00110", "2017-12-31": "0.82640", "2016-12-31": "11.71320", "2015-12-31": "11.55000", "2014-12-31": "12.52170", "2013-12-31": "10.42410", "2012-12-31": "8.66440", "2011-12-31": "8.51080", "2010-12-31": "12.95720", "2009-12-31": "12.95490", "2008-12-31": "15.24990", "2007-12-31": "13.06420", "2006-12-31": "15.66560", "2005-12-31": "17.09020"}, "ROI - Return On Investment": {"2019-12-31": "17.58740", "2018-12-31": "17.49510", "2017-12-31": "1.43120", "2016-12-31": "17.81180", "2015-12-31": "18.34250", "2014-12-31": "19.23200", "2013-12-31": "15.82840", "2012-12-31": "13.77710", "2011-12-31": "13.80750", "2010-12-31": "20.28450", "2009-12-31": "20.85660", "2008-12-31": "25.57520", "2007-12-31": "20.98700", "2006-12-31": "26.74200", "2005-12-31": "24.70110"}, "Book Value Per Share": {"2019-12-31": "22.59100", "2018-12-31": "22.44360", "2017-12-31": "22.42660", "2016-12-31": "26.01800", "2015-12-31": "25.82430", "2014-12-31": "25.06160", "2013-12-31": "26.25410", "2012-12-31": "23.33140", "2011-12-31": "20.95170", "2010-12-31": "20.66360", "2009-12-31": "18.36680", "2008-12-31": "15.35150", "2007-12-31": "15.25200", "2006-12-31": "13.58970", "2005-12-31": "13.01410"}, "Operating Cash Flow Per Share": {"2019-12-31": 0.5872, "2018-12-31": 0.4663, "2017-12-31": 0.9406, "2016-12-31": -0.2277, "2015-12-31": 0.4238, "2014-12-31": 0.4803, "2013-12-31": 0.5789, "2012-12-31": 0.322, "2011-12-31": -0.7234, "2010-12-31": -0.066, "2009-12-31": 0.6613, "2008-12-31": 0.119, "2007-12-31": 0.3491, "2006-12-31": 0.8826, "2005-12-31": 3.9293}, "Free Cash Flow Per Share": {"2019-12-31": 0.6715, "2018-12-31": 0.8222, "2017-12-31": 1.1161, "2016-12-31": -0.9305, "2015-12-31": 0.104, "2014-12-31": 1.8907, "2013-12-31": -0.0048, "2012-12-31": 0.3743, "2011-12-31": -0.6153, "2010-12-31": 0.0597, "2009-12-31": 0.673, "2008-12-31": 0.1684, "2007-12-31": 0.2231, "2006-12-31": 0.98, "2005-12-31": 3.1041}}, "financial ratios, quarterly": {"Current Ratio": {"2020-09-30": "1.48220", "2020-06-30": "1.24800", "2020-03-31": "1.31280", "2019-12-31": "1.25890", "2019-09-30": "1.26080", "2019-06-30": "1.33320", "2019-03-31": "1.44230", "2018-12-31": "1.47400", "2018-09-30": "1.72010", "2018-06-30": "1.65300", "2018-03-31": "1.57930", "2017-12-31": "1.41100", "2017-09-30": "1.31510", "2017-06-30": "1.34350", "2017-03-31": "2.52190", "2016-12-31": "2.47390", "2016-09-30": "2.72570", "2016-06-30": "3.07810", "2016-03-31": "2.83450", "2015-12-31": "2.17000", "2015-09-30": "2.51360", "2015-06-30": "2.48860", "2015-03-31": "2.44130", "2014-12-31": "2.22700", "2014-09-30": "2.60960", "2014-06-30": "2.46800", "2014-03-31": "2.40640", "2013-12-31": "2.19700", "2013-09-30": "2.01960", "2013-06-30": "2.15730", "2013-03-31": "2.09680", "2012-12-31": "1.90080", "2012-09-30": "1.87140", "2012-06-30": "1.74500", "2012-03-31": "2.68930", "2011-12-31": "2.38110", "2011-09-30": "2.46440", "2011-06-30": "2.51000", "2011-03-31": "2.04990", "2010-12-31": "2.05040", "2010-09-30": "2.45300", "2010-06-30": "2.27350", "2010-03-31": "2.10070", "2009-12-31": "1.81960", "2009-09-30": "1.84990", "2009-06-30": "1.78490", "2009-03-31": "1.63370", "2008-12-31": "1.64860", "2008-09-30": "1.60980", "2008-06-30": "1.64450", "2008-03-31": "1.53220", "2007-12-31": "1.50960", "2007-09-30": "1.49740", "2007-06-30": "1.35930", "2007-03-31": "1.25480", "2006-12-31": "1.19910", "2006-09-30": "2.59360", "2006-06-30": "2.58540", "2006-03-31": "2.55850", "2005-12-31": "2.49150", "2005-09-30": "2.53810", "2005-06-30": "2.46740", "2005-03-31": "2.21600"}, "Long-term Debt / Capital": {"2020-09-30": "0.33640", "2020-06-30": "0.28470", "2020-03-31": "0.29290", "2019-12-31": "0.30820", "2019-09-30": "0.31620", "2019-06-30": "0.31300", "2019-03-31": "0.31930", "2018-12-31": "0.31660", "2018-09-30": "0.31330", "2018-06-30": "0.31860", "2018-03-31": "0.32050", "2017-12-31": "0.33770", "2017-09-30": "0.26500", "2017-06-30": "0.27560", "2017-03-31": "0.27750", "2016-12-31": "0.24170", "2016-09-30": "0.24450", "2016-06-30": "0.25290", "2016-03-31": "0.21780", "2015-12-31": "0.15300", "2015-09-30": "0.16440", "2015-06-30": "0.16530", "2015-03-31": "0.18040", "2014-12-31": "0.17820", "2014-09-30": "0.14660", "2014-06-30": "0.14560", "2014-03-31": "0.14840", "2013-12-31": "0.15250", "2013-09-30": "0.12250", "2013-06-30": "0.12160", "2013-03-31": "0.14530", "2012-12-31": "0.15050", "2012-09-30": "0.15200", "2012-06-30": "0.16020", "2012-03-31": "0.17490", "2011-12-31": "0.18510", "2011-09-30": "0.17480", "2011-06-30": "0.18040", "2011-03-31": "0.13390", "2010-12-31": "0.13930", "2010-09-30": "0.13810", "2010-06-30": "0.13060", "2010-03-31": "0.13220", "2009-12-31": "0.13980", "2009-09-30": "0.14080", "2009-06-30": "0.15030", "2009-03-31": "0.15530", "2008-12-31": "0.16040", "2008-09-30": "0.15510", "2008-06-30": "0.15890", "2008-03-31": "0.13570", "2007-12-31": "0.14040", "2007-09-30": "0.09610", "2007-06-30": "0.04460", "2007-03-31": "0.04690", "2006-12-31": "0.04870", "2006-09-30": "0.04710", "2006-06-30": "0.04640", "2006-03-31": "0.04590", "2005-12-31": "0.04950", "2005-09-30": "0.05490", "2005-06-30": "0.06210", "2005-03-31": "0.06810"}, "Debt/Equity Ratio": {"2020-09-30": "0.58560", "2020-06-30": "0.48260", "2020-03-31": "0.45000", "2019-12-31": "0.46570", "2019-09-30": "0.50190", "2019-06-30": "0.48400", "2019-03-31": "0.49810", "2018-12-31": "0.51010", "2018-09-30": "0.48360", "2018-06-30": "0.51020", "2018-03-31": "0.51430", "2017-12-31": "0.57480", "2017-09-30": "0.47540", "2017-06-30": "0.48070", "2017-03-31": "0.46020", "2016-12-31": "0.38520", "2016-09-30": "0.37090", "2016-06-30": "0.36210", "2016-03-31": "0.32140", "2015-12-31": "0.27910", "2015-09-30": "0.27600", "2015-06-30": "0.27140", "2015-03-31": "0.27970", "2014-12-31": "0.26900", "2014-09-30": "0.19930", "2014-06-30": "0.21940", "2014-03-31": "0.22580", "2013-12-31": "0.24550", "2013-09-30": "0.21640", "2013-06-30": "0.21510", "2013-03-31": "0.23770", "2012-12-31": "0.24940", "2012-09-30": "0.26430", "2012-06-30": "0.29060", "2012-03-31": "0.31690", "2011-12-31": "0.34390", "2011-09-30": "0.29840", "2011-06-30": "0.30140", "2011-03-31": "0.29780", "2010-12-31": "0.29650", "2010-09-30": "0.20990", "2010-06-30": "0.22050", "2010-03-31": "0.22870", "2009-12-31": "0.28740", "2009-09-30": "0.23020", "2009-06-30": "0.29440", "2009-03-31": "0.32140", "2008-12-31": "0.27880", "2008-09-30": "0.32010", "2008-06-30": "0.29990", "2008-03-31": "0.25020", "2007-12-31": "0.22020", "2007-09-30": "0.18120", "2007-06-30": "0.15030", "2007-03-31": "0.16360", "2006-12-31": "0.16770", "2006-09-30": "0.05840", "2006-06-30": "0.06470", "2006-03-31": "0.06830", "2005-12-31": "0.06940", "2005-09-30": "0.06560", "2005-06-30": "0.07490", "2005-03-31": "0.08250"}, "Gross Margin": {"2020-09-30": "66.92910", "2020-06-30": "64.11980", "2020-03-31": "65.86920", "2019-12-31": "65.61430", "2019-09-30": "66.87250", "2019-06-30": "66.24840", "2019-03-31": "66.95970", "2018-12-31": "65.86740", "2018-09-30": "67.61840", "2018-06-30": "66.74510", "2018-03-31": "66.94490", "2017-12-31": "64.05550", "2017-09-30": "64.75830", "2017-06-30": "68.96860", "2017-03-31": "69.55420", "2016-12-31": "68.86120", "2016-09-30": "69.21440", "2016-06-30": "71.12870", "2016-03-31": "69.51720", "2015-12-31": "68.14890", "2015-09-30": "69.45390", "2015-06-30": "69.88250", "2015-03-31": "69.59830", "2014-12-31": "67.93580", "2014-09-30": "70.76410", "2014-06-30": "69.02280", "2014-03-31": "69.88680", "2013-12-31": "67.55650", "2013-09-30": "69.59320", "2013-06-30": "69.29580", "2013-03-31": "68.27190", "2012-12-31": "65.81050", "2012-09-30": "67.17690", "2012-06-30": "68.78300", "2012-03-31": "69.54580", "2011-12-31": "67.16090", "2011-09-30": "68.30990", "2011-06-30": "68.83780", "2011-03-31": "70.45690", "2010-12-31": "67.78320", "2010-09-30": "69.33650", "2010-06-30": "69.79780", "2010-03-31": "71.03190", "2009-12-31": "67.90530", "2009-09-30": "70.59880", "2009-06-30": "70.79860", "2009-03-31": "71.70900", "2008-12-31": "71.20270", "2008-09-30": "70.01450", "2008-06-30": "71.11850", "2008-03-31": "71.50800", "2007-12-31": "70.33280", "2007-09-30": "71.44960", "2007-06-30": "71.19820", "2007-03-31": "70.83860", "2006-12-31": "70.71340", "2006-09-30": "72.52950", "2006-06-30": "71.65310", "2006-03-31": "72.19830", "2005-12-31": "71.14990", "2005-09-30": "72.75390", "2005-06-30": "72.40250", "2005-03-31": "72.75560"}, "Operating Margin": {"2020-09-30": "20.87560", "2020-06-30": "21.48780", "2020-03-31": "31.45810", "2019-12-31": "20.33070", "2019-09-30": "7.94540", "2019-06-30": "34.24280", "2019-03-31": "22.08680", "2018-12-31": "15.30840", "2018-09-30": "21.73680", "2018-06-30": "23.87420", "2018-03-31": "27.39270", "2017-12-31": "12.67640", "2017-09-30": "24.37660", "2017-06-30": "25.20300", "2017-03-31": "31.38020", "2016-12-31": "23.88160", "2016-09-30": "29.63520", "2016-06-30": "26.53390", "2016-03-31": "30.28260", "2015-12-31": "21.09930", "2015-09-30": "24.10240", "2015-06-30": "32.27640", "2015-03-31": "32.08820", "2014-12-31": "14.80770", "2014-09-30": "36.87660", "2014-06-30": "28.85870", "2014-03-31": "29.94200", "2013-12-31": "14.98230", "2013-09-30": "20.86490", "2013-06-30": "26.81100", "2013-03-31": "24.34160", "2012-12-31": "17.65580", "2012-09-30": "21.08260", "2012-06-30": "12.35210", "2012-03-31": "31.25970", "2011-12-31": "1.95630", "2011-09-30": "25.68570", "2011-06-30": "20.61820", "2011-03-31": "27.88600", "2010-12-31": "14.24190", "2010-09-30": "28.16050", "2010-06-30": "27.52770", "2010-03-31": "40.17660", "2009-12-31": "15.73320", "2009-09-30": "28.14800", "2009-06-30": "27.97430", "2009-03-31": "30.89980", "2008-12-31": "23.16560", "2008-09-30": "26.94550", "2008-06-30": "26.59580", "2008-03-31": "29.31330", "2007-12-31": "14.61430", "2007-09-30": "21.83030", "2007-06-30": "26.64070", "2007-03-31": "24.28680", "2006-12-31": "19.79240", "2006-09-30": "27.55330", "2006-06-30": "26.96250", "2006-03-31": "35.52190", "2005-12-31": "19.84930", "2005-09-30": "27.78230", "2005-06-30": "25.59160", "2005-03-31": "30.60320"}, "EBIT Margin": {"2020-09-30": "21.14130", "2020-06-30": "21.83680", "2020-03-31": "31.90280", "2019-12-31": "21.13080", "2019-09-30": "8.60630", "2019-06-30": "35.07440", "2019-03-31": "23.09080", "2018-12-31": "17.49530", "2018-09-30": "23.79100", "2018-06-30": "25.69370", "2018-03-31": "29.25680", "2017-12-31": "14.45410", "2017-09-30": "25.91860", "2017-06-30": "26.96530", "2017-03-31": "33.20950", "2016-12-31": "25.45010", "2016-09-30": "31.25700", "2016-06-30": "28.03810", "2016-03-31": "31.67260", "2015-12-31": "22.29520", "2015-09-30": "25.00880", "2015-06-30": "33.14780", "2015-03-31": "32.99180", "2014-12-31": "15.66230", "2014-09-30": "37.67800", "2014-06-30": "29.58710", "2014-03-31": "30.79220", "2013-12-31": "15.81040", "2013-09-30": "21.56470", "2013-06-30": "27.56620", "2013-03-31": "25.17570", "2012-12-31": "18.36770", "2012-09-30": "21.96220", "2012-06-30": "13.30500", "2012-03-31": "32.27590", "2011-12-31": "3.29740", "2011-09-30": "26.62920", "2011-06-30": "21.50390", "2011-03-31": "28.78870", "2010-12-31": "15.27740", "2010-09-30": "28.96810", "2010-06-30": "28.46710", "2010-03-31": "41.04020", "2009-12-31": "16.36760", "2009-09-30": "29.27530", "2009-06-30": "28.86020", "2009-03-31": "31.77160", "2008-12-31": "24.50270", "2008-09-30": "28.32110", "2008-06-30": "27.77510", "2008-03-31": "30.42490", "2007-12-31": "15.99930", "2007-09-30": "23.27320", "2007-06-30": "27.65850", "2007-03-31": "25.33090", "2006-12-31": "21.52460", "2006-09-30": "29.20900", "2006-06-30": "28.62380", "2006-03-31": "37.16130", "2005-12-31": "21.22130", "2005-09-30": "28.96020", "2005-06-30": "26.56320", "2005-03-31": "31.37470"}, "EBITDA Margin": {"2020-09-30": "", "2020-06-30": "", "2020-03-31": "", "2019-12-31": "", "2019-09-30": "", "2019-06-30": "", "2019-03-31": "", "2018-12-31": "", "2018-09-30": "", "2018-06-30": "", "2018-03-31": "", "2017-12-31": "", "2017-09-30": "", "2017-06-30": "", "2017-03-31": "", "2016-12-31": "", "2016-09-30": "", "2016-06-30": "", "2016-03-31": "", "2015-12-31": "", "2015-09-30": "", "2015-06-30": "", "2015-03-31": "", "2014-12-31": "", "2014-09-30": "", "2014-06-30": "", "2014-03-31": "", "2013-12-31": "", "2013-09-30": "", "2013-06-30": "", "2013-03-31": "", "2012-12-31": "", "2012-09-30": "", "2012-06-30": "", "2012-03-31": "", "2011-12-31": "", "2011-09-30": "", "2011-06-30": "", "2011-03-31": "", "2010-12-31": "", "2010-09-30": "", "2010-06-30": "", "2010-03-31": "", "2009-12-31": "", "2009-09-30": "", "2009-06-30": "", "2009-03-31": "", "2008-12-31": "", "2008-09-30": "", "2008-06-30": "", "2008-03-31": "", "2007-12-31": "", "2007-09-30": "", "2007-06-30": "", "2007-03-31": "", "2006-12-31": "", "2006-09-30": "", "2006-06-30": "", "2006-03-31": "", "2005-12-31": "", "2005-09-30": "", "2005-06-30": "", "2005-03-31": ""}, "Pre-Tax Profit Margin": {"2020-09-30": "20.87560", "2020-06-30": "21.48780", "2020-03-31": "31.45810", "2019-12-31": "20.33070", "2019-09-30": "7.94540", "2019-06-30": "34.24280", "2019-03-31": "22.08680", "2018-12-31": "15.30840", "2018-09-30": "21.73680", "2018-06-30": "23.87420", "2018-03-31": "27.39270", "2017-12-31": "12.67640", "2017-09-30": "24.37660", "2017-06-30": "25.20300", "2017-03-31": "31.38020", "2016-12-31": "23.88160", "2016-09-30": "29.63520", "2016-06-30": "26.53390", "2016-03-31": "30.28260", "2015-12-31": "21.09930", "2015-09-30": "24.10240", "2015-06-30": "32.27640", "2015-03-31": "32.08820", "2014-12-31": "14.80770", "2014-09-30": "36.87660", "2014-06-30": "28.85870", "2014-03-31": "29.94200", "2013-12-31": "14.98230", "2013-09-30": "20.86490", "2013-06-30": "26.81100", "2013-03-31": "24.34160", "2012-12-31": "17.65580", "2012-09-30": "21.08260", "2012-06-30": "12.35210", "2012-03-31": "31.25970", "2011-12-31": "1.95630", "2011-09-30": "25.68570", "2011-06-30": "20.61820", "2011-03-31": "27.88600", "2010-12-31": "14.24190", "2010-09-30": "28.16050", "2010-06-30": "27.52770", "2010-03-31": "40.17660", "2009-12-31": "15.73320", "2009-09-30": "28.14800", "2009-06-30": "27.97430", "2009-03-31": "30.89980", "2008-12-31": "23.16560", "2008-09-30": "26.94550", "2008-06-30": "26.59580", "2008-03-31": "29.31330", "2007-12-31": "14.61430", "2007-09-30": "21.83030", "2007-06-30": "26.64070", "2007-03-31": "24.28680", "2006-12-31": "19.79240", "2006-09-30": "27.55330", "2006-06-30": "26.96250", "2006-03-31": "35.52190", "2005-12-31": "19.84930", "2005-09-30": "27.78230", "2005-06-30": "25.59160", "2005-03-31": "30.60320"}, "Net Profit Margin": {"2020-09-30": "16.85800", "2020-06-30": "19.77530", "2020-03-31": "28.01220", "2019-12-31": "19.32810", "2019-09-30": "8.45680", "2019-06-30": "27.26880", "2019-03-31": "18.72530", "2018-12-31": "14.91620", "2018-09-30": "19.33360", "2018-06-30": "18.98220", "2018-03-31": "21.82520", "2017-12-31": "-53.04780", "2017-09-30": "19.15520", "2017-06-30": "20.31420", "2017-03-31": "24.89020", "2016-12-31": "21.06480", "2016-09-30": "23.97310", "2016-06-30": "21.62650", "2016-03-31": "25.49480", "2015-12-31": "18.05060", "2015-09-30": "19.63510", "2015-06-30": "25.38930", "2015-03-31": "24.86470", "2014-12-31": "13.81070", "2014-09-30": "25.71610", "2014-06-30": "22.19030", "2014-03-31": "26.09440", "2013-12-31": "19.17190", "2013-09-30": "16.96730", "2013-06-30": "21.44100", "2013-03-31": "19.97720", "2012-12-31": "14.62010", "2012-09-30": "17.40560", "2012-06-30": "8.54630", "2012-03-31": "24.22700", "2011-12-31": "1.34110", "2011-09-30": "20.00630", "2011-06-30": "16.72590", "2011-03-31": "21.49260", "2010-12-31": "12.41370", "2010-09-30": "22.80740", "2010-06-30": "22.49840", "2010-03-31": "28.95530", "2009-12-31": "13.32850", "2009-09-30": "22.18020", "2009-06-30": "21.05130", "2009-03-31": "23.33950", "2008-12-31": "17.87640", "2008-09-30": "20.79020", "2008-06-30": "20.22490", "2008-03-31": "22.21810", "2007-12-31": "14.87750", "2007-09-30": "17.02070", "2007-06-30": "20.36220", "2007-03-31": "17.11110", "2006-12-31": "15.84560", "2006-09-30": "20.77220", "2006-06-30": "21.10300", "2006-03-31": "25.43870", "2005-12-31": "16.61380", "2005-09-30": "20.61740", "2005-06-30": "20.27900", "2005-03-31": "22.12440"}, "Asset Turnover": {"2020-09-30": "0.12350", "2020-06-30": "0.11580", "2020-03-31": "0.13350", "2019-12-31": "0.13150", "2019-09-30": "0.13330", "2019-06-30": "0.13260", "2019-03-31": "0.13340", "2018-12-31": "0.13330", "2018-09-30": "0.13070", "2018-06-30": "0.13410", "2018-03-31": "0.12780", "2017-12-31": "0.12840", "2017-09-30": "0.12620", "2017-06-30": "0.12330", "2017-03-31": "0.12260", "2016-12-31": "0.12820", "2016-09-30": "0.12700", "2016-06-30": "0.13220", "2016-03-31": "0.12830", "2015-12-31": "0.13350", "2015-09-30": "0.12830", "2015-06-30": "0.13470", "2015-03-31": "0.13510", "2014-12-31": "0.14000", "2014-09-30": "0.13980", "2014-06-30": "0.14420", "2014-03-31": "0.13590", "2013-12-31": "0.13830", "2013-09-30": "0.13850", "2013-06-30": "0.14380", "2013-03-31": "0.14400", "2012-12-31": "0.14470", "2012-09-30": "0.14340", "2012-06-30": "0.14230", "2012-03-31": "0.13890", "2011-12-31": "0.14300", "2011-09-30": "0.14310", "2011-06-30": "0.14800", "2011-03-31": "0.14950", "2010-12-31": "0.15200", "2010-09-30": "0.15250", "2010-06-30": "0.16610", "2010-03-31": "0.16730", "2009-12-31": "0.17480", "2009-09-30": "0.16470", "2009-06-30": "0.17430", "2009-03-31": "0.17450", "2008-12-31": "0.17880", "2008-09-30": "0.18150", "2008-06-30": "0.18670", "2008-03-31": "0.18830", "2007-12-31": "0.19710", "2007-09-30": "0.19030", "2007-06-30": "0.20260", "2007-03-31": "0.20580", "2006-12-31": "0.19390", "2006-09-30": "0.21700", "2006-06-30": "0.21910", "2006-03-31": "0.20910", "2005-12-31": "0.21420", "2005-09-30": "0.21760", "2005-06-30": "0.23390", "2005-03-31": "0.23570"}, "Inventory Turnover Ratio": {"2020-09-30": "0.72630", "2020-06-30": "0.69810", "2020-03-31": "0.79630", "2019-12-31": "0.79090", "2019-09-30": "0.74860", "2019-06-30": "0.74920", "2019-03-31": "0.72800", "2018-12-31": "0.80950", "2018-09-30": "0.75930", "2018-06-30": "0.78630", "2018-03-31": "0.73370", "2017-12-31": "0.82820", "2017-09-30": "0.72730", "2017-06-30": "0.60270", "2017-03-31": "0.60930", "2016-12-31": "0.69230", "2016-09-30": "0.64630", "2016-06-30": "0.62610", "2016-03-31": "0.65230", "2015-12-31": "0.70450", "2015-09-30": "0.63660", "2015-06-30": "0.64560", "2015-03-31": "0.65330", "2014-12-31": "0.71520", "2014-09-30": "0.64130", "2014-06-30": "0.74050", "2014-03-31": "0.68110", "2013-12-31": "0.75590", "2013-09-30": "0.65780", "2013-06-30": "0.70170", "2013-03-31": "0.72210", "2012-12-31": "0.80090", "2012-09-30": "0.71670", "2012-06-30": "0.66820", "2012-03-31": "0.72280", "2011-12-31": "0.84930", "2011-09-30": "0.78900", "2011-06-30": "0.80650", "2011-03-31": "0.77060", "2010-12-31": "0.93720", "2010-09-30": "0.84930", "2010-06-30": "0.91300", "2010-03-31": "0.85310", "2009-12-31": "1.02550", "2009-09-30": "0.79630", "2009-06-30": "0.81320", "2009-03-31": "0.79320", "2008-12-31": "0.86540", "2008-09-30": "0.87230", "2008-06-30": "0.83350", "2008-03-31": "0.82760", "2007-12-31": "0.92640", "2007-09-30": "0.78940", "2007-06-30": "0.84540", "2007-03-31": "0.86880", "2006-12-31": "0.81960", "2006-09-30": "0.82040", "2006-06-30": "0.87830", "2006-03-31": "0.85190", "2005-12-31": "0.91890", "2005-09-30": "0.83540", "2005-06-30": "0.88870", "2005-03-31": "0.91660"}, "Receiveable Turnover": {"2020-09-30": "1.44610", "2020-06-30": "1.25200", "2020-03-31": "1.39110", "2019-12-31": "1.43270", "2019-09-30": "1.40050", "2019-06-30": "1.40330", "2019-03-31": "1.41840", "2018-12-31": "1.44660", "2018-09-30": "1.44850", "2018-06-30": "1.47620", "2018-03-31": "1.41250", "2017-12-31": "1.49700", "2017-09-30": "1.49370", "2017-06-30": "1.41830", "2017-03-31": "1.44440", "2016-12-31": "1.54770", "2016-09-30": "1.51040", "2016-06-30": "1.53230", "2016-03-31": "1.53270", "2015-12-31": "1.65930", "2015-09-30": "1.50470", "2015-06-30": "1.48620", "2015-03-31": "1.50650", "2014-12-31": "1.66170", "2014-09-30": "1.58990", "2014-06-30": "1.59050", "2014-03-31": "1.49510", "2013-12-31": "1.56710", "2013-09-30": "1.46130", "2013-06-30": "1.53930", "2013-03-31": "1.52020", "2012-12-31": "1.55260", "2012-09-30": "1.52590", "2012-06-30": "1.49880", "2012-03-31": "1.46960", "2011-12-31": "1.53620", "2011-09-30": "1.51680", "2011-06-30": "1.51130", "2011-03-31": "1.48910", "2010-12-31": "1.60060", "2010-09-30": "1.45600", "2010-06-30": "1.59210", "2010-03-31": "1.56030", "2009-12-31": "1.71580", "2009-09-30": "1.46720", "2009-06-30": "1.50390", "2009-03-31": "1.52840", "2008-12-31": "1.56210", "2008-09-30": "1.56760", "2008-06-30": "1.56090", "2008-03-31": "1.55950", "2007-12-31": "1.68960", "2007-09-30": "1.59530", "2007-06-30": "1.59780", "2007-03-31": "1.61810", "2006-12-31": "1.57050", "2006-09-30": "1.66550", "2006-06-30": "1.63720", "2006-03-31": "1.69370", "2005-12-31": "1.79890", "2005-09-30": "1.72070", "2005-06-30": "1.72950", "2005-03-31": "1.74920"}, "Days Sales In Receivables": {"2020-09-30": "62.23840", "2020-06-30": "71.88320", "2020-03-31": "64.69770", "2019-12-31": "62.81820", "2019-09-30": "64.26220", "2019-06-30": "64.13630", "2019-03-31": "63.45090", "2018-12-31": "62.21540", "2018-09-30": "62.13490", "2018-06-30": "60.96930", "2018-03-31": "63.71830", "2017-12-31": "60.11880", "2017-09-30": "60.25190", "2017-06-30": "63.45720", "2017-03-31": "62.31000", "2016-12-31": "58.15260", "2016-09-30": "59.58590", "2016-06-30": "58.73720", "2016-03-31": "58.71980", "2015-12-31": "54.23950", "2015-09-30": "59.81410", "2015-06-30": "60.55660", "2015-03-31": "59.74270", "2014-12-31": "54.16070", "2014-09-30": "56.60640", "2014-06-30": "56.58530", "2014-03-31": "60.19540", "2013-12-31": "57.43230", "2013-09-30": "61.58920", "2013-06-30": "58.46950", "2013-03-31": "59.20310", "2012-12-31": "57.96840", "2012-09-30": "58.98140", "2012-06-30": "60.04730", "2012-03-31": "61.24170", "2011-12-31": "58.58440", "2011-09-30": "59.33650", "2011-06-30": "59.55170", "2011-03-31": "60.43960", "2010-12-31": "56.22990", "2010-09-30": "61.81420", "2010-06-30": "56.53030", "2010-03-31": "57.68150", "2009-12-31": "52.45240", "2009-09-30": "61.34280", "2009-06-30": "59.84450", "2009-03-31": "58.88390", "2008-12-31": "57.61490", "2008-09-30": "57.41100", "2008-06-30": "57.66020", "2008-03-31": "57.71030", "2007-12-31": "53.26570", "2007-09-30": "56.41680", "2007-06-30": "56.32810", "2007-03-31": "55.62080", "2006-12-31": "57.30740", "2006-09-30": "54.03930", "2006-06-30": "54.97120", "2006-03-31": "53.13960", "2005-12-31": "50.03170", "2005-09-30": "52.30380", "2005-06-30": "52.03810", "2005-03-31": "51.45260"}, "ROE - Return On Equity": {"2020-09-30": "5.51240", "2020-06-30": "5.75760", "2020-03-31": "9.45610", "2019-12-31": "6.74280", "2019-09-30": "3.01150", "2019-06-30": "9.22430", "2019-03-31": "6.35910", "2018-12-31": "5.09100", "2018-09-30": "6.08730", "2018-06-30": "6.28730", "2018-03-31": "6.90380", "2017-12-31": "-17.80750", "2017-09-30": "5.08790", "2017-06-30": "5.32100", "2017-03-31": "6.28650", "2016-12-31": "", "2016-09-30": "5.87060", "2016-06-30": "5.51520", "2016-03-31": "6.13510", "2015-12-31": "", "2015-09-30": "4.69300", "2015-06-30": "6.34880", "2015-03-31": "6.36440", "2014-12-31": "3.61420", "2014-09-30": "6.20050", "2014-06-30": "5.54270", "2014-03-31": "6.17250", "2013-12-31": "4.75200", "2013-09-30": "4.27200", "2013-06-30": "5.50200", "2013-03-31": "5.23070", "2012-12-31": "3.95980", "2012-09-30": "4.12320", "2012-06-30": "2.32980", "2012-03-31": "6.37160", "2011-12-31": "0.38190", "2011-09-30": "5.20420", "2011-06-30": "4.46790", "2011-03-31": "5.80660", "2010-12-31": "3.43240", "2010-09-30": "5.96430", "2010-06-30": "6.52590", "2010-03-31": "8.55350", "2009-12-31": "4.36070", "2009-09-30": "6.63900", "2009-06-30": "6.93670", "2009-03-31": "8.00850", "2008-12-31": "6.38420", "2008-09-30": "7.23750", "2008-06-30": "7.16490", "2008-03-31": "7.88600", "2007-12-31": "5.48030", "2007-09-30": "5.84770", "2007-06-30": "7.14480", "2007-03-31": "6.28660", "2006-12-31": "5.51400", "2006-09-30": "6.80260", "2006-06-30": "6.92160", "2006-03-31": "8.03690", "2005-12-31": "5.41200", "2005-09-30": "6.88790", "2005-06-30": "7.35880", "2005-03-31": "8.43580"}, "Return On Tangible Equity": {"2020-09-30": "-21.10450", "2020-06-30": "-19.78720", "2020-03-31": "-29.70020", "2019-12-31": "-18.38520", "2019-09-30": "-7.64600", "2019-06-30": "-25.24770", "2019-03-31": "-19.33170", "2018-12-31": "-16.61210", "2018-09-30": "-26.73830", "2018-06-30": "-22.57750", "2018-03-31": "-21.55590", "2017-12-31": "42.89660", "2017-09-30": "-31.63560", "2017-06-30": "-26.84860", "2017-03-31": "27.58410", "2016-12-31": "18.39230", "2016-09-30": "19.45710", "2016-06-30": "16.19860", "2016-03-31": "17.85730", "2015-12-31": "13.53290", "2015-09-30": "13.82630", "2015-06-30": "19.96380", "2015-03-31": "22.14480", "2014-12-31": "12.17990", "2014-09-30": "16.57530", "2014-06-30": "14.94970", "2014-03-31": "17.66380", "2013-12-31": "15.09780", "2013-09-30": "16.13200", "2013-06-30": "19.53220", "2013-03-31": "21.19780", "2012-12-31": "18.80590", "2012-09-30": "19.92570", "2012-06-30": "14.33370", "2012-03-31": "14.55150", "2011-12-31": "0.95600", "2011-09-30": "11.74920", "2011-06-30": "10.09050", "2011-03-31": "13.87630", "2010-12-31": "7.90430", "2010-09-30": "13.75160", "2010-06-30": "15.84730", "2010-03-31": "21.41170", "2009-12-31": "11.36940", "2009-09-30": "17.85810", "2009-06-30": "18.46330", "2009-03-31": "23.58760", "2008-12-31": "18.31800", "2008-09-30": "19.28570", "2008-06-30": "19.30490", "2008-03-31": "22.22090", "2007-12-31": "16.30940", "2007-09-30": "18.11590", "2007-06-30": "22.07650", "2007-03-31": "21.99710", "2006-12-31": "20.39510", "2006-09-30": "10.13140", "2006-06-30": "10.26650", "2006-03-31": "11.70950", "2005-12-31": "7.89520", "2005-09-30": "10.25000", "2005-06-30": "11.26490", "2005-03-31": "13.00150"}, "ROA - Return On Assets": {"2020-09-30": "2.08210", "2020-06-30": "2.28940", "2020-03-31": "3.73890", "2019-12-31": "2.54240", "2019-09-30": "1.12720", "2019-06-30": "3.61470", "2019-03-31": "2.49890", "2018-12-31": "1.98880", "2018-09-30": "2.52660", "2018-06-30": "2.54500", "2018-03-31": "2.78820", "2017-12-31": "-6.81040", "2017-09-30": "2.41810", "2017-06-30": "2.50450", "2017-03-31": "3.05140", "2016-12-31": "2.70100", "2016-09-30": "3.04340", "2016-06-30": "2.85880", "2016-03-31": "3.27160", "2015-12-31": "2.40980", "2015-09-30": "2.51980", "2015-06-30": "3.42030", "2015-03-31": "3.35950", "2014-12-31": "1.93390", "2014-09-30": "3.59510", "2014-06-30": "3.19970", "2014-03-31": "3.54530", "2013-12-31": "2.65220", "2013-09-30": "2.34930", "2013-06-30": "3.08300", "2013-03-31": "2.87730", "2012-12-31": "2.11540", "2012-09-30": "2.21020", "2012-06-30": "1.21640", "2012-03-31": "3.36510", "2011-12-31": "0.19180", "2011-09-30": "2.86350", "2011-06-30": "2.47610", "2011-03-31": "3.21410", "2010-12-31": "1.88710", "2010-09-30": "3.47800", "2010-06-30": "3.73670", "2010-03-31": "4.84370", "2009-12-31": "2.32990", "2009-09-30": "3.65340", "2009-06-30": "3.66890", "2009-03-31": "4.07320", "2008-12-31": "3.19630", "2008-09-30": "3.77320", "2008-06-30": "3.77580", "2008-03-31": "4.18400", "2007-12-31": "2.93250", "2007-09-30": "3.23910", "2007-06-30": "4.12540", "2007-03-31": "3.52150", "2006-12-31": "3.07270", "2006-09-30": "4.50700", "2006-06-30": "4.62370", "2006-03-31": "5.31920", "2005-12-31": "3.55910", "2005-09-30": "4.48620", "2005-06-30": "4.74400", "2005-03-31": "5.21430"}, "ROI - Return On Investment": {"2020-09-30": "3.65810", "2020-06-30": "4.11860", "2020-03-31": "6.68610", "2019-12-31": "4.66470", "2019-09-30": "2.05920", "2019-06-30": "6.33670", "2019-03-31": "4.32840", "2018-12-31": "3.47910", "2018-09-30": "4.18040", "2018-06-30": "4.28410", "2018-03-31": "4.69110", "2017-12-31": "-11.79390", "2017-09-30": "3.73950", "2017-06-30": "3.85460", "2017-03-31": "4.54210", "2016-12-31": "4.10730", "2016-09-30": "4.43540", "2016-06-30": "4.12030", "2016-03-31": "4.79870", "2015-12-31": "3.82710", "2015-09-30": "3.92170", "2015-06-30": "5.29950", "2015-03-31": "5.21640", "2014-12-31": "2.97030", "2014-09-30": "5.29180", "2014-06-30": "4.73560", "2014-03-31": "5.25660", "2013-12-31": "4.02720", "2013-09-30": "3.74850", "2013-06-30": "4.83310", "2013-03-31": "4.47080", "2012-12-31": "3.36370", "2012-09-30": "3.49650", "2012-06-30": "1.95670", "2012-03-31": "5.25710", "2011-12-31": "0.31120", "2011-09-30": "4.29460", "2011-06-30": "3.66170", "2011-03-31": "5.02910", "2010-12-31": "2.95430", "2010-09-30": "5.14040", "2010-06-30": "5.67380", "2010-03-31": "7.42300", "2009-12-31": "3.75100", "2009-09-30": "5.70400", "2009-06-30": "5.89420", "2009-03-31": "6.76470", "2008-12-31": "5.36040", "2008-09-30": "6.11500", "2008-06-30": "6.02660", "2008-03-31": "6.81560", "2007-12-31": "4.71100", "2007-09-30": "5.28560", "2007-06-30": "6.82620", "2007-03-31": "5.99210", "2006-12-31": "5.24530", "2006-09-30": "6.48190", "2006-06-30": "6.60070", "2006-03-31": "7.66770", "2005-12-31": "5.14400", "2005-09-30": "6.51000", "2005-06-30": "6.90170", "2005-03-31": "7.86140"}, "Book Value Per Share": {"2020-09-30": "24.49430", "2020-06-30": "23.92440", "2020-03-31": "23.28450", "2019-12-31": "22.59100", "2019-09-30": "22.12500", "2019-06-30": "23.00660", "2019-03-31": "22.20000", "2018-12-31": "22.44360", "2018-09-30": "24.08580", "2018-06-30": "23.44590", "2018-03-31": "23.58340", "2017-12-31": "22.42660", "2017-09-30": "27.55290", "2017-06-30": "26.78470", "2017-03-31": "26.10140", "2016-12-31": "26.01800", "2016-09-30": "26.72790", "2016-06-30": "26.47270", "2016-03-31": "26.40070", "2015-12-31": "25.82430", "2015-09-30": "25.85720", "2015-06-30": "25.68860", "2015-03-31": "24.45280", "2014-12-31": "25.06160", "2014-09-30": "27.31440", "2014-06-30": "27.65130", "2014-03-31": "27.08340", "2013-12-31": "26.25410", "2013-09-30": "24.74740", "2013-06-30": "24.75490", "2013-03-31": "23.84980", "2012-12-31": "23.33140", "2012-09-30": "23.08040", "2012-06-30": "21.97150", "2012-03-31": "22.34970", "2011-12-31": "20.95170", "2011-09-30": "22.51880", "2011-06-30": "22.67110", "2011-03-31": "21.86010", "2010-12-31": "20.66360", "2010-09-30": "20.85050", "2010-06-30": "19.18970", "2010-03-31": "19.18680", "2009-12-31": "18.36680", "2009-09-30": "18.26820", "2009-06-30": "16.79060", "2009-03-31": "15.87230", "2008-12-31": "15.35150", "2008-09-30": "16.44910", "2008-06-30": "16.60510", "2008-03-31": "16.19330", "2007-12-31": "15.25200", "2007-09-30": "15.16630", "2007-06-30": "14.90140", "2007-03-31": "14.14230", "2006-12-31": "13.58970", "2006-09-30": "13.96990", "2006-06-30": "13.88620", "2006-03-31": "13.83450", "2005-12-31": "13.01410", "2005-09-30": "12.38550", "2005-06-30": "11.82470", "2005-03-31": "11.32220"}, "Operating Cash Flow Per Share": {"2020-09-30": 3.1369, "2020-06-30": 1.2977, "2020-03-31": "1.25720", "2019-12-31": 2.3493, "2019-09-30": 2.848, "2019-06-30": 2.2132, "2019-03-31": "1.31280", "2018-12-31": 2.2859, "2018-09-30": 2.2912, "2018-06-30": 2.239, "2018-03-31": "1.32000", "2017-12-31": 2.2086, "2017-09-30": 2.2932, "2017-06-30": 2.1105, "2017-03-31": "1.05750", "2016-12-31": 2.3801, "2016-09-30": 1.9323, "2016-06-30": 1.6361, "2016-03-31": "0.78070", "2015-12-31": 1.7973, "2015-09-30": 2.1923, "2015-06-30": 1.951, "2015-03-31": "1.01630", "2014-12-31": 1.6083, "2014-09-30": 1.6362, "2014-06-30": 1.9239, "2014-03-31": "1.36470", "2013-12-31": 1.4453, "2013-09-30": 2.0745, "2013-06-30": 1.7365, "2013-03-31": "0.79650", "2012-12-31": 1.2086, "2012-09-30": 1.7494, "2012-06-30": 1.5087, "2012-03-31": "1.00720", "2011-12-31": 1.2476, "2011-09-30": 1.6661, "2011-06-30": 1.4029, "2011-03-31": "0.83530", "2010-12-31": 1.3673, "2010-09-30": 1.8159, "2010-06-30": 1.373, "2010-03-31": "1.31910", "2009-12-31": 1.9012, "2009-09-30": 1.8151, "2009-06-30": 1.2117, "2009-03-31": "1.01330", "2008-12-31": 1.4051, "2008-09-30": 1.7384, "2008-06-30": 1.0075, "2008-03-31": "1.12900", "2007-12-31": 1.4104, "2007-09-30": 1.4464, "2007-06-30": 0.9921, "2007-03-31": "1.31210", "2006-12-31": 1.4318, "2006-09-30": 1.42, "2006-06-30": 0.7993, "2006-03-31": "1.16080", "2005-12-31": 1.0566, "2005-09-30": 1.3357, "2005-06-30": 0.6656, "2005-03-31": "0.87140"}, "Free Cash Flow Per Share": {"2020-09-30": 2.8663, "2020-06-30": 1.0751, "2020-03-31": "1.02960", "2019-12-31": 1.9385, "2019-09-30": 2.6054, "2019-06-30": 2.9291, "2019-03-31": "1.16350", "2018-12-31": 2.649, "2018-09-30": 2.0007, "2018-06-30": 2.2289, "2018-03-31": "1.08640", "2017-12-31": 2.1612, "2017-09-30": 2.2236, "2017-06-30": 1.8925, "2017-03-31": "0.86550", "2016-12-31": 2.13, "2016-09-30": 1.7344, "2016-06-30": 1.6006, "2016-03-31": "0.56170", "2015-12-31": 1.9675, "2015-09-30": 2.0633, "2015-06-30": 2.0633, "2015-03-31": "0.86310", "2014-12-31": 1.1384, "2014-09-30": 2.7373, "2014-06-30": 1.8198, "2014-03-31": "1.15770", "2013-12-31": 1.0402, "2013-09-30": 1.8075, "2013-06-30": 1.4862, "2013-03-31": "0.62860", "2012-12-31": 1.0132, "2012-09-30": 1.5847, "2012-06-30": 1.4141, "2012-03-31": "0.95530", "2011-12-31": 1.0645, "2011-09-30": 1.6179, "2011-06-30": 1.1889, "2011-03-31": "0.72170", "2010-12-31": 1.0955, "2010-09-30": 1.7026, "2010-06-30": 1.1965, "2010-03-31": "1.21370", "2009-12-31": 1.6488, "2009-09-30": 1.6306, "2009-06-30": 1.0096, "2009-03-31": "0.85960", "2008-12-31": 1.2654, "2008-09-30": 1.467, "2008-06-30": 0.7695, "2008-03-31": "0.97370", "2007-12-31": 1.0682, "2007-09-30": 1.2192, "2007-06-30": 0.787, "2007-03-31": "1.23280", "2006-12-31": 1.2484, "2006-09-30": 1.2229, "2006-06-30": 0.6007, "2006-03-31": "1.01210", "2005-12-31": 0.6765, "2005-09-30": 1.1541, "2005-06-30": 0.5079, "2005-03-31": "0.76560"}}, "revenue": {"Johnson & Johnson Annual Revenue (Millions of US $)": {"2020": "$82,584", "2019": "$82,059", "2018": "$81,581", "2017": "$76,450", "2016": "$71,890", "2015": "$70,074", "2014": "$74,331", "2013": "$71,312", "2012": "$67,224", "2011": "$65,030", "2010": "$61,587", "2009": "$61,897", "2008": "$63,747", "2007": "$61,095", "2006": "$53,324", "2005": "$50,514"}, "Johnson & Johnson Quarterly Revenue (Millions of US $)": {"2020-12-31": "$22,475", "2020-09-30": "$21,082", "2020-06-30": "$18,336", "2020-03-31": "$20,691", "2019-12-31": "$20,747", "2019-09-30": "$20,729", "2019-06-30": "$20,562", "2019-03-31": "$20,021", "2018-12-31": "$20,394", "2018-09-30": "$20,348", "2018-06-30": "$20,830", "2018-03-31": "$20,009", "2017-12-31": "$20,195", "2017-09-30": "$19,650", "2017-06-30": "$18,839", "2017-03-31": "$17,766", "2016-12-31": "$18,106", "2016-09-30": "$17,820", "2016-06-30": "$18,482", "2016-03-31": "$17,482", "2015-12-31": "$17,811", "2015-09-30": "$17,102", "2015-06-30": "$17,787", "2015-03-31": "$17,374", "2014-12-31": "$18,254", "2014-09-30": "$18,467", "2014-06-30": "$19,495", "2014-03-31": "$18,115", "2013-12-31": "$18,355", "2013-09-30": "$17,575", "2013-06-30": "$17,877", "2013-03-31": "$17,505", "2012-12-31": "$17,558", "2012-09-30": "$17,052", "2012-06-30": "$16,475", "2012-03-31": "$16,139", "2011-12-31": "$16,255", "2011-09-30": "$16,005", "2011-06-30": "$16,597", "2011-03-31": "$16,173", "2010-12-31": "$15,644", "2010-09-30": "$14,982", "2010-06-30": "$15,330", "2010-03-31": "$15,631", "2009-12-31": "$16,551", "2009-09-30": "$15,081", "2009-06-30": "$15,239", "2009-03-31": "$15,026", "2008-12-31": "$15,182", "2008-09-30": "$15,921", "2008-06-30": "$16,450", "2008-03-31": "$16,194", "2007-12-31": "$15,957", "2007-09-30": "$14,970", "2007-06-30": "$15,131", "2007-03-31": "$15,037", "2006-12-31": "$13,682", "2006-09-30": "$13,287", "2006-06-30": "$13,363", "2006-03-31": "$12,992", "2005-12-31": "$12,610", "2005-09-30": "$12,310", "2005-06-30": "$12,762", "2005-03-31": "$12,832"}}, "gross-profit": {"Johnson & Johnson Annual Gross Profit (Millions of US $)": {"2020": "$54,157", "2019": "$54,503", "2018": "$54,490", "2017": "$51,011", "2016": "$50,101", "2015": "$48,538", "2014": "$51,585", "2013": "$48,970", "2012": "$45,566", "2011": "$44,670", "2010": "$42,795", "2009": "$43,450", "2008": "$45,236", "2007": "$43,344", "2006": "$38,267", "2005": "$36,504"}, "Johnson & Johnson Quarterly Gross Profit (Millions of US $)": {"2020-12-31": "$14,661", "2020-09-30": "$14,110", "2020-06-30": "$11,757", "2020-03-31": "$13,629", "2019-12-31": "$13,613", "2019-09-30": "$13,862", "2019-06-30": "$13,622", "2019-03-31": "$13,406", "2018-12-31": "$13,433", "2018-09-30": "$13,759", "2018-06-30": "$13,903", "2018-03-31": "$13,395", "2017-12-31": "$12,936", "2017-09-30": "$12,725", "2017-06-30": "$12,993", "2017-03-31": "$12,357", "2016-12-31": "$12,468", "2016-09-30": "$12,334", "2016-06-30": "$13,146", "2016-03-31": "$12,153", "2015-12-31": "$12,138", "2015-09-30": "$11,878", "2015-06-30": "$12,430", "2015-03-31": "$12,092", "2014-12-31": "$12,401", "2014-09-30": "$13,068", "2014-06-30": "$13,456", "2014-03-31": "$12,660", "2013-12-31": "$12,400", "2013-09-30": "$12,231", "2013-06-30": "$12,388", "2013-03-31": "$11,951", "2012-12-31": "$11,555", "2012-09-30": "$11,455", "2012-06-30": "$11,332", "2012-03-31": "$11,224", "2011-12-31": "$10,917", "2011-09-30": "$10,933", "2011-06-30": "$11,425", "2011-03-31": "$11,395", "2010-12-31": "$10,604", "2010-09-30": "$10,388", "2010-06-30": "$10,700", "2010-03-31": "$11,103", "2009-12-31": "$11,239", "2009-09-30": "$10,647", "2009-06-30": "$10,789", "2009-03-31": "$10,775", "2008-12-31": "$10,810", "2008-09-30": "$11,147", "2008-06-30": "$11,699", "2008-03-31": "$11,580", "2007-12-31": "$11,223", "2007-09-30": "$10,696", "2007-06-30": "$10,773", "2007-03-31": "$10,652", "2006-12-31": "$9,675", "2006-09-30": "$9,637", "2006-06-30": "$9,575", "2006-03-31": "$9,380", "2005-12-31": "$8,972", "2005-09-30": "$8,956", "2005-06-30": "$9,240", "2005-03-31": "$9,336"}}, "operating-income": {"Johnson & Johnson Annual Operating Income (Millions of US $)": {"2020": "$16,497", "2019": "$17,328", "2018": "$17,999", "2017": "$17,673", "2016": "$19,803", "2015": "$19,196", "2014": "$20,563", "2013": "$15,471", "2012": "$13,775", "2011": "$12,361", "2010": "$16,947", "2009": "$15,755", "2008": "$16,929", "2007": "$13,283", "2006": "$14,587", "2005": "$13,116"}, "Johnson & Johnson Quarterly Operating Income (Millions of US $)": {"2020-12-31": "$1,795", "2020-09-30": "$4,401", "2020-06-30": "$3,940", "2020-03-31": "$6,509", "2019-12-31": "$4,218", "2019-09-30": "$1,647", "2019-06-30": "$7,041", "2019-03-31": "$4,422", "2018-12-31": "$3,122", "2018-09-30": "$4,423", "2018-06-30": "$4,973", "2018-03-31": "$5,481", "2017-12-31": "$2,560", "2017-09-30": "$4,790", "2017-06-30": "$4,748", "2017-03-31": "$5,575", "2016-12-31": "$4,324", "2016-09-30": "$5,281", "2016-06-30": "$4,904", "2016-03-31": "$5,294", "2015-12-31": "$3,758", "2015-09-30": "$4,122", "2015-06-30": "$5,741", "2015-03-31": "$5,575", "2014-12-31": "$2,703", "2014-09-30": "$6,810", "2014-06-30": "$5,626", "2014-03-31": "$5,424", "2013-12-31": "$2,750", "2013-09-30": "$3,667", "2013-06-30": "$4,793", "2013-03-31": "$4,261", "2012-12-31": "$3,100", "2012-09-30": "$3,595", "2012-06-30": "$2,035", "2012-03-31": "$5,045", "2011-12-31": "$318", "2011-09-30": "$4,111", "2011-06-30": "$3,422", "2011-03-31": "$4,510", "2010-12-31": "$2,228", "2010-09-30": "$4,219", "2010-06-30": "$4,220", "2010-03-31": "$6,280", "2009-12-31": "$2,604", "2009-09-30": "$4,245", "2009-06-30": "$4,263", "2009-03-31": "$4,643", "2008-12-31": "$3,517", "2008-09-30": "$4,290", "2008-06-30": "$4,375", "2008-03-31": "$4,747", "2007-12-31": "$2,332", "2007-09-30": "$3,268", "2007-06-30": "$4,031", "2007-03-31": "$3,652", "2006-12-31": "$2,708", "2006-09-30": "$3,661", "2006-06-30": "$3,603", "2006-03-31": "$4,615", "2005-12-31": "$2,503", "2005-09-30": "$3,420", "2005-06-30": "$3,266", "2005-03-31": "$3,927"}}, "ebitda": {"Johnson & Johnson Annual EBITDA (Millions of US $)": {"2019": "$25,012", "2018": "$26,544", "2017": "$24,634", "2016": "$24,651", "2015": "$23,622", "2014": "$25,058", "2013": "$20,131", "2012": "$18,037", "2011": "$16,181", "2010": "$20,448", "2009": "$19,070", "2008": "$20,557", "2007": "$16,808", "2006": "$17,656", "2005": "$15,750"}, "Johnson & Johnson Quarterly EBITDA (Millions of US $)": {"2020-09-30": "$6,275", "2020-06-30": "$5,730", "2020-03-31": "$8,348", "2019-12-31": "$6,200", "2019-09-30": "$3,511", "2019-06-30": "$8,917", "2019-03-31": "$6,384", "2018-12-31": "$5,303", "2018-09-30": "$6,572", "2018-06-30": "$7,069", "2018-03-31": "$7,600", "2017-12-31": "$4,788", "2017-09-30": "$6,804", "2017-06-30": "$6,230", "2017-03-31": "$6,812", "2016-12-31": "$5,663", "2016-09-30": "$6,478", "2016-06-30": "$6,082", "2016-03-31": "$6,428", "2015-12-31": "$5,004", "2015-09-30": "$5,206", "2015-06-30": "$6,785", "2015-03-31": "$6,627", "2014-12-31": "$3,850", "2014-09-30": "$7,897", "2014-06-30": "$6,720", "2014-03-31": "$6,591", "2013-12-31": "$4,004", "2013-09-30": "$4,766", "2013-06-30": "$5,918", "2013-03-31": "$5,443", "2012-12-31": "$4,261", "2012-09-30": "$4,750", "2012-06-30": "$3,044", "2012-03-31": "$5,982", "2011-12-31": "$1,379", "2011-09-30": "$5,045", "2011-06-30": "$4,346", "2011-03-31": "$5,411", "2010-12-31": "$3,159", "2010-09-30": "$5,065", "2010-06-30": "$5,075", "2010-03-31": "$7,149", "2009-12-31": "$3,453", "2009-09-30": "$5,090", "2009-06-30": "$5,077", "2009-03-31": "$5,450", "2008-12-31": "$4,435", "2008-09-30": "$5,277", "2008-06-30": "$5,252", "2008-03-31": "$5,593", "2007-12-31": "$3,428", "2007-09-30": "$4,081", "2007-06-30": "$4,868", "2007-03-31": "$4,431", "2006-12-31": "$3,516", "2006-09-30": "$4,420", "2006-06-30": "$4,371", "2006-03-31": "$5,349", "2005-12-31": "$3,183", "2005-09-30": "$4,088", "2005-06-30": "$3,938", "2005-03-31": "$4,541"}}, "net-income": {"Johnson & Johnson Annual Net Income (Millions of US $)": {"2020": "$14,714", "2019": "$15,119", "2018": "$15,297", "2017": "$1,300", "2016": "$16,540", "2015": "$15,409", "2014": "$16,323", "2013": "$13,831", "2012": "$10,853", "2011": "$9,672", "2010": "$13,334", "2009": "$12,266", "2008": "$12,949", "2007": "$10,576", "2006": "$11,053", "2005": "$10,060"}, "Johnson & Johnson Quarterly Net Income (Millions of US $)": {"2020-12-31": "$1,738", "2020-09-30": "$3,554", "2020-06-30": "$3,626", "2020-03-31": "$5,796", "2019-12-31": "$4,010", "2019-09-30": "$1,753", "2019-06-30": "$5,607", "2019-03-31": "$3,749", "2018-12-31": "$3,042", "2018-09-30": "$3,934", "2018-06-30": "$3,954", "2018-03-31": "$4,367", "2017-12-31": "$-10,713", "2017-09-30": "$3,764", "2017-06-30": "$3,827", "2017-03-31": "$4,422", "2016-12-31": "$3,814", "2016-09-30": "$4,272", "2016-06-30": "$3,997", "2016-03-31": "$4,457", "2015-12-31": "$3,215", "2015-09-30": "$3,358", "2015-06-30": "$4,516", "2015-03-31": "$4,320", "2014-12-31": "$2,521", "2014-09-30": "$4,749", "2014-06-30": "$4,326", "2014-03-31": "$4,727", "2013-12-31": "$3,519", "2013-09-30": "$2,982", "2013-06-30": "$3,833", "2013-03-31": "$3,497", "2012-12-31": "$2,567", "2012-09-30": "$2,968", "2012-06-30": "$1,408", "2012-03-31": "$3,910", "2011-12-31": "$218", "2011-09-30": "$3,202", "2011-06-30": "$2,776", "2011-03-31": "$3,476", "2010-12-31": "$1,942", "2010-09-30": "$3,417", "2010-06-30": "$3,449", "2010-03-31": "$4,526", "2009-12-31": "$2,206", "2009-09-30": "$3,345", "2009-06-30": "$3,208", "2009-03-31": "$3,507", "2008-12-31": "$2,714", "2008-09-30": "$3,310", "2008-06-30": "$3,327", "2008-03-31": "$3,598", "2007-12-31": "$2,374", "2007-09-30": "$2,548", "2007-06-30": "$3,081", "2007-03-31": "$2,573", "2006-12-31": "$2,168", "2006-09-30": "$2,760", "2006-06-30": "$2,820", "2006-03-31": "$3,305", "2005-12-31": "$2,095", "2005-09-30": "$2,538", "2005-06-30": "$2,588", "2005-03-31": "$2,839"}}, "eps-earnings-per-share-diluted": {"Johnson & Johnson Annual EPS": {"2020": "$5.51", "2019": "$5.63", "2018": "$5.61", "2017": "$0.47", "2016": "$5.93", "2015": "$5.48", "2014": "$5.70", "2013": "$4.81", "2012": "$3.86", "2011": "$3.49", "2010": "$4.78", "2009": "$4.40", "2008": "$4.57", "2007": "$3.63", "2006": "$3.73", "2005": "$3.35"}, "Johnson & Johnson Quarterly EPS": {"2020-12-31": "$0.65", "2020-09-30": "$1.33", "2020-06-30": "$1.36", "2020-03-31": "$2.17", "2019-12-31": "$1.50", "2019-09-30": "$0.66", "2019-06-30": "$2.08", "2019-03-31": "$1.39", "2018-12-31": "$1.12", "2018-09-30": "$1.44", "2018-06-30": "$1.45", "2018-03-31": "$1.60", "2017-12-31": "$-3.91", "2017-09-30": "$1.37", "2017-06-30": "$1.40", "2017-03-31": "$1.61", "2016-12-31": "$1.38", "2016-09-30": "$1.53", "2016-06-30": "$1.43", "2016-03-31": "$1.59", "2015-12-31": "$1.14", "2015-09-30": "$1.20", "2015-06-30": "$1.61", "2015-03-31": "$1.53", "2014-12-31": "$0.89", "2014-09-30": "$1.66", "2014-06-30": "$1.51", "2014-03-31": "$1.64", "2013-12-31": "$1.22", "2013-09-30": "$1.04", "2013-06-30": "$1.33", "2013-03-31": "$1.22", "2012-12-31": "$0.90", "2012-09-30": "$1.05", "2012-06-30": "$0.50", "2012-03-31": "$1.41", "2011-12-31": "$0.09", "2011-09-30": "$1.15", "2011-06-30": "$1.00", "2011-03-31": "$1.25", "2010-12-31": "$0.70", "2010-09-30": "$1.23", "2010-06-30": "$1.23", "2010-03-31": "$1.62", "2009-12-31": "$0.79", "2009-09-30": "$1.20", "2009-06-30": "$1.15", "2009-03-31": "$1.26", "2008-12-31": "$0.97", "2008-09-30": "$1.17", "2008-06-30": "$1.17", "2008-03-31": "$1.26", "2007-12-31": "$0.82", "2007-09-30": "$0.88", "2007-06-30": "$1.05", "2007-03-31": "$0.88", "2006-12-31": "$0.74", "2006-09-30": "$0.94", "2006-06-30": "$0.95", "2006-03-31": "$1.10", "2005-12-31": "$0.70", "2005-09-30": "$0.85", "2005-06-30": "$0.86", "2005-03-31": "$0.94"}}, "shares-outstanding": {"Johnson & Johnson Annual Shares Outstanding (Millions of Shares)": {"2020": "2,671", "2019": "2,684", "2018": "2,729", "2017": "2,745", "2016": "2,789", "2015": "2,813", "2014": "2,864", "2013": "2,877", "2012": "2,813", "2011": "2,775", "2010": "2,789", "2009": "2,789", "2008": "2,836", "2007": "2,911", "2006": "2,961", "2005": "3,003"}, "Johnson & Johnson Quarterly Shares Outstanding (Millions of Shares)": {"2020-12-31": "2,669", "2020-09-30": "2,669", "2020-06-30": "2,666", "2020-03-31": "2,671", "2019-12-31": "2,684", "2019-09-30": "2,670", "2019-06-30": "2,692", "2019-03-31": "2,699", "2018-12-31": "2,729", "2018-09-30": "2,728", "2018-06-30": "2,721", "2018-03-31": "2,732", "2017-12-31": "2,745", "2017-09-30": "2,738", "2017-06-30": "2,742", "2017-03-31": "2,755", "2016-12-31": "2,789", "2016-09-30": "2,785", "2016-06-30": "2,794", "2016-03-31": "2,804", "2015-12-31": "2,813", "2015-09-30": "2,807", "2015-06-30": "2,812", "2015-03-31": "2,826", "2014-12-31": "2,864", "2014-09-30": "2,864", "2014-06-30": "2,874", "2014-03-31": "2,875", "2013-12-31": "2,877", "2013-09-30": "2,881", "2013-06-30": "2,893", "2013-03-31": "2,859", "2012-12-31": "2,813", "2012-09-30": "2,818", "2012-06-30": "2,798", "2012-03-31": "2,775", "2011-12-31": "2,775", "2011-09-30": "2,778", "2011-06-30": "2,781", "2011-03-31": "2,773", "2010-12-31": "2,789", "2010-09-30": "2,786", "2010-06-30": "2,796", "2010-03-31": "2,797", "2009-12-31": "2,789", "2009-09-30": "2,793", "2009-06-30": "2,782", "2009-03-31": "2,790", "2008-12-31": "2,836", "2008-09-30": "2,831", "2008-06-30": "2,845", "2008-03-31": "2,866", "2007-12-31": "2,911", "2007-09-30": "2,913", "2007-06-30": "2,923", "2007-03-31": "2,924", "2006-12-31": "2,961", "2006-09-30": "2,948", "2006-06-30": "2,974", "2006-03-31": "2,993", "2005-12-31": "3,003", "2005-09-30": "3,006", "2005-06-30": "3,025", "2005-03-31": "3,024"}}, "total-assets": {"Johnson & Johnson Annual Total Assets (Millions of US $)": {"2019": "$157,728", "2018": "$152,954", "2017": "$157,303", "2016": "$141,208", "2015": "$133,411", "2014": "$130,358", "2013": "$132,683", "2012": "$121,347", "2011": "$113,644", "2010": "$102,908", "2009": "$94,682", "2008": "$84,912", "2007": "$80,954", "2006": "$70,556", "2005": "$58,864"}, "Johnson & Johnson Quarterly Total Assets (Millions of US $)": {"2020-09-30": "$170,693", "2020-06-30": "$158,380", "2020-03-31": "$155,017", "2019-12-31": "$157,728", "2019-09-30": "$155,521", "2019-06-30": "$155,117", "2019-03-31": "$150,027", "2018-12-31": "$152,954", "2018-09-30": "$155,703", "2018-06-30": "$155,365", "2018-03-31": "$156,625", "2017-12-31": "$157,303", "2017-09-30": "$155,658", "2017-06-30": "$152,807", "2017-03-31": "$144,918", "2016-12-31": "$141,208", "2016-09-30": "$140,369", "2016-06-30": "$139,814", "2016-03-31": "$136,231", "2015-12-31": "$133,411", "2015-09-30": "$133,266", "2015-06-30": "$132,036", "2015-03-31": "$128,590", "2014-12-31": "$130,358", "2014-09-30": "$132,097", "2014-06-30": "$135,200", "2014-03-31": "$133,330", "2013-12-31": "$132,683", "2013-09-30": "$126,933", "2013-06-30": "$124,325", "2013-03-31": "$121,536", "2012-12-31": "$121,347", "2012-09-30": "$118,951", "2012-06-30": "$115,750", "2012-03-31": "$116,194", "2011-12-31": "$113,644", "2011-09-30": "$111,821", "2011-06-30": "$112,114", "2011-03-31": "$108,150", "2010-12-31": "$102,908", "2010-09-30": "$98,247", "2010-06-30": "$92,300", "2010-03-31": "$93,441", "2009-12-31": "$94,682", "2009-09-30": "$91,558", "2009-06-30": "$87,438", "2009-03-31": "$86,100", "2008-12-31": "$84,912", "2008-09-30": "$87,724", "2008-06-30": "$88,113", "2008-03-31": "$85,995", "2007-12-31": "$80,954", "2007-09-30": "$78,665", "2007-06-30": "$74,683", "2007-03-31": "$73,066", "2006-12-31": "$70,556", "2006-09-30": "$61,238", "2006-06-30": "$60,990", "2006-03-31": "$62,133", "2005-12-31": "$58,864", "2005-09-30": "$56,574", "2005-06-30": "$54,553", "2005-03-31": "$54,446"}}, "cash-on-hand": {"Johnson & Johnson Annual Cash on Hand (Millions of US $)": {"2019": "$19,287", "2018": "$19,687", "2017": "$18,296", "2016": "$41,907", "2015": "$38,376", "2014": "$33,089", "2013": "$29,206", "2012": "$21,089", "2011": "$32,261", "2010": "$27,658", "2009": "$19,425", "2008": "$12,809", "2007": "$9,315", "2006": "$4,084", "2005": "$16,138"}, "Johnson & Johnson Quarterly Cash on Hand (Millions of US $)": {"2020-09-30": "$30,781", "2020-06-30": "$19,135", "2020-03-31": "$18,024", "2019-12-31": "$19,287", "2019-09-30": "$17,945", "2019-06-30": "$15,278", "2019-03-31": "$15,336", "2018-12-31": "$19,687", "2018-09-30": "$19,364", "2018-06-30": "$18,139", "2018-03-31": "$15,204", "2017-12-31": "$18,296", "2017-09-30": "$16,231", "2017-06-30": "$12,853", "2017-03-31": "$39,343", "2016-12-31": "$41,907", "2016-09-30": "$40,433", "2016-06-30": "$42,584", "2016-03-31": "$39,855", "2015-12-31": "$38,376", "2015-09-30": "$37,306", "2015-06-30": "$33,954", "2015-03-31": "$31,319", "2014-12-31": "$33,089", "2014-09-30": "$33,005", "2014-06-30": "$31,624", "2014-03-31": "$29,392", "2013-12-31": "$29,206", "2013-09-30": "$25,228", "2013-06-30": "$25,129", "2013-03-31": "$21,668", "2012-12-31": "$21,089", "2012-09-30": "$19,771", "2012-06-30": "$16,915", "2012-03-31": "$33,847", "2011-12-31": "$32,261", "2011-09-30": "$30,927", "2011-06-30": "$29,682", "2011-03-31": "$26,867", "2010-12-31": "$27,658", "2010-09-30": "$22,126", "2010-06-30": "$18,901", "2010-03-31": "$18,010", "2009-12-31": "$19,425", "2009-09-30": "$14,337", "2009-06-30": "$14,716", "2009-03-31": "$13,933", "2008-12-31": "$12,809", "2008-09-30": "$14,799", "2008-06-30": "$13,058", "2008-03-31": "$11,144", "2007-12-31": "$9,315", "2007-09-30": "$8,320", "2007-06-30": "$5,971", "2007-03-31": "$5,191", "2006-12-31": "$4,084", "2006-09-30": "$14,692", "2006-06-30": "$14,725", "2006-03-31": "$17,185", "2005-12-31": "$16,138", "2005-09-30": "$15,179", "2005-06-30": "$13,161", "2005-03-31": "$13,650"}}, "long-term-debt": {"Johnson & Johnson Annual Long Term Debt (Millions of US $)": {"2019": "$26,494", "2018": "$27,684", "2017": "$30,675", "2016": "$22,442", "2015": "$12,857", "2014": "$15,122", "2013": "$13,328", "2012": "$11,489", "2011": "$12,969", "2010": "$9,156", "2009": "$8,223", "2008": "$8,120", "2007": "$7,074", "2006": "$2,014", "2005": "$2,017"}, "Johnson & Johnson Quarterly Long Term Debt (Millions of US $)": {"2020-09-30": "$32,680", "2020-06-30": "$25,062", "2020-03-31": "$25,393", "2019-12-31": "$26,494", "2019-09-30": "$26,919", "2019-06-30": "$27,699", "2019-03-31": "$27,660", "2018-12-31": "$27,684", "2018-09-30": "$29,480", "2018-06-30": "$29,405", "2018-03-31": "$29,837", "2017-12-31": "$30,675", "2017-09-30": "$26,675", "2017-06-30": "$27,363", "2017-03-31": "$27,015", "2016-12-31": "$22,442", "2016-09-30": "$23,546", "2016-06-30": "$24,535", "2016-03-31": "$20,233", "2015-12-31": "$12,857", "2015-09-30": "$14,073", "2015-06-30": "$14,085", "2015-03-31": "$14,938", "2014-12-31": "$15,122", "2014-09-30": "$13,152", "2014-06-30": "$13,303", "2014-03-31": "$13,343", "2013-12-31": "$13,328", "2013-09-30": "$9,748", "2013-06-30": "$9,643", "2013-03-31": "$11,363", "2012-12-31": "$11,489", "2012-09-30": "$11,428", "2012-06-30": "$11,525", "2012-03-31": "$13,010", "2011-12-31": "$12,969", "2011-09-30": "$13,031", "2011-06-30": "$13,680", "2011-03-31": "$9,255", "2010-12-31": "$9,156", "2010-09-30": "$9,182", "2010-06-30": "$7,937", "2010-03-31": "$8,059", "2009-12-31": "$8,223", "2009-09-30": "$8,259", "2009-06-30": "$8,179", "2009-03-31": "$8,052", "2008-12-31": "$8,120", "2008-09-30": "$8,395", "2008-06-30": "$8,770", "2008-03-31": "$7,166", "2007-12-31": "$7,074", "2007-09-30": "$4,633", "2007-06-30": "$2,013", "2007-03-31": "$2,012", "2006-12-31": "$2,014", "2006-09-30": "$2,007", "2006-06-30": "$1,981", "2006-03-31": "$1,980", "2005-12-31": "$2,017", "2005-09-30": "$2,139", "2005-06-30": "$2,329", "2005-03-31": "$2,459"}}, "total-liabilities": {"Johnson & Johnson Annual Total Liabilities (Millions of US $)": {"2019": "$98,257", "2018": "$93,202", "2017": "$97,143", "2016": "$70,790", "2015": "$62,261", "2014": "$60,606", "2013": "$58,630", "2012": "$56,521", "2011": "$56,564", "2010": "$46,329", "2009": "$44,094", "2008": "$42,401", "2007": "$37,635", "2006": "$31,238", "2005": "$20,154"}, "Johnson & Johnson Quarterly Total Liabilities (Millions of US $)": {"2020-09-30": "$106,220", "2020-06-30": "$95,402", "2020-03-31": "$93,723", "2019-12-31": "$98,257", "2019-09-30": "$97,311", "2019-06-30": "$94,332", "2019-03-31": "$91,072", "2018-12-31": "$93,202", "2018-09-30": "$91,077", "2018-06-30": "$92,476", "2018-03-31": "$93,370", "2017-12-31": "$97,143", "2017-09-30": "$81,679", "2017-06-30": "$80,885", "2017-03-31": "$74,577", "2016-12-31": "$70,790", "2016-09-30": "$67,600", "2016-06-30": "$67,341", "2016-03-31": "$63,584", "2015-12-31": "$62,261", "2015-09-30": "$61,712", "2015-06-30": "$60,905", "2015-03-31": "$60,712", "2014-12-31": "$60,606", "2014-09-30": "$55,506", "2014-06-30": "$57,152", "2014-03-31": "$56,748", "2013-12-31": "$58,630", "2013-09-30": "$57,129", "2013-06-30": "$54,660", "2013-03-31": "$54,681", "2012-12-31": "$56,521", "2012-09-30": "$55,190", "2012-06-30": "$55,316", "2012-03-31": "$54,828", "2011-12-31": "$56,564", "2011-09-30": "$50,294", "2011-06-30": "$49,982", "2011-03-31": "$48,287", "2010-12-31": "$46,329", "2010-09-30": "$40,956", "2010-06-30": "$39,449", "2010-03-31": "$40,527", "2009-12-31": "$44,094", "2009-09-30": "$41,174", "2009-06-30": "$41,191", "2009-03-31": "$42,309", "2008-12-31": "$42,401", "2008-09-30": "$41,990", "2008-06-30": "$41,678", "2008-03-31": "$40,370", "2007-12-31": "$37,635", "2007-09-30": "$35,092", "2007-06-30": "$31,561", "2007-03-31": "$32,138", "2006-12-31": "$31,238", "2006-09-30": "$20,665", "2006-06-30": "$20,248", "2006-03-31": "$21,010", "2005-12-31": "$20,154", "2005-09-30": "$19,727", "2005-06-30": "$19,384", "2005-03-31": "$20,792"}}, "total-share-holder-equity": {"Johnson & Johnson Annual Share Holder Equity (Millions of US $)": {"2019": "$59,471", "2018": "$59,752", "2017": "$60,160", "2016": "$70,418", "2015": "$71,150", "2014": "$69,752", "2013": "$74,053", "2012": "$64,826", "2011": "$57,080", "2010": "$56,579", "2009": "$50,588", "2008": "$42,511", "2007": "$43,319", "2006": "$39,318", "2005": "$38,710"}, "Johnson & Johnson Quarterly Share Holder Equity (Millions of US $)": {"2020-09-30": "$64,473", "2020-06-30": "$62,978", "2020-03-31": "$61,294", "2019-12-31": "$59,471", "2019-09-30": "$58,210", "2019-06-30": "$60,785", "2019-03-31": "$58,955", "2018-12-31": "$59,752", "2018-09-30": "$64,626", "2018-06-30": "$62,889", "2018-03-31": "$63,255", "2017-12-31": "$60,160", "2017-09-30": "$73,979", "2017-06-30": "$71,922", "2017-03-31": "$70,341", "2016-12-31": "$70,418", "2016-09-30": "$72,769", "2016-06-30": "$72,473", "2016-03-31": "$72,647", "2015-12-31": "$71,150", "2015-09-30": "$71,554", "2015-06-30": "$71,131", "2015-03-31": "$67,878", "2014-12-31": "$69,752", "2014-09-30": "$76,591", "2014-06-30": "$78,048", "2014-03-31": "$76,582", "2013-12-31": "$74,053", "2013-09-30": "$69,804", "2013-06-30": "$69,665", "2013-03-31": "$66,855", "2012-12-31": "$64,826", "2012-09-30": "$63,761", "2012-06-30": "$60,434", "2012-03-31": "$61,366", "2011-12-31": "$57,080", "2011-09-30": "$61,527", "2011-06-30": "$62,132", "2011-03-31": "$59,863", "2010-12-31": "$56,579", "2010-09-30": "$57,291", "2010-06-30": "$52,851", "2010-03-31": "$52,914", "2009-12-31": "$50,588", "2009-09-30": "$50,384", "2009-06-30": "$46,247", "2009-03-31": "$43,791", "2008-12-31": "$42,511", "2008-09-30": "$45,734", "2008-06-30": "$46,435", "2008-03-31": "$45,625", "2007-12-31": "$43,319", "2007-09-30": "$43,573", "2007-06-30": "$43,122", "2007-03-31": "$40,928", "2006-12-31": "$39,318", "2006-09-30": "$40,573", "2006-06-30": "$40,742", "2006-03-31": "$41,123", "2005-12-31": "$38,710", "2005-09-30": "$36,847", "2005-06-30": "$35,169", "2005-03-31": "$33,654"}}, "profit-margins": {"current": "17.82%"}, "gross margin": {"2020-12-31": "65.58%", "2020-09-30": "65.68%", "2020-06-30": "65.66%", "2020-03-31": "66.15%", "2019-12-31": "66.42%", "2019-09-30": "66.49%", "2019-06-30": "66.67%", "2019-03-31": "66.80%", "2018-12-31": "66.79%", "2018-09-30": "66.35%", "2018-06-30": "65.64%", "2018-03-31": "66.14%", "2017-12-31": "66.72%", "2017-09-30": "67.97%", "2017-06-30": "69.15%", "2017-03-31": "69.70%", "2016-12-31": "69.69%", "2016-09-30": "69.52%", "2016-06-30": "69.58%", "2016-03-31": "69.25%", "2015-12-31": "69.27%", "2015-09-30": "69.20%", "2015-06-30": "69.55%", "2015-03-31": "69.33%", "2014-12-31": "69.40%", "2014-09-30": "69.30%", "2014-06-30": "69.01%", "2014-03-31": "69.07%", "2013-12-31": "68.67%", "2013-09-30": "68.25%", "2013-06-30": "67.65%", "2013-03-31": "67.49%", "2012-12-31": "67.78%", "2012-09-30": "68.15%", "2012-06-30": "68.45%", "2012-03-31": "68.46%", "2011-12-31": "68.69%", "2011-09-30": "68.86%", "2011-06-30": "69.11%", "2011-03-31": "69.35%", "2010-12-31": "69.49%", "2010-09-30": "69.49%", "2010-06-30": "69.80%", "2010-03-31": "70.04%", "2009-12-31": "70.20%", "2009-09-30": "71.08%", "2009-06-30": "70.92%", "2009-03-31": "71.00%", "2008-12-31": "70.96%", "2008-09-30": "70.75%", "2008-06-30": "71.10%", "2008-03-31": "71.12%", "2007-12-31": "70.95%", "2007-09-30": "71.06%", "2007-06-30": "71.30%", "2007-03-31": "71.41%", "2006-12-31": "71.76%", "2006-09-30": "71.89%", "2006-06-30": "71.93%", "2006-03-31": "72.12%", "2005-12-31": "72.27%"}, "operating margin": {"2020-12-31": "20.16%", "2020-09-30": "23.58%", "2020-06-30": "20.27%", "2020-03-31": "23.47%", "2019-12-31": "21.12%", "2019-09-30": "19.87%", "2019-06-30": "23.37%", "2019-03-31": "20.76%", "2018-12-31": "22.06%", "2018-09-30": "21.43%", "2018-06-30": "22.07%", "2018-03-31": "22.34%", "2017-12-31": "23.12%", "2017-09-30": "26.14%", "2017-06-30": "27.48%", "2017-03-31": "27.83%", "2016-12-31": "27.55%", "2016-09-30": "26.87%", "2016-06-30": "25.51%", "2016-03-31": "26.95%", "2015-12-31": "27.39%", "2015-09-30": "25.73%", "2015-06-30": "28.98%", "2015-03-31": "28.15%", "2014-12-31": "27.66%", "2014-09-30": "27.69%", "2014-06-30": "23.75%", "2014-03-31": "23.13%", "2013-12-31": "21.69%", "2013-09-30": "22.44%", "2013-06-30": "22.50%", "2013-03-31": "18.94%", "2012-12-31": "20.49%", "2012-09-30": "16.68%", "2012-06-30": "17.74%", "2012-03-31": "19.84%", "2011-12-31": "19.01%", "2011-09-30": "22.15%", "2011-06-30": "22.68%", "2011-03-31": "24.43%", "2010-12-31": "27.52%", "2010-09-30": "27.72%", "2010-06-30": "27.72%", "2010-03-31": "27.83%", "2009-12-31": "25.45%", "2009-09-30": "27.54%", "2009-06-30": "27.23%", "2009-03-31": "26.89%", "2008-12-31": "26.56%", "2008-09-30": "24.40%", "2008-06-30": "23.16%", "2008-03-31": "23.10%", "2007-12-31": "21.74%", "2007-09-30": "23.22%", "2007-06-30": "24.59%", "2007-03-31": "24.61%", "2006-12-31": "27.36%", "2006-09-30": "27.52%", "2006-06-30": "27.58%", "2006-03-31": "27.24%", "2005-12-31": "25.97%"}, "ebitda margin": {"2020-09-30": "32.84%", "2020-06-30": "29.55%", "2020-03-31": "32.61%", "2019-12-31": "30.48%", "2019-09-30": "29.51%", "2019-06-30": "33.42%", "2019-03-31": "31.04%", "2018-12-31": "32.54%", "2018-09-30": "31.98%", "2018-06-30": "32.55%", "2018-03-31": "32.31%", "2017-12-31": "32.22%", "2017-09-30": "34.30%", "2017-06-30": "34.72%", "2017-03-31": "34.69%", "2016-12-31": "34.29%", "2016-09-30": "33.51%", "2016-06-30": "32.06%", "2016-03-31": "33.37%", "2015-12-31": "33.71%", "2015-09-30": "31.86%", "2015-06-30": "35.00%", "2015-03-31": "34.10%", "2014-12-31": "33.71%", "2014-09-30": "33.87%", "2014-06-30": "30.03%", "2014-03-31": "29.59%", "2013-12-31": "28.23%", "2013-09-30": "28.91%", "2013-06-30": "29.11%", "2013-03-31": "25.51%", "2012-12-31": "26.83%", "2012-09-30": "22.99%", "2012-06-30": "23.82%", "2012-03-31": "25.77%", "2011-12-31": "24.88%", "2011-09-30": "27.88%", "2011-06-30": "28.36%", "2011-03-31": "30.11%", "2010-12-31": "33.20%", "2010-09-30": "33.19%", "2010-06-30": "33.18%", "2010-03-31": "33.23%", "2009-12-31": "30.81%", "2009-09-30": "33.13%", "2009-06-30": "32.98%", "2009-03-31": "32.62%", "2008-12-31": "32.25%", "2008-09-30": "30.30%", "2008-06-30": "28.87%", "2008-03-31": "28.87%", "2007-12-31": "27.51%", "2007-09-30": "28.72%", "2007-06-30": "30.16%", "2007-03-31": "30.23%", "2006-12-31": "33.11%", "2006-09-30": "33.15%", "2006-06-30": "33.14%", "2006-03-31": "32.68%", "2005-12-31": "31.18%"}, "pre tax profit margin": {"2020-12-31": "19.98%", "2020-09-30": "23.58%", "2020-06-30": "20.27%", "2020-03-31": "23.47%", "2019-12-31": "21.12%", "2019-09-30": "19.87%", "2019-06-30": "23.37%", "2019-03-31": "20.76%", "2018-12-31": "22.06%", "2018-09-30": "21.43%", "2018-06-30": "22.07%", "2018-03-31": "22.34%", "2017-12-31": "23.12%", "2017-09-30": "26.14%", "2017-06-30": "27.48%", "2017-03-31": "27.83%", "2016-12-31": "27.55%", "2016-09-30": "26.87%", "2016-06-30": "25.51%", "2016-03-31": "26.95%", "2015-12-31": "27.39%", "2015-09-30": "25.73%", "2015-06-30": "28.98%", "2015-03-31": "28.15%", "2014-12-31": "27.66%", "2014-09-30": "27.69%", "2014-06-30": "23.75%", "2014-03-31": "23.13%", "2013-12-31": "21.69%", "2013-09-30": "22.44%", "2013-06-30": "22.50%", "2013-03-31": "18.94%", "2012-12-31": "20.49%", "2012-09-30": "16.68%", "2012-06-30": "17.74%", "2012-03-31": "19.84%", "2011-12-31": "19.01%", "2011-09-30": "22.15%", "2011-06-30": "22.68%", "2011-03-31": "24.43%", "2010-12-31": "27.52%", "2010-09-30": "27.72%", "2010-06-30": "27.72%", "2010-03-31": "27.83%", "2009-12-31": "25.45%", "2009-09-30": "27.54%", "2009-06-30": "27.23%", "2009-03-31": "26.89%", "2008-12-31": "26.56%", "2008-09-30": "24.40%", "2008-06-30": "23.16%", "2008-03-31": "23.10%", "2007-12-31": "21.74%", "2007-09-30": "23.22%", "2007-06-30": "24.59%", "2007-03-31": "24.61%", "2006-12-31": "27.36%", "2006-09-30": "27.52%", "2006-06-30": "27.58%", "2006-03-31": "27.24%", "2005-12-31": "25.97%"}, "net profit margin": {"2020-12-31": "17.82%", "2020-09-30": "21.01%", "2020-06-30": "18.86%", "2020-03-31": "20.75%", "2019-12-31": "18.42%", "2019-09-30": "17.32%", "2019-06-30": "20.08%", "2019-03-31": "17.99%", "2018-12-31": "18.75%", "2018-09-30": "1.89%", "2018-06-30": "1.70%", "2018-03-31": "1.58%", "2017-12-31": "1.70%", "2017-09-30": "21.28%", "2017-06-30": "22.52%", "2017-03-31": "22.87%", "2016-12-31": "23.01%", "2016-09-30": "22.27%", "2016-06-30": "21.20%", "2016-03-31": "22.15%", "2015-12-31": "21.99%", "2015-09-30": "20.87%", "2015-06-30": "22.41%", "2015-03-31": "21.63%", "2014-12-31": "21.96%", "2014-09-30": "23.27%", "2014-06-30": "21.15%", "2014-03-31": "20.94%", "2013-12-31": "19.40%", "2013-09-30": "18.26%", "2013-06-30": "18.38%", "2013-03-31": "15.22%", "2012-12-31": "16.14%", "2012-09-30": "12.90%", "2012-06-30": "13.47%", "2012-03-31": "15.55%", "2011-12-31": "14.87%", "2011-09-30": "17.69%", "2011-06-30": "18.32%", "2011-03-31": "19.77%", "2010-12-31": "21.65%", "2010-09-30": "21.76%", "2010-06-30": "21.61%", "2010-03-31": "21.26%", "2009-12-31": "19.82%", "2009-09-30": "21.10%", "2009-06-30": "20.76%", "2009-03-31": "20.55%", "2008-12-31": "20.31%", "2008-09-30": "19.54%", "2008-06-30": "18.64%", "2008-03-31": "18.64%", "2007-12-31": "17.31%", "2007-09-30": "17.63%", "2007-06-30": "18.52%", "2007-03-31": "18.64%", "2006-12-31": "20.73%", "2006-09-30": "21.01%", "2006-06-30": "20.98%", "2006-03-31": "20.77%", "2005-12-31": "19.92%"}, "pe ratio": {"current": "20.48", "2021-02-05": "33.84", "2020-12-31": "32.38", "2020-09-30": "23.25", "2020-06-30": "20.28", "2020-03-31": "16.99", "2019-12-31": "20.94", "2019-09-30": "19.54", "2019-06-30": "22.33", "2019-03-31": "24.85", "2018-12-31": "21.94", "2018-09-30": "261.89", "2018-06-30": "265.65", "2018-03-31": "315.14", "2017-12-31": "332.67", "2017-09-30": "20.83", "2017-06-30": "20.49", "2017-03-31": "19.07", "2016-12-31": "17.74", "2016-09-30": "18.80", "2016-06-30": "20.36", "2016-03-31": "17.44", "2015-12-31": "16.47", "2015-09-30": "15.60", "2015-06-30": "14.85", "2015-03-31": "15.49", "2014-12-31": "15.68", "2014-09-30": "14.99", "2014-06-30": "16.29", "2014-03-31": "15.71", "2013-12-31": "15.81", "2013-09-30": "15.92", "2013-06-30": "15.61", "2013-03-31": "18.03", "2012-12-31": "14.62", "2012-09-30": "18.14", "2012-06-30": "17.07", "2012-03-31": "14.24", "2011-12-31": "14.68", "2011-09-30": "11.99", "2011-06-30": "12.17", "2011-03-31": "10.19", "2010-12-31": "9.72", "2010-09-30": "9.48", "2010-06-30": "9.01", "2010-03-31": "10.02", "2009-12-31": "10.62", "2009-09-30": "9.57", "2009-06-30": "8.92", "2009-03-31": "8.15", "2008-12-31": "9.19", "2008-09-30": "10.92", "2008-06-30": "10.78", "2008-03-31": "11.12", "2007-12-31": "12.55", "2007-09-30": "12.56", "2007-06-30": "11.51", "2007-03-31": "11.50", "2006-12-31": "11.79"}, "price sales": {"2021-02-05": "5.31", "2020-12-31": "5.09", "2020-09-30": "4.89", "2020-06-30": "4.61", "2020-03-31": "4.16", "2019-12-31": "4.65", "2019-09-30": "4.13", "2019-06-30": "4.49", "2019-03-31": "4.47", "2018-12-31": "4.11", "2018-09-30": "4.39", "2018-06-30": "3.87", "2018-03-31": "4.17", "2017-12-31": "4.66", "2017-09-30": "4.45", "2017-06-30": "4.63", "2017-03-31": "4.37", "2016-12-31": "4.05", "2016-09-30": "4.15", "2016-06-30": "4.29", "2016-03-31": "3.84", "2015-12-31": "3.63", "2015-09-30": "3.27", "2015-06-30": "3.34", "2015-03-31": "3.36", "2014-12-31": "3.45", "2014-09-30": "3.49", "2014-06-30": "3.45", "2014-03-31": "3.30", "2013-12-31": "3.07", "2013-09-30": "2.91", "2013-06-30": "2.86", "2013-03-31": "2.73", "2012-12-31": "2.36", "2012-09-30": "2.34", "2012-06-30": "2.30", "2012-03-31": "2.21", "2011-12-31": "2.18", "2011-09-30": "2.12", "2011-06-30": "2.23", "2011-03-31": "2.01", "2010-12-31": "2.11", "2010-09-30": "2.06", "2010-06-30": "1.95", "2010-03-31": "2.13", "2009-12-31": "2.11", "2009-09-30": "2.03", "2009-06-30": "1.86", "2009-03-31": "1.68", "2008-12-31": "1.87", "2008-09-30": "2.14", "2008-06-30": "2.02", "2008-03-31": "2.08", "2007-12-31": "2.18", "2007-09-30": "2.22", "2007-06-30": "2.14", "2007-03-31": "2.15", "2006-12-31": "2.45"}, "price book": {"current": "6.71", "2021-02-05": "6.71", "2020-09-30": "6.04", "2020-06-30": "5.80", "2020-03-31": "5.52", "2019-12-31": "6.28", "2019-09-30": "5.65", "2019-06-30": "5.85", "2019-03-31": "6.05", "2018-12-31": "5.48", "2018-09-30": "5.44", "2018-06-30": "4.87", "2018-03-31": "5.08", "2017-12-31": "5.79", "2017-09-30": "4.36", "2017-06-30": "4.53", "2017-03-31": "4.35", "2016-12-31": "4.01", "2016-09-30": "3.97", "2016-06-30": "4.09", "2016-03-31": "3.63", "2015-12-31": "3.50", "2015-09-30": "3.16", "2015-06-30": "3.29", "2015-03-31": "3.54", "2014-12-31": "3.57", "2014-09-30": "3.31", "2014-06-30": "3.19", "2014-03-31": "3.04", "2013-12-31": "2.90", "2013-09-30": "2.89", "2013-06-30": "2.84", "2013-03-31": "2.78", "2012-12-31": "2.43", "2012-09-30": "2.39", "2012-06-30": "2.44", "2012-03-31": "2.32", "2011-12-31": "2.44", "2011-09-30": "2.18", "2011-06-30": "2.24", "2011-03-31": "2.05", "2010-12-31": "2.25", "2010-09-30": "2.21", "2010-06-30": "2.27", "2010-03-31": "2.49", "2009-12-31": "2.55", "2009-09-30": "2.40", "2009-06-30": "2.42", "2009-03-31": "2.35", "2008-12-31": "2.74", "2008-09-30": "2.93", "2008-06-30": "2.68", "2008-03-31": "2.75", "2007-12-31": "2.99", "2007-09-30": "2.94", "2007-06-30": "2.79", "2007-03-31": "2.85", "2006-12-31": "3.23", "2006-09-30": "3.08", "2006-06-30": "2.84", "2006-03-31": "2.80"}, "price fcf": {"2021-02-05": "", "2020-09-30": "$6.91", "2020-06-30": "$6.65", "2020-03-31": "$8.50", "2019-12-31": "$8.64", "2019-09-30": "$9.35", "2019-06-30": "$8.74", "2019-03-31": "$8.04", "2018-12-31": "$7.97", "2018-09-30": "$7.48", "2018-06-30": "$7.70", "2018-03-31": "$7.36", "2017-12-31": "$7.14", "2017-09-30": "$7.11", "2017-06-30": "$6.62", "2017-03-31": "$6.33", "2016-12-31": "$6.03", "2016-09-30": "$5.86", "2016-06-30": "$6.19", "2016-03-31": "$6.66", "2015-12-31": "$6.96", "2015-09-30": "$6.13", "2015-06-30": "$6.80", "2015-03-31": "$6.56", "2014-12-31": "$6.85", "2014-09-30": "$6.76", "2014-06-30": "$5.83", "2014-03-31": "$5.49", "2013-12-31": "$4.96", "2013-09-30": "$4.94", "2013-06-30": "$4.71", "2013-03-31": "$4.64", "2012-12-31": "$4.97", "2012-09-30": "$5.02", "2012-06-30": "$5.05", "2012-03-31": "$4.83", "2011-12-31": "$4.59", "2011-09-30": "$4.62", "2011-06-30": "$4.71", "2011-03-31": "$4.72", "2010-12-31": "$5.21", "2010-09-30": "$5.76", "2010-06-30": "$5.69", "2010-03-31": "$5.50", "2009-12-31": "$5.15", "2009-09-30": "$4.77", "2009-06-30": "$4.60", "2009-03-31": "$4.36", "2008-12-31": "$4.48", "2008-09-30": "$4.28", "2008-06-30": "$4.03", "2008-03-31": "$4.05", "2007-12-31": "$4.31", "2007-09-30": "$4.49", "2007-06-30": "$4.49", "2007-03-31": "$4.30", "2006-12-31": "$4.08"}, "net worth": {"value": "$432.92B"}, "current ratio": {"2020-12-31": "0.00", "2020-09-30": "1.48", "2020-06-30": "1.25", "2020-03-31": "1.31", "2019-12-31": "1.26", "2019-09-30": "1.26", "2019-06-30": "1.33", "2019-03-31": "1.44", "2018-12-31": "1.47", "2018-09-30": "1.72", "2018-06-30": "1.65", "2018-03-31": "1.58", "2017-12-31": "1.41", "2017-09-30": "1.32", "2017-06-30": "1.34", "2017-03-31": "2.52", "2016-12-31": "2.47", "2016-09-30": "2.73", "2016-06-30": "3.08", "2016-03-31": "2.83", "2015-12-31": "2.17", "2015-09-30": "2.51", "2015-06-30": "2.49", "2015-03-31": "2.44", "2014-12-31": "2.23", "2014-09-30": "2.61", "2014-06-30": "2.47", "2014-03-31": "2.41", "2013-12-31": "2.20", "2013-09-30": "2.02", "2013-06-30": "2.16", "2013-03-31": "2.10", "2012-12-31": "1.90", "2012-09-30": "1.87", "2012-06-30": "1.75", "2012-03-31": "2.69", "2011-12-31": "2.38", "2011-09-30": "2.46", "2011-06-30": "2.51", "2011-03-31": "2.05", "2010-12-31": "2.05", "2010-09-30": "2.45", "2010-06-30": "2.27", "2010-03-31": "2.10", "2009-12-31": "1.82", "2009-09-30": "1.85", "2009-06-30": "1.79", "2009-03-31": "1.63", "2008-12-31": "1.65", "2008-09-30": "1.61", "2008-06-30": "1.64", "2008-03-31": "1.53", "2007-12-31": "1.51", "2007-09-30": "1.50", "2007-06-30": "1.36", "2007-03-31": "1.26", "2006-12-31": "1.20", "2006-09-30": "2.59", "2006-06-30": "2.59", "2006-03-31": "2.56", "2005-12-31": "2.49", "2005-09-30": "2.54", "2005-06-30": "2.47", "2005-03-31": "2.22"}, "quick ratio": {"2020-12-31": "0.00", "2020-09-30": "1.24", "2020-06-30": "0.99", "2020-03-31": "1.05", "2019-12-31": "1.01", "2019-09-30": "1.00", "2019-06-30": "1.04", "2019-03-31": "1.13", "2018-12-31": "1.20", "2018-09-30": "1.40", "2018-06-30": "1.33", "2018-03-31": "1.25", "2017-12-31": "1.12", "2017-09-30": "1.02", "2017-06-30": "1.01", "2017-03-31": "2.17", "2016-12-31": "2.16", "2016-09-30": "2.36", "2016-06-30": "2.68", "2016-03-31": "2.47", "2015-12-31": "1.88", "2015-09-30": "2.19", "2015-06-30": "2.15", "2015-03-31": "2.10", "2014-12-31": "1.90", "2014-09-30": "2.24", "2014-06-30": "2.13", "2014-03-31": "2.07", "2013-12-31": "1.89", "2013-09-30": "1.71", "2013-06-30": "1.83", "2013-03-31": "1.76", "2012-12-31": "1.59", "2012-09-30": "1.55", "2012-06-30": "1.42", "2012-03-31": "2.37", "2011-12-31": "2.11", "2011-09-30": "2.17", "2011-06-30": "2.20", "2011-03-31": "1.79", "2010-12-31": "1.82", "2010-09-30": "2.14", "2010-06-30": "1.98", "2010-03-31": "1.81", "2009-12-31": "1.58", "2009-09-30": "1.56", "2009-06-30": "1.51", "2009-03-31": "1.38", "2008-12-31": "1.41", "2008-09-30": "1.37", "2008-06-30": "1.38", "2008-03-31": "1.28", "2007-12-31": "1.25", "2007-09-30": "1.22", "2007-06-30": "1.09", "2007-03-31": "1.00", "2006-12-31": "0.94", "2006-09-30": "2.23", "2006-06-30": "2.23", "2006-03-31": "2.24", "2005-12-31": "2.18", "2005-09-30": "2.21", "2005-06-30": "2.13", "2005-03-31": "1.92"}, "debt equity ratio": {"current": "0.51", "2020-12-31": "0.00", "2020-09-30": "1.65", "2020-06-30": "1.52", "2020-03-31": "1.53", "2019-12-31": "1.65", "2019-09-30": "1.67", "2019-06-30": "1.55", "2019-03-31": "1.55", "2018-12-31": "1.56", "2018-09-30": "1.41", "2018-06-30": "1.47", "2018-03-31": "1.48", "2017-12-31": "1.62", "2017-09-30": "1.10", "2017-06-30": "1.13", "2017-03-31": "1.06", "2016-12-31": "1.01", "2016-09-30": "0.93", "2016-06-30": "0.93", "2016-03-31": "0.88", "2015-12-31": "0.88", "2015-09-30": "0.86", "2015-06-30": "0.86", "2015-03-31": "0.89", "2014-12-31": "0.87", "2014-09-30": "0.73", "2014-06-30": "0.73", "2014-03-31": "0.74", "2013-12-31": "0.79", "2013-09-30": "0.82", "2013-06-30": "0.79", "2013-03-31": "0.82", "2012-12-31": "0.87", "2012-09-30": "0.87", "2012-06-30": "0.92", "2012-03-31": "0.89", "2011-12-31": "0.99", "2011-09-30": "0.82", "2011-06-30": "0.80", "2011-03-31": "0.81", "2010-12-31": "0.82", "2010-09-30": "0.72", "2010-06-30": "0.75", "2010-03-31": "0.77", "2009-12-31": "0.87", "2009-09-30": "0.82", "2009-06-30": "0.89", "2009-03-31": "0.97", "2008-12-31": "1.00", "2008-09-30": "0.92", "2008-06-30": "0.90", "2008-03-31": "0.89", "2007-12-31": "0.87", "2007-09-30": "0.81", "2007-06-30": "0.73", "2007-03-31": "0.79", "2006-12-31": "0.79", "2006-09-30": "0.51", "2006-06-30": "0.50", "2006-03-31": "0.51", "2005-12-31": "0.52", "2005-09-30": "0.54", "2005-06-30": "0.55", "2005-03-31": "0.62"}, "return on equity": {"2020-12-31": "31.18%", "2020-09-30": "27.37%", "2020-06-30": "25.10%", "2020-03-31": "28.64%", "2019-12-31": "25.47%", "2019-09-30": "23.81%", "2019-06-30": "26.76%", "2019-03-31": "23.85%", "2018-12-31": "24.42%", "2018-09-30": "2.46%", "2018-06-30": "2.11%", "2018-03-31": "1.85%", "2017-12-31": "1.88%", "2017-09-30": "22.08%", "2017-06-30": "22.89%", "2017-03-31": "23.08%", "2016-12-31": "22.95%", "2016-09-30": "22.06%", "2016-06-30": "20.88%", "2016-03-31": "21.71%", "2015-12-31": "21.88%", "2015-09-30": "21.00%", "2015-06-30": "22.58%", "2015-03-31": "21.78%", "2014-12-31": "21.69%", "2014-09-30": "22.70%", "2014-06-30": "20.84%", "2014-03-31": "20.77%", "2013-12-31": "19.73%", "2013-09-30": "19.00%", "2013-06-30": "19.41%", "2013-03-31": "16.32%", "2012-12-31": "17.34%", "2012-09-30": "14.02%", "2012-06-30": "14.54%", "2012-03-31": "16.70%", "2011-12-31": "16.08%", "2011-09-30": "18.99%", "2011-06-30": "19.69%", "2011-03-31": "21.69%", "2010-12-31": "24.28%", "2010-09-30": "25.46%", "2010-06-30": "26.17%", "2010-03-31": "26.55%", "2009-12-31": "25.69%", "2009-09-30": "27.93%", "2009-06-30": "28.58%", "2009-03-31": "28.82%", "2008-12-31": "28.73%", "2008-09-30": "27.85%", "2008-06-30": "26.48%", "2008-03-31": "26.42%", "2007-12-31": "24.75%", "2007-09-30": "24.85%", "2007-06-30": "25.82%", "2007-03-31": "25.55%", "2006-12-31": "27.33%", "2006-09-30": "27.25%", "2006-06-30": "27.34%", "2006-03-31": "27.73%", "2005-12-31": "27.87%"}, "return on assets": {"2020-12-31": "12.16%", "2020-09-30": "10.59%", "2020-06-30": "9.69%", "2020-03-31": "11.01%", "2019-12-31": "9.78%", "2019-09-30": "9.22%", "2019-06-30": "10.64%", "2019-03-31": "9.56%", "2018-12-31": "9.86%", "2018-09-30": "0.99%", "2018-06-30": "0.88%", "2018-03-31": "0.80%", "2017-12-31": "0.85%", "2017-09-30": "10.65%", "2017-06-30": "11.28%", "2017-03-31": "11.66%", "2016-12-31": "11.86%", "2016-09-30": "11.60%", "2016-06-30": "11.08%", "2016-03-31": "11.62%", "2015-12-31": "11.69%", "2015-09-30": "11.23%", "2015-06-30": "12.32%", "2015-03-31": "12.10%", "2014-12-31": "12.30%", "2014-09-30": "12.99%", "2014-06-30": "11.78%", "2014-03-31": "11.65%", "2013-12-31": "10.94%", "2013-09-30": "10.43%", "2013-06-30": "10.59%", "2013-03-31": "8.74%", "2012-12-31": "9.19%", "2012-09-30": "7.32%", "2012-06-30": "7.64%", "2012-03-31": "8.91%", "2011-12-31": "8.68%", "2011-09-30": "10.48%", "2011-06-30": "11.02%", "2011-03-31": "12.23%", "2010-12-31": "13.79%", "2010-09-30": "14.36%", "2010-06-30": "14.54%", "2010-03-31": "14.47%", "2009-12-31": "13.64%", "2009-09-30": "14.60%", "2009-06-30": "14.72%", "2009-03-31": "14.83%", "2008-12-31": "14.94%", "2008-09-30": "14.71%", "2008-06-30": "14.20%", "2008-03-31": "14.49%", "2007-12-31": "13.76%", "2007-09-30": "13.97%", "2007-06-30": "15.14%", "2007-03-31": "15.53%", "2006-12-31": "17.34%", "2006-09-30": "18.06%", "2006-06-30": "18.04%", "2006-03-31": "18.14%", "2005-12-31": "17.93%"}, "return on investments": {"2020-12-31": "24.49%", "2020-09-30": "21.31%", "2020-06-30": "18.87%", "2020-03-31": "22.43%", "2019-12-31": "20.02%", "2019-09-30": "18.68%", "2019-06-30": "21.32%", "2019-03-31": "18.80%", "2018-12-31": "19.62%", "2018-09-30": "18.83%", "2018-06-30": "18.90%", "2018-03-31": "18.32%", "2017-12-31": "18.21%", "2017-09-30": "19.93%", "2017-06-30": "20.66%", "2017-03-31": "20.95%", "2016-12-31": "20.90%", "2016-09-30": "20.78%", "2016-06-30": "20.11%", "2016-03-31": "21.76%", "2015-12-31": "22.74%", "2015-09-30": "21.43%", "2015-06-30": "24.32%", "2015-03-31": "23.76%", "2014-12-31": "23.11%", "2014-09-30": "23.00%", "2014-06-30": "20.06%", "2014-03-31": "19.79%", "2013-12-31": "19.07%", "2013-09-30": "20.19%", "2013-06-30": "20.39%", "2013-03-31": "17.22%", "2012-12-31": "18.50%", "2012-09-30": "15.08%", "2012-06-30": "15.82%", "2012-03-31": "17.50%", "2011-12-31": "17.08%", "2011-09-30": "20.01%", "2011-06-30": "20.75%", "2011-03-31": "23.16%", "2010-12-31": "26.69%", "2010-09-30": "28.05%", "2010-06-30": "29.01%", "2010-03-31": "29.88%", "2009-12-31": "28.17%", "2009-09-30": "30.93%", "2009-06-30": "31.68%", "2009-03-31": "31.77%", "2008-12-31": "31.83%", "2008-09-30": "29.63%", "2008-06-30": "28.50%", "2008-03-31": "29.26%", "2007-12-31": "28.46%", "2007-09-30": "30.76%", "2007-06-30": "32.68%", "2007-03-31": "32.14%", "2006-12-31": "34.38%", "2006-09-30": "34.01%", "2006-06-30": "34.17%", "2006-03-31": "34.44%", "2005-12-31": "34.22%"}, "return on tangible equity": {"2020-09-30": "-88.83%", "2020-06-30": "-73.55%", "2020-03-31": "-79.42%", "2019-12-31": "-70.04%", "2019-09-30": "-68.33%", "2019-06-30": "-87.54%", "2019-03-31": "-83.96%", "2018-12-31": "-86.43%", "2018-09-30": "-7.96%", "2018-06-30": "-7.35%", "2018-03-31": "-6.98%", "2017-12-31": "-14.82%", "2017-09-30": "596.35%", "2017-06-30": "146.93%", "2017-03-31": "79.16%", "2016-12-31": "71.66%", "2016-09-30": "66.88%", "2016-06-30": "61.54%", "2016-03-31": "65.03%", "2015-12-31": "68.35%", "2015-09-30": "67.57%", "2015-06-30": "70.43%", "2015-03-31": "65.10%", "2014-12-31": "62.16%", "2014-09-30": "64.36%", "2014-06-30": "63.82%", "2014-03-31": "68.32%", "2013-12-31": "71.01%", "2013-09-30": "75.47%", "2013-06-30": "81.73%", "2013-03-31": "78.55%", "2012-12-31": "68.33%", "2012-09-30": "46.80%", "2012-06-30": "40.29%", "2012-03-31": "38.71%", "2011-12-31": "37.70%", "2011-09-30": "43.67%", "2011-06-30": "45.54%", "2011-03-31": "51.06%", "2010-12-31": "57.77%", "2010-09-30": "62.41%", "2010-06-30": "66.77%", "2010-03-31": "69.33%", "2009-12-31": "69.72%", "2009-09-30": "77.67%", "2009-06-30": "79.34%", "2009-03-31": "80.26%", "2008-12-31": "79.19%", "2008-09-30": "77.42%", "2008-06-30": "76.37%", "2008-03-31": "78.96%", "2007-12-31": "77.95%", "2007-09-30": "82.39%", "2007-06-30": "66.63%", "2007-03-31": "53.59%", "2006-12-31": "47.25%", "2006-09-30": "40.12%", "2006-06-30": "40.22%", "2006-03-31": "41.08%", "2005-12-31": "41.87%"}, "dividend yield history": {"last payout": "$4.04", "last yield": "2.46%"}}