{"ticker": "JPM", "price": {"title": "JPMorgan Chase Historical Annual Stock Price Data", "value": 137.98, "historical": {"2021": {"Average Stock Price": "133.9212", "Year Open": "127.0700", "Year High": "141.1700", "Year Low": "125.6500", "Year Close": "137.9800", "Annual % Change": "8.59%"}, "2020": {"Average Stock Price": "106.5120", "Year Open": "141.0900", "Year High": "141.0900", "Year Low": "79.0300", "Year Close": "127.0700", "Annual % Change": "-8.85%"}, "2019": {"Average Stock Price": "113.8000", "Year Open": "99.3100", "Year High": "139.4000", "Year Low": "97.1100", "Year Close": "139.4000", "Annual % Change": "42.80%"}, "2018": {"Average Stock Price": "110.7233", "Year Open": "107.9500", "Year High": "118.7700", "Year Low": "92.1400", "Year Close": "97.6200", "Annual % Change": "-8.72%"}, "2017": {"Average Stock Price": "92.0096", "Year Open": "87.2300", "Year High": "107.8300", "Year Low": "82.1500", "Year Close": "106.9400", "Annual % Change": "23.93%"}, "2016": {"Average Stock Price": "65.6228", "Year Open": "63.6200", "Year High": "87.1300", "Year Low": "53.0700", "Year Close": "86.2900", "Annual % Change": "30.68%"}, "2015": {"Average Stock Price": "63.8295", "Year Open": "62.4900", "Year High": "70.0800", "Year Low": "54.3800", "Year Close": "66.0300", "Annual % Change": "5.51%"}, "2014": {"Average Stock Price": "58.1734", "Year Open": "58.2100", "Year High": "63.1500", "Year Low": "53.3100", "Year Close": "62.5800", "Annual % Change": "7.01%"}, "2013": {"Average Stock Price": "51.8775", "Year Open": "44.6600", "Year High": "58.4800", "Year Low": "44.5700", "Year Close": "58.4800", "Annual % Change": "33.00%"}, "2012": {"Average Stock Price": "39.2198", "Year Open": "34.9800", "Year High": "46.2700", "Year Low": "31.0000", "Year Close": "43.9691", "Annual % Change": "32.24%"}, "2011": {"Average Stock Price": "39.3579", "Year Open": "43.5800", "Year High": "48.0000", "Year Low": "28.3800", "Year Close": "33.2500", "Annual % Change": "-21.62%"}, "2010": {"Average Stock Price": "40.3571", "Year Open": "42.8500", "Year High": "47.8100", "Year Low": "35.6300", "Year Close": "42.4200", "Annual % Change": "1.92%"}, "2009": {"Average Stock Price": "35.4941", "Year Open": "31.3500", "Year High": "47.1600", "Year Low": "15.9000", "Year Close": "41.6200", "Annual % Change": "32.00%"}, "2008": {"Average Stock Price": "39.8268", "Year Open": "42.1700", "Year High": "49.8500", "Year Low": "22.7200", "Year Close": "31.5300", "Annual % Change": "-27.77%"}, "2007": {"Average Stock Price": "47.7534", "Year Open": "48.0700", "Year High": "53.2000", "Year Low": "40.4600", "Year Close": "43.6500", "Annual % Change": "-9.63%"}, "2006": {"Average Stock Price": "43.9335", "Year Open": "40.1900", "Year High": "48.9500", "Year Low": "38.0500", "Year Close": "48.3000", "Annual % Change": "21.69%"}, "2005": {"Average Stock Price": "36.0690", "Year Open": "39.1500", "Year High": "40.2000", "Year Low": "33.2700", "Year Close": "39.6900", "Annual % Change": "1.74%"}, "2004": {"Average Stock Price": "38.6985", "Year Open": "36.6200", "Year High": "43.0100", "Year Low": "35.1900", "Year Close": "39.0100", "Annual % Change": "6.21%"}, "2003": {"Average Stock Price": "31.2590", "Year Open": "25.4400", "Year High": "37.3000", "Year Low": "20.7500", "Year Close": "36.7300", "Annual % Change": "53.04%"}, "2002": {"Average Stock Price": "28.8712", "Year Open": "36.3500", "Year High": "39.1400", "Year Low": "15.4500", "Year Close": "24.0000", "Annual % Change": "-33.98%"}, "2001": {"Average Stock Price": "42.9323", "Year Open": "44.0000", "Year High": "55.9800", "Year Low": "30.8200", "Year Close": "36.3500", "Annual % Change": "-20.00%"}, "2000": {"Average Stock Price": "49.2361", "Year Open": "48.5800", "Year High": "65.6667", "Year Low": "36.8800", "Year Close": "45.4400", "Annual % Change": "-12.27%"}, "1999": {"Average Stock Price": "52.9140", "Year Open": "47.9200", "Year High": "59.2933", "Year Low": "44.3333", "Year Close": "51.7933", "Annual % Change": "9.42%"}, "1998": {"Average Stock Price": "41.6311", "Year Open": "36.8733", "Year High": "51.3333", "Year Low": "26.8333", "Year Close": "47.3333", "Annual % Change": "29.68%"}, "1997": {"Average Stock Price": "34.8537", "Year Open": "29.3333", "Year High": "42.1267", "Year Low": "28.4567", "Year Close": "36.5000", "Annual % Change": "22.51%"}, "1996": {"Average Stock Price": "24.7284", "Year Open": "19.5833", "Year High": "31.7933", "Year Low": "18.0433", "Year Close": "29.7933", "Annual % Change": "52.14%"}, "1995": {"Average Stock Price": "16.4444", "Year Open": "12.0833", "Year High": "21.3733", "Year Low": "12.0833", "Year Close": "19.5833", "Annual % Change": "63.79%"}, "1994": {"Average Stock Price": "12.4934", "Year Open": "13.4567", "Year High": "13.8333", "Year Low": "11.3733", "Year Close": "11.9567", "Annual % Change": "-10.59%"}, "1993": {"Average Stock Price": "13.4815", "Year Open": "12.8733", "Year High": "15.3733", "Year Low": "11.8333", "Year Close": "13.3733", "Annual % Change": "3.88%"}, "1992": {"Average Stock Price": "11.3258", "Year Open": "7.7933", "Year High": "12.9567", "Year Low": "7.7933", "Year Close": "12.8733", "Annual % Change": "81.74%"}, "1991": {"Average Stock Price": "7.0280", "Year Open": "3.7500", "Year High": "9.6667", "Year Low": "3.5000", "Year Close": "7.0833", "Annual % Change": "97.68%"}, "1990": {"Average Stock Price": "7.2127", "Year Open": "10.0000", "Year High": "10.4167", "Year Low": "3.3733", "Year Close": "3.5833", "Annual % Change": "-64.01%"}, "1989": {"Average Stock Price": "11.5746", "Year Open": "10.2500", "Year High": "13.7067", "Year Low": "9.6267", "Year Close": "9.9567", "Annual % Change": "-3.64%"}, "1988": {"Average Stock Price": "9.3910", "Year Open": "7.6667", "Year High": "11.2933", "Year Low": "6.7067", "Year Close": "10.3333", "Annual % Change": "44.99%"}, "1987": {"Average Stock Price": "13.1391", "Year Open": "14.2933", "Year High": "16.5000", "Year Low": "6.9167", "Year Close": "7.1267", "Annual % Change": "-49.40%"}, "1986": {"Average Stock Price": "15.7945", "Year Open": "15.2933", "Year High": "18.4167", "Year Low": "13.8733", "Year Close": "14.0833", "Annual % Change": "-6.90%"}, "1985": {"Average Stock Price": "13.2493", "Year Open": "11.4567", "Year High": "15.3333", "Year Low": "11.1667", "Year Close": "15.1267", "Annual % Change": "31.54%"}, "1984": {"Average Stock Price": "9.9969", "Year Open": "9.7778", "Year High": "11.6667", "Year Low": "7.9567", "Year Close": "11.5000", "Annual % Change": "17.61%"}}}, "market cap": {"value": "$420.59B"}, "income statement": {"Revenue": {"2020-12-31": "129503.00000", "2019-12-31": "142422.00000", "2018-12-31": "130070.00000", "2017-12-31": "114579.00000", "2016-12-31": "106387.00000", "2015-12-31": "101006.00000", "2014-12-31": "103009.00000", "2013-12-31": "106717.00000", "2012-12-31": "108074.00000", "2011-12-31": "110838.00000", "2010-12-31": "115475.00000", "2009-12-31": "115632.00000", "2008-12-31": "101491.00000", "2007-12-31": "116353.00000", "2006-12-31": "99864.00000", "2005-12-31": "79768.00000"}, "Cost Of Goods Sold": {"2020-12-31": "9960.00000", "2019-12-31": "26795.00000", "2018-12-31": "21041.00000", "2017-12-31": "13874.00000", "2016-12-31": "9818.00000", "2015-12-31": "7463.00000", "2014-12-31": "7897.00000", "2013-12-31": "9350.00000", "2012-12-31": "11043.00000", "2011-12-31": "13604.00000", "2010-12-31": "12781.00000", "2009-12-31": "15198.00000", "2008-12-31": "34239.00000", "2007-12-31": "44981.00000", "2006-12-31": "37865.00000", "2005-12-31": "25520.00000"}, "Gross Profit": {"2020-12-31": "119543.00000", "2019-12-31": "115627.00000", "2018-12-31": "109029.00000", "2017-12-31": "100705.00000", "2016-12-31": "96569.00000", "2015-12-31": "93543.00000", "2014-12-31": "95112.00000", "2013-12-31": "97367.00000", "2012-12-31": "97031.00000", "2011-12-31": "97234.00000", "2010-12-31": "102694.00000", "2009-12-31": "100434.00000", "2008-12-31": "67252.00000", "2007-12-31": "71372.00000", "2006-12-31": "61999.00000", "2005-12-31": "54248.00000"}, "Research And Development Expenses": {"2020-12-31": "", "2019-12-31": "", "2018-12-31": "", "2017-12-31": "", "2016-12-31": "", "2015-12-31": "", "2014-12-31": "", "2013-12-31": "", "2012-12-31": "", "2011-12-31": "", "2010-12-31": "", "2009-12-31": "", "2008-12-31": "", "2007-12-31": "", "2006-12-31": "", "2005-12-31": ""}, "SG&A Expenses": {"2020-12-31": "84136.00000", "2019-12-31": "71082.00000", "2018-12-31": "68265.00000", "2017-12-31": "64805.00000", "2016-12-31": "62033.00000", "2015-12-31": "62841.00000", "2014-12-31": "64413.00000", "2013-12-31": "70692.00000", "2012-12-31": "68114.00000", "2011-12-31": "69637.00000", "2010-12-31": "76899.00000", "2009-12-31": "82836.00000", "2008-12-31": "62784.00000", "2007-12-31": "46964.00000", "2006-12-31": "40380.00000", "2005-12-31": "40197.00000"}, "Other Operating Income Or Expenses": {"2020-12-31": "", "2019-12-31": "", "2018-12-31": "", "2017-12-31": "", "2016-12-31": "", "2015-12-31": "", "2014-12-31": "", "2013-12-31": "", "2012-12-31": "", "2011-12-31": "", "2010-12-31": "", "2009-12-31": "", "2008-12-31": "", "2007-12-31": "", "2006-12-31": "", "2005-12-31": ""}, "Operating Expenses": {"2020-12-31": "94096.00000", "2019-12-31": "97877.00000", "2018-12-31": "89306.00000", "2017-12-31": "78679.00000", "2016-12-31": "71851.00000", "2015-12-31": "70304.00000", "2014-12-31": "72310.00000", "2013-12-31": "80042.00000", "2012-12-31": "79157.00000", "2011-12-31": "84089.00000", "2010-12-31": "90616.00000", "2009-12-31": "99084.00000", "2008-12-31": "98286.00000", "2007-12-31": "93339.00000", "2006-12-31": "79673.00000", "2005-12-31": "67207.00000"}, "Operating Income": {"2020-12-31": "35407.00000", "2019-12-31": "44545.00000", "2018-12-31": "40764.00000", "2017-12-31": "35900.00000", "2016-12-31": "34536.00000", "2015-12-31": "30702.00000", "2014-12-31": "30699.00000", "2013-12-31": "26675.00000", "2012-12-31": "28917.00000", "2011-12-31": "26749.00000", "2010-12-31": "24859.00000", "2009-12-31": "16548.00000", "2008-12-31": "3205.00000", "2007-12-31": "23014.00000", "2006-12-31": "20191.00000", "2005-12-31": "12561.00000"}, "Total Non-Operating Income/Expense": {"2020-12-31": "", "2019-12-31": "", "2018-12-31": "", "2017-12-31": "", "2016-12-31": "", "2015-12-31": "", "2014-12-31": "", "2013-12-31": "", "2012-12-31": "", "2011-12-31": "", "2010-12-31": "", "2009-12-31": "-481.00000", "2008-12-31": "-432.00000", "2007-12-31": "-209.00000", "2006-12-31": "-305.00000", "2005-12-31": "-722.00000"}, "Pre-Tax Income": {"2020-12-31": "35407.00000", "2019-12-31": "44545.00000", "2018-12-31": "40764.00000", "2017-12-31": "35900.00000", "2016-12-31": "34536.00000", "2015-12-31": "30702.00000", "2014-12-31": "30699.00000", "2013-12-31": "26675.00000", "2012-12-31": "28917.00000", "2011-12-31": "26749.00000", "2010-12-31": "24859.00000", "2009-12-31": "16067.00000", "2008-12-31": "2773.00000", "2007-12-31": "22805.00000", "2006-12-31": "19886.00000", "2005-12-31": "11839.00000"}, "Income Taxes": {"2020-12-31": "6276.00000", "2019-12-31": "8114.00000", "2018-12-31": "8290.00000", "2017-12-31": "11459.00000", "2016-12-31": "9803.00000", "2015-12-31": "6260.00000", "2014-12-31": "8954.00000", "2013-12-31": "8789.00000", "2012-12-31": "7633.00000", "2011-12-31": "7773.00000", "2010-12-31": "7489.00000", "2009-12-31": "4415.00000", "2008-12-31": "-926.00000", "2007-12-31": "7440.00000", "2006-12-31": "6237.00000", "2005-12-31": "3585.00000"}, "Income After Taxes": {"2020-12-31": "29131.00000", "2019-12-31": "36431.00000", "2018-12-31": "32474.00000", "2017-12-31": "24441.00000", "2016-12-31": "24733.00000", "2015-12-31": "24442.00000", "2014-12-31": "21745.00000", "2013-12-31": "17886.00000", "2012-12-31": "21284.00000", "2011-12-31": "18976.00000", "2010-12-31": "17370.00000", "2009-12-31": "11652.00000", "2008-12-31": "3699.00000", "2007-12-31": "15365.00000", "2006-12-31": "13649.00000", "2005-12-31": "8254.00000"}, "Other Income": {"2020-12-31": "", "2019-12-31": "", "2018-12-31": "", "2017-12-31": "", "2016-12-31": "", "2015-12-31": "", "2014-12-31": "", "2013-12-31": "", "2012-12-31": "", "2011-12-31": "", "2010-12-31": "", "2009-12-31": "", "2008-12-31": "", "2007-12-31": "", "2006-12-31": "", "2005-12-31": ""}, "Income From Continuous Operations": {"2020-12-31": "29131.00000", "2019-12-31": "36431.00000", "2018-12-31": "32474.00000", "2017-12-31": "24441.00000", "2016-12-31": "24733.00000", "2015-12-31": "24442.00000", "2014-12-31": "21745.00000", "2013-12-31": "17886.00000", "2012-12-31": "21284.00000", "2011-12-31": "18976.00000", "2010-12-31": "17370.00000", "2009-12-31": "11652.00000", "2008-12-31": "3699.00000", "2007-12-31": "15365.00000", "2006-12-31": "13649.00000", "2005-12-31": "8254.00000"}, "Income From Discontinued Operations": {"2020-12-31": "", "2019-12-31": "", "2018-12-31": "", "2017-12-31": "", "2016-12-31": "", "2015-12-31": "", "2014-12-31": "", "2013-12-31": "", "2012-12-31": "", "2011-12-31": "", "2010-12-31": "", "2009-12-31": "", "2008-12-31": "", "2007-12-31": "", "2006-12-31": "795.00000", "2005-12-31": "229.00000"}, "Net Income": {"2020-12-31": "27410.00000", "2019-12-31": "34642.00000", "2018-12-31": "30709.00000", "2017-12-31": "22567.00000", "2016-12-31": "22834.00000", "2015-12-31": "22651.00000", "2014-12-31": "20077.00000", "2013-12-31": "16557.00000", "2012-12-31": "19877.00000", "2011-12-31": "17568.00000", "2010-12-31": "15764.00000", "2009-12-31": "8774.00000", "2008-12-31": "4742.00000", "2007-12-31": "14924.00000", "2006-12-31": "14440.00000", "2005-12-31": "8470.00000"}, "EBITDA": {"2020-12-31": "", "2019-12-31": "", "2018-12-31": "", "2017-12-31": "", "2016-12-31": "", "2015-12-31": "", "2014-12-31": "", "2013-12-31": "", "2012-12-31": "", "2011-12-31": "", "2010-12-31": "", "2009-12-31": "", "2008-12-31": "", "2007-12-31": "", "2006-12-31": "", "2005-12-31": ""}, "EBIT": {"2020-12-31": "", "2019-12-31": "", "2018-12-31": "", "2017-12-31": "", "2016-12-31": "", "2015-12-31": "", "2014-12-31": "", "2013-12-31": "", "2012-12-31": "", "2011-12-31": "", "2010-12-31": "", "2009-12-31": "", "2008-12-31": "", "2007-12-31": "", "2006-12-31": "", "2005-12-31": ""}, "Basic Shares Outstanding": {"2020-12-31": "3082.40000", "2019-12-31": "3221.50000", "2018-12-31": "3396.40000", "2017-12-31": "3551.60000", "2016-12-31": "3658.80000", "2015-12-31": "3741.20000", "2014-12-31": "3763.50000", "2013-12-31": "3782.40000", "2012-12-31": "3809.40000", "2011-12-31": "3900.40000", "2010-12-31": "3956.30000", "2009-12-31": "3862.80000", "2008-12-31": "3501.00000", "2007-12-31": "3404.00000", "2006-12-31": "3470.00000", "2005-12-31": "3492.00000"}, "Shares Outstanding": {"2020-12-31": "3087.40000", "2019-12-31": "3230.40000", "2018-12-31": "3414.00000", "2017-12-31": "3576.80000", "2016-12-31": "3690.00000", "2015-12-31": "3773.60000", "2014-12-31": "3797.50000", "2013-12-31": "3814.90000", "2012-12-31": "3822.20000", "2011-12-31": "3920.30000", "2010-12-31": "3976.90000", "2009-12-31": "3879.70000", "2008-12-31": "3522.00000", "2007-12-31": "3445.00000", "2006-12-31": "3574.00000", "2005-12-31": "3557.00000"}, "Basic EPS": {"2020-12-31": "8.89000", "2019-12-31": "10.75000", "2018-12-31": "9.04000", "2017-12-31": "6.35000", "2016-12-31": "6.24000", "2015-12-31": "6.05000", "2014-12-31": "5.33000", "2013-12-31": "4.38000", "2012-12-31": "5.22000", "2011-12-31": "4.50000", "2010-12-31": "3.98000", "2009-12-31": "2.27000", "2008-12-31": "1.35000", "2007-12-31": "4.38000", "2006-12-31": "4.16000", "2005-12-31": "2.43000"}, "EPS - Earnings Per Share": {"2020-12-31": "8.88000", "2019-12-31": "10.72000", "2018-12-31": "9.00000", "2017-12-31": "6.31000", "2016-12-31": "6.19000", "2015-12-31": "6.00000", "2014-12-31": "5.29000", "2013-12-31": "4.34000", "2012-12-31": "5.20000", "2011-12-31": "4.48000", "2010-12-31": "3.96000", "2009-12-31": "2.26000", "2008-12-31": "1.35000", "2007-12-31": "4.33000", "2006-12-31": "4.04000", "2005-12-31": "2.38000"}}, "income statement, quarterly": {"Revenue": {"2020-12-31": "30516.00000", "2020-09-30": "30834.00000", "2020-06-30": "35239.00000", "2020-03-31": "32973.00000", "2019-12-31": "34227.00000", "2019-09-30": "36184.00000", "2019-06-30": "35952.00000", "2019-03-31": "36059.00000", "2018-12-31": "32155.00000", "2018-09-30": "32791.00000", "2018-06-30": "32834.00000", "2018-03-31": "32290.00000", "2017-12-31": "28022.00000", "2017-09-30": "29467.00000", "2017-06-30": "29173.00000", "2017-03-31": "27917.00000", "2016-12-31": "26990.00000", "2016-09-30": "27140.00000", "2016-06-30": "26846.00000", "2016-03-31": "25411.00000", "2015-12-31": "24815.00000", "2015-09-30": "24595.00000", "2015-06-30": "25642.00000", "2015-03-31": "25954.00000", "2014-12-31": "24639.00000", "2014-09-30": "26288.00000", "2014-06-30": "26741.00000", "2014-03-31": "25341.00000", "2013-12-31": "26176.00000", "2013-09-30": "25408.00000", "2013-06-30": "27579.00000", "2013-03-31": "27554.00000", "2012-12-31": "26055.00000", "2012-09-30": "27799.00000", "2012-06-30": "25133.00000", "2012-03-31": "29087.00000", "2011-12-31": "24394.00000", "2011-09-30": "27106.00000", "2011-06-30": "30575.00000", "2011-03-31": "28763.00000", "2010-12-31": "29608.00000", "2010-09-30": "26928.00000", "2010-06-30": "28133.00000", "2010-03-31": "30806.00000", "2009-12-31": "26401.00000", "2009-09-30": "30145.00000", "2009-06-30": "29502.00000", "2009-03-31": "29584.00000", "2008-12-31": "25025.00000", "2008-09-30": "23069.00000", "2008-06-30": "26634.00000", "2008-03-31": "26763.00000", "2007-12-31": "28780.00000", "2007-09-30": "28005.00000", "2007-06-30": "30082.00000", "2007-03-31": "29486.00000", "2006-12-31": "26598.00000", "2006-09-30": "25323.00000", "2006-06-30": "24525.00000", "2006-03-31": "23418.00000", "2005-12-31": "21510.00000", "2005-09-30": "20772.00000", "2005-06-30": "18432.00000", "2005-03-31": "19054.00000"}, "Cost Of Goods Sold": {"2020-12-31": "1292.00000", "2020-09-30": "1687.00000", "2020-06-30": "2259.00000", "2020-03-31": "4722.00000", "2019-12-31": "5761.00000", "2019-09-30": "6893.00000", "2019-06-30": "7205.00000", "2019-03-31": "6936.00000", "2018-12-31": "6046.00000", "2018-09-30": "5531.00000", "2018-06-30": "5081.00000", "2018-03-31": "4383.00000", "2017-12-31": "3565.00000", "2017-09-30": "3889.00000", "2017-06-30": "3442.00000", "2017-03-31": "2978.00000", "2016-12-31": "2713.00000", "2016-09-30": "2467.00000", "2016-06-30": "2466.00000", "2016-03-31": "2172.00000", "2015-12-31": "1930.00000", "2015-09-30": "1815.00000", "2015-06-30": "1830.00000", "2015-03-31": "1888.00000", "2014-12-31": "1889.00000", "2014-09-30": "1819.00000", "2014-06-30": "2063.00000", "2014-03-31": "2126.00000", "2013-12-31": "2259.00000", "2013-09-30": "2291.00000", "2013-06-30": "2368.00000", "2013-03-31": "2432.00000", "2012-12-31": "2402.00000", "2012-09-30": "2653.00000", "2012-06-30": "2953.00000", "2012-03-31": "3035.00000", "2011-12-31": "2923.00000", "2011-09-30": "3343.00000", "2011-06-30": "3796.00000", "2011-03-31": "3542.00000", "2010-12-31": "3510.00000", "2010-09-30": "3104.00000", "2010-06-30": "3032.00000", "2010-03-31": "3135.00000", "2009-12-31": "3237.00000", "2009-09-30": "3523.00000", "2009-06-30": "3879.00000", "2009-03-31": "4559.00000", "2008-12-31": "7799.00000", "2008-09-30": "8332.00000", "2008-06-30": "8235.00000", "2008-03-31": "9873.00000", "2007-12-31": "11396.00000", "2007-09-30": "11893.00000", "2007-06-30": "11174.00000", "2007-03-31": "10518.00000", "2006-12-31": "10405.00000", "2006-09-30": "9778.00000", "2006-06-30": "9439.00000", "2006-03-31": "8243.00000", "2005-12-31": "7722.00000", "2005-09-30": "6507.00000", "2005-06-30": "5884.00000", "2005-03-31": "5407.00000"}, "Gross Profit": {"2020-12-31": "29224.00000", "2020-09-30": "29147.00000", "2020-06-30": "32980.00000", "2020-03-31": "28251.00000", "2019-12-31": "28466.00000", "2019-09-30": "29291.00000", "2019-06-30": "28747.00000", "2019-03-31": "29123.00000", "2018-12-31": "26109.00000", "2018-09-30": "27260.00000", "2018-06-30": "27753.00000", "2018-03-31": "27907.00000", "2017-12-31": "24457.00000", "2017-09-30": "25578.00000", "2017-06-30": "25731.00000", "2017-03-31": "24939.00000", "2016-12-31": "24277.00000", "2016-09-30": "24673.00000", "2016-06-30": "24380.00000", "2016-03-31": "23239.00000", "2015-12-31": "22885.00000", "2015-09-30": "22780.00000", "2015-06-30": "23812.00000", "2015-03-31": "24066.00000", "2014-12-31": "22750.00000", "2014-09-30": "24469.00000", "2014-06-30": "24678.00000", "2014-03-31": "23215.00000", "2013-12-31": "23917.00000", "2013-09-30": "23117.00000", "2013-06-30": "25211.00000", "2013-03-31": "25122.00000", "2012-12-31": "23653.00000", "2012-09-30": "25146.00000", "2012-06-30": "22180.00000", "2012-03-31": "26052.00000", "2011-12-31": "21471.00000", "2011-09-30": "23763.00000", "2011-06-30": "26779.00000", "2011-03-31": "25221.00000", "2010-12-31": "26098.00000", "2010-09-30": "23824.00000", "2010-06-30": "25101.00000", "2010-03-31": "27671.00000", "2009-12-31": "23164.00000", "2009-09-30": "26622.00000", "2009-06-30": "25623.00000", "2009-03-31": "25025.00000", "2008-12-31": "17226.00000", "2008-09-30": "14737.00000", "2008-06-30": "18399.00000", "2008-03-31": "16890.00000", "2007-12-31": "17384.00000", "2007-09-30": "16112.00000", "2007-06-30": "18908.00000", "2007-03-31": "18968.00000", "2006-12-31": "16193.00000", "2006-09-30": "15545.00000", "2006-06-30": "15086.00000", "2006-03-31": "15175.00000", "2005-12-31": "13788.00000", "2005-09-30": "14265.00000", "2005-06-30": "12548.00000", "2005-03-31": "13647.00000"}, "Research And Development Expenses": {"2020-12-31": "", "2020-09-30": "", "2020-06-30": "", "2020-03-31": "", "2019-12-31": "", "2019-09-30": "", "2019-06-30": "", "2019-03-31": "", "2018-12-31": "", "2018-09-30": "", "2018-06-30": "", "2018-03-31": "", "2017-12-31": "", "2017-09-30": "", "2017-06-30": "", "2017-03-31": "", "2016-12-31": "", "2016-09-30": "", "2016-06-30": "", "2016-03-31": "", "2015-12-31": "", "2015-09-30": "", "2015-06-30": "", "2015-03-31": "", "2014-12-31": "", "2014-09-30": "", "2014-06-30": "", "2014-03-31": "", "2013-12-31": "", "2013-09-30": "", "2013-06-30": "", "2013-03-31": "", "2012-12-31": "", "2012-09-30": "", "2012-06-30": "", "2012-03-31": "", "2011-12-31": "", "2011-09-30": "", "2011-06-30": "", "2011-03-31": "", "2010-12-31": "", "2010-09-30": "", "2010-06-30": "", "2010-03-31": "", "2009-12-31": "", "2009-09-30": "", "2009-06-30": "", "2009-03-31": "", "2008-12-31": "", "2008-09-30": "", "2008-06-30": "", "2008-03-31": "", "2007-12-31": "", "2007-09-30": "", "2007-06-30": "", "2007-03-31": "", "2006-12-31": "", "2006-09-30": "", "2006-06-30": "", "2006-03-31": "", "2005-12-31": "", "2005-09-30": "", "2005-06-30": "", "2005-03-31": ""}, "SG&A Expenses": {"2020-12-31": "14159.00000", "2020-09-30": "17486.00000", "2020-06-30": "27415.00000", "2020-03-31": "25135.00000", "2019-12-31": "17901.00000", "2019-09-30": "17886.00000", "2019-06-30": "17405.00000", "2019-03-31": "17890.00000", "2018-12-31": "17268.00000", "2018-09-30": "16571.00000", "2018-06-30": "17181.00000", "2018-03-31": "17245.00000", "2017-12-31": "16203.00000", "2017-09-30": "16022.00000", "2017-06-30": "15982.00000", "2017-03-31": "16598.00000", "2016-12-31": "15598.00000", "2016-09-30": "15734.00000", "2016-06-30": "15040.00000", "2016-03-31": "15661.00000", "2015-12-31": "15514.00000", "2015-09-30": "16050.00000", "2015-06-30": "15435.00000", "2015-03-31": "15842.00000", "2014-12-31": "16249.00000", "2014-09-30": "16555.00000", "2014-06-30": "16123.00000", "2014-03-31": "15486.00000", "2013-12-31": "16100.00000", "2013-09-30": "22943.00000", "2013-06-30": "15761.00000", "2013-03-31": "15888.00000", "2012-12-31": "17269.00000", "2012-09-30": "16978.00000", "2012-06-30": "14989.00000", "2012-03-31": "18878.00000", "2011-12-31": "16517.00000", "2011-09-30": "17733.00000", "2011-06-30": "18440.00000", "2011-03-31": "16947.00000", "2010-12-31": "18846.00000", "2010-09-30": "17403.00000", "2010-06-30": "17759.00000", "2010-03-31": "22891.00000", "2009-12-31": "19002.00000", "2009-09-30": "21202.00000", "2009-06-30": "21143.00000", "2009-03-31": "21489.00000", "2008-12-31": "18061.00000", "2008-09-30": "16523.00000", "2008-06-30": "15161.00000", "2008-03-31": "13039.00000", "2007-12-31": "12901.00000", "2007-09-30": "10702.00000", "2007-06-30": "12140.00000", "2007-03-31": "11221.00000", "2006-12-31": "10549.00000", "2006-09-30": "10214.00000", "2006-06-30": "9432.00000", "2006-03-31": "10185.00000", "2005-12-31": "9621.00000", "2005-09-30": "10010.00000", "2005-06-30": "10730.00000", "2005-03-31": "9836.00000"}, "Other Operating Income Or Expenses": {"2020-12-31": "", "2020-09-30": "", "2020-06-30": "", "2020-03-31": "", "2019-12-31": "", "2019-09-30": "", "2019-06-30": "", "2019-03-31": "", "2018-12-31": "", "2018-09-30": "", "2018-06-30": "", "2018-03-31": "", "2017-12-31": "", "2017-09-30": "", "2017-06-30": "", "2017-03-31": "", "2016-12-31": "", "2016-09-30": "", "2016-06-30": "", "2016-03-31": "", "2015-12-31": "", "2015-09-30": "", "2015-06-30": "", "2015-03-31": "", "2014-12-31": "", "2014-09-30": "", "2014-06-30": "", "2014-03-31": "", "2013-12-31": "", "2013-09-30": "", "2013-06-30": "", "2013-03-31": "", "2012-12-31": "", "2012-09-30": "", "2012-06-30": "", "2012-03-31": "", "2011-12-31": "", "2011-09-30": "", "2011-06-30": "", "2011-03-31": "", "2010-12-31": "", "2010-09-30": "", "2010-06-30": "", "2010-03-31": "", "2009-12-31": "", "2009-09-30": "", "2009-06-30": "", "2009-03-31": "", "2008-12-31": "", "2008-09-30": "", "2008-06-30": "", "2008-03-31": "", "2007-12-31": "", "2007-09-30": "", "2007-06-30": "", "2007-03-31": "", "2006-12-31": "", "2006-09-30": "", "2006-06-30": "", "2006-03-31": "", "2005-12-31": "", "2005-09-30": "", "2005-06-30": "", "2005-03-31": ""}, "Operating Expenses": {"2020-12-31": "15451.00000", "2020-09-30": "19173.00000", "2020-06-30": "29674.00000", "2020-03-31": "29857.00000", "2019-12-31": "23662.00000", "2019-09-30": "24779.00000", "2019-06-30": "24610.00000", "2019-03-31": "24826.00000", "2018-12-31": "23314.00000", "2018-09-30": "22102.00000", "2018-06-30": "22262.00000", "2018-03-31": "21628.00000", "2017-12-31": "19768.00000", "2017-09-30": "19911.00000", "2017-06-30": "19424.00000", "2017-03-31": "19576.00000", "2016-12-31": "18311.00000", "2016-09-30": "18201.00000", "2016-06-30": "17506.00000", "2016-03-31": "17833.00000", "2015-12-31": "17444.00000", "2015-09-30": "17865.00000", "2015-06-30": "17265.00000", "2015-03-31": "17730.00000", "2014-12-31": "18138.00000", "2014-09-30": "18374.00000", "2014-06-30": "18186.00000", "2014-03-31": "17612.00000", "2013-12-31": "18359.00000", "2013-09-30": "25374.00000", "2013-06-30": "18281.00000", "2013-03-31": "18472.00000", "2012-12-31": "19671.00000", "2012-09-30": "19813.00000", "2012-06-30": "18133.00000", "2012-03-31": "22106.00000", "2011-12-31": "19647.00000", "2011-09-30": "21288.00000", "2011-06-30": "22448.00000", "2011-03-31": "20706.00000", "2010-12-31": "22596.00000", "2010-09-30": "20725.00000", "2010-06-30": "21026.00000", "2010-03-31": "26269.00000", "2009-12-31": "22495.00000", "2009-09-30": "24979.00000", "2009-06-30": "25287.00000", "2009-03-31": "26323.00000", "2008-12-31": "26186.00000", "2008-09-30": "25160.00000", "2008-06-30": "23712.00000", "2008-03-31": "23228.00000", "2007-12-31": "24636.00000", "2007-09-30": "22944.00000", "2007-06-30": "23667.00000", "2007-03-31": "22092.00000", "2006-12-31": "21324.00000", "2006-09-30": "20338.00000", "2006-06-30": "19228.00000", "2006-03-31": "18783.00000", "2005-12-31": "17701.00000", "2005-09-30": "16890.00000", "2005-06-30": "16990.00000", "2005-03-31": "15626.00000"}, "Operating Income": {"2020-12-31": "15065.00000", "2020-09-30": "11661.00000", "2020-06-30": "5565.00000", "2020-03-31": "3116.00000", "2019-12-31": "10565.00000", "2019-09-30": "11405.00000", "2019-06-30": "11342.00000", "2019-03-31": "11233.00000", "2018-12-31": "8841.00000", "2018-09-30": "10689.00000", "2018-06-30": "10572.00000", "2018-03-31": "10662.00000", "2017-12-31": "8254.00000", "2017-09-30": "9556.00000", "2017-06-30": "9749.00000", "2017-03-31": "8341.00000", "2016-12-31": "8679.00000", "2016-09-30": "8939.00000", "2016-06-30": "9340.00000", "2016-03-31": "7578.00000", "2015-12-31": "7371.00000", "2015-09-30": "6730.00000", "2015-06-30": "8377.00000", "2015-03-31": "8224.00000", "2014-12-31": "6501.00000", "2014-09-30": "7914.00000", "2014-06-30": "8555.00000", "2014-03-31": "7729.00000", "2013-12-31": "7817.00000", "2013-09-30": "34.00000", "2013-06-30": "9298.00000", "2013-03-31": "9082.00000", "2012-12-31": "6384.00000", "2012-09-30": "7986.00000", "2012-06-30": "7000.00000", "2012-03-31": "6981.00000", "2011-12-31": "4747.00000", "2011-09-30": "5818.00000", "2011-06-30": "8127.00000", "2011-03-31": "8057.00000", "2010-12-31": "7012.00000", "2010-09-30": "6203.00000", "2010-06-30": "7107.00000", "2010-03-31": "4537.00000", "2009-12-31": "3906.00000", "2009-09-30": "5166.00000", "2009-06-30": "4215.00000", "2009-03-31": "3261.00000", "2008-12-31": "-1161.00000", "2008-09-30": "-2091.00000", "2008-06-30": "2922.00000", "2008-03-31": "3535.00000", "2007-12-31": "4144.00000", "2007-09-30": "5061.00000", "2007-06-30": "6415.00000", "2007-03-31": "7394.00000", "2006-12-31": "5274.00000", "2006-09-30": "4985.00000", "2006-06-30": "5297.00000", "2006-03-31": "4635.00000", "2005-12-31": "3809.00000", "2005-09-30": "3882.00000", "2005-06-30": "1442.00000", "2005-03-31": "3428.00000"}, "Total Non-Operating Income/Expense": {"2020-12-31": "", "2020-09-30": "", "2020-06-30": "", "2020-03-31": "", "2019-12-31": "", "2019-09-30": "", "2019-06-30": "", "2019-03-31": "", "2018-12-31": "", "2018-09-30": "", "2018-06-30": "", "2018-03-31": "", "2017-12-31": "", "2017-09-30": "", "2017-06-30": "", "2017-03-31": "", "2016-12-31": "", "2016-09-30": "", "2016-06-30": "", "2016-03-31": "", "2015-12-31": "", "2015-09-30": "", "2015-06-30": "", "2015-03-31": "", "2014-12-31": "", "2014-09-30": "", "2014-06-30": "", "2014-03-31": "", "2013-12-31": "", "2013-09-30": "", "2013-06-30": "", "2013-03-31": "", "2012-12-31": "", "2012-09-30": "", "2012-06-30": "", "2012-03-31": "", "2011-12-31": "", "2011-09-30": "", "2011-06-30": "", "2011-03-31": "", "2010-12-31": "", "2010-09-30": "", "2010-06-30": "", "2010-03-31": "", "2009-12-31": "-30.00000", "2009-09-30": "-103.00000", "2009-06-30": "-143.00000", "2009-03-31": "-205.00000", "2008-12-31": "-181.00000", "2008-09-30": "-96.00000", "2008-06-30": "-155.00000", "2008-03-31": "", "2007-12-31": "-22.00000", "2007-09-30": "-61.00000", "2007-06-30": "-64.00000", "2007-03-31": "-62.00000", "2006-12-31": "-100.00000", "2006-09-30": "-48.00000", "2006-06-30": "-86.00000", "2006-03-31": "-71.00000", "2005-12-31": "-77.00000", "2005-09-30": "-221.00000", "2005-06-30": "-279.00000", "2005-03-31": "-145.00000"}, "Pre-Tax Income": {"2020-12-31": "15065.00000", "2020-09-30": "11661.00000", "2020-06-30": "5565.00000", "2020-03-31": "3116.00000", "2019-12-31": "10565.00000", "2019-09-30": "11405.00000", "2019-06-30": "11342.00000", "2019-03-31": "11233.00000", "2018-12-31": "8841.00000", "2018-09-30": "10689.00000", "2018-06-30": "10572.00000", "2018-03-31": "10662.00000", "2017-12-31": "8254.00000", "2017-09-30": "9556.00000", "2017-06-30": "9749.00000", "2017-03-31": "8341.00000", "2016-12-31": "8679.00000", "2016-09-30": "8939.00000", "2016-06-30": "9340.00000", "2016-03-31": "7578.00000", "2015-12-31": "7371.00000", "2015-09-30": "6730.00000", "2015-06-30": "8377.00000", "2015-03-31": "8224.00000", "2014-12-31": "6501.00000", "2014-09-30": "7914.00000", "2014-06-30": "8555.00000", "2014-03-31": "7729.00000", "2013-12-31": "8261.00000", "2013-09-30": "34.00000", "2013-06-30": "9298.00000", "2013-03-31": "9082.00000", "2012-12-31": "6950.00000", "2012-09-30": "7986.00000", "2012-06-30": "7000.00000", "2012-03-31": "6981.00000", "2011-12-31": "4747.00000", "2011-09-30": "5818.00000", "2011-06-30": "8127.00000", "2011-03-31": "8057.00000", "2010-12-31": "7012.00000", "2010-09-30": "6203.00000", "2010-06-30": "7107.00000", "2010-03-31": "4537.00000", "2009-12-31": "3876.00000", "2009-09-30": "5063.00000", "2009-06-30": "4072.00000", "2009-03-31": "3056.00000", "2008-12-31": "-1342.00000", "2008-09-30": "-2187.00000", "2008-06-30": "2767.00000", "2008-03-31": "3535.00000", "2007-12-31": "4122.00000", "2007-09-30": "5000.00000", "2007-06-30": "6351.00000", "2007-03-31": "7332.00000", "2006-12-31": "5174.00000", "2006-09-30": "4937.00000", "2006-06-30": "5211.00000", "2006-03-31": "4564.00000", "2005-12-31": "3732.00000", "2005-09-30": "3661.00000", "2005-06-30": "1163.00000", "2005-03-31": "3283.00000"}, "Income Taxes": {"2020-12-31": "2929.00000", "2020-09-30": "2218.00000", "2020-06-30": "878.00000", "2020-03-31": "251.00000", "2019-12-31": "2045.00000", "2019-09-30": "2325.00000", "2019-06-30": "1690.00000", "2019-03-31": "2054.00000", "2018-12-31": "1775.00000", "2018-09-30": "2309.00000", "2018-06-30": "2256.00000", "2018-03-31": "1950.00000", "2017-12-31": "4022.00000", "2017-09-30": "2824.00000", "2017-06-30": "2720.00000", "2017-03-31": "1893.00000", "2016-12-31": "1952.00000", "2016-09-30": "2653.00000", "2016-06-30": "3140.00000", "2016-03-31": "2058.00000", "2015-12-31": "1937.00000", "2015-09-30": "-74.00000", "2015-06-30": "2087.00000", "2015-03-31": "2310.00000", "2014-12-31": "1570.00000", "2014-09-30": "2349.00000", "2014-06-30": "2575.00000", "2014-03-31": "2460.00000", "2013-12-31": "3020.00000", "2013-09-30": "414.00000", "2013-06-30": "2802.00000", "2013-03-31": "2553.00000", "2012-12-31": "1258.00000", "2012-09-30": "2278.00000", "2012-06-30": "2040.00000", "2012-03-31": "2057.00000", "2011-12-31": "1019.00000", "2011-09-30": "1556.00000", "2011-06-30": "2696.00000", "2011-03-31": "2502.00000", "2010-12-31": "2181.00000", "2010-09-30": "1785.00000", "2010-06-30": "2312.00000", "2010-03-31": "1211.00000", "2009-12-31": "598.00000", "2009-09-30": "1551.00000", "2009-06-30": "1351.00000", "2009-03-31": "915.00000", "2008-12-31": "-719.00000", "2008-09-30": "-2133.00000", "2008-06-30": "764.00000", "2008-03-31": "1162.00000", "2007-12-31": "1151.00000", "2007-09-30": "1627.00000", "2007-06-30": "2117.00000", "2007-03-31": "2545.00000", "2006-12-31": "1268.00000", "2006-09-30": "1705.00000", "2006-06-30": "1727.00000", "2006-03-31": "1537.00000", "2005-12-31": "1148.00000", "2005-09-30": "1192.00000", "2005-06-30": "226.00000", "2005-03-31": "1019.00000"}, "Income After Taxes": {"2020-12-31": "12136.00000", "2020-09-30": "9443.00000", "2020-06-30": "4687.00000", "2020-03-31": "2865.00000", "2019-12-31": "8520.00000", "2019-09-30": "9080.00000", "2019-06-30": "9652.00000", "2019-03-31": "9179.00000", "2018-12-31": "7066.00000", "2018-09-30": "8380.00000", "2018-06-30": "8316.00000", "2018-03-31": "8712.00000", "2017-12-31": "4232.00000", "2017-09-30": "6732.00000", "2017-06-30": "7029.00000", "2017-03-31": "6448.00000", "2016-12-31": "6727.00000", "2016-09-30": "6286.00000", "2016-06-30": "6200.00000", "2016-03-31": "5520.00000", "2015-12-31": "5434.00000", "2015-09-30": "6804.00000", "2015-06-30": "6290.00000", "2015-03-31": "5914.00000", "2014-12-31": "4931.00000", "2014-09-30": "5565.00000", "2014-06-30": "5980.00000", "2014-03-31": "5269.00000", "2013-12-31": "5241.00000", "2013-09-30": "-380.00000", "2013-06-30": "6496.00000", "2013-03-31": "6529.00000", "2012-12-31": "5692.00000", "2012-09-30": "5708.00000", "2012-06-30": "4960.00000", "2012-03-31": "4924.00000", "2011-12-31": "3728.00000", "2011-09-30": "4262.00000", "2011-06-30": "5431.00000", "2011-03-31": "5555.00000", "2010-12-31": "4831.00000", "2010-09-30": "4418.00000", "2010-06-30": "4795.00000", "2010-03-31": "3326.00000", "2009-12-31": "3278.00000", "2009-09-30": "3512.00000", "2009-06-30": "2721.00000", "2009-03-31": "2141.00000", "2008-12-31": "-623.00000", "2008-09-30": "-54.00000", "2008-06-30": "2003.00000", "2008-03-31": "2373.00000", "2007-12-31": "2971.00000", "2007-09-30": "3373.00000", "2007-06-30": "4234.00000", "2007-03-31": "4787.00000", "2006-12-31": "3906.00000", "2006-09-30": "3232.00000", "2006-06-30": "3484.00000", "2006-03-31": "3027.00000", "2005-12-31": "2584.00000", "2005-09-30": "2469.00000", "2005-06-30": "937.00000", "2005-03-31": "2264.00000"}, "Other Income": {"2020-12-31": "", "2020-09-30": "", "2020-06-30": "", "2020-03-31": "", "2019-12-31": "", "2019-09-30": "", "2019-06-30": "", "2019-03-31": "", "2018-12-31": "", "2018-09-30": "", "2018-06-30": "", "2018-03-31": "", "2017-12-31": "", "2017-09-30": "", "2017-06-30": "", "2017-03-31": "", "2016-12-31": "", "2016-09-30": "", "2016-06-30": "", "2016-03-31": "", "2015-12-31": "", "2015-09-30": "", "2015-06-30": "", "2015-03-31": "", "2014-12-31": "", "2014-09-30": "", "2014-06-30": "", "2014-03-31": "", "2013-12-31": "", "2013-09-30": "", "2013-06-30": "", "2013-03-31": "", "2012-12-31": "", "2012-09-30": "", "2012-06-30": "", "2012-03-31": "", "2011-12-31": "", "2011-09-30": "", "2011-06-30": "", "2011-03-31": "", "2010-12-31": "", "2010-09-30": "", "2010-06-30": "", "2010-03-31": "", "2009-12-31": "", "2009-09-30": "", "2009-06-30": "", "2009-03-31": "", "2008-12-31": "", "2008-09-30": "", "2008-06-30": "", "2008-03-31": "", "2007-12-31": "", "2007-09-30": "", "2007-06-30": "", "2007-03-31": "", "2006-12-31": "", "2006-09-30": "", "2006-06-30": "", "2006-03-31": "", "2005-12-31": "", "2005-09-30": "", "2005-06-30": "", "2005-03-31": ""}, "Income From Continuous Operations": {"2020-12-31": "12136.00000", "2020-09-30": "9443.00000", "2020-06-30": "4687.00000", "2020-03-31": "2865.00000", "2019-12-31": "8520.00000", "2019-09-30": "9080.00000", "2019-06-30": "9652.00000", "2019-03-31": "9179.00000", "2018-12-31": "7066.00000", "2018-09-30": "8380.00000", "2018-06-30": "8316.00000", "2018-03-31": "8712.00000", "2017-12-31": "4232.00000", "2017-09-30": "6732.00000", "2017-06-30": "7029.00000", "2017-03-31": "6448.00000", "2016-12-31": "6727.00000", "2016-09-30": "6286.00000", "2016-06-30": "6200.00000", "2016-03-31": "5520.00000", "2015-12-31": "5434.00000", "2015-09-30": "6804.00000", "2015-06-30": "6290.00000", "2015-03-31": "5914.00000", "2014-12-31": "4931.00000", "2014-09-30": "5565.00000", "2014-06-30": "5980.00000", "2014-03-31": "5269.00000", "2013-12-31": "5241.00000", "2013-09-30": "-380.00000", "2013-06-30": "6496.00000", "2013-03-31": "6529.00000", "2012-12-31": "5692.00000", "2012-09-30": "5708.00000", "2012-06-30": "4960.00000", "2012-03-31": "4924.00000", "2011-12-31": "3728.00000", "2011-09-30": "4262.00000", "2011-06-30": "5431.00000", "2011-03-31": "5555.00000", "2010-12-31": "4831.00000", "2010-09-30": "4418.00000", "2010-06-30": "4795.00000", "2010-03-31": "3326.00000", "2009-12-31": "3278.00000", "2009-09-30": "3512.00000", "2009-06-30": "2721.00000", "2009-03-31": "2141.00000", "2008-12-31": "-623.00000", "2008-09-30": "-54.00000", "2008-06-30": "2003.00000", "2008-03-31": "2373.00000", "2007-12-31": "2971.00000", "2007-09-30": "3373.00000", "2007-06-30": "4234.00000", "2007-03-31": "4787.00000", "2006-12-31": "3906.00000", "2006-09-30": "3232.00000", "2006-06-30": "3484.00000", "2006-03-31": "3027.00000", "2005-12-31": "2584.00000", "2005-09-30": "2469.00000", "2005-06-30": "937.00000", "2005-03-31": "2264.00000"}, "Income From Discontinued Operations": {"2020-12-31": "", "2020-09-30": "", "2020-06-30": "", "2020-03-31": "", "2019-12-31": "", "2019-09-30": "", "2019-06-30": "", "2019-03-31": "", "2018-12-31": "", "2018-09-30": "", "2018-06-30": "", "2018-03-31": "", "2017-12-31": "", "2017-09-30": "", "2017-06-30": "", "2017-03-31": "", "2016-12-31": "", "2016-09-30": "", "2016-06-30": "", "2016-03-31": "", "2015-12-31": "", "2015-09-30": "", "2015-06-30": "", "2015-03-31": "", "2014-12-31": "", "2014-09-30": "", "2014-06-30": "", "2014-03-31": "", "2013-12-31": "", "2013-09-30": "", "2013-06-30": "", "2013-03-31": "", "2012-12-31": "", "2012-09-30": "", "2012-06-30": "", "2012-03-31": "", "2011-12-31": "", "2011-09-30": "", "2011-06-30": "", "2011-03-31": "", "2010-12-31": "", "2010-09-30": "", "2010-06-30": "", "2010-03-31": "", "2009-12-31": "", "2009-09-30": "", "2009-06-30": "", "2009-03-31": "", "2008-12-31": "", "2008-09-30": "", "2008-06-30": "", "2008-03-31": "", "2007-12-31": "", "2007-09-30": "", "2007-06-30": "", "2007-03-31": "", "2006-12-31": "620.00000", "2006-09-30": "65.00000", "2006-06-30": "56.00000", "2006-03-31": "54.00000", "2005-12-31": "114.00000", "2005-09-30": "58.00000", "2005-06-30": "57.00000", "2005-03-31": ""}, "Net Income": {"2020-12-31": "11699.00000", "2020-09-30": "9015.00000", "2020-06-30": "4265.00000", "2020-03-31": "2431.00000", "2019-12-31": "8091.00000", "2019-09-30": "8606.00000", "2019-06-30": "9192.00000", "2019-03-31": "8753.00000", "2018-12-31": "6643.00000", "2018-09-30": "7948.00000", "2018-06-30": "7880.00000", "2018-03-31": "8238.00000", "2017-12-31": "3775.00000", "2017-09-30": "6262.00000", "2017-06-30": "6555.00000", "2017-03-31": "5975.00000", "2016-12-31": "6248.00000", "2016-09-30": "5812.00000", "2016-06-30": "5728.00000", "2016-03-31": "5046.00000", "2015-12-31": "5153.00000", "2015-09-30": "6270.00000", "2015-06-30": "5776.00000", "2015-03-31": "5452.00000", "2014-12-31": "4488.00000", "2014-09-30": "5128.00000", "2014-06-30": "5568.00000", "2014-03-31": "4893.00000", "2013-12-31": "4975.00000", "2013-09-30": "-650.00000", "2013-06-30": "6101.00000", "2013-03-31": "6131.00000", "2012-12-31": "5320.00000", "2012-09-30": "5346.00000", "2012-06-30": "4634.00000", "2012-03-31": "4577.00000", "2011-12-31": "3429.00000", "2011-09-30": "3936.00000", "2011-06-30": "5067.00000", "2011-03-31": "5136.00000", "2010-12-31": "4408.00000", "2010-09-30": "4019.00000", "2010-06-30": "4363.00000", "2010-03-31": "2974.00000", "2009-12-31": "2943.00000", "2009-09-30": "3240.00000", "2009-06-30": "1072.00000", "2009-03-31": "1519.00000", "2008-12-31": "82.00000", "2008-09-30": "527.00000", "2008-06-30": "1843.00000", "2008-03-31": "2290.00000", "2007-12-31": "2530.00000", "2007-09-30": "3373.00000", "2007-06-30": "4234.00000", "2007-03-31": "4787.00000", "2006-12-31": "4526.00000", "2006-09-30": "3297.00000", "2006-06-30": "3540.00000", "2006-03-31": "3077.00000", "2005-12-31": "2696.00000", "2005-09-30": "2524.00000", "2005-06-30": "991.00000", "2005-03-31": "2259.00000"}, "EBITDA": {"2020-12-31": "", "2020-09-30": "", "2020-06-30": "", "2020-03-31": "", "2019-12-31": "", "2019-09-30": "", "2019-06-30": "", "2019-03-31": "", "2018-12-31": "", "2018-09-30": "", "2018-06-30": "", "2018-03-31": "", "2017-12-31": "", "2017-09-30": "", "2017-06-30": "", "2017-03-31": "", "2016-12-31": "", "2016-09-30": "", "2016-06-30": "", "2016-03-31": "", "2015-12-31": "", "2015-09-30": "", "2015-06-30": "", "2015-03-31": "", "2014-12-31": "", "2014-09-30": "", "2014-06-30": "", "2014-03-31": "", "2013-12-31": "", "2013-09-30": "", "2013-06-30": "", "2013-03-31": "", "2012-12-31": "", "2012-09-30": "", "2012-06-30": "", "2012-03-31": "", "2011-12-31": "", "2011-09-30": "", "2011-06-30": "", "2011-03-31": "", "2010-12-31": "", "2010-09-30": "", "2010-06-30": "", "2010-03-31": "", "2009-12-31": "", "2009-09-30": "", "2009-06-30": "", "2009-03-31": "", "2008-12-31": "", "2008-09-30": "", "2008-06-30": "", "2008-03-31": "", "2007-12-31": "", "2007-09-30": "", "2007-06-30": "", "2007-03-31": "", "2006-12-31": "", "2006-09-30": "", "2006-06-30": "", "2006-03-31": "", "2005-12-31": "", "2005-09-30": "", "2005-06-30": "", "2005-03-31": ""}, "EBIT": {"2020-12-31": "", "2020-09-30": "", "2020-06-30": "", "2020-03-31": "", "2019-12-31": "", "2019-09-30": "", "2019-06-30": "", "2019-03-31": "", "2018-12-31": "", "2018-09-30": "", "2018-06-30": "", "2018-03-31": "", "2017-12-31": "", "2017-09-30": "", "2017-06-30": "", "2017-03-31": "", "2016-12-31": "", "2016-09-30": "", "2016-06-30": "", "2016-03-31": "", "2015-12-31": "", "2015-09-30": "", "2015-06-30": "", "2015-03-31": "", "2014-12-31": "", "2014-09-30": "", "2014-06-30": "", "2014-03-31": "", "2013-12-31": "", "2013-09-30": "", "2013-06-30": "", "2013-03-31": "", "2012-12-31": "", "2012-09-30": "", "2012-06-30": "", "2012-03-31": "", "2011-12-31": "", "2011-09-30": "", "2011-06-30": "", "2011-03-31": "", "2010-12-31": "", "2010-09-30": "", "2010-06-30": "", "2010-03-31": "", "2009-12-31": "", "2009-09-30": "", "2009-06-30": "", "2009-03-31": "", "2008-12-31": "", "2008-09-30": "", "2008-06-30": "", "2008-03-31": "", "2007-12-31": "", "2007-09-30": "", "2007-06-30": "", "2007-03-31": "", "2006-12-31": "", "2006-09-30": "", "2006-06-30": "", "2006-03-31": "", "2005-12-31": "", "2005-09-30": "", "2005-06-30": "", "2005-03-31": ""}, "Basic Shares Outstanding": {"2020-12-31": "3079.70000", "2020-09-30": "3077.80000", "2020-06-30": "3076.30000", "2020-03-31": "3095.80000", "2019-12-31": "3221.50000", "2019-09-30": "3198.50000", "2019-06-30": "3250.60000", "2019-03-31": "3298.00000", "2018-12-31": "3396.40000", "2018-09-30": "3376.10000", "2018-06-30": "3415.20000", "2018-03-31": "3458.30000", "2017-12-31": "3551.60000", "2017-09-30": "3534.70000", "2017-06-30": "3574.10000", "2017-03-31": "3601.70000", "2016-12-31": "3658.80000", "2016-09-30": "3637.70000", "2016-06-30": "3675.50000", "2016-03-31": "3710.60000", "2015-12-31": "3741.20000", "2015-09-30": "3694.40000", "2015-06-30": "3707.80000", "2015-03-31": "3725.30000", "2014-12-31": "3763.50000", "2014-09-30": "3755.40000", "2014-06-30": "3780.60000", "2014-03-31": "3787.20000", "2013-12-31": "3782.40000", "2013-09-30": "3767.00000", "2013-06-30": "3782.40000", "2013-03-31": "3818.20000", "2012-12-31": "3809.40000", "2012-09-30": "3803.30000", "2012-06-30": "3808.90000", "2012-03-31": "3818.80000", "2011-12-31": "3900.40000", "2011-09-30": "3859.60000", "2011-06-30": "3958.40000", "2011-03-31": "3981.60000", "2010-12-31": "3956.30000", "2010-09-30": "3954.30000", "2010-06-30": "3983.50000", "2010-03-31": "3970.50000", "2009-12-31": "3862.80000", "2009-09-30": "3937.90000", "2009-06-30": "3811.50000", "2009-03-31": "3755.70000", "2008-12-31": "3501.00000", "2008-09-30": "3444.60000", "2008-06-30": "3426.20000", "2008-03-31": "3396.00000", "2007-12-31": "3404.00000", "2007-09-30": "3375.90000", "2007-06-30": "3415.10000", "2007-03-31": "3456.40000", "2006-12-31": "3470.00000", "2006-09-30": "3468.60000", "2006-06-30": "3473.80000", "2006-03-31": "3472.70000", "2005-12-31": "3492.00000", "2005-09-30": "3485.00000", "2005-06-30": "3493.00000", "2005-03-31": "3517.50000"}, "Shares Outstanding": {"2020-12-31": "3085.10000", "2020-09-30": "3082.80000", "2020-06-30": "3081.00000", "2020-03-31": "3100.70000", "2019-12-31": "3230.40000", "2019-09-30": "3207.20000", "2019-06-30": "3259.70000", "2019-03-31": "3308.20000", "2018-12-31": "3414.00000", "2018-09-30": "3394.30000", "2018-06-30": "3434.70000", "2018-03-31": "3479.50000", "2017-12-31": "3576.80000", "2017-09-30": "3559.60000", "2017-06-30": "3599.00000", "2017-03-31": "3630.40000", "2016-12-31": "3690.00000", "2016-09-30": "3669.80000", "2016-06-30": "3706.20000", "2016-03-31": "3737.60000", "2015-12-31": "3773.60000", "2015-09-30": "3725.60000", "2015-06-30": "3743.60000", "2015-03-31": "3757.50000", "2014-12-31": "3797.50000", "2014-09-30": "3788.70000", "2014-06-30": "3812.50000", "2014-03-31": "3823.60000", "2013-12-31": "3814.90000", "2013-09-30": "3767.00000", "2013-06-30": "3814.30000", "2013-03-31": "3847.00000", "2012-12-31": "3822.20000", "2012-09-30": "3813.90000", "2012-06-30": "3820.50000", "2012-03-31": "3833.40000", "2011-12-31": "3920.30000", "2011-09-30": "3872.20000", "2011-06-30": "3983.20000", "2011-03-31": "4014.10000", "2010-12-31": "3976.90000", "2010-09-30": "3971.90000", "2010-06-30": "4005.60000", "2010-03-31": "3994.70000", "2009-12-31": "3879.70000", "2009-09-30": "3962.00000", "2009-06-30": "3824.10000", "2009-03-31": "3758.70000", "2008-12-31": "3522.00000", "2008-09-30": "3444.60000", "2008-06-30": "3453.10000", "2008-03-31": "3423.30000", "2007-12-31": "3445.00000", "2007-09-30": "3477.70000", "2007-06-30": "3521.60000", "2007-03-31": "3559.50000", "2006-12-31": "3574.00000", "2006-09-30": "3574.00000", "2006-06-30": "3572.20000", "2006-03-31": "3570.80000", "2005-12-31": "3557.00000", "2005-09-30": "3547.70000", "2005-06-30": "3548.30000", "2005-03-31": "3569.80000"}, "Basic EPS": {"2020-12-31": "3.80000", "2020-09-30": "2.93000", "2020-06-30": "1.39000", "2020-03-31": "0.79000", "2019-12-31": "2.58000", "2019-09-30": "2.69000", "2019-06-30": "2.83000", "2019-03-31": "2.65000", "2018-12-31": "2.00000", "2018-09-30": "2.35000", "2018-06-30": "2.31000", "2018-03-31": "2.38000", "2017-12-31": "1.09000", "2017-09-30": "1.77000", "2017-06-30": "1.83000", "2017-03-31": "1.66000", "2016-12-31": "1.72000", "2016-09-30": "1.60000", "2016-06-30": "1.56000", "2016-03-31": "1.36000", "2015-12-31": "1.33000", "2015-09-30": "1.70000", "2015-06-30": "1.56000", "2015-03-31": "1.46000", "2014-12-31": "1.20000", "2014-09-30": "1.37000", "2014-06-30": "1.47000", "2014-03-31": "1.29000", "2013-12-31": "1.33000", "2013-09-30": "-0.17000", "2013-06-30": "1.61000", "2013-03-31": "1.61000", "2012-12-31": "1.39000", "2012-09-30": "1.41000", "2012-06-30": "1.22000", "2012-03-31": "1.20000", "2011-12-31": "0.91000", "2011-09-30": "1.02000", "2011-06-30": "1.28000", "2011-03-31": "1.29000", "2010-12-31": "1.11000", "2010-09-30": "1.02000", "2010-06-30": "1.10000", "2010-03-31": "0.75000", "2009-12-31": "0.77000", "2009-09-30": "0.82000", "2009-06-30": "0.28000", "2009-03-31": "0.40000", "2008-12-31": "0.05000", "2008-09-30": "0.09000", "2008-06-30": "0.54000", "2008-03-31": "0.67000", "2007-12-31": "0.76000", "2007-09-30": "1.00000", "2007-06-30": "1.24000", "2007-03-31": "1.38000", "2006-12-31": "1.30000", "2006-09-30": "0.95000", "2006-06-30": "1.02000", "2006-03-31": "0.89000", "2005-12-31": "0.79000", "2005-09-30": "0.72000", "2005-06-30": "0.28000", "2005-03-31": "0.64000"}, "EPS - Earnings Per Share": {"2020-12-31": "3.79000", "2020-09-30": "2.92000", "2020-06-30": "1.38000", "2020-03-31": "0.78000", "2019-12-31": "2.57000", "2019-09-30": "2.68000", "2019-06-30": "2.82000", "2019-03-31": "2.65000", "2018-12-31": "2.00000", "2018-09-30": "2.34000", "2018-06-30": "2.29000", "2018-03-31": "2.37000", "2017-12-31": "1.08000", "2017-09-30": "1.76000", "2017-06-30": "1.82000", "2017-03-31": "1.65000", "2016-12-31": "1.71000", "2016-09-30": "1.58000", "2016-06-30": "1.55000", "2016-03-31": "1.35000", "2015-12-31": "1.33000", "2015-09-30": "1.68000", "2015-06-30": "1.54000", "2015-03-31": "1.45000", "2014-12-31": "1.20000", "2014-09-30": "1.35000", "2014-06-30": "1.46000", "2014-03-31": "1.28000", "2013-12-31": "1.32000", "2013-09-30": "-0.17000", "2013-06-30": "1.60000", "2013-03-31": "1.59000", "2012-12-31": "1.40000", "2012-09-30": "1.40000", "2012-06-30": "1.21000", "2012-03-31": "1.19000", "2011-12-31": "0.91000", "2011-09-30": "1.02000", "2011-06-30": "1.27000", "2011-03-31": "1.28000", "2010-12-31": "1.12000", "2010-09-30": "1.01000", "2010-06-30": "1.09000", "2010-03-31": "0.74000", "2009-12-31": "0.76000", "2009-09-30": "0.82000", "2009-06-30": "0.28000", "2009-03-31": "0.40000", "2008-12-31": "0.06000", "2008-09-30": "0.09000", "2008-06-30": "0.53000", "2008-03-31": "0.67000", "2007-12-31": "0.82000", "2007-09-30": "0.97000", "2007-06-30": "1.20000", "2007-03-31": "1.34000", "2006-12-31": "1.27000", "2006-09-30": "0.92000", "2006-06-30": "0.99000", "2006-03-31": "0.86000", "2005-12-31": "0.76000", "2005-09-30": "0.71000", "2005-06-30": "0.28000", "2005-03-31": "0.63000"}}, "balance sheet": {"Cash On Hand": {"2020-12-31": "1327019.00000", "2019-12-31": "923891.00000", "2018-12-31": "1014095.00000", "2017-12-31": "1011570.00000", "2016-12-31": "991732.00000", "2015-12-31": "916919.00000", "2014-12-31": "1127099.00000", "2013-12-31": "978602.00000", "2012-12-31": "921861.00000", "2011-12-31": "824158.00000", "2010-12-31": "761686.00000", "2009-12-31": "695968.00000", "2008-12-31": "878132.00000", "2007-12-31": "713916.00000", "2006-12-31": "560221.00000", "2005-12-31": "490689.00000"}, "Receivables": {"2020-12-31": "", "2019-12-31": "", "2018-12-31": "", "2017-12-31": "", "2016-12-31": "", "2015-12-31": "", "2014-12-31": "", "2013-12-31": "", "2012-12-31": "", "2011-12-31": "", "2010-12-31": "", "2009-12-31": "", "2008-12-31": "", "2007-12-31": "", "2006-12-31": "", "2005-12-31": ""}, "Inventory": {"2020-12-31": "", "2019-12-31": "", "2018-12-31": "", "2017-12-31": "", "2016-12-31": "", "2015-12-31": "", "2014-12-31": "", "2013-12-31": "", "2012-12-31": "", "2011-12-31": "", "2010-12-31": "", "2009-12-31": "", "2008-12-31": "", "2007-12-31": "", "2006-12-31": "", "2005-12-31": ""}, "Pre-Paid Expenses": {"2020-12-31": "", "2019-12-31": "", "2018-12-31": "", "2017-12-31": "", "2016-12-31": "", "2015-12-31": "", "2014-12-31": "", "2013-12-31": "", "2012-12-31": "", "2011-12-31": "", "2010-12-31": "", "2009-12-31": "", "2008-12-31": "", "2007-12-31": "", "2006-12-31": "", "2005-12-31": ""}, "Other Current Assets": {"2020-12-31": "", "2019-12-31": "", "2018-12-31": "", "2017-12-31": "", "2016-12-31": "", "2015-12-31": "", "2014-12-31": "", "2013-12-31": "", "2012-12-31": "", "2011-12-31": "", "2010-12-31": "", "2009-12-31": "", "2008-12-31": "", "2007-12-31": "", "2006-12-31": "", "2005-12-31": ""}, "Total Current Assets": {"2020-12-31": "2402047.00000", "2019-12-31": "1943398.00000", "2018-12-31": "2058404.00000", "2017-12-31": "1996392.00000", "2016-12-31": "1925051.00000", "2015-12-31": "1787268.00000", "2014-12-31": "1940329.00000", "2013-12-31": "1765916.00000", "2012-12-31": "1694654.00000", "2011-12-31": "1581747.00000", "2010-12-31": "1492494.00000", "2009-12-31": "1365251.00000", "2008-12-31": "1660853.00000", "2007-12-31": "1248879.00000", "2006-12-31": "1058960.00000", "2005-12-31": "925168.00000"}, "Property, Plant, And Equipment": {"2020-12-31": "27109.00000", "2019-12-31": "25813.00000", "2018-12-31": "14934.00000", "2017-12-31": "14159.00000", "2016-12-31": "14131.00000", "2015-12-31": "14362.00000", "2014-12-31": "15133.00000", "2013-12-31": "14891.00000", "2012-12-31": "14519.00000", "2011-12-31": "14041.00000", "2010-12-31": "13355.00000", "2009-12-31": "11118.00000", "2008-12-31": "10045.00000", "2007-12-31": "9319.00000", "2006-12-31": "8735.00000", "2005-12-31": "9081.00000"}, "Long-Term Investments": {"2020-12-31": "750634.00000", "2019-12-31": "537997.00000", "2018-12-31": "373823.00000", "2017-12-31": "355070.00000", "2016-12-31": "385468.00000", "2015-12-31": "389548.00000", "2014-12-31": "458439.00000", "2013-12-31": "465468.00000", "2012-12-31": "490169.00000", "2011-12-31": "507255.00000", "2010-12-31": "439923.00000", "2009-12-31": "480020.00000", "2008-12-31": "329943.00000", "2007-12-31": "169634.00000", "2006-12-31": "165663.00000", "2005-12-31": "128578.00000"}, "Goodwill And Intangible Assets": {"2020-12-31": "53428.00000", "2019-12-31": "53341.00000", "2018-12-31": "54349.00000", "2017-12-31": "54392.00000", "2016-12-31": "54246.00000", "2015-12-31": "54948.00000", "2014-12-31": "56275.00000", "2013-12-31": "59313.00000", "2012-12-31": "58024.00000", "2011-12-31": "58618.00000", "2010-12-31": "66542.00000", "2009-12-31": "68509.00000", "2008-12-31": "63011.00000", "2007-12-31": "60001.00000", "2006-12-31": "60038.00000", "2005-12-31": "58180.00000"}, "Other Long-Term Assets": {"2020-12-31": "152853.00000", "2019-12-31": "126830.00000", "2018-12-31": "121022.00000", "2017-12-31": "113587.00000", "2016-12-31": "112076.00000", "2015-12-31": "105572.00000", "2014-12-31": "102098.00000", "2013-12-31": "110101.00000", "2012-12-31": "101775.00000", "2011-12-31": "104131.00000", "2010-12-31": "105291.00000", "2009-12-31": "107091.00000", "2008-12-31": "111200.00000", "2007-12-31": "74314.00000", "2006-12-31": "58124.00000", "2005-12-31": "77935.00000"}, "Total Long-Term Assets": {"2020-12-31": "984024.00000", "2019-12-31": "743981.00000", "2018-12-31": "564128.00000", "2017-12-31": "537208.00000", "2016-12-31": "565921.00000", "2015-12-31": "564430.00000", "2014-12-31": "631945.00000", "2013-12-31": "649773.00000", "2012-12-31": "664487.00000", "2011-12-31": "684045.00000", "2010-12-31": "625111.00000", "2009-12-31": "666738.00000", "2008-12-31": "514199.00000", "2007-12-31": "313268.00000", "2006-12-31": "292560.00000", "2005-12-31": "273774.00000"}, "Total Assets": {"2020-12-31": "3386071.00000", "2019-12-31": "2687379.00000", "2018-12-31": "2622532.00000", "2017-12-31": "2533600.00000", "2016-12-31": "2490972.00000", "2015-12-31": "2351698.00000", "2014-12-31": "2572274.00000", "2013-12-31": "2415689.00000", "2012-12-31": "2359141.00000", "2011-12-31": "2265792.00000", "2010-12-31": "2117605.00000", "2009-12-31": "2031989.00000", "2008-12-31": "2175052.00000", "2007-12-31": "1562147.00000", "2006-12-31": "1351520.00000", "2005-12-31": "1198942.00000"}, "Total Current Liabilities": {"2020-12-31": "2807454.00000", "2019-12-31": "2116710.00000", "2018-12-31": "2063745.00000", "2017-12-31": "1967746.00000", "2016-12-31": "1902490.00000", "2015-12-31": "1752490.00000", "2014-12-31": "1981626.00000", "2013-12-31": "1859011.00000", "2012-12-31": "1816221.00000", "2011-12-31": "1737559.00000", "2010-12-31": "1558872.00000", "2009-12-31": "1529341.00000", "2008-12-31": "1594524.00000", "2007-12-31": "1197065.00000", "2006-12-31": "1055863.00000", "2005-12-31": "919169.00000"}, "Long Term Debt": {"2020-12-31": "281685.00000", "2019-12-31": "291498.00000", "2018-12-31": "282031.00000", "2017-12-31": "284080.00000", "2016-12-31": "295245.00000", "2015-12-31": "309756.00000", "2014-12-31": "306601.00000", "2013-12-31": "295883.00000", "2012-12-31": "275660.00000", "2011-12-31": "278683.00000", "2010-12-31": "304978.00000", "2009-12-31": "322058.00000", "2008-12-31": "403083.00000", "2007-12-31": "227845.00000", "2006-12-31": "163683.00000", "2005-12-31": "130365.00000"}, "Other Non-Current Liabilities": {"2020-12-31": "", "2019-12-31": "", "2018-12-31": "", "2017-12-31": "", "2016-12-31": "", "2015-12-31": "", "2014-12-31": "", "2013-12-31": "", "2012-12-31": "", "2011-12-31": "", "2010-12-31": "", "2009-12-31": "", "2008-12-31": "", "2007-12-31": "", "2006-12-31": "", "2005-12-31": ""}, "Total Long Term Liabilities": {"2020-12-31": "299263.00000", "2019-12-31": "309339.00000", "2018-12-31": "302272.00000", "2017-12-31": "310161.00000", "2016-12-31": "334292.00000", "2015-12-31": "351635.00000", "2014-12-31": "358921.00000", "2013-12-31": "345500.00000", "2012-12-31": "338851.00000", "2011-12-31": "344660.00000", "2010-12-31": "382627.00000", "2009-12-31": "337283.00000", "2008-12-31": "413644.00000", "2007-12-31": "241861.00000", "2006-12-31": "179867.00000", "2005-12-31": "172562.00000"}, "Total Liabilities": {"2020-12-31": "3106717.00000", "2019-12-31": "2426049.00000", "2018-12-31": "2366017.00000", "2017-12-31": "2277907.00000", "2016-12-31": "2236782.00000", "2015-12-31": "2104125.00000", "2014-12-31": "2340547.00000", "2013-12-31": "2204511.00000", "2012-12-31": "2155072.00000", "2011-12-31": "2082219.00000", "2010-12-31": "1941499.00000", "2009-12-31": "1866624.00000", "2008-12-31": "2008168.00000", "2007-12-31": "1438926.00000", "2006-12-31": "1235730.00000", "2005-12-31": "1091731.00000"}, "Common Stock Net": {"2020-12-31": "4105.00000", "2019-12-31": "4105.00000", "2018-12-31": "4105.00000", "2017-12-31": "4105.00000", "2016-12-31": "4105.00000", "2015-12-31": "4105.00000", "2014-12-31": "4105.00000", "2013-12-31": "4105.00000", "2012-12-31": "4105.00000", "2011-12-31": "4105.00000", "2010-12-31": "4105.00000", "2009-12-31": "4105.00000", "2008-12-31": "3942.00000", "2007-12-31": "3658.00000", "2006-12-31": "3658.00000", "2005-12-31": "3618.00000"}, "Retained Earnings (Accumulated Deficit)": {"2020-12-31": "236990.00000", "2019-12-31": "223211.00000", "2018-12-31": "199202.00000", "2017-12-31": "177676.00000", "2016-12-31": "162440.00000", "2015-12-31": "146420.00000", "2014-12-31": "129977.00000", "2013-12-31": "115756.00000", "2012-12-31": "104223.00000", "2011-12-31": "88315.00000", "2010-12-31": "73998.00000", "2009-12-31": "62481.00000", "2008-12-31": "54013.00000", "2007-12-31": "54715.00000", "2006-12-31": "43600.00000", "2005-12-31": "33848.00000"}, "Comprehensive Income": {"2020-12-31": "7986.00000", "2019-12-31": "1569.00000", "2018-12-31": "-1507.00000", "2017-12-31": "-119.00000", "2016-12-31": "-1175.00000", "2015-12-31": "192.00000", "2014-12-31": "2189.00000", "2013-12-31": "1199.00000", "2012-12-31": "4102.00000", "2011-12-31": "944.00000", "2010-12-31": "1001.00000", "2009-12-31": "-91.00000", "2008-12-31": "-5687.00000", "2007-12-31": "-917.00000", "2006-12-31": "-1557.00000", "2005-12-31": "-626.00000"}, "Other Share Holders Equity": {"2020-12-31": "", "2019-12-31": "-21.00000", "2018-12-31": "-21.00000", "2017-12-31": "-21.00000", "2016-12-31": "-21.00000", "2015-12-31": "-21.00000", "2014-12-31": "-21.00000", "2013-12-31": "-21.00000", "2012-12-31": "-21.00000", "2011-12-31": "-38.00000", "2010-12-31": "-53.00000", "2009-12-31": "-68.00000", "2008-12-31": "-217.00000", "2007-12-31": "", "2006-12-31": "", "2005-12-31": ""}, "Share Holder Equity": {"2020-12-31": "279354.00000", "2019-12-31": "261330.00000", "2018-12-31": "256515.00000", "2017-12-31": "255693.00000", "2016-12-31": "254190.00000", "2015-12-31": "247573.00000", "2014-12-31": "231727.00000", "2013-12-31": "211178.00000", "2012-12-31": "204069.00000", "2011-12-31": "183573.00000", "2010-12-31": "176106.00000", "2009-12-31": "165365.00000", "2008-12-31": "166884.00000", "2007-12-31": "123221.00000", "2006-12-31": "115790.00000", "2005-12-31": "107211.00000"}, "Total Liabilities And Share Holders Equity": {"2020-12-31": "3386071.00000", "2019-12-31": "2687379.00000", "2018-12-31": "2622532.00000", "2017-12-31": "2533600.00000", "2016-12-31": "2490972.00000", "2015-12-31": "2351698.00000", "2014-12-31": "2572274.00000", "2013-12-31": "2415689.00000", "2012-12-31": "2359141.00000", "2011-12-31": "2265792.00000", "2010-12-31": "2117605.00000", "2009-12-31": "2031989.00000", "2008-12-31": "2175052.00000", "2007-12-31": "1562147.00000", "2006-12-31": "1351520.00000", "2005-12-31": "1198942.00000"}}, "balance sheet, quarterly": {"Cash On Hand": {"2020-12-31": "1327019.00000", "2020-09-30": "1313193.00000", "2020-06-30": "1276751.00000", "2020-03-31": "1164694.00000", "2019-12-31": "882475.00000", "2019-09-30": "1009863.00000", "2019-06-30": "1059275.00000", "2019-03-31": "1135146.00000", "2018-12-31": "1014095.00000", "2018-09-30": "1056556.00000", "2018-06-30": "1050484.00000", "2018-03-31": "1074702.00000", "2017-12-31": "1011570.00000", "2017-09-30": "1063676.00000", "2017-06-30": "1074795.00000", "2017-03-31": "1053474.00000", "2016-12-31": "991732.00000", "2016-09-30": "1025064.00000", "2016-06-30": "983365.00000", "2016-03-31": "967781.00000", "2015-12-31": "916919.00000", "2015-09-30": "977629.00000", "2015-06-30": "1013622.00000", "2015-03-31": "1147529.00000", "2014-12-31": "1127099.00000", "2014-09-30": "1064677.00000", "2014-06-30": "1062124.00000", "2014-03-31": "1039224.00000", "2013-12-31": "978602.00000", "2013-09-30": "1021373.00000", "2013-06-30": "994509.00000", "2013-03-31": "952493.00000", "2012-12-31": "921861.00000", "2012-09-30": "886731.00000", "2012-06-30": "847761.00000", "2012-03-31": "866528.00000", "2011-12-31": "824158.00000", "2011-09-30": "895216.00000", "2011-06-30": "872430.00000", "2011-03-31": "822815.00000", "2010-12-31": "761686.00000", "2010-09-30": "765942.00000", "2010-06-30": "668768.00000", "2010-03-31": "746687.00000", "2009-12-31": "695968.00000", "2009-09-30": "676133.00000", "2009-06-30": "641811.00000", "2009-03-31": "703483.00000", "2008-12-31": "878132.00000", "2008-09-30": "842647.00000", "2008-06-30": "757689.00000", "2008-03-31": "747758.00000", "2007-12-31": "713916.00000", "2007-09-30": "648780.00000", "2007-06-30": "653661.00000", "2007-03-31": "630446.00000", "2006-12-31": "560221.00000", "2006-09-30": "557759.00000", "2006-06-30": "559944.00000", "2006-03-31": "513228.00000", "2005-12-31": "490689.00000", "2005-09-30": "474809.00000", "2005-06-30": "465775.00000", "2005-03-31": "475788.00000"}, "Receivables": {"2020-12-31": "", "2020-09-30": "", "2020-06-30": "", "2020-03-31": "", "2019-12-31": "", "2019-09-30": "", "2019-06-30": "", "2019-03-31": "", "2018-12-31": "", "2018-09-30": "", "2018-06-30": "", "2018-03-31": "", "2017-12-31": "", "2017-09-30": "", "2017-06-30": "", "2017-03-31": "", "2016-12-31": "", "2016-09-30": "", "2016-06-30": "", "2016-03-31": "", "2015-12-31": "", "2015-09-30": "", "2015-06-30": "", "2015-03-31": "", "2014-12-31": "", "2014-09-30": "", "2014-06-30": "", "2014-03-31": "", "2013-12-31": "", "2013-09-30": "", "2013-06-30": "", "2013-03-31": "", "2012-12-31": "", "2012-09-30": "", "2012-06-30": "", "2012-03-31": "", "2011-12-31": "", "2011-09-30": "", "2011-06-30": "", "2011-03-31": "", "2010-12-31": "", "2010-09-30": "", "2010-06-30": "", "2010-03-31": "", "2009-12-31": "", "2009-09-30": "", "2009-06-30": "", "2009-03-31": "", "2008-12-31": "", "2008-09-30": "", "2008-06-30": "", "2008-03-31": "", "2007-12-31": "", "2007-09-30": "", "2007-06-30": "", "2007-03-31": "", "2006-12-31": "", "2006-09-30": "", "2006-06-30": "", "2006-03-31": "", "2005-12-31": "", "2005-09-30": "", "2005-06-30": "", "2005-03-31": ""}, "Inventory": {"2020-12-31": "", "2020-09-30": "", "2020-06-30": "", "2020-03-31": "", "2019-12-31": "", "2019-09-30": "", "2019-06-30": "", "2019-03-31": "", "2018-12-31": "", "2018-09-30": "", "2018-06-30": "", "2018-03-31": "", "2017-12-31": "", "2017-09-30": "", "2017-06-30": "", "2017-03-31": "", "2016-12-31": "", "2016-09-30": "", "2016-06-30": "", "2016-03-31": "", "2015-12-31": "", "2015-09-30": "", "2015-06-30": "", "2015-03-31": "", "2014-12-31": "", "2014-09-30": "", "2014-06-30": "", "2014-03-31": "", "2013-12-31": "", "2013-09-30": "", "2013-06-30": "", "2013-03-31": "", "2012-12-31": "", "2012-09-30": "", "2012-06-30": "", "2012-03-31": "", "2011-12-31": "", "2011-09-30": "", "2011-06-30": "", "2011-03-31": "", "2010-12-31": "", "2010-09-30": "", "2010-06-30": "", "2010-03-31": "", "2009-12-31": "", "2009-09-30": "", "2009-06-30": "", "2009-03-31": "", "2008-12-31": "", "2008-09-30": "", "2008-06-30": "", "2008-03-31": "", "2007-12-31": "", "2007-09-30": "", "2007-06-30": "", "2007-03-31": "", "2006-12-31": "", "2006-09-30": "", "2006-06-30": "", "2006-03-31": "", "2005-12-31": "", "2005-09-30": "", "2005-06-30": "", "2005-03-31": ""}, "Pre-Paid Expenses": {"2020-12-31": "", "2020-09-30": "", "2020-06-30": "", "2020-03-31": "", "2019-12-31": "", "2019-09-30": "", "2019-06-30": "", "2019-03-31": "", "2018-12-31": "", "2018-09-30": "", "2018-06-30": "", "2018-03-31": "", "2017-12-31": "", "2017-09-30": "", "2017-06-30": "", "2017-03-31": "", "2016-12-31": "", "2016-09-30": "", "2016-06-30": "", "2016-03-31": "", "2015-12-31": "", "2015-09-30": "", "2015-06-30": "", "2015-03-31": "", "2014-12-31": "", "2014-09-30": "", "2014-06-30": "", "2014-03-31": "", "2013-12-31": "", "2013-09-30": "", "2013-06-30": "", "2013-03-31": "", "2012-12-31": "", "2012-09-30": "", "2012-06-30": "", "2012-03-31": "", "2011-12-31": "", "2011-09-30": "", "2011-06-30": "", "2011-03-31": "", "2010-12-31": "", "2010-09-30": "", "2010-06-30": "", "2010-03-31": "", "2009-12-31": "", "2009-09-30": "", "2009-06-30": "", "2009-03-31": "", "2008-12-31": "", "2008-09-30": "", "2008-06-30": "", "2008-03-31": "", "2007-12-31": "", "2007-09-30": "", "2007-06-30": "", "2007-03-31": "", "2006-12-31": "", "2006-09-30": "", "2006-06-30": "", "2006-03-31": "", "2005-12-31": "", "2005-09-30": "", "2005-06-30": "", "2005-03-31": ""}, "Other Current Assets": {"2020-12-31": "", "2020-09-30": "", "2020-06-30": "", "2020-03-31": "", "2019-12-31": "", "2019-09-30": "", "2019-06-30": "", "2019-03-31": "", "2018-12-31": "", "2018-09-30": "", "2018-06-30": "", "2018-03-31": "", "2017-12-31": "", "2017-09-30": "", "2017-06-30": "", "2017-03-31": "", "2016-12-31": "", "2016-09-30": "", "2016-06-30": "", "2016-03-31": "", "2015-12-31": "", "2015-09-30": "", "2015-06-30": "", "2015-03-31": "", "2014-12-31": "", "2014-09-30": "", "2014-06-30": "", "2014-03-31": "", "2013-12-31": "", "2013-09-30": "", "2013-06-30": "", "2013-03-31": "", "2012-12-31": "", "2012-09-30": "", "2012-06-30": "", "2012-03-31": "", "2011-12-31": "", "2011-09-30": "", "2011-06-30": "", "2011-03-31": "", "2010-12-31": "", "2010-09-30": "", "2010-06-30": "", "2010-03-31": "", "2009-12-31": "", "2009-09-30": "", "2009-06-30": "", "2009-03-31": "", "2008-12-31": "", "2008-09-30": "", "2008-06-30": "", "2008-03-31": "", "2007-12-31": "", "2007-09-30": "", "2007-06-30": "", "2007-03-31": "", "2006-12-31": "", "2006-09-30": "", "2006-06-30": "", "2006-03-31": "", "2005-12-31": "", "2005-09-30": "", "2005-06-30": "", "2005-03-31": ""}, "Total Current Assets": {"2020-12-31": "2402047.00000", "2020-09-30": "2349064.00000", "2020-06-30": "2295437.00000", "2020-03-31": "2278889.00000", "2019-12-31": "1939833.00000", "2019-09-30": "2030834.00000", "2019-06-30": "2091397.00000", "2019-03-31": "2150098.00000", "2018-12-31": "2058404.00000", "2018-09-30": "2076538.00000", "2018-06-30": "2061317.00000", "2018-03-31": "2068410.00000", "2017-12-31": "1996392.00000", "2017-09-30": "2025655.00000", "2017-06-30": "2034237.00000", "2017-03-31": "1996073.00000", "2016-12-31": "1925051.00000", "2016-09-30": "1963247.00000", "2016-06-30": "1906853.00000", "2016-03-31": "1858749.00000", "2015-12-31": "1787268.00000", "2015-09-30": "1831546.00000", "2015-06-30": "1860596.00000", "2015-03-31": "1967655.00000", "2014-12-31": "1940329.00000", "2014-09-30": "1868549.00000", "2014-06-30": "1870877.00000", "2014-03-31": "1827470.00000", "2013-12-31": "1765916.00000", "2013-09-30": "1798750.00000", "2013-06-30": "1782273.00000", "2013-03-31": "1734807.00000", "2012-12-31": "1694654.00000", "2012-09-30": "1648843.00000", "2012-06-30": "1619480.00000", "2012-03-31": "1626457.00000", "2011-12-31": "1581747.00000", "2011-09-30": "1635799.00000", "2011-06-30": "1613938.00000", "2011-03-31": "1558297.00000", "2010-12-31": "1492494.00000", "2010-09-30": "1485536.00000", "2010-06-30": "1393710.00000", "2010-03-31": "1476291.00000", "2009-12-31": "1365251.00000", "2009-09-30": "1358592.00000", "2009-06-30": "1354642.00000", "2009-03-31": "1436513.00000", "2008-12-31": "1660853.00000", "2008-09-30": "1689208.00000", "2008-06-30": "1346766.00000", "2008-03-31": "1324057.00000", "2007-12-31": "1248879.00000", "2007-09-30": "1153388.00000", "2007-06-30": "1137781.00000", "2007-03-31": "1096574.00000", "2006-12-31": "1058960.00000", "2006-09-30": "1035425.00000", "2006-06-30": "1032390.00000", "2006-03-31": "959691.00000", "2005-12-31": "925168.00000", "2005-09-30": "916965.00000", "2005-06-30": "899251.00000", "2005-03-31": "892620.00000"}, "Property, Plant, And Equipment": {"2020-12-31": "27109.00000", "2020-09-30": "26672.00000", "2020-06-30": "26301.00000", "2020-03-31": "25882.00000", "2019-12-31": "25813.00000", "2019-09-30": "25117.00000", "2019-06-30": "24665.00000", "2019-03-31": "24160.00000", "2018-12-31": "14934.00000", "2018-09-30": "14180.00000", "2018-06-30": "14132.00000", "2018-03-31": "14382.00000", "2017-12-31": "14159.00000", "2017-09-30": "14218.00000", "2017-06-30": "14206.00000", "2017-03-31": "14227.00000", "2016-12-31": "14131.00000", "2016-09-30": "14208.00000", "2016-06-30": "14262.00000", "2016-03-31": "14195.00000", "2015-12-31": "14362.00000", "2015-09-30": "14709.00000", "2015-06-30": "15073.00000", "2015-03-31": "14963.00000", "2014-12-31": "15133.00000", "2014-09-30": "15177.00000", "2014-06-30": "15216.00000", "2014-03-31": "14919.00000", "2013-12-31": "14891.00000", "2013-09-30": "14876.00000", "2013-06-30": "14574.00000", "2013-03-31": "14541.00000", "2012-12-31": "14519.00000", "2012-09-30": "14271.00000", "2012-06-30": "14206.00000", "2012-03-31": "14213.00000", "2011-12-31": "14041.00000", "2011-09-30": "13812.00000", "2011-06-30": "13679.00000", "2011-03-31": "13422.00000", "2010-12-31": "13355.00000", "2010-09-30": "11316.00000", "2010-06-30": "11267.00000", "2010-03-31": "11123.00000", "2009-12-31": "11118.00000", "2009-09-30": "10675.00000", "2009-06-30": "10668.00000", "2009-03-31": "10336.00000", "2008-12-31": "10045.00000", "2008-09-30": "9962.00000", "2008-06-30": "10333.00000", "2008-03-31": "9457.00000", "2007-12-31": "9319.00000", "2007-09-30": "8892.00000", "2007-06-30": "9044.00000", "2007-03-31": "8728.00000", "2006-12-31": "8735.00000", "2006-09-30": "8553.00000", "2006-06-30": "8910.00000", "2006-03-31": "8985.00000", "2005-12-31": "9081.00000", "2005-09-30": "9297.00000", "2005-06-30": "9354.00000", "2005-03-31": "9344.00000"}, "Long-Term Investments": {"2020-12-31": "750634.00000", "2020-09-30": "673577.00000", "2020-06-30": "701495.00000", "2020-03-31": "610983.00000", "2019-12-31": "537997.00000", "2019-09-30": "532587.00000", "2019-06-30": "437925.00000", "2019-03-31": "390551.00000", "2018-12-31": "373823.00000", "2018-09-30": "353832.00000", "2018-06-30": "341261.00000", "2018-03-31": "354320.00000", "2017-12-31": "355070.00000", "2017-09-30": "364968.00000", "2017-06-30": "354112.00000", "2017-03-31": "374159.00000", "2016-12-31": "385468.00000", "2016-09-30": "381598.00000", "2016-06-30": "381835.00000", "2016-03-31": "388260.00000", "2015-12-31": "389548.00000", "2015-09-30": "412328.00000", "2015-06-30": "416323.00000", "2015-03-31": "439512.00000", "2014-12-31": "458439.00000", "2014-09-30": "485231.00000", "2014-06-30": "475885.00000", "2014-03-31": "473871.00000", "2013-12-31": "465468.00000", "2013-09-30": "478994.00000", "2013-06-30": "471883.00000", "2013-03-31": "479802.00000", "2012-12-31": "490169.00000", "2012-09-30": "499427.00000", "2012-06-30": "492804.00000", "2012-03-31": "517392.00000", "2011-12-31": "507255.00000", "2011-09-30": "470910.00000", "2011-06-30": "446234.00000", "2011-03-31": "453800.00000", "2010-12-31": "439923.00000", "2010-09-30": "467533.00000", "2010-06-30": "434302.00000", "2010-03-31": "471117.00000", "2009-12-31": "480020.00000", "2009-09-30": "500926.00000", "2009-06-30": "474826.00000", "2009-03-31": "461789.00000", "2008-12-31": "329943.00000", "2008-09-30": "302829.00000", "2008-06-30": "262027.00000", "2008-03-31": "182661.00000", "2007-12-31": "169634.00000", "2007-09-30": "189332.00000", "2007-06-30": "191242.00000", "2007-03-31": "188617.00000", "2006-12-31": "165663.00000", "2006-09-30": "181675.00000", "2006-06-30": "171373.00000", "2006-03-31": "166905.00000", "2005-12-31": "128578.00000", "2005-09-30": "139159.00000", "2005-06-30": "123518.00000", "2005-03-31": "135758.00000"}, "Goodwill And Intangible Assets": {"2020-12-31": "53428.00000", "2020-09-30": "51594.00000", "2020-06-30": "51669.00000", "2020-03-31": "51867.00000", "2019-12-31": "53341.00000", "2019-09-30": "53078.00000", "2019-06-30": "53302.00000", "2019-03-31": "54168.00000", "2018-12-31": "54349.00000", "2018-09-30": "54697.00000", "2018-06-30": "54535.00000", "2018-03-31": "54533.00000", "2017-12-31": "54392.00000", "2017-09-30": "53855.00000", "2017-06-30": "53880.00000", "2017-03-31": "54218.00000", "2016-12-31": "54246.00000", "2016-09-30": "53126.00000", "2016-06-30": "53292.00000", "2016-03-31": "53908.00000", "2015-12-31": "54948.00000", "2015-09-30": "55157.00000", "2015-06-30": "56138.00000", "2015-03-31": "55222.00000", "2014-12-31": "56275.00000", "2014-09-30": "57480.00000", "2014-06-30": "57796.00000", "2014-03-31": "58106.00000", "2013-12-31": "59313.00000", "2013-09-30": "59407.00000", "2013-06-30": "59343.00000", "2013-03-31": "58098.00000", "2012-12-31": "58024.00000", "2012-09-30": "57899.00000", "2012-06-30": "58062.00000", "2012-03-31": "59276.00000", "2011-12-31": "58618.00000", "2011-09-30": "59409.00000", "2011-06-30": "64804.00000", "2011-03-31": "65806.00000", "2010-12-31": "66542.00000", "2010-09-30": "63023.00000", "2010-06-30": "64351.00000", "2010-03-31": "68273.00000", "2009-12-31": "68509.00000", "2009-09-30": "66859.00000", "2009-06-30": "67970.00000", "2009-03-31": "64184.00000", "2008-12-31": "63011.00000", "2008-09-30": "68649.00000", "2008-06-30": "63269.00000", "2008-03-31": "60069.00000", "2007-12-31": "60001.00000", "2007-09-30": "60835.00000", "2007-06-30": "61447.00000", "2007-03-31": "59963.00000", "2006-12-31": "60038.00000", "2006-09-30": "57810.00000", "2006-06-30": "59114.00000", "2006-03-31": "59513.00000", "2005-12-31": "58180.00000", "2005-09-30": "58103.00000", "2005-06-30": "57410.00000", "2005-03-31": "58320.00000"}, "Other Long-Term Assets": {"2020-12-31": "152853.00000", "2020-09-30": "145169.00000", "2020-06-30": "138213.00000", "2020-03-31": "171810.00000", "2019-12-31": "130395.00000", "2019-09-30": "123045.00000", "2019-06-30": "120090.00000", "2019-03-31": "118211.00000", "2018-12-31": "121022.00000", "2018-09-30": "115936.00000", "2018-06-30": "118805.00000", "2018-03-31": "118140.00000", "2017-12-31": "113587.00000", "2017-09-30": "104378.00000", "2017-06-30": "106739.00000", "2017-03-31": "107613.00000", "2016-12-31": "112076.00000", "2016-09-30": "108850.00000", "2016-06-30": "109854.00000", "2016-03-31": "108696.00000", "2015-12-31": "105572.00000", "2015-09-30": "103381.00000", "2015-06-30": "101469.00000", "2015-03-31": "99796.00000", "2014-12-31": "102098.00000", "2014-09-30": "100568.00000", "2014-06-30": "100562.00000", "2014-03-31": "102620.00000", "2013-12-31": "110101.00000", "2013-09-30": "111282.00000", "2013-06-30": "111421.00000", "2013-03-31": "102101.00000", "2012-12-31": "101775.00000", "2012-09-30": "100844.00000", "2012-06-30": "105594.00000", "2012-03-31": "102826.00000", "2011-12-31": "104131.00000", "2011-09-30": "109310.00000", "2011-06-30": "108109.00000", "2011-03-31": "106836.00000", "2010-12-31": "105291.00000", "2010-09-30": "114187.00000", "2010-06-30": "110389.00000", "2010-03-31": "108992.00000", "2009-12-31": "107091.00000", "2009-09-30": "103957.00000", "2009-06-30": "118536.00000", "2009-03-31": "106366.00000", "2008-12-31": "111200.00000", "2008-09-30": "180821.00000", "2008-06-30": "93275.00000", "2008-03-31": "66618.00000", "2007-12-31": "74314.00000", "2007-09-30": "67128.00000", "2007-06-30": "58528.00000", "2007-03-31": "55036.00000", "2006-12-31": "58124.00000", "2006-09-30": "53181.00000", "2006-06-30": "54981.00000", "2006-03-31": "78188.00000", "2005-12-31": "77935.00000", "2005-09-30": "79509.00000", "2005-06-30": "81750.00000", "2005-03-31": "82263.00000"}, "Total Long-Term Assets": {"2020-12-31": "984024.00000", "2020-09-30": "897012.00000", "2020-06-30": "917678.00000", "2020-03-31": "860542.00000", "2019-12-31": "747546.00000", "2019-09-30": "733827.00000", "2019-06-30": "635982.00000", "2019-03-31": "587090.00000", "2018-12-31": "564128.00000", "2018-09-30": "538645.00000", "2018-06-30": "528733.00000", "2018-03-31": "541375.00000", "2017-12-31": "537208.00000", "2017-09-30": "537419.00000", "2017-06-30": "528937.00000", "2017-03-31": "550217.00000", "2016-12-31": "565921.00000", "2016-09-30": "557782.00000", "2016-06-30": "559243.00000", "2016-03-31": "565059.00000", "2015-12-31": "564430.00000", "2015-09-30": "585575.00000", "2015-06-30": "589003.00000", "2015-03-31": "609493.00000", "2014-12-31": "631945.00000", "2014-09-30": "658456.00000", "2014-06-30": "649459.00000", "2014-03-31": "649516.00000", "2013-12-31": "649773.00000", "2013-09-30": "664559.00000", "2013-06-30": "657221.00000", "2013-03-31": "654542.00000", "2012-12-31": "664487.00000", "2012-09-30": "672441.00000", "2012-06-30": "670666.00000", "2012-03-31": "693707.00000", "2011-12-31": "684045.00000", "2011-09-30": "653441.00000", "2011-06-30": "632826.00000", "2011-03-31": "639864.00000", "2010-12-31": "625111.00000", "2010-09-30": "656059.00000", "2010-06-30": "620309.00000", "2010-03-31": "659505.00000", "2009-12-31": "666738.00000", "2009-09-30": "682417.00000", "2009-06-30": "672000.00000", "2009-03-31": "642675.00000", "2008-12-31": "514199.00000", "2008-09-30": "562261.00000", "2008-06-30": "428904.00000", "2008-03-31": "318805.00000", "2007-12-31": "313268.00000", "2007-09-30": "326187.00000", "2007-06-30": "320261.00000", "2007-03-31": "312344.00000", "2006-12-31": "292560.00000", "2006-09-30": "302604.00000", "2006-06-30": "295611.00000", "2006-03-31": "313591.00000", "2005-12-31": "273774.00000", "2005-09-30": "286068.00000", "2005-06-30": "272032.00000", "2005-03-31": "285685.00000"}, "Total Assets": {"2020-12-31": "3386071.00000", "2020-09-30": "3246076.00000", "2020-06-30": "3213115.00000", "2020-03-31": "3139431.00000", "2019-12-31": "2687379.00000", "2019-09-30": "2764661.00000", "2019-06-30": "2727379.00000", "2019-03-31": "2737188.00000", "2018-12-31": "2622532.00000", "2018-09-30": "2615183.00000", "2018-06-30": "2590050.00000", "2018-03-31": "2609785.00000", "2017-12-31": "2533600.00000", "2017-09-30": "2563074.00000", "2017-06-30": "2563174.00000", "2017-03-31": "2546290.00000", "2016-12-31": "2490972.00000", "2016-09-30": "2521029.00000", "2016-06-30": "2466096.00000", "2016-03-31": "2423808.00000", "2015-12-31": "2351698.00000", "2015-09-30": "2417121.00000", "2015-06-30": "2449599.00000", "2015-03-31": "2577148.00000", "2014-12-31": "2572274.00000", "2014-09-30": "2527005.00000", "2014-06-30": "2520336.00000", "2014-03-31": "2476986.00000", "2013-12-31": "2415689.00000", "2013-09-30": "2463309.00000", "2013-06-30": "2439494.00000", "2013-03-31": "2389349.00000", "2012-12-31": "2359141.00000", "2012-09-30": "2321284.00000", "2012-06-30": "2290146.00000", "2012-03-31": "2320164.00000", "2011-12-31": "2265792.00000", "2011-09-30": "2289240.00000", "2011-06-30": "2246764.00000", "2011-03-31": "2198161.00000", "2010-12-31": "2117605.00000", "2010-09-30": "2141595.00000", "2010-06-30": "2014019.00000", "2010-03-31": "2135796.00000", "2009-12-31": "2031989.00000", "2009-09-30": "2041009.00000", "2009-06-30": "2026642.00000", "2009-03-31": "2079188.00000", "2008-12-31": "2175052.00000", "2008-09-30": "2251469.00000", "2008-06-30": "1775670.00000", "2008-03-31": "1642862.00000", "2007-12-31": "1562147.00000", "2007-09-30": "1479575.00000", "2007-06-30": "1458042.00000", "2007-03-31": "1408918.00000", "2006-12-31": "1351520.00000", "2006-09-30": "1338029.00000", "2006-06-30": "1328001.00000", "2006-03-31": "1273282.00000", "2005-12-31": "1198942.00000", "2005-09-30": "1203033.00000", "2005-06-30": "1171283.00000", "2005-03-31": "1178305.00000"}, "Total Current Liabilities": {"2020-12-31": "2807454.00000", "2020-09-30": "2676597.00000", "2020-06-30": "2610818.00000", "2020-03-31": "2559195.00000", "2019-12-31": "2116710.00000", "2019-09-30": "2185326.00000", "2019-06-30": "2149710.00000", "2019-03-31": "2160503.00000", "2018-12-31": "2063745.00000", "2018-09-30": "2065862.00000", "2018-06-30": "2038155.00000", "2018-03-31": "2057551.00000", "2017-12-31": "1967746.00000", "2017-09-30": "1957967.00000", "2017-06-30": "1949884.00000", "2017-03-31": "1939911.00000", "2016-12-31": "1902490.00000", "2016-09-30": "1890568.00000", "2016-06-30": "1857874.00000", "2016-03-31": "1824521.00000", "2015-12-31": "1752490.00000", "2015-09-30": "1802541.00000", "2015-06-30": "1841638.00000", "2015-03-31": "1980550.00000", "2014-12-31": "1981626.00000", "2014-09-30": "1947551.00000", "2014-06-30": "1942657.00000", "2014-03-31": "1904080.00000", "2013-12-31": "1859011.00000", "2013-09-30": "1913973.00000", "2013-06-30": "1878568.00000", "2013-03-31": "1828402.00000", "2012-12-31": "1816221.00000", "2012-09-30": "1800278.00000", "2012-06-30": "1782293.00000", "2012-03-31": "1780016.00000", "2011-12-31": "1737559.00000", "2011-09-30": "1737976.00000", "2011-06-30": "1686992.00000", "2011-03-31": "1640326.00000", "2010-12-31": "1558872.00000", "2010-09-30": "1583096.00000", "2010-06-30": "1461702.00000", "2010-03-31": "1566182.00000", "2009-12-31": "1529341.00000", "2009-09-30": "1537949.00000", "2009-06-30": "1505024.00000", "2009-03-31": "1525218.00000", "2008-12-31": "1594524.00000", "2008-09-30": "1670930.00000", "2008-06-30": "1322374.00000", "2008-03-31": "1268914.00000", "2007-12-31": "1197065.00000", "2007-09-30": "1126534.00000", "2007-06-30": "1122597.00000", "2007-03-31": "1102927.00000", "2006-12-31": "1055863.00000", "2006-09-30": "1027476.00000", "2006-06-30": "1027969.00000", "2006-03-31": "985195.00000", "2005-12-31": "919169.00000", "2005-09-30": "921883.00000", "2005-06-30": "896176.00000", "2005-03-31": "907403.00000"}, "Long Term Debt": {"2020-12-31": "281685.00000", "2020-09-30": "279175.00000", "2020-06-30": "317003.00000", "2020-03-31": "299344.00000", "2019-12-31": "291498.00000", "2019-09-30": "296472.00000", "2019-06-30": "288869.00000", "2019-03-31": "290893.00000", "2018-12-31": "282031.00000", "2018-09-30": "270124.00000", "2018-06-30": "273114.00000", "2018-03-31": "274449.00000", "2017-12-31": "284080.00000", "2017-09-30": "318301.00000", "2017-06-30": "323909.00000", "2017-03-31": "313834.00000", "2016-12-31": "295245.00000", "2016-09-30": "333897.00000", "2016-06-30": "315572.00000", "2016-03-31": "310457.00000", "2015-12-31": "309756.00000", "2015-09-30": "320119.00000", "2015-06-30": "316754.00000", "2015-03-31": "309643.00000", "2014-12-31": "306601.00000", "2014-09-30": "300613.00000", "2014-06-30": "304642.00000", "2014-03-31": "306463.00000", "2013-12-31": "295883.00000", "2013-09-30": "293808.00000", "2013-06-30": "296597.00000", "2013-03-31": "295561.00000", "2012-12-31": "275660.00000", "2012-09-30": "263395.00000", "2012-06-30": "261228.00000", "2012-03-31": "283129.00000", "2011-12-31": "278683.00000", "2011-09-30": "303006.00000", "2011-06-30": "309436.00000", "2011-03-31": "306320.00000", "2010-12-31": "304978.00000", "2010-09-30": "307231.00000", "2010-06-30": "293049.00000", "2010-03-31": "311838.00000", "2009-12-31": "322058.00000", "2009-09-30": "322948.00000", "2009-06-30": "345907.00000", "2009-03-31": "374102.00000", "2008-12-31": "403083.00000", "2008-09-30": "423259.00000", "2008-06-30": "300049.00000", "2008-03-31": "233797.00000", "2007-12-31": "227845.00000", "2007-09-30": "219780.00000", "2007-06-30": "201426.00000", "2007-03-31": "175178.00000", "2006-12-31": "163683.00000", "2006-09-30": "156180.00000", "2006-06-30": "147028.00000", "2006-03-31": "137513.00000", "2005-12-31": "130365.00000", "2005-09-30": "128875.00000", "2005-06-30": "125896.00000", "2005-03-31": "120735.00000"}, "Other Non-Current Liabilities": {"2020-12-31": "", "2020-09-30": "", "2020-06-30": "", "2020-03-31": "", "2019-12-31": "", "2019-09-30": "", "2019-06-30": "", "2019-03-31": "", "2018-12-31": "", "2018-09-30": "", "2018-06-30": "", "2018-03-31": "", "2017-12-31": "", "2017-09-30": "", "2017-06-30": "", "2017-03-31": "", "2016-12-31": "", "2016-09-30": "", "2016-06-30": "", "2016-03-31": "", "2015-12-31": "", "2015-09-30": "", "2015-06-30": "", "2015-03-31": "", "2014-12-31": "", "2014-09-30": "", "2014-06-30": "", "2014-03-31": "", "2013-12-31": "", "2013-09-30": "", "2013-06-30": "", "2013-03-31": "", "2012-12-31": "", "2012-09-30": "", "2012-06-30": "", "2012-03-31": "", "2011-12-31": "", "2011-09-30": "", "2011-06-30": "", "2011-03-31": "", "2010-12-31": "", "2010-09-30": "", "2010-06-30": "", "2010-03-31": "", "2009-12-31": "", "2009-09-30": "", "2009-06-30": "", "2009-03-31": "", "2008-12-31": "", "2008-09-30": "", "2008-06-30": "", "2008-03-31": "", "2007-12-31": "", "2007-09-30": "", "2007-06-30": "", "2007-03-31": "", "2006-12-31": "", "2006-09-30": "", "2006-06-30": "", "2006-03-31": "", "2005-12-31": "", "2005-09-30": "", "2005-06-30": "", "2005-03-31": ""}, "Total Long Term Liabilities": {"2020-12-31": "299263.00000", "2020-09-30": "298366.00000", "2020-06-30": "337831.00000", "2020-03-31": "318974.00000", "2019-12-31": "309339.00000", "2019-09-30": "314987.00000", "2019-06-30": "314454.00000", "2019-03-31": "316848.00000", "2018-12-31": "302272.00000", "2018-09-30": "290365.00000", "2018-06-30": "294437.00000", "2018-03-31": "296033.00000", "2017-12-31": "310161.00000", "2017-09-30": "346725.00000", "2017-06-30": "354807.00000", "2017-03-31": "350516.00000", "2016-12-31": "334292.00000", "2016-09-30": "376130.00000", "2016-06-30": "355799.00000", "2016-03-31": "349130.00000", "2015-12-31": "351635.00000", "2015-09-30": "368852.00000", "2015-06-30": "366756.00000", "2015-03-31": "360734.00000", "2014-12-31": "358921.00000", "2014-09-30": "348177.00000", "2014-06-30": "350365.00000", "2014-03-31": "353251.00000", "2013-12-31": "345500.00000", "2013-09-30": "342666.00000", "2013-06-30": "351687.00000", "2013-03-31": "353861.00000", "2012-12-31": "338851.00000", "2012-09-30": "321313.00000", "2012-06-30": "316281.00000", "2012-03-31": "350879.00000", "2011-12-31": "344660.00000", "2011-09-30": "368977.00000", "2011-06-30": "376893.00000", "2011-03-31": "377237.00000", "2010-12-31": "382627.00000", "2010-09-30": "384669.00000", "2010-06-30": "381197.00000", "2010-03-31": "404893.00000", "2009-12-31": "337283.00000", "2009-09-30": "340807.00000", "2009-06-30": "366852.00000", "2009-03-31": "383776.00000", "2008-12-31": "413644.00000", "2008-09-30": "434696.00000", "2008-06-30": "320120.00000", "2008-03-31": "248321.00000", "2007-12-31": "241861.00000", "2007-09-30": "233063.00000", "2007-06-30": "216234.00000", "2007-03-31": "188287.00000", "2006-12-31": "179867.00000", "2006-09-30": "196992.00000", "2006-06-30": "189348.00000", "2006-03-31": "179750.00000", "2005-12-31": "172562.00000", "2005-09-30": "175015.00000", "2005-06-30": "169722.00000", "2005-03-31": "165562.00000"}, "Total Liabilities": {"2020-12-31": "3106717.00000", "2020-09-30": "2974963.00000", "2020-06-30": "2948649.00000", "2020-03-31": "2878169.00000", "2019-12-31": "2426049.00000", "2019-09-30": "2500313.00000", "2019-06-30": "2464164.00000", "2019-03-31": "2477351.00000", "2018-12-31": "2366017.00000", "2018-09-30": "2356227.00000", "2018-06-30": "2332592.00000", "2018-03-31": "2353584.00000", "2017-12-31": "2277907.00000", "2017-09-30": "2304692.00000", "2017-06-30": "2304691.00000", "2017-03-31": "2290427.00000", "2016-12-31": "2236782.00000", "2016-09-30": "2266698.00000", "2016-06-30": "2213673.00000", "2016-03-31": "2173651.00000", "2015-12-31": "2104125.00000", "2015-09-30": "2171393.00000", "2015-06-30": "2208394.00000", "2015-03-31": "2341284.00000", "2014-12-31": "2340547.00000", "2014-09-30": "2295728.00000", "2014-06-30": "2293022.00000", "2014-03-31": "2257331.00000", "2013-12-31": "2204511.00000", "2013-09-30": "2256639.00000", "2013-06-30": "2230255.00000", "2013-03-31": "2182263.00000", "2012-12-31": "2155072.00000", "2012-09-30": "2121591.00000", "2012-06-30": "2098574.00000", "2012-03-31": "2130895.00000", "2011-12-31": "2082219.00000", "2011-09-30": "2106953.00000", "2011-06-30": "2063885.00000", "2011-03-31": "2017563.00000", "2010-12-31": "1941499.00000", "2010-09-30": "1967765.00000", "2010-06-30": "1842899.00000", "2010-03-31": "1971075.00000", "2009-12-31": "1866624.00000", "2009-09-30": "1878756.00000", "2009-06-30": "1871876.00000", "2009-03-31": "1908994.00000", "2008-12-31": "2008168.00000", "2008-09-30": "2105626.00000", "2008-06-30": "1642494.00000", "2008-03-31": "1517235.00000", "2007-12-31": "1438926.00000", "2007-09-30": "1359597.00000", "2007-06-30": "1338831.00000", "2007-03-31": "1291214.00000", "2006-12-31": "1235730.00000", "2006-09-30": "1224468.00000", "2006-06-30": "1217317.00000", "2006-03-31": "1164945.00000", "2005-12-31": "1091731.00000", "2005-09-30": "1096898.00000", "2005-06-30": "1065898.00000", "2005-03-31": "1072965.00000"}, "Common Stock Net": {"2020-12-31": "4105.00000", "2020-09-30": "4105.00000", "2020-06-30": "4105.00000", "2020-03-31": "4105.00000", "2019-12-31": "4105.00000", "2019-09-30": "4105.00000", "2019-06-30": "4105.00000", "2019-03-31": "4105.00000", "2018-12-31": "4105.00000", "2018-09-30": "4105.00000", "2018-06-30": "4105.00000", "2018-03-31": "4105.00000", "2017-12-31": "4105.00000", "2017-09-30": "4105.00000", "2017-06-30": "4105.00000", "2017-03-31": "4105.00000", "2016-12-31": "4105.00000", "2016-09-30": "4105.00000", "2016-06-30": "4105.00000", "2016-03-31": "4105.00000", "2015-12-31": "4105.00000", "2015-09-30": "4105.00000", "2015-06-30": "4105.00000", "2015-03-31": "4105.00000", "2014-12-31": "4105.00000", "2014-09-30": "4105.00000", "2014-06-30": "4105.00000", "2014-03-31": "4105.00000", "2013-12-31": "4105.00000", "2013-09-30": "4105.00000", "2013-06-30": "4105.00000", "2013-03-31": "4105.00000", "2012-12-31": "4105.00000", "2012-09-30": "4105.00000", "2012-06-30": "4105.00000", "2012-03-31": "4105.00000", "2011-12-31": "4105.00000", "2011-09-30": "4105.00000", "2011-06-30": "4105.00000", "2011-03-31": "4105.00000", "2010-12-31": "4105.00000", "2010-09-30": "4105.00000", "2010-06-30": "4105.00000", "2010-03-31": "4105.00000", "2009-12-31": "4105.00000", "2009-09-30": "4105.00000", "2009-06-30": "4105.00000", "2009-03-31": "3942.00000", "2008-12-31": "3942.00000", "2008-09-30": "3942.00000", "2008-06-30": "3658.00000", "2008-03-31": "3658.00000", "2007-12-31": "3658.00000", "2007-09-30": "3658.00000", "2007-06-30": "3658.00000", "2007-03-31": "3658.00000", "2006-12-31": "3658.00000", "2006-09-30": "3658.00000", "2006-06-30": "3658.00000", "2006-03-31": "3645.00000", "2005-12-31": "3618.00000", "2005-09-30": "3608.00000", "2005-06-30": "3604.00000", "2005-03-31": "3598.00000"}, "Retained Earnings (Accumulated Deficit)": {"2020-12-31": "236990.00000", "2020-09-30": "228014.00000", "2020-06-30": "221732.00000", "2020-03-31": "220226.00000", "2019-12-31": "223211.00000", "2019-09-30": "217888.00000", "2019-06-30": "212093.00000", "2019-03-31": "205437.00000", "2018-12-31": "199202.00000", "2018-09-30": "195180.00000", "2018-06-30": "189881.00000", "2018-03-31": "183855.00000", "2017-12-31": "177676.00000", "2017-09-30": "175827.00000", "2017-06-30": "171488.00000", "2017-03-31": "166663.00000", "2016-12-31": "162440.00000", "2016-09-30": "157870.00000", "2016-06-30": "153749.00000", "2016-03-31": "149730.00000", "2015-12-31": "146420.00000", "2015-09-30": "143050.00000", "2015-06-30": "138294.00000", "2015-03-31": "134048.00000", "2014-12-31": "129977.00000", "2014-09-30": "127234.00000", "2014-06-30": "123497.00000", "2014-03-31": "119318.00000", "2013-12-31": "115756.00000", "2013-09-30": "112135.00000", "2013-06-30": "114216.00000", "2013-03-31": "109402.00000", "2012-12-31": "104223.00000", "2012-09-30": "99888.00000", "2012-06-30": "95518.00000", "2012-03-31": "91888.00000", "2011-12-31": "88315.00000", "2011-09-30": "85726.00000", "2011-06-30": "82612.00000", "2011-03-31": "78342.00000", "2010-12-31": "73998.00000", "2010-09-30": "69531.00000", "2010-06-30": "65465.00000", "2010-03-31": "61043.00000", "2009-12-31": "62481.00000", "2009-09-30": "59573.00000", "2009-06-30": "56355.00000", "2009-03-31": "55487.00000", "2008-12-31": "54013.00000", "2008-09-30": "55217.00000", "2008-06-30": "56313.00000", "2008-03-31": "55762.00000", "2007-12-31": "54715.00000", "2007-09-30": "53064.00000", "2007-06-30": "51011.00000", "2007-03-31": "48105.00000", "2006-12-31": "43600.00000", "2006-09-30": "40283.00000", "2006-06-30": "38208.00000", "2006-03-31": "35892.00000", "2005-12-31": "33848.00000", "2005-09-30": "32350.00000", "2005-06-30": "31032.00000", "2005-03-31": "31253.00000"}, "Comprehensive Income": {"2020-12-31": "7986.00000", "2020-09-30": "8940.00000", "2020-06-30": "8789.00000", "2020-03-31": "7418.00000", "2019-12-31": "1569.00000", "2019-09-30": "1800.00000", "2019-06-30": "1114.00000", "2019-03-31": "-558.00000", "2018-12-31": "-1507.00000", "2018-09-30": "-2425.00000", "2018-06-30": "-1138.00000", "2018-03-31": "-1063.00000", "2017-12-31": "-119.00000", "2017-09-30": "-309.00000", "2017-06-30": "-392.00000", "2017-03-31": "-923.00000", "2016-12-31": "-1175.00000", "2016-09-30": "1474.00000", "2016-06-30": "1618.00000", "2016-03-31": "782.00000", "2015-12-31": "192.00000", "2015-09-30": "751.00000", "2015-06-30": "1102.00000", "2015-03-31": "2430.00000", "2014-12-31": "2189.00000", "2014-09-30": "3266.00000", "2014-06-30": "3438.00000", "2014-03-31": "2276.00000", "2013-12-31": "1199.00000", "2013-09-30": "390.00000", "2013-06-30": "136.00000", "2013-03-31": "3491.00000", "2012-12-31": "4102.00000", "2012-09-30": "4426.00000", "2012-06-30": "2272.00000", "2012-03-31": "2645.00000", "2011-12-31": "944.00000", "2011-09-30": "1964.00000", "2011-06-30": "1638.00000", "2011-03-31": "712.00000", "2010-12-31": "1001.00000", "2010-09-30": "3096.00000", "2010-06-30": "2404.00000", "2010-03-31": "761.00000", "2009-12-31": "-91.00000", "2009-09-30": "283.00000", "2009-06-30": "-3438.00000", "2009-03-31": "-4490.00000", "2008-12-31": "-5687.00000", "2008-09-30": "-2227.00000", "2008-06-30": "-1566.00000", "2008-03-31": "-512.00000", "2007-12-31": "-917.00000", "2007-09-30": "-1830.00000", "2007-06-30": "-2080.00000", "2007-03-31": "-1482.00000", "2006-12-31": "-1557.00000", "2006-09-30": "-526.00000", "2006-06-30": "-1218.00000", "2006-03-31": "-1017.00000", "2005-12-31": "-626.00000", "2005-09-30": "-602.00000", "2005-06-30": "-61.00000", "2005-03-31": "-623.00000"}, "Other Share Holders Equity": {"2020-12-31": "", "2020-09-30": "-11.00000", "2020-06-30": "-11.00000", "2020-03-31": "-21.00000", "2019-12-31": "-21.00000", "2019-09-30": "-21.00000", "2019-06-30": "-21.00000", "2019-03-31": "-21.00000", "2018-12-31": "-21.00000", "2018-09-30": "-21.00000", "2018-06-30": "-21.00000", "2018-03-31": "-21.00000", "2017-12-31": "-21.00000", "2017-09-30": "-21.00000", "2017-06-30": "-21.00000", "2017-03-31": "-21.00000", "2016-12-31": "-21.00000", "2016-09-30": "-21.00000", "2016-06-30": "-21.00000", "2016-03-31": "-21.00000", "2015-12-31": "-21.00000", "2015-09-30": "-21.00000", "2015-06-30": "-21.00000", "2015-03-31": "-21.00000", "2014-12-31": "-21.00000", "2014-09-30": "-21.00000", "2014-06-30": "-21.00000", "2014-03-31": "-21.00000", "2013-12-31": "-21.00000", "2013-09-30": "-21.00000", "2013-06-30": "-21.00000", "2013-03-31": "-21.00000", "2012-12-31": "-21.00000", "2012-09-30": "-38.00000", "2012-06-30": "-38.00000", "2012-03-31": "-38.00000", "2011-12-31": "-38.00000", "2011-09-30": "-53.00000", "2011-06-30": "-53.00000", "2011-03-31": "-53.00000", "2010-12-31": "-53.00000", "2010-09-30": "-68.00000", "2010-06-30": "-68.00000", "2010-03-31": "-68.00000", "2009-12-31": "-68.00000", "2009-09-30": "-86.00000", "2009-06-30": "-86.00000", "2009-03-31": "-86.00000", "2008-12-31": "-217.00000", "2008-09-30": "-267.00000", "2008-06-30": "-269.00000", "2008-03-31": "", "2007-12-31": "", "2007-09-30": "", "2007-06-30": "", "2007-03-31": "", "2006-12-31": "", "2006-09-30": "", "2006-06-30": "", "2006-03-31": "", "2005-12-31": "", "2005-09-30": "", "2005-06-30": "", "2005-03-31": ""}, "Share Holder Equity": {"2020-12-31": "279354.00000", "2020-09-30": "271113.00000", "2020-06-30": "264466.00000", "2020-03-31": "261262.00000", "2019-12-31": "261330.00000", "2019-09-30": "264348.00000", "2019-06-30": "263215.00000", "2019-03-31": "259837.00000", "2018-12-31": "256515.00000", "2018-09-30": "258956.00000", "2018-06-30": "257458.00000", "2018-03-31": "256201.00000", "2017-12-31": "255693.00000", "2017-09-30": "258382.00000", "2017-06-30": "258483.00000", "2017-03-31": "255863.00000", "2016-12-31": "254190.00000", "2016-09-30": "254331.00000", "2016-06-30": "252423.00000", "2016-03-31": "250157.00000", "2015-12-31": "247573.00000", "2015-09-30": "245728.00000", "2015-06-30": "241205.00000", "2015-03-31": "235864.00000", "2014-12-31": "231727.00000", "2014-09-30": "231277.00000", "2014-06-30": "227314.00000", "2014-03-31": "219655.00000", "2013-12-31": "211178.00000", "2013-09-30": "206670.00000", "2013-06-30": "209239.00000", "2013-03-31": "207086.00000", "2012-12-31": "204069.00000", "2012-09-30": "199693.00000", "2012-06-30": "191572.00000", "2012-03-31": "189269.00000", "2011-12-31": "183573.00000", "2011-09-30": "182287.00000", "2011-06-30": "182879.00000", "2011-03-31": "180598.00000", "2010-12-31": "176106.00000", "2010-09-30": "173830.00000", "2010-06-30": "171120.00000", "2010-03-31": "164721.00000", "2009-12-31": "165365.00000", "2009-09-30": "162253.00000", "2009-06-30": "154766.00000", "2009-03-31": "170194.00000", "2008-12-31": "166884.00000", "2008-09-30": "145843.00000", "2008-06-30": "133176.00000", "2008-03-31": "125627.00000", "2007-12-31": "123221.00000", "2007-09-30": "119978.00000", "2007-06-30": "119211.00000", "2007-03-31": "117704.00000", "2006-12-31": "115790.00000", "2006-09-30": "113561.00000", "2006-06-30": "110684.00000", "2006-03-31": "108337.00000", "2005-12-31": "107211.00000", "2005-09-30": "106135.00000", "2005-06-30": "105385.00000", "2005-03-31": "105340.00000"}, "Total Liabilities And Share Holders Equity": {"2020-12-31": "3386071.00000", "2020-09-30": "3246076.00000", "2020-06-30": "3213115.00000", "2020-03-31": "3139431.00000", "2019-12-31": "2687379.00000", "2019-09-30": "2764661.00000", "2019-06-30": "2727379.00000", "2019-03-31": "2737188.00000", "2018-12-31": "2622532.00000", "2018-09-30": "2615183.00000", "2018-06-30": "2590050.00000", "2018-03-31": "2609785.00000", "2017-12-31": "2533600.00000", "2017-09-30": "2563074.00000", "2017-06-30": "2563174.00000", "2017-03-31": "2546290.00000", "2016-12-31": "2490972.00000", "2016-09-30": "2521029.00000", "2016-06-30": "2466096.00000", "2016-03-31": "2423808.00000", "2015-12-31": "2351698.00000", "2015-09-30": "2417121.00000", "2015-06-30": "2449599.00000", "2015-03-31": "2577148.00000", "2014-12-31": "2572274.00000", "2014-09-30": "2527005.00000", "2014-06-30": "2520336.00000", "2014-03-31": "2476986.00000", "2013-12-31": "2415689.00000", "2013-09-30": "2463309.00000", "2013-06-30": "2439494.00000", "2013-03-31": "2389349.00000", "2012-12-31": "2359141.00000", "2012-09-30": "2321284.00000", "2012-06-30": "2290146.00000", "2012-03-31": "2320164.00000", "2011-12-31": "2265792.00000", "2011-09-30": "2289240.00000", "2011-06-30": "2246764.00000", "2011-03-31": "2198161.00000", "2010-12-31": "2117605.00000", "2010-09-30": "2141595.00000", "2010-06-30": "2014019.00000", "2010-03-31": "2135796.00000", "2009-12-31": "2031989.00000", "2009-09-30": "2041009.00000", "2009-06-30": "2026642.00000", "2009-03-31": "2079188.00000", "2008-12-31": "2175052.00000", "2008-09-30": "2251469.00000", "2008-06-30": "1775670.00000", "2008-03-31": "1642862.00000", "2007-12-31": "1562147.00000", "2007-09-30": "1479575.00000", "2007-06-30": "1458042.00000", "2007-03-31": "1408918.00000", "2006-12-31": "1351520.00000", "2006-09-30": "1338029.00000", "2006-06-30": "1328001.00000", "2006-03-31": "1273282.00000", "2005-12-31": "1198942.00000", "2005-09-30": "1203033.00000", "2005-06-30": "1171283.00000", "2005-03-31": "1178305.00000"}}, "cash flow statement": {"Net Income/Loss": {"2020-12-31": "0.00000", "2019-12-31": "36431.00000", "2018-12-31": "32474.00000", "2017-12-31": "24441.00000", "2016-12-31": "24733.00000", "2015-12-31": "24442.00000", "2014-12-31": "21745.00000", "2013-12-31": "17886.00000", "2012-12-31": "21284.00000", "2011-12-31": "18976.00000", "2010-12-31": "17370.00000", "2009-12-31": "11728.00000", "2008-12-31": "5605.00000", "2007-12-31": "15365.00000", "2006-12-31": "14444.00000", "2005-12-31": "8483.00000"}, "Total Depreciation And Amortization - Cash Flow": {"2020-12-31": "", "2019-12-31": "8368.00000", "2018-12-31": "7791.00000", "2017-12-31": "6179.00000", "2016-12-31": "5478.00000", "2015-12-31": "4940.00000", "2014-12-31": "4759.00000", "2013-12-31": "5306.00000", "2012-12-31": "5147.00000", "2011-12-31": "5105.00000", "2010-12-31": "4965.00000", "2009-12-31": "4358.00000", "2008-12-31": "4528.00000", "2007-12-31": "3821.00000", "2006-12-31": "3577.00000", "2005-12-31": "4318.00000"}, "Other Non-Cash Items": {"2020-12-31": "", "2019-12-31": "8530.00000", "2018-12-31": "9309.00000", "2017-12-31": "9738.00000", "2016-12-31": "11811.00000", "2015-12-31": "6945.00000", "2014-12-31": "9614.00000", "2013-12-31": "9916.00000", "2012-12-31": "4950.00000", "2011-12-31": "10349.00000", "2010-12-31": "15957.00000", "2009-12-31": "30638.00000", "2008-12-31": "19419.00000", "2007-12-31": "10032.00000", "2006-12-31": "3235.00000", "2005-12-31": "3337.00000"}, "Total Non-Cash Items": {"2020-12-31": "", "2019-12-31": "16898.00000", "2018-12-31": "17100.00000", "2017-12-31": "15917.00000", "2016-12-31": "17289.00000", "2015-12-31": "11885.00000", "2014-12-31": "14373.00000", "2013-12-31": "15222.00000", "2012-12-31": "10097.00000", "2011-12-31": "15454.00000", "2010-12-31": "20922.00000", "2009-12-31": "34996.00000", "2008-12-31": "23947.00000", "2007-12-31": "13853.00000", "2006-12-31": "6812.00000", "2005-12-31": "7655.00000"}, "Change In Accounts Receivable": {"2020-12-31": "", "2019-12-31": "8124.00000", "2018-12-31": "-14537.00000", "2017-12-31": "-17226.00000", "2016-12-31": "-6726.00000", "2015-12-31": "23918.00000", "2014-12-31": "245.00000", "2013-12-31": "-4702.00000", "2012-12-31": "908.00000", "2011-12-31": "10186.00000", "2010-12-31": "3513.00000", "2009-12-31": "5173.00000", "2008-12-31": "13355.00000", "2007-12-31": "-11053.00000", "2006-12-31": "-6077.00000", "2005-12-31": "-7943.00000"}, "Change In Inventories": {"2020-12-31": "", "2019-12-31": "-652.00000", "2018-12-31": "-38371.00000", "2017-12-31": "5673.00000", "2016-12-31": "-20007.00000", "2015-12-31": "62212.00000", "2014-12-31": "-24814.00000", "2013-12-31": "89110.00000", "2012-12-31": "-5379.00000", "2011-12-31": "36443.00000", "2010-12-31": "-72082.00000", "2009-12-31": "133488.00000", "2008-12-31": "-12787.00000", "2007-12-31": "-121240.00000", "2006-12-31": "-61664.00000", "2005-12-31": "-3845.00000"}, "Change In Accounts Payable": {"2020-12-31": "", "2019-12-31": "", "2018-12-31": "", "2017-12-31": "", "2016-12-31": "", "2015-12-31": "", "2014-12-31": "", "2013-12-31": "", "2012-12-31": "", "2011-12-31": "", "2010-12-31": "", "2009-12-31": "", "2008-12-31": "", "2007-12-31": "", "2006-12-31": "", "2005-12-31": ""}, "Change In Assets/Liabilities": {"2020-12-31": "", "2019-12-31": "-60096.00000", "2018-12-31": "2596.00000", "2017-12-31": "-30927.00000", "2016-12-31": "3335.00000", "2015-12-31": "-20508.00000", "2014-12-31": "18672.00000", "2013-12-31": "-1684.00000", "2012-12-31": "14851.00000", "2011-12-31": "-26487.00000", "2010-12-31": "2966.00000", "2009-12-31": "-42305.00000", "2008-12-31": "5010.00000", "2007-12-31": "-19443.00000", "2006-12-31": "-10798.00000", "2005-12-31": "-38516.00000"}, "Total Change In Assets/Liabilities": {"2020-12-31": "", "2019-12-31": "-52976.00000", "2018-12-31": "-35682.00000", "2017-12-31": "-58988.00000", "2016-12-31": "-18311.00000", "2015-12-31": "42261.00000", "2014-12-31": "161.00000", "2013-12-31": "76974.00000", "2012-12-31": "-2689.00000", "2011-12-31": "55345.00000", "2010-12-31": "-48278.00000", "2009-12-31": "69906.00000", "2008-12-31": "6590.00000", "2007-12-31": "-147452.00000", "2006-12-31": "-70724.00000", "2005-12-31": "-44772.00000"}, "Cash Flow From Operating Activities": {"2020-12-31": "", "2019-12-31": "6046.00000", "2018-12-31": "14187.00000", "2017-12-31": "-10827.00000", "2016-12-31": "21884.00000", "2015-12-31": "73466.00000", "2014-12-31": "36593.00000", "2013-12-31": "107953.00000", "2012-12-31": "25079.00000", "2011-12-31": "95932.00000", "2010-12-31": "-3752.00000", "2009-12-31": "122797.00000", "2008-12-31": "23930.00000", "2007-12-31": "-110560.00000", "2006-12-31": "-49579.00000", "2005-12-31": "-30236.00000"}, "Net Change In Property, Plant, And Equipment": {"2020-12-31": "", "2019-12-31": "", "2018-12-31": "", "2017-12-31": "", "2016-12-31": "", "2015-12-31": "", "2014-12-31": "", "2013-12-31": "", "2012-12-31": "", "2011-12-31": "", "2010-12-31": "", "2009-12-31": "", "2008-12-31": "28850.00000", "2007-12-31": "", "2006-12-31": "", "2005-12-31": ""}, "Net Change In Intangible Assets": {"2020-12-31": "", "2019-12-31": "", "2018-12-31": "", "2017-12-31": "", "2016-12-31": "", "2015-12-31": "", "2014-12-31": "", "2013-12-31": "", "2012-12-31": "", "2011-12-31": "", "2010-12-31": "", "2009-12-31": "", "2008-12-31": "", "2007-12-31": "", "2006-12-31": "", "2005-12-31": ""}, "Net Acquisitions/Divestitures": {"2020-12-31": "", "2019-12-31": "", "2018-12-31": "", "2017-12-31": "", "2016-12-31": "", "2015-12-31": "", "2014-12-31": "", "2013-12-31": "", "2012-12-31": "88.00000", "2011-12-31": "102.00000", "2010-12-31": "-4910.00000", "2009-12-31": "-97.00000", "2008-12-31": "2128.00000", "2007-12-31": "-70.00000", "2006-12-31": "185.00000", "2005-12-31": "-1039.00000"}, "Net Change In Short-term Investments": {"2020-12-31": "", "2019-12-31": "72396.00000", "2018-12-31": "-123201.00000", "2017-12-31": "31448.00000", "2016-12-31": "-17468.00000", "2015-12-31": "147652.00000", "2014-12-31": "-137578.00000", "2013-12-31": "-146637.00000", "2012-12-31": "-97416.00000", "2011-12-31": "-76082.00000", "2010-12-31": "14668.00000", "2009-12-31": "93139.00000", "2008-12-31": "-174754.00000", "2007-12-31": "-27733.00000", "2006-12-31": "1229.00000", "2005-12-31": "-32365.00000"}, "Net Change In Long-Term Investments": {"2020-12-31": "", "2019-12-31": "-129772.00000", "2018-12-31": "-18046.00000", "2017-12-31": "43223.00000", "2016-12-31": "-3342.00000", "2015-12-31": "45983.00000", "2014-12-31": "1395.00000", "2013-12-31": "8652.00000", "2012-12-31": "4964.00000", "2011-12-31": "-46822.00000", "2010-12-31": "31860.00000", "2009-12-31": "-144610.00000", "2008-12-31": "-107369.00000", "2007-12-31": "7100.00000", "2006-12-31": "-52852.00000", "2005-12-31": "32239.00000"}, "Net Change In Investments - Total": {"2020-12-31": "", "2019-12-31": "-57376.00000", "2018-12-31": "-141247.00000", "2017-12-31": "74671.00000", "2016-12-31": "-20810.00000", "2015-12-31": "193635.00000", "2014-12-31": "-136183.00000", "2013-12-31": "-137985.00000", "2012-12-31": "-92452.00000", "2011-12-31": "-122904.00000", "2010-12-31": "46528.00000", "2009-12-31": "-51471.00000", "2008-12-31": "-282123.00000", "2007-12-31": "-20633.00000", "2006-12-31": "-51623.00000", "2005-12-31": "-126.00000"}, "Investing Activities - Other": {"2020-12-31": "", "2019-12-31": "3363.00000", "2018-12-31": "-56746.00000", "2017-12-31": "-46422.00000", "2016-12-31": "-68392.00000", "2015-12-31": "-86655.00000", "2014-12-31": "-29453.00000", "2013-12-31": "-12516.00000", "2012-12-31": "-27461.00000", "2011-12-31": "-47950.00000", "2010-12-31": "12384.00000", "2009-12-31": "80923.00000", "2008-12-31": "-32526.00000", "2007-12-31": "-53485.00000", "2006-12-31": "-48189.00000", "2005-12-31": "-11779.00000"}, "Cash Flow From Investing Activities": {"2020-12-31": "", "2019-12-31": "-54013.00000", "2018-12-31": "-197993.00000", "2017-12-31": "28249.00000", "2016-12-31": "-89202.00000", "2015-12-31": "106980.00000", "2014-12-31": "-165636.00000", "2013-12-31": "-150501.00000", "2012-12-31": "-119825.00000", "2011-12-31": "-170752.00000", "2010-12-31": "54002.00000", "2009-12-31": "29355.00000", "2008-12-31": "-283671.00000", "2007-12-31": "-74188.00000", "2006-12-31": "-99627.00000", "2005-12-31": "-12944.00000"}, "Net Long-Term Debt": {"2020-12-31": "", "2019-12-31": "-8525.00000", "2018-12-31": "-4651.00000", "2017-12-31": "-26808.00000", "2016-12-31": "14121.00000", "2015-12-31": "12364.00000", "2014-12-31": "13240.00000", "2013-12-31": "23049.00000", "2012-12-31": "-10202.00000", "2011-12-31": "-27234.00000", "2010-12-31": "-43862.00000", "2009-12-31": "-17117.00000", "2008-12-31": "7063.00000", "2007-12-31": "45731.00000", "2006-12-31": "22454.00000", "2005-12-31": "16838.00000"}, "Net Current Debt": {"2020-12-31": "", "2019-12-31": "-27214.00000", "2018-12-31": "41891.00000", "2017-12-31": "9801.00000", "2016-12-31": "10546.00000", "2015-12-31": "-97243.00000", "2014-12-31": "20147.00000", "2013-12-31": "-56083.00000", "2012-12-31": "35861.00000", "2011-12-31": "-55886.00000", "2010-12-31": "8333.00000", "2009-12-31": "587.00000", "2008-12-31": "24469.00000", "2007-12-31": "33579.00000", "2006-12-31": "48905.00000", "2005-12-31": "756.00000"}, "Debt Issuance/Retirement Net - Total": {"2020-12-31": "", "2019-12-31": "-35739.00000", "2018-12-31": "37240.00000", "2017-12-31": "-17007.00000", "2016-12-31": "24667.00000", "2015-12-31": "-84879.00000", "2014-12-31": "33387.00000", "2013-12-31": "-33034.00000", "2012-12-31": "25659.00000", "2011-12-31": "-83120.00000", "2010-12-31": "-35529.00000", "2009-12-31": "-16530.00000", "2008-12-31": "31532.00000", "2007-12-31": "79310.00000", "2006-12-31": "71359.00000", "2005-12-31": "17594.00000"}, "Net Common Equity Issued/Repurchased": {"2020-12-31": "", "2019-12-31": "-24001.00000", "2018-12-31": "-19983.00000", "2017-12-31": "-15410.00000", "2016-12-31": "-9082.00000", "2015-12-31": "-5616.00000", "2014-12-31": "-4760.00000", "2013-12-31": "-4789.00000", "2012-12-31": "-419.00000", "2011-12-31": "-8863.00000", "2010-12-31": "-2999.00000", "2009-12-31": "5756.00000", "2008-12-31": "11500.00000", "2007-12-31": "-8178.00000", "2006-12-31": "-2279.00000", "2005-12-31": "-2730.00000"}, "Net Total Equity Issued/Repurchased": {"2020-12-31": "", "2019-12-31": "-23076.00000", "2018-12-31": "-19983.00000", "2017-12-31": "-15410.00000", "2016-12-31": "-9082.00000", "2015-12-31": "277.00000", "2014-12-31": "4087.00000", "2013-12-31": "-2716.00000", "2012-12-31": "-419.00000", "2011-12-31": "-8863.00000", "2010-12-31": "-3351.00000", "2009-12-31": "-19244.00000", "2008-12-31": "44246.00000", "2007-12-31": "-8178.00000", "2006-12-31": "-2418.00000", "2005-12-31": "-2930.00000"}, "Total Common And Preferred Stock Dividends Paid": {"2020-12-31": "", "2019-12-31": "-12343.00000", "2018-12-31": "-10109.00000", "2017-12-31": "-8993.00000", "2016-12-31": "-8476.00000", "2015-12-31": "-7873.00000", "2014-12-31": "-6990.00000", "2013-12-31": "-6056.00000", "2012-12-31": "-5194.00000", "2011-12-31": "-3895.00000", "2010-12-31": "-1486.00000", "2009-12-31": "-3422.00000", "2008-12-31": "-5911.00000", "2007-12-31": "-5051.00000", "2006-12-31": "-4846.00000", "2005-12-31": "-4878.00000"}, "Financial Activities - Other": {"2020-12-31": "", "2019-12-31": "104145.00000", "2018-12-31": "27010.00000", "2017-12-31": "56052.00000", "2016-12-31": "91162.00000", "2015-12-31": "-95036.00000", "2014-12-31": "87744.00000", "2013-12-31": "70130.00000", "2012-12-31": "67661.00000", "2011-12-31": "203584.00000", "2010-12-31": "-8851.00000", "2009-12-31": "-113883.00000", "2008-12-31": "177132.00000", "2007-12-31": "117975.00000", "2006-12-31": "88654.00000", "2005-12-31": "35283.00000"}, "Cash Flow From Financial Activities": {"2020-12-31": "", "2019-12-31": "32987.00000", "2018-12-31": "34158.00000", "2017-12-31": "14642.00000", "2016-12-31": "98271.00000", "2015-12-31": "-187511.00000", "2014-12-31": "118228.00000", "2013-12-31": "28324.00000", "2012-12-31": "87707.00000", "2011-12-31": "107706.00000", "2010-12-31": "-49217.00000", "2009-12-31": "-153079.00000", "2008-12-31": "246999.00000", "2007-12-31": "184056.00000", "2006-12-31": "152749.00000", "2005-12-31": "45069.00000"}, "Net Cash Flow": {"2020-12-31": "", "2019-12-31": "-15162.00000", "2018-12-31": "-152511.00000", "2017-12-31": "40150.00000", "2016-12-31": "29471.00000", "2015-12-31": "-7341.00000", "2014-12-31": "-11940.00000", "2013-12-31": "-13952.00000", "2012-12-31": "-5879.00000", "2011-12-31": "32035.00000", "2010-12-31": "1361.00000", "2009-12-31": "-689.00000", "2008-12-31": "-13249.00000", "2007-12-31": "-268.00000", "2006-12-31": "3742.00000", "2005-12-31": "1502.00000"}, "Stock-Based Compensation": {"2020-12-31": "", "2019-12-31": "", "2018-12-31": "", "2017-12-31": "", "2016-12-31": "", "2015-12-31": "", "2014-12-31": "", "2013-12-31": "", "2012-12-31": "2545.00000", "2011-12-31": "2675.00000", "2010-12-31": "3251.00000", "2009-12-31": "3355.00000", "2008-12-31": "2637.00000", "2007-12-31": "2025.00000", "2006-12-31": "2368.00000", "2005-12-31": "1563.00000"}, "Common Stock Dividends Paid": {"2020-12-31": "", "2019-12-31": "-12343.00000", "2018-12-31": "-10109.00000", "2017-12-31": "-8993.00000", "2016-12-31": "-8476.00000", "2015-12-31": "-7873.00000", "2014-12-31": "-6990.00000", "2013-12-31": "-6056.00000", "2012-12-31": "-5194.00000", "2011-12-31": "-3895.00000", "2010-12-31": "-1486.00000", "2009-12-31": "-3422.00000", "2008-12-31": "-5911.00000", "2007-12-31": "-5051.00000", "2006-12-31": "-4846.00000", "2005-12-31": "-4878.00000"}}, "cash flow statement, quarterly": {"Net Income/Loss": {"2020-12-31": -16995, "2020-09-30": 9443, "2020-06-30": 4687, "2020-03-31": "2865.00000", "2019-12-31": 8520, "2019-09-30": 9080, "2019-06-30": 9652, "2019-03-31": "9179.00000", "2018-12-31": 7066, "2018-09-30": 8380, "2018-06-30": 8316, "2018-03-31": "8712.00000", "2017-12-31": 4232, "2017-09-30": 6732, "2017-06-30": 7029, "2017-03-31": "6448.00000", "2016-12-31": 6727, "2016-09-30": 6286, "2016-06-30": 6200, "2016-03-31": "5520.00000", "2015-12-31": 5434, "2015-09-30": 6804, "2015-06-30": 6290, "2015-03-31": "5914.00000", "2014-12-31": 4931, "2014-09-30": 5565, "2014-06-30": 5980, "2014-03-31": "5269.00000", "2013-12-31": 5241, "2013-09-30": -380, "2013-06-30": 6496, "2013-03-31": "6529.00000", "2012-12-31": 5692, "2012-09-30": 5708, "2012-06-30": 4960, "2012-03-31": "4924.00000", "2011-12-31": 3728, "2011-09-30": 4262, "2011-06-30": 5431, "2011-03-31": "5555.00000", "2010-12-31": 4831, "2010-09-30": 4418, "2010-06-30": 4795, "2010-03-31": "3326.00000", "2009-12-31": 3278, "2009-09-30": 3588, "2009-06-30": 2721, "2009-03-31": "2141.00000", "2008-12-31": 702, "2008-09-30": 527, "2008-06-30": 2003, "2008-03-31": "2373.00000", "2007-12-31": 2971, "2007-09-30": 3373, "2007-06-30": 4234, "2007-03-31": "4787.00000", "2006-12-31": 4526, "2006-09-30": 3297, "2006-06-30": 3540, "2006-03-31": "3081.00000", "2005-12-31": 2698, "2005-09-30": 2527, "2005-06-30": 994, "2005-03-31": "2264.00000"}, "Total Depreciation And Amortization - Cash Flow": {"2020-12-31": -6487, "2020-09-30": 2141, "2020-06-30": 2149, "2020-03-31": "2197.00000", "2019-12-31": 2139, "2019-09-30": 2145, "2019-06-30": 2046, "2019-03-31": "2038.00000", "2018-12-31": 2075, "2018-09-30": 1992, "2018-06-30": 1927, "2018-03-31": "1797.00000", "2017-12-31": 1632, "2017-09-30": 1579, "2017-06-30": 1504, "2017-03-31": "1464.00000", "2016-12-31": 1446, "2016-09-30": 1407, "2016-06-30": 1336, "2016-03-31": "1289.00000", "2015-12-31": 1273, "2015-09-30": 1248, "2015-06-30": 1238, "2015-03-31": "1181.00000", "2014-12-31": 1186, "2014-09-30": 1147, "2014-06-30": 1218, "2014-03-31": "1208.00000", "2013-12-31": 1246, "2013-09-30": 1651, "2013-06-30": 1435, "2013-03-31": "974.00000", "2012-12-31": 1404, "2012-09-30": 1294, "2012-06-30": 1217, "2012-03-31": "1232.00000", "2011-12-31": 1288, "2011-09-30": 1265, "2011-06-30": 1278, "2011-03-31": "1274.00000", "2010-12-31": 1280, "2010-09-30": 1273, "2010-06-30": 1208, "2010-03-31": "1204.00000", "2009-12-31": 1612, "2009-09-30": 997, "2009-06-30": 1063, "2009-03-31": "686.00000", "2008-12-31": 1278, "2008-09-30": 1115, "2008-06-30": 1212, "2008-03-31": "923.00000", "2007-12-31": 1061, "2007-09-30": 957, "2007-06-30": 927, "2007-03-31": "876.00000", "2006-12-31": 997, "2006-09-30": 860, "2006-06-30": 883, "2006-03-31": "837.00000", "2005-12-31": 1063, "2005-09-30": 1034, "2005-06-30": 1056, "2005-03-31": "1165.00000"}, "Other Non-Cash Items": {"2020-12-31": -15178, "2020-09-30": 69, "2020-06-30": 7742, "2020-03-31": "7367.00000", "2019-12-31": 3167, "2019-09-30": 1597, "2019-06-30": 1398, "2019-03-31": "2368.00000", "2018-12-31": 4130, "2018-09-30": 1409, "2018-06-30": 1829, "2018-03-31": "1941.00000", "2017-12-31": 4288, "2017-09-30": 1918, "2017-06-30": 984, "2017-03-31": "2548.00000", "2016-12-31": 5039, "2016-09-30": 1968, "2016-06-30": 1606, "2016-03-31": "3198.00000", "2015-12-31": 3489, "2015-09-30": 493, "2015-06-30": 1458, "2015-03-31": "1505.00000", "2014-12-31": 3788, "2014-09-30": 644, "2014-06-30": 912, "2014-03-31": "4270.00000", "2013-12-31": 6080, "2013-09-30": 411, "2013-06-30": 855, "2013-03-31": "2570.00000", "2012-12-31": 1451, "2012-09-30": 1198, "2012-06-30": 1723, "2012-03-31": "578.00000", "2011-12-31": 4893, "2011-09-30": 1180, "2011-06-30": 2593, "2011-03-31": "1683.00000", "2010-12-31": 3314, "2010-09-30": 2673, "2010-06-30": 2669, "2010-03-31": "7301.00000", "2009-12-31": 6455, "2009-09-30": 8705, "2009-06-30": 7498, "2009-03-31": "7980.00000", "2008-12-31": 7746, "2008-09-30": 4225, "2008-06-30": 2806, "2008-03-31": "4642.00000", "2007-12-31": 4735, "2007-09-30": 1657, "2007-06-30": 1069, "2007-03-31": "2571.00000", "2006-12-31": -3205, "2006-09-30": 1091, "2006-06-30": 3093, "2006-03-31": "2256.00000", "2005-12-31": -298, "2005-09-30": 2203, "2005-06-30": -459, "2005-03-31": "1891.00000"}, "Total Non-Cash Items": {"2020-12-31": -21665, "2020-09-30": 2210, "2020-06-30": 9891, "2020-03-31": "9564.00000", "2019-12-31": 5306, "2019-09-30": 3742, "2019-06-30": 3444, "2019-03-31": "4406.00000", "2018-12-31": 6205, "2018-09-30": 3401, "2018-06-30": 3756, "2018-03-31": "3738.00000", "2017-12-31": 5920, "2017-09-30": 3497, "2017-06-30": 2488, "2017-03-31": "4012.00000", "2016-12-31": 6485, "2016-09-30": 3375, "2016-06-30": 2942, "2016-03-31": "4487.00000", "2015-12-31": 4762, "2015-09-30": 1741, "2015-06-30": 2696, "2015-03-31": "2686.00000", "2014-12-31": 4974, "2014-09-30": 1791, "2014-06-30": 2130, "2014-03-31": "5478.00000", "2013-12-31": 7326, "2013-09-30": 2062, "2013-06-30": 2290, "2013-03-31": "3544.00000", "2012-12-31": 2855, "2012-09-30": 2492, "2012-06-30": 2940, "2012-03-31": "1810.00000", "2011-12-31": 6181, "2011-09-30": 2445, "2011-06-30": 3871, "2011-03-31": "2957.00000", "2010-12-31": 4594, "2010-09-30": 3946, "2010-06-30": 3877, "2010-03-31": "8505.00000", "2009-12-31": 8067, "2009-09-30": 9702, "2009-06-30": 8561, "2009-03-31": "8666.00000", "2008-12-31": 9024, "2008-09-30": 5340, "2008-06-30": 4018, "2008-03-31": "5565.00000", "2007-12-31": 5796, "2007-09-30": 2614, "2007-06-30": 1996, "2007-03-31": "3447.00000", "2006-12-31": -2208, "2006-09-30": 1951, "2006-06-30": 3976, "2006-03-31": "3093.00000", "2005-12-31": 765, "2005-09-30": 3237, "2005-06-30": 597, "2005-03-31": "3056.00000"}, "Change In Accounts Receivable": {"2020-12-31": -4246, "2020-09-30": 5473, "2020-06-30": 48635, "2020-03-31": "-49862.00000", "2019-12-31": 21588, "2019-09-30": -7135, "2019-06-30": -15115, "2019-03-31": "8786.00000", "2018-12-31": -3181, "2018-09-30": -1789, "2018-06-30": -2848, "2018-03-31": "-6719.00000", "2017-12-31": -6779, "2017-09-30": 6559, "2017-06-30": -5907, "2017-03-31": "-11099.00000", "2016-12-31": 11868, "2016-09-30": 2420, "2016-06-30": -10260, "2016-03-31": "-10754.00000", "2015-12-31": 9358, "2015-09-30": 17274, "2015-06-30": -4477, "2015-03-31": "1763.00000", "2014-12-31": 3122, "2014-09-30": 6011, "2014-06-30": -3770, "2014-03-31": "-5118.00000", "2013-12-31": -2200, "2013-09-30": 15031, "2013-06-30": -5314, "2013-03-31": "-12219.00000", "2012-12-31": 147, "2012-09-30": 4574, "2012-06-30": 1679, "2012-03-31": "-5492.00000", "2011-12-31": 10201, "2011-09-30": 9329, "2011-06-30": 854, "2011-03-31": "-10198.00000", "2010-12-31": -8272, "2010-09-30": -1600, "2010-06-30": -4563, "2010-03-31": "17948.00000", "2009-12-31": -4995, "2009-09-30": 4247, "2009-06-30": -2954, "2009-03-31": "8875.00000", "2008-12-31": 44190, "2008-09-30": -35237, "2008-06-30": 21715, "2008-03-31": "-17313.00000", "2007-12-31": -8373, "2007-09-30": -7612, "2007-06-30": 3287, "2007-03-31": "1645.00000", "2006-12-31": -7258, "2006-09-30": 9399, "2006-06-30": -8093, "2006-03-31": "-125.00000", "2005-12-31": 7418, "2005-09-30": -6784, "2005-06-30": -8915, "2005-03-31": "338.00000"}, "Change In Inventories": {"2020-12-31": 145124, "2020-09-30": -18648, "2020-06-30": 37863, "2020-03-31": "-164339.00000", "2019-12-31": 91389, "2019-09-30": 19521, "2019-06-30": 11502, "2019-03-31": "-123064.00000", "2018-12-31": 6056, "2018-09-30": -1568, "2018-06-30": -5628, "2018-03-31": "-37231.00000", "2017-12-31": 36862, "2017-09-30": -8275, "2017-06-30": -5260, "2017-03-31": "-17654.00000", "2016-12-31": 24075, "2016-09-30": 8419, "2016-06-30": -19522, "2016-03-31": "-32979.00000", "2015-12-31": 17739, "2015-09-30": 10359, "2015-06-30": 28664, "2015-03-31": "5450.00000", "2014-12-31": 5728, "2014-09-30": -15778, "2014-06-30": -18774, "2014-03-31": "4010.00000", "2013-12-31": 5035, "2013-09-30": 15933, "2013-06-30": 39887, "2013-03-31": "28255.00000", "2012-12-31": -2616, "2012-09-30": -31750, "2012-06-30": 33462, "2012-03-31": "-4475.00000", "2011-12-31": 28246, "2011-09-30": -26737, "2011-06-30": 40385, "2011-03-31": "-5451.00000", "2010-12-31": -2305, "2010-09-30": -87730, "2010-06-30": 23932, "2010-03-31": "-5979.00000", "2009-12-31": 18407, "2009-09-30": -25853, "2009-06-30": 50653, "2009-03-31": "90281.00000", "2008-12-31": -31720, "2008-09-30": 17439, "2008-06-30": 12414, "2008-03-31": "-10920.00000", "2007-12-31": -46835, "2007-09-30": -7282, "2007-06-30": -25067, "2007-03-31": "-42056.00000", "2006-12-31": -15798, "2006-09-30": 264, "2006-06-30": -36800, "2006-03-31": "-9330.00000", "2005-12-31": 9555, "2005-09-30": -11901, "2005-06-30": -2044, "2005-03-31": "545.00000"}, "Change In Accounts Payable": {"2020-12-31": 0, "2020-09-30": 0, "2020-06-30": 0, "2020-03-31": "", "2019-12-31": 0, "2019-09-30": 0, "2019-06-30": 0, "2019-03-31": "", "2018-12-31": 0, "2018-09-30": 0, "2018-06-30": 0, "2018-03-31": "", "2017-12-31": 0, "2017-09-30": 0, "2017-06-30": 0, "2017-03-31": "", "2016-12-31": 0, "2016-09-30": 0, "2016-06-30": 0, "2016-03-31": "", "2015-12-31": 0, "2015-09-30": 0, "2015-06-30": 0, "2015-03-31": "", "2014-12-31": 0, "2014-09-30": 0, "2014-06-30": 0, "2014-03-31": "", "2013-12-31": 0, "2013-09-30": 0, "2013-06-30": 0, "2013-03-31": "", "2012-12-31": 0, "2012-09-30": 0, "2012-06-30": 0, "2012-03-31": "", "2011-12-31": 0, "2011-09-30": 0, "2011-06-30": 0, "2011-03-31": "", "2010-12-31": 0, "2010-09-30": 0, "2010-06-30": 0, "2010-03-31": "", "2009-12-31": 0, "2009-09-30": 0, "2009-06-30": 0, "2009-03-31": "", "2008-12-31": 0, "2008-09-30": 0, "2008-06-30": 0, "2008-03-31": "", "2007-12-31": 0, "2007-09-30": 0, "2007-06-30": 0, "2007-03-31": "", "2006-12-31": 0, "2006-09-30": 0, "2006-06-30": 0, "2006-03-31": "", "2005-12-31": 0, "2005-09-30": 0, "2005-06-30": 0, "2005-03-31": ""}, "Change In Assets/Liabilities": {"2020-12-31": -32459, "2020-09-30": -9948, "2020-06-30": 7077, "2020-03-31": "35330.00000", "2019-12-31": -25685, "2019-09-30": -18444, "2019-06-30": -20458, "2019-03-31": "4491.00000", "2018-12-31": -4549, "2018-09-30": -11004, "2018-06-30": 21270, "2018-03-31": "-3121.00000", "2017-12-31": -21242, "2017-09-30": -13915, "2017-06-30": -255, "2017-03-31": "4485.00000", "2016-12-31": -3070, "2016-09-30": -21064, "2016-06-30": 14840, "2016-03-31": "12629.00000", "2015-12-31": -12482, "2015-09-30": -3987, "2015-06-30": -13246, "2015-03-31": "9207.00000", "2014-12-31": 13622, "2014-09-30": -4098, "2014-06-30": 8516, "2014-03-31": "632.00000", "2013-12-31": 921, "2013-09-30": -5426, "2013-06-30": 6358, "2013-03-31": "-3537.00000", "2012-12-31": -416, "2012-09-30": 5750, "2012-06-30": -556, "2012-03-31": "10073.00000", "2011-12-31": -22715, "2011-09-30": 588, "2011-06-30": 1250, "2011-03-31": "-5610.00000", "2010-12-31": -9681, "2010-09-30": 14546, "2010-06-30": -5081, "2010-03-31": "3182.00000", "2009-12-31": -5881, "2009-09-30": 12887, "2009-06-30": -16308, "2009-03-31": "-33003.00000", "2008-12-31": 46273, "2008-09-30": -41588, "2008-06-30": -1012, "2008-03-31": "1337.00000", "2007-12-31": 7373, "2007-09-30": -11940, "2007-06-30": 3647, "2007-03-31": "-18523.00000", "2006-12-31": 198, "2006-09-30": 3130, "2006-06-30": -4374, "2006-03-31": "-9752.00000", "2005-12-31": -15016, "2005-09-30": 12642, "2005-06-30": -22950, "2005-03-31": "-13192.00000"}, "Total Change In Assets/Liabilities": {"2020-12-31": 91811, "2020-09-30": -25455, "2020-06-30": 67496, "2020-03-31": "-133852.00000", "2019-12-31": 67279, "2019-09-30": 4813, "2019-06-30": -25986, "2019-03-31": "-99082.00000", "2018-12-31": -13721, "2018-09-30": -258, "2018-06-30": 25458, "2018-03-31": "-47161.00000", "2017-12-31": 2457, "2017-09-30": -15258, "2017-06-30": -10376, "2017-03-31": "-35811.00000", "2016-12-31": 32305, "2016-09-30": -8284, "2016-06-30": -11352, "2016-03-31": "-30980.00000", "2015-12-31": 4674, "2015-09-30": 19658, "2015-06-30": 7991, "2015-03-31": "9938.00000", "2014-12-31": 19189, "2014-09-30": -6257, "2014-06-30": -14566, "2014-03-31": "1795.00000", "2013-12-31": -19520, "2013-09-30": 23296, "2013-06-30": 62803, "2013-03-31": "10395.00000", "2012-12-31": -13370, "2012-09-30": -26778, "2012-06-30": 37000, "2012-03-31": "459.00000", "2011-12-31": 18549, "2011-09-30": 2573, "2011-06-30": 53086, "2011-03-31": "-18863.00000", "2010-12-31": -6316, "2010-09-30": -70335, "2010-06-30": 21459, "2010-03-31": "6914.00000", "2009-12-31": 1602, "2009-09-30": -14386, "2009-06-30": 37634, "2009-03-31": "45056.00000", "2008-12-31": -19335, "2008-09-30": 21373, "2008-06-30": 20219, "2008-03-31": "-15667.00000", "2007-12-31": -40819, "2007-09-30": -27190, "2007-06-30": -20328, "2007-03-31": "-59115.00000", "2006-12-31": -15289, "2006-09-30": 11028, "2006-06-30": -40926, "2006-03-31": "-25537.00000", "2005-12-31": 8860, "2005-09-30": -8578, "2005-06-30": -28015, "2005-03-31": "-17039.00000"}, "Cash Flow From Operating Activities": {"2020-12-31": 51858, "2020-09-30": -14826, "2020-06-30": 83740, "2020-03-31": "-120772.00000", "2019-12-31": 84765, "2019-09-30": 16015, "2019-06-30": -13854, "2019-03-31": "-80880.00000", "2018-12-31": 422, "2018-09-30": 13189, "2018-06-30": 35685, "2018-03-31": "-35109.00000", "2017-12-31": 12554, "2017-09-30": -4895, "2017-06-30": 4073, "2017-03-31": "-22559.00000", "2016-12-31": 40599, "2016-09-30": 4192, "2016-06-30": -1524, "2016-03-31": "-21383.00000", "2015-12-31": 16167, "2015-09-30": 25124, "2015-06-30": 17296, "2015-03-31": "14879.00000", "2014-12-31": 28746, "2014-09-30": -2449, "2014-06-30": -4371, "2014-03-31": "14667.00000", "2013-12-31": -6914, "2013-09-30": 26383, "2013-06-30": 68520, "2013-03-31": "19964.00000", "2012-12-31": -4511, "2012-09-30": -16659, "2012-06-30": 41983, "2012-03-31": "4266.00000", "2011-12-31": 29414, "2011-09-30": 7793, "2011-06-30": 64704, "2011-03-31": "-5979.00000", "2010-12-31": 1111, "2010-09-30": -50590, "2010-06-30": 28333, "2010-03-31": "17394.00000", "2009-12-31": 11913, "2009-09-30": 7625, "2009-06-30": 52503, "2009-03-31": "50756.00000", "2008-12-31": -8475, "2008-09-30": 8432, "2008-06-30": 26396, "2008-03-31": "-2423.00000", "2007-12-31": -29247, "2007-09-30": -14957, "2007-06-30": -14838, "2007-03-31": "-51518.00000", "2006-12-31": -14516, "2006-09-30": 18677, "2006-06-30": -34599, "2006-03-31": "-19141.00000", "2005-12-31": 10721, "2005-09-30": -2814, "2005-06-30": -26608, "2005-03-31": "-11535.00000"}, "Net Change In Property, Plant, And Equipment": {"2020-12-31": 0, "2020-09-30": 0, "2020-06-30": 0, "2020-03-31": "", "2019-12-31": 0, "2019-09-30": 0, "2019-06-30": 0, "2019-03-31": "", "2018-12-31": 0, "2018-09-30": 0, "2018-06-30": 0, "2018-03-31": "", "2017-12-31": 0, "2017-09-30": 0, "2017-06-30": 0, "2017-03-31": "", "2016-12-31": 0, "2016-09-30": 0, "2016-06-30": 0, "2016-03-31": "", "2015-12-31": 0, "2015-09-30": 0, "2015-06-30": 0, "2015-03-31": "", "2014-12-31": 0, "2014-09-30": 0, "2014-06-30": 0, "2014-03-31": "", "2013-12-31": 0, "2013-09-30": 0, "2013-06-30": 0, "2013-03-31": "", "2012-12-31": 0, "2012-09-30": 0, "2012-06-30": 0, "2012-03-31": "", "2011-12-31": 0, "2011-09-30": 0, "2011-06-30": 0, "2011-03-31": "", "2010-12-31": 0, "2010-09-30": 0, "2010-06-30": 0, "2010-03-31": "", "2009-12-31": 0, "2009-09-30": 0, "2009-06-30": 0, "2009-03-31": "", "2008-12-31": 0, "2008-09-30": 0, "2008-06-30": 28850, "2008-03-31": "", "2007-12-31": 0, "2007-09-30": 0, "2007-06-30": 0, "2007-03-31": "", "2006-12-31": 0, "2006-09-30": 0, "2006-06-30": 0, "2006-03-31": "", "2005-12-31": 0, "2005-09-30": 0, "2005-06-30": 0, "2005-03-31": ""}, "Net Change In Intangible Assets": {"2020-12-31": 0, "2020-09-30": 0, "2020-06-30": 0, "2020-03-31": "", "2019-12-31": 0, "2019-09-30": 0, "2019-06-30": 0, "2019-03-31": "", "2018-12-31": 0, "2018-09-30": 0, "2018-06-30": 0, "2018-03-31": "", "2017-12-31": 0, "2017-09-30": 0, "2017-06-30": 0, "2017-03-31": "", "2016-12-31": 0, "2016-09-30": 0, "2016-06-30": 0, "2016-03-31": "", "2015-12-31": 0, "2015-09-30": 0, "2015-06-30": 0, "2015-03-31": "", "2014-12-31": 0, "2014-09-30": 0, "2014-06-30": 0, "2014-03-31": "", "2013-12-31": 0, "2013-09-30": 0, "2013-06-30": 0, "2013-03-31": "", "2012-12-31": 0, "2012-09-30": 0, "2012-06-30": 0, "2012-03-31": "", "2011-12-31": 0, "2011-09-30": 0, "2011-06-30": 0, "2011-03-31": "", "2010-12-31": 0, "2010-09-30": 0, "2010-06-30": 0, "2010-03-31": "", "2009-12-31": 0, "2009-09-30": 0, "2009-06-30": 0, "2009-03-31": "", "2008-12-31": 0, "2008-09-30": 0, "2008-06-30": 0, "2008-03-31": "", "2007-12-31": 0, "2007-09-30": 0, "2007-06-30": 0, "2007-03-31": "", "2006-12-31": 0, "2006-09-30": 0, "2006-06-30": 0, "2006-03-31": "", "2005-12-31": 0, "2005-09-30": 0, "2005-06-30": 0, "2005-03-31": ""}, "Net Acquisitions/Divestitures": {"2020-12-31": 0, "2020-09-30": 0, "2020-06-30": 0, "2020-03-31": "", "2019-12-31": 0, "2019-09-30": 0, "2019-06-30": 0, "2019-03-31": "", "2018-12-31": 0, "2018-09-30": 0, "2018-06-30": 0, "2018-03-31": "", "2017-12-31": 0, "2017-09-30": 0, "2017-06-30": 0, "2017-03-31": "", "2016-12-31": 0, "2016-09-30": 0, "2016-06-30": 0, "2016-03-31": "", "2015-12-31": 0, "2015-09-30": 0, "2015-06-30": 0, "2015-03-31": "", "2014-12-31": -24, "2014-09-30": 43, "2014-06-30": -19, "2014-03-31": "", "2013-12-31": 62, "2013-09-30": -17, "2013-06-30": -8, "2013-03-31": "-37.00000", "2012-12-31": -2, "2012-09-30": 0, "2012-06-30": 120, "2012-03-31": "-30.00000", "2011-12-31": 65, "2011-09-30": 51, "2011-06-30": 1, "2011-03-31": "-15.00000", "2010-12-31": -264, "2010-09-30": -4640, "2010-06-30": -2, "2010-03-31": "-4.00000", "2009-12-31": -157, "2009-09-30": 78, "2009-06-30": 73, "2009-03-31": "-91.00000", "2008-12-31": -34, "2008-09-30": 1718, "2008-06-30": -358, "2008-03-31": "802.00000", "2007-12-31": 0, "2007-09-30": 0, "2007-06-30": -70, "2007-03-31": "", "2006-12-31": -467, "2006-09-30": 1315, "2006-06-30": 0, "2006-03-31": "-663.00000", "2005-12-31": -536, "2005-09-30": -90, "2005-06-30": -109, "2005-03-31": "-304.00000"}, "Net Change In Short-term Investments": {"2020-12-31": 70597, "2020-09-30": -59230, "2020-06-30": -502, "2020-03-31": "-10865.00000", "2019-12-31": 8189, "2019-09-30": 10450, "2019-06-30": 31298, "2019-03-31": "22459.00000", "2018-12-31": -103942, "2018-09-30": 8850, "2018-06-30": 21070, "2018-03-31": "-49179.00000", "2017-12-31": -13015, "2017-09-30": 33099, "2017-06-30": -28016, "2017-03-31": "39380.00000", "2016-12-31": 58765, "2016-09-30": -46029, "2016-06-30": 554, "2016-03-31": "-30758.00000", "2015-12-31": 41997, "2015-09-30": 17058, "2015-06-30": 113971, "2015-03-31": "-25374.00000", "2014-12-31": -71589, "2014-09-30": 13296, "2014-06-30": -5713, "2014-03-31": "-73572.00000", "2013-12-31": 43085, "2013-09-30": -43523, "2013-06-30": -88145, "2013-03-31": "-58054.00000", "2012-12-31": -31874, "2012-09-30": -692, "2012-06-30": -29883, "2012-03-31": "-34967.00000", "2011-12-31": 56282, "2011-09-30": 6634, "2011-06-30": -84914, "2011-03-31": "-54084.00000", "2010-12-31": 21876, "2010-09-30": -27731, "2010-06-30": 50944, "2010-03-31": "-30421.00000", "2009-12-31": -28223, "2009-09-30": 5068, "2009-06-30": 17194, "2009-03-31": "99100.00000", "2008-12-31": -22105, "2008-09-30": -130735, "2008-06-30": 10764, "2008-03-31": "-32678.00000", "2007-12-31": -19480, "2007-09-30": 5363, "2007-06-30": 7613, "2007-03-31": "-21229.00000", "2006-12-31": 19404, "2006-09-30": -1842, "2006-06-30": -7964, "2006-03-31": "-8369.00000", "2005-12-31": -18461, "2005-09-30": 2652, "2005-06-30": 7218, "2005-03-31": "-23774.00000"}, "Net Change In Long-Term Investments": {"2020-12-31": 121114, "2020-09-30": 27831, "2020-06-30": -83144, "2020-03-31": "-65801.00000", "2019-12-31": -4905, "2019-09-30": -85809, "2019-06-30": -36286, "2019-03-31": "-2772.00000", "2018-12-31": -29111, "2018-09-30": -460, "2018-06-30": 2711, "2018-03-31": "8814.00000", "2017-12-31": 12850, "2017-09-30": 1244, "2017-06-30": 21079, "2017-03-31": "8050.00000", "2016-12-31": -25506, "2016-09-30": 5953, "2016-06-30": 7131, "2016-03-31": "9080.00000", "2015-12-31": 13573, "2015-09-30": 10271, "2015-06-30": 11752, "2015-03-31": "10387.00000", "2014-12-31": 15543, "2014-09-30": -11500, "2014-06-30": -7254, "2014-03-31": "4606.00000", "2013-12-31": 2945, "2013-09-30": 2187, "2013-06-30": 3252, "2013-03-31": "268.00000", "2012-12-31": -3716, "2012-09-30": -4956, "2012-06-30": 24753, "2012-03-31": "-11117.00000", "2011-12-31": -28010, "2011-09-30": -18389, "2011-06-30": 14290, "2011-03-31": "-14713.00000", "2010-12-31": 20478, "2010-09-30": -21097, "2010-06-30": 31856, "2010-03-31": "623.00000", "2009-12-31": 10914, "2009-09-30": -20360, "2009-06-30": -9153, "2009-03-31": "-126011.00000", "2008-12-31": -53225, "2008-09-30": -19687, "2008-06-30": -18517, "2008-03-31": "-15940.00000", "2007-12-31": 13417, "2007-09-30": -541, "2007-06-30": -362, "2007-03-31": "-5414.00000", "2006-12-31": -5792, "2006-09-30": -13647, "2006-06-30": -13312, "2006-03-31": "-20101.00000", "2005-12-31": 12650, "2005-09-30": -10852, "2005-06-30": 13040, "2005-03-31": "17401.00000"}, "Net Change In Investments - Total": {"2020-12-31": 191711, "2020-09-30": -31399, "2020-06-30": -83646, "2020-03-31": "-76666.00000", "2019-12-31": 3284, "2019-09-30": -75359, "2019-06-30": -4988, "2019-03-31": "19687.00000", "2018-12-31": -133053, "2018-09-30": 8390, "2018-06-30": 23781, "2018-03-31": "-40365.00000", "2017-12-31": -165, "2017-09-30": 34343, "2017-06-30": -6937, "2017-03-31": "47430.00000", "2016-12-31": 33259, "2016-09-30": -40076, "2016-06-30": 7685, "2016-03-31": "-21678.00000", "2015-12-31": 55570, "2015-09-30": 27329, "2015-06-30": 125723, "2015-03-31": "-14987.00000", "2014-12-31": -56046, "2014-09-30": 1796, "2014-06-30": -12967, "2014-03-31": "-68966.00000", "2013-12-31": 46030, "2013-09-30": -41336, "2013-06-30": -84893, "2013-03-31": "-57786.00000", "2012-12-31": -35590, "2012-09-30": -5648, "2012-06-30": -5130, "2012-03-31": "-46084.00000", "2011-12-31": 28272, "2011-09-30": -11755, "2011-06-30": -70624, "2011-03-31": "-68797.00000", "2010-12-31": 42354, "2010-09-30": -48828, "2010-06-30": 82800, "2010-03-31": "-29798.00000", "2009-12-31": -17309, "2009-09-30": -15292, "2009-06-30": 8041, "2009-03-31": "-26911.00000", "2008-12-31": -75330, "2008-09-30": -150422, "2008-06-30": -7753, "2008-03-31": "-48618.00000", "2007-12-31": -6063, "2007-09-30": 4822, "2007-06-30": 7251, "2007-03-31": "-26643.00000", "2006-12-31": 13612, "2006-09-30": -15489, "2006-06-30": -21276, "2006-03-31": "-28470.00000", "2005-12-31": -5811, "2005-09-30": -8200, "2005-06-30": 20258, "2005-03-31": "-6373.00000"}, "Investing Activities - Other": {"2020-12-31": 6495, "2020-09-30": 16810, "2020-06-30": 35179, "2020-03-31": "-58484.00000", "2019-12-31": -20796, "2019-09-30": 11434, "2019-06-30": -3889, "2019-03-31": "16614.00000", "2018-12-31": -25158, "2018-09-30": -9198, "2018-06-30": -17734, "2018-03-31": "-4656.00000", "2017-12-31": -19292, "2017-09-30": -11176, "2017-06-30": -15636, "2017-03-31": "-318.00000", "2016-12-31": -10359, "2016-09-30": -19962, "2016-06-30": -25168, "2016-03-31": "-12903.00000", "2015-12-31": -28312, "2015-09-30": -25078, "2015-06-30": -24102, "2015-03-31": "-9163.00000", "2014-12-31": -13936, "2014-09-30": 469, "2014-06-30": -16542, "2014-03-31": "556.00000", "2013-12-31": -7492, "2013-09-30": -5503, "2013-06-30": -1889, "2013-03-31": "2368.00000", "2012-12-31": -14512, "2012-09-30": 1889, "2012-06-30": -15590, "2012-03-31": "752.00000", "2011-12-31": -29422, "2011-09-30": -12156, "2011-06-30": -9374, "2011-03-31": "3002.00000", "2010-12-31": -8809, "2010-09-30": 515, "2010-06-30": 4738, "2010-03-31": "15940.00000", "2009-12-31": 9226, "2009-09-30": 16544, "2009-06-30": 24525, "2009-03-31": "30628.00000", "2008-12-31": 11222, "2008-09-30": -16743, "2008-06-30": -6328, "2008-03-31": "-20677.00000", "2007-12-31": -26804, "2007-09-30": -17826, "2007-06-30": -23652, "2007-03-31": "14797.00000", "2006-12-31": -7150, "2006-09-30": -17287, "2006-06-30": -18384, "2006-03-31": "-5368.00000", "2005-12-31": -3337, "2005-09-30": -1229, "2005-06-30": -7228, "2005-03-31": "15.00000"}, "Cash Flow From Investing Activities": {"2020-12-31": 198206, "2020-09-30": -14589, "2020-06-30": -48467, "2020-03-31": "-135150.00000", "2019-12-31": -17512, "2019-09-30": -63925, "2019-06-30": -8877, "2019-03-31": "36301.00000", "2018-12-31": -158211, "2018-09-30": -808, "2018-06-30": 6047, "2018-03-31": "-45021.00000", "2017-12-31": -19457, "2017-09-30": 23167, "2017-06-30": -22573, "2017-03-31": "47112.00000", "2016-12-31": 22900, "2016-09-30": -60038, "2016-06-30": -17483, "2016-03-31": "-34581.00000", "2015-12-31": 27258, "2015-09-30": 2251, "2015-06-30": 101621, "2015-03-31": "-24150.00000", "2014-12-31": -70006, "2014-09-30": 2308, "2014-06-30": -29528, "2014-03-31": "-68410.00000", "2013-12-31": 38600, "2013-09-30": -46856, "2013-06-30": -86790, "2013-03-31": "-55455.00000", "2012-12-31": -50104, "2012-09-30": -3759, "2012-06-30": -20600, "2012-03-31": "-45362.00000", "2011-12-31": -1085, "2011-09-30": -23860, "2011-06-30": -79997, "2011-03-31": "-65810.00000", "2010-12-31": 33281, "2010-09-30": -52953, "2010-06-30": 87536, "2010-03-31": "-13862.00000", "2009-12-31": -8240, "2009-09-30": 1330, "2009-06-30": 32639, "2009-03-31": "3626.00000", "2008-12-31": -64142, "2008-09-30": -165447, "2008-06-30": 14411, "2008-03-31": "-68493.00000", "2007-12-31": -32867, "2007-09-30": -13004, "2007-06-30": -16471, "2007-03-31": "-11846.00000", "2006-12-31": 5995, "2006-09-30": -31461, "2006-06-30": -39660, "2006-03-31": "-34501.00000", "2005-12-31": -9684, "2005-09-30": -9519, "2005-06-30": 12921, "2005-03-31": "-6662.00000"}, "Net Long-Term Debt": {"2020-12-31": 26238, "2020-09-30": -41038, "2020-06-30": 9006, "2020-03-31": "5794.00000", "2019-12-31": -1744, "2019-09-30": 2444, "2019-06-30": -12360, "2019-03-31": "3135.00000", "2018-12-31": 10143, "2018-09-30": -5789, "2018-06-30": 2966, "2018-03-31": "-11971.00000", "2017-12-31": -7187, "2017-09-30": -7408, "2017-06-30": -2702, "2017-03-31": "-9511.00000", "2016-12-31": -6846, "2016-09-30": 16925, "2016-06-30": 4884, "2016-03-31": "-842.00000", "2015-12-31": -6497, "2015-09-30": 4466, "2015-06-30": 8183, "2015-03-31": "6212.00000", "2014-12-31": 8470, "2014-09-30": 4929, "2014-06-30": -5223, "2014-03-31": "5064.00000", "2013-12-31": 6276, "2013-09-30": -7132, "2013-06-30": 3674, "2013-03-31": "20231.00000", "2012-12-31": 8638, "2012-09-30": 2140, "2012-06-30": -18794, "2012-03-31": "-2186.00000", "2011-12-31": -15668, "2011-09-30": -6289, "2011-06-30": 4917, "2011-03-31": "-10194.00000", "2010-12-31": -1291, "2010-09-30": -5041, "2010-06-30": -19761, "2010-03-31": "-17769.00000", "2009-12-31": -16092, "2009-09-30": -4180, "2009-06-30": 4089, "2009-03-31": "-934.00000", "2008-12-31": 9781, "2008-09-30": -10929, "2008-06-30": 6185, "2008-03-31": "2026.00000", "2007-12-31": 9053, "2007-09-30": 14172, "2007-06-30": 14155, "2007-03-31": "8351.00000", "2006-12-31": 4257, "2006-09-30": 2756, "2006-06-30": 12403, "2006-03-31": "3038.00000", "2005-12-31": 7054, "2005-09-30": 749, "2005-06-30": 3142, "2005-03-31": "5893.00000"}, "Net Current Debt": {"2020-12-31": -54690, "2020-09-30": -5196, "2020-06-30": -1842, "2020-03-31": "61728.00000", "2019-12-31": -72065, "2019-09-30": 35415, "2019-06-30": -32371, "2019-03-31": "41807.00000", "2018-12-31": 6198, "2018-09-30": 7146, "2018-06-30": -2667, "2018-03-31": "31214.00000", "2017-12-31": -12936, "2017-09-30": 4558, "2017-06-30": -3784, "2017-03-31": "21963.00000", "2016-12-31": -4782, "2016-09-30": 1671, "2016-06-30": 4546, "2016-03-31": "9111.00000", "2015-12-31": -37839, "2015-09-30": -24048, "2015-06-30": -27939, "2015-03-31": "-7417.00000", "2014-12-31": -1784, "2014-09-30": -24552, "2014-06-30": 3734, "2014-03-31": "42749.00000", "2013-12-31": -36587, "2013-09-30": -43327, "2013-06-30": 12352, "2013-03-31": "11479.00000", "2012-12-31": -13469, "2012-09-30": 2320, "2012-06-30": 5791, "2012-03-31": "41219.00000", "2011-12-31": -31637, "2011-09-30": -14419, "2011-06-30": -31959, "2011-03-31": "22129.00000", "2010-12-31": -42118, "2010-09-30": 75437, "2010-06-30": -67837, "2010-03-31": "42851.00000", "2009-12-31": -46602, "2009-09-30": -6402, "2009-06-30": -8714, "2009-03-31": "62305.00000", "2008-12-31": -80966, "2008-09-30": 93351, "2008-06-30": -25433, "2008-03-31": "37517.00000", "2007-12-31": -11261, "2007-09-30": -16341, "2007-06-30": -3902, "2007-03-31": "65083.00000", "2006-12-31": -23858, "2006-09-30": 18415, "2006-06-30": 28324, "2006-03-31": "26024.00000", "2005-12-31": -24783, "2005-09-30": 12062, "2005-06-30": 2659, "2005-03-31": "10818.00000"}, "Debt Issuance/Retirement Net - Total": {"2020-12-31": -28452, "2020-09-30": -46234, "2020-06-30": 7164, "2020-03-31": "67522.00000", "2019-12-31": -73809, "2019-09-30": 37859, "2019-06-30": -44731, "2019-03-31": "44942.00000", "2018-12-31": 16341, "2018-09-30": 1357, "2018-06-30": 299, "2018-03-31": "19243.00000", "2017-12-31": -20123, "2017-09-30": -2850, "2017-06-30": -6486, "2017-03-31": "12452.00000", "2016-12-31": -11628, "2016-09-30": 18596, "2016-06-30": 9430, "2016-03-31": "8269.00000", "2015-12-31": -44336, "2015-09-30": -19582, "2015-06-30": -19756, "2015-03-31": "-1205.00000", "2014-12-31": 6686, "2014-09-30": -19623, "2014-06-30": -1489, "2014-03-31": "47813.00000", "2013-12-31": -30311, "2013-09-30": -50459, "2013-06-30": 16026, "2013-03-31": "31710.00000", "2012-12-31": -4831, "2012-09-30": 4460, "2012-06-30": -13003, "2012-03-31": "39033.00000", "2011-12-31": -47305, "2011-09-30": -20708, "2011-06-30": -27042, "2011-03-31": "11935.00000", "2010-12-31": -43409, "2010-09-30": 70396, "2010-06-30": -87598, "2010-03-31": "25082.00000", "2009-12-31": -62694, "2009-09-30": -10582, "2009-06-30": -4625, "2009-03-31": "61371.00000", "2008-12-31": -71185, "2008-09-30": 82422, "2008-06-30": -19248, "2008-03-31": "39543.00000", "2007-12-31": -2208, "2007-09-30": -2169, "2007-06-30": 10253, "2007-03-31": "73434.00000", "2006-12-31": -19601, "2006-09-30": 21171, "2006-06-30": 40727, "2006-03-31": "29062.00000", "2005-12-31": -17729, "2005-09-30": 12811, "2005-06-30": 5801, "2005-03-31": "16711.00000"}, "Net Common Equity Issued/Repurchased": {"2020-12-31": 6517, "2020-09-30": 0, "2020-06-30": 0, "2020-03-31": "-6517.00000", "2019-12-31": -6751, "2019-09-30": -6949, "2019-06-30": -5210, "2019-03-31": "-5091.00000", "2018-12-31": -5928, "2018-09-30": -4416, "2018-06-30": -4968, "2018-03-31": "-4671.00000", "2017-12-31": -4808, "2017-09-30": -4763, "2017-06-30": -3007, "2017-03-31": "-2832.00000", "2016-12-31": -2251, "2016-09-30": -2295, "2016-06-30": -2840, "2016-03-31": "-1696.00000", "2015-12-31": -1219, "2015-09-30": -1248, "2015-06-30": -1249, "2015-03-31": "-1900.00000", "2014-12-31": -1510, "2014-09-30": -1489, "2014-06-30": -1375, "2014-03-31": "-386.00000", "2013-12-31": -299, "2013-09-30": -740, "2013-06-30": -1172, "2013-03-31": "-2578.00000", "2012-12-31": 1234, "2012-09-30": 0, "2012-06-30": -1437, "2012-03-31": "-216.00000", "2011-12-31": -863, "2011-09-30": -4425, "2011-06-30": -3480, "2011-03-31": "-95.00000", "2010-12-31": -687, "2010-09-30": -2177, "2010-06-30": -135, "2010-03-31": "", "2009-12-31": 0, "2009-09-30": 0, "2009-06-30": 5756, "2009-03-31": "", "2008-12-31": 0, "2008-09-30": 11500, "2008-06-30": 156, "2008-03-31": "-156.00000", "2007-12-31": -1686, "2007-09-30": -1920, "2007-06-30": -1228, "2007-03-31": "-3344.00000", "2006-12-31": -537, "2006-09-30": -409, "2006-06-30": -435, "2006-03-31": "-898.00000", "2005-12-31": -748, "2005-09-30": -409, "2005-06-30": -447, "2005-03-31": "-1126.00000"}, "Net Total Equity Issued/Repurchased": {"2020-12-31": 3447, "2020-09-30": 0, "2020-06-30": 0, "2020-03-31": "-3447.00000", "2019-12-31": -8121, "2019-09-30": -5579, "2019-06-30": -5210, "2019-03-31": "-4166.00000", "2018-12-31": -7583, "2018-09-30": -2761, "2018-06-30": -4968, "2018-03-31": "-4671.00000", "2017-12-31": -4808, "2017-09-30": -4763, "2017-06-30": -3007, "2017-03-31": "-2832.00000", "2016-12-31": -2251, "2016-09-30": -2295, "2016-06-30": -2840, "2016-03-31": "-1696.00000", "2015-12-31": -1219, "2015-09-30": -129, "2015-06-30": 2133, "2015-03-31": "-508.00000", "2014-12-31": -1511, "2014-09-30": 110, "2014-06-30": 1979, "2014-03-31": "3509.00000", "2013-12-31": -299, "2013-09-30": -1043, "2013-06-30": 326, "2013-03-31": "-1700.00000", "2012-12-31": 0, "2012-09-30": 1234, "2012-06-30": -1437, "2012-03-31": "-216.00000", "2011-12-31": -863, "2011-09-30": -4425, "2011-06-30": -3480, "2011-03-31": "-95.00000", "2010-12-31": -687, "2010-09-30": -2529, "2010-06-30": -135, "2010-03-31": "", "2009-12-31": 0, "2009-09-30": 0, "2009-06-30": -19244, "2009-03-31": "", "2008-12-31": 25000, "2008-09-30": 13246, "2008-06-30": 6156, "2008-03-31": "-156.00000", "2007-12-31": -1686, "2007-09-30": -1920, "2007-06-30": -1228, "2007-03-31": "-3344.00000", "2006-12-31": -537, "2006-09-30": -409, "2006-06-30": -435, "2006-03-31": "-1037.00000", "2005-12-31": -748, "2005-09-30": -409, "2005-06-30": -647, "2005-03-31": "-1126.00000"}, "Total Common And Preferred Stock Dividends Paid": {"2020-12-31": 9551, "2020-09-30": -3209, "2020-06-30": -3154, "2020-03-31": "-3188.00000", "2019-12-31": -3287, "2019-09-30": -2975, "2019-06-30": -3048, "2019-03-31": "-3033.00000", "2018-12-31": -3120, "2018-09-30": -2273, "2018-06-30": -2480, "2018-03-31": "-2236.00000", "2017-12-31": -2515, "2017-09-30": -2092, "2017-06-30": -2341, "2017-03-31": "-2045.00000", "2016-12-31": -2287, "2016-09-30": -2069, "2016-06-30": -2174, "2016-03-31": "-1946.00000", "2015-12-31": -2195, "2015-09-30": -1944, "2015-06-30": -1964, "2015-03-31": "-1770.00000", "2014-12-31": -1912, "2014-09-30": -1718, "2014-06-30": -1806, "2014-03-31": "-1554.00000", "2013-12-31": -1782, "2013-09-30": -1547, "2013-06-30": -1485, "2013-03-31": "-1242.00000", "2012-12-31": -1478, "2012-09-30": -1223, "2012-06-30": -1469, "2012-03-31": "-1024.00000", "2011-12-31": -1269, "2011-09-30": -1061, "2011-06-30": -1319, "2011-03-31": "-246.00000", "2010-12-31": -484, "2010-09-30": -257, "2010-06-30": -492, "2010-03-31": "-253.00000", "2009-12-31": -489, "2009-09-30": -252, "2009-06-30": -849, "2009-03-31": "-1832.00000", "2008-12-31": -1884, "2008-09-30": -1364, "2008-06-30": -1344, "2008-03-31": "-1319.00000", "2007-12-31": -1316, "2007-09-30": -1331, "2007-06-30": -1197, "2007-03-31": "-1207.00000", "2006-12-31": -1209, "2006-09-30": -1209, "2006-06-30": -1213, "2006-03-31": "-1215.00000", "2005-12-31": -1209, "2005-09-30": -1220, "2005-06-30": -1222, "2005-03-31": "-1227.00000"}, "Financial Activities - Other": {"2020-12-31": -455233, "2020-09-30": 68694, "2020-06-30": 85121, "2020-03-31": "301418.00000", "2019-12-31": 22198, "2019-09-30": 10232, "2019-06-30": 40023, "2019-03-31": "31692.00000", "2018-12-31": 12201, "2018-09-30": 6230, "2018-06-30": -39674, "2018-03-31": "48253.00000", "2017-12-31": 5683, "2017-09-30": -1801, "2017-06-30": 16140, "2017-03-31": "36030.00000", "2016-12-31": -17262, "2016-09-30": 43308, "2016-06-30": 16159, "2016-03-31": "48957.00000", "2015-12-31": 3752, "2015-09-30": -8429, "2015-06-30": -98179, "2015-03-31": "7820.00000", "2014-12-31": 40904, "2014-09-30": 19856, "2014-06-30": 36434, "2014-03-31": "-9450.00000", "2013-12-31": 9473, "2013-09-30": 74184, "2013-06-30": -12939, "2013-03-31": "-588.00000", "2012-12-31": 60395, "2012-09-30": 24283, "2012-06-30": -14576, "2012-03-31": "-2441.00000", "2011-12-31": 24778, "2011-09-30": 69234, "2011-06-30": 53838, "2011-03-31": "55734.00000", "2010-12-31": 13936, "2010-09-30": 26141, "2010-06-30": -26122, "2010-03-31": "-22806.00000", "2009-12-31": 64662, "2009-09-30": -2476, "2009-06-30": -62221, "2009-03-31": "-113848.00000", "2008-12-31": 93383, "2008-09-30": 85427, "2008-06-30": -40899, "2008-03-31": "39221.00000", "2007-12-31": 74585, "2007-09-30": 30522, "2007-06-30": 27008, "2007-03-31": "-14140.00000", "2006-12-31": 33970, "2006-09-30": -8867, "2006-06-30": 36540, "2006-03-31": "27011.00000", "2005-12-31": 22326, "2005-09-30": -779, "2005-06-30": 7351, "2005-03-31": "6385.00000"}, "Cash Flow From Financial Activities": {"2020-12-31": -470687, "2020-09-30": 19251, "2020-06-30": 89131, "2020-03-31": "362305.00000", "2019-12-31": -63019, "2019-09-30": 39537, "2019-06-30": -12966, "2019-03-31": "69435.00000", "2018-12-31": 17839, "2018-09-30": 2553, "2018-06-30": -46823, "2018-03-31": "60589.00000", "2017-12-31": -21763, "2017-09-30": -11506, "2017-06-30": 4306, "2017-03-31": "43605.00000", "2016-12-31": -33428, "2016-09-30": 57540, "2016-06-30": 20575, "2016-03-31": "53584.00000", "2015-12-31": -43998, "2015-09-30": -30084, "2015-06-30": -117766, "2015-03-31": "4337.00000", "2014-12-31": 44167, "2014-09-30": -1375, "2014-06-30": 35118, "2014-03-31": "40318.00000", "2013-12-31": -22919, "2013-09-30": 21135, "2013-06-30": 1928, "2013-03-31": "28180.00000", "2012-12-31": 54086, "2012-09-30": 28754, "2012-06-30": -30485, "2012-03-31": "35352.00000", "2011-12-31": -24659, "2011-09-30": 43040, "2011-06-30": 21997, "2011-03-31": "67328.00000", "2010-12-31": -30644, "2010-09-30": 93751, "2010-06-30": -114347, "2010-03-31": "2023.00000", "2009-12-31": 1479, "2009-09-30": -13310, "2009-06-30": -86939, "2009-03-31": "-54309.00000", "2008-12-31": 45314, "2008-09-30": 179731, "2008-06-30": -55335, "2008-03-31": "77289.00000", "2007-12-31": 69375, "2007-09-30": 25102, "2007-06-30": 34836, "2007-03-31": "54743.00000", "2006-12-31": 12623, "2006-09-30": 10686, "2006-06-30": 75619, "2006-03-31": "53821.00000", "2005-12-31": 2640, "2005-09-30": 10403, "2005-06-30": 11283, "2005-03-31": "20743.00000"}, "Net Cash Flow": {"2020-12-31": -223891, "2020-09-30": -6207, "2020-06-30": 126195, "2020-03-31": "103903.00000", "2019-12-31": 7034, "2019-09-30": -11441, "2019-06-30": -34566, "2019-03-31": "23811.00000", "2018-12-31": -140304, "2018-09-30": 13917, "2018-06-30": -9632, "2018-03-31": "-16492.00000", "2017-12-31": -27852, "2017-09-30": 8630, "2017-06-30": -11360, "2017-03-31": "70732.00000", "2016-12-31": 28571, "2016-09-30": 1680, "2016-06-30": 1498, "2016-03-31": "-2278.00000", "2015-12-31": -768, "2015-09-30": -2837, "2015-06-30": 1274, "2015-03-31": "-5010.00000", "2014-12-31": 2459, "2014-09-30": -2151, "2014-06-30": 1202, "2014-03-31": "-13450.00000", "2013-12-31": 9107, "2013-09-30": 1450, "2013-06-30": -16310, "2013-03-31": "-8199.00000", "2012-12-31": 380, "2012-09-30": 8477, "2012-06-30": -10517, "2012-03-31": "-4219.00000", "2011-12-31": 2836, "2011-09-30": 26300, "2011-06-30": 6997, "2011-03-31": "-4098.00000", "2010-12-31": 3607, "2010-09-30": -8846, "2010-06-30": 1384, "2010-03-31": "5216.00000", "2009-12-31": 5138, "2009-09-30": -4065, "2009-06-30": -1548, "2009-03-31": "-214.00000", "2008-12-31": -27455, "2008-09-30": 22095, "2008-06-30": -14633, "2008-03-31": "6744.00000", "2007-12-31": 7378, "2007-09-30": -2683, "2007-06-30": 3613, "2007-03-31": "-8576.00000", "2006-12-31": 4133, "2006-09-30": -2111, "2006-06-30": 1487, "2006-03-31": "233.00000", "2005-12-31": 3634, "2005-09-30": -2056, "2005-06-30": -2501, "2005-03-31": "2425.00000"}, "Stock-Based Compensation": {"2020-12-31": 0, "2020-09-30": 0, "2020-06-30": 0, "2020-03-31": "", "2019-12-31": 0, "2019-09-30": 0, "2019-06-30": 0, "2019-03-31": "", "2018-12-31": 0, "2018-09-30": 0, "2018-06-30": 0, "2018-03-31": "", "2017-12-31": 0, "2017-09-30": 0, "2017-06-30": 0, "2017-03-31": "", "2016-12-31": 0, "2016-09-30": 0, "2016-06-30": 0, "2016-03-31": "", "2015-12-31": 0, "2015-09-30": 0, "2015-06-30": 0, "2015-03-31": "", "2014-12-31": -1681, "2014-09-30": 539, "2014-06-30": 524, "2014-03-31": "618.00000", "2013-12-31": -1734, "2013-09-30": 507, "2013-06-30": 586, "2013-03-31": "641.00000", "2012-12-31": 522, "2012-09-30": 582, "2012-06-30": 609, "2012-03-31": "832.00000", "2011-12-31": 580, "2011-09-30": 538, "2011-06-30": 727, "2011-03-31": "830.00000", "2010-12-31": 724, "2010-09-30": 753, "2010-06-30": 833, "2010-03-31": "941.00000", "2009-12-31": 920, "2009-09-30": 763, "2009-06-30": 884, "2009-03-31": "788.00000", "2008-12-31": 552, "2008-09-30": 697, "2008-06-30": 728, "2008-03-31": "660.00000", "2007-12-31": 516, "2007-09-30": 490, "2007-06-30": 508, "2007-03-31": "511.00000", "2006-12-31": 445, "2006-09-30": 546, "2006-06-30": 538, "2006-03-31": "839.00000", "2005-12-31": 482, "2005-09-30": 342, "2005-06-30": 358, "2005-03-31": "381.00000"}, "Common Stock Dividends Paid": {"2020-12-31": 9551, "2020-09-30": -3209, "2020-06-30": -3154, "2020-03-31": "-3188.00000", "2019-12-31": -3287, "2019-09-30": -2975, "2019-06-30": -3048, "2019-03-31": "-3033.00000", "2018-12-31": -3120, "2018-09-30": -2273, "2018-06-30": -2480, "2018-03-31": "-2236.00000", "2017-12-31": -2515, "2017-09-30": -2092, "2017-06-30": -2341, "2017-03-31": "-2045.00000", "2016-12-31": -2287, "2016-09-30": -2069, "2016-06-30": -2174, "2016-03-31": "-1946.00000", "2015-12-31": -2195, "2015-09-30": -1944, "2015-06-30": -1964, "2015-03-31": "-1770.00000", "2014-12-31": -1912, "2014-09-30": -1718, "2014-06-30": -1806, "2014-03-31": "-1554.00000", "2013-12-31": -1782, "2013-09-30": -1547, "2013-06-30": -1485, "2013-03-31": "-1242.00000", "2012-12-31": -1478, "2012-09-30": -1223, "2012-06-30": -1469, "2012-03-31": "-1024.00000", "2011-12-31": -1269, "2011-09-30": -1061, "2011-06-30": -1319, "2011-03-31": "-246.00000", "2010-12-31": -484, "2010-09-30": -257, "2010-06-30": -492, "2010-03-31": "-253.00000", "2009-12-31": -489, "2009-09-30": -252, "2009-06-30": -849, "2009-03-31": "-1832.00000", "2008-12-31": -1884, "2008-09-30": -1364, "2008-06-30": -1344, "2008-03-31": "-1319.00000", "2007-12-31": -1316, "2007-09-30": -1331, "2007-06-30": -1197, "2007-03-31": "-1207.00000", "2006-12-31": -1209, "2006-09-30": -1209, "2006-06-30": -1213, "2006-03-31": "-1215.00000", "2005-12-31": -1209, "2005-09-30": -1220, "2005-06-30": -1222, "2005-03-31": "-1227.00000"}}, "financial ratios": {"Current Ratio": {"2019-12-31": "", "2018-12-31": "", "2017-12-31": "", "2016-12-31": "", "2015-12-31": "", "2014-12-31": "", "2013-12-31": "", "2012-12-31": "", "2011-12-31": "", "2010-12-31": "", "2009-12-31": "", "2008-12-31": "", "2007-12-31": "", "2006-12-31": "", "2005-12-31": ""}, "Long-term Debt / Capital": {"2019-12-31": "0.52730", "2018-12-31": "0.52370", "2017-12-31": "0.52630", "2016-12-31": "0.53740", "2015-12-31": "0.55580", "2014-12-31": "0.56950", "2013-12-31": "0.58350", "2012-12-31": "0.57460", "2011-12-31": "0.60290", "2010-12-31": "0.63390", "2009-12-31": "0.66070", "2008-12-31": "0.70720", "2007-12-31": "0.64900", "2006-12-31": "0.58570", "2005-12-31": "0.54870"}, "Debt/Equity Ratio": {"2019-12-31": "2.43130", "2018-12-31": "2.64470", "2017-12-31": "2.41880", "2016-12-31": "2.48640", "2015-12-31": "2.44330", "2014-12-31": "3.09790", "2013-12-31": "3.18520", "2012-12-31": "3.44510", "2011-12-31": "3.73440", "2010-12-31": "4.33350", "2009-12-31": "4.53750", "2008-12-31": "4.79590", "2007-12-31": "4.78580", "2006-12-31": "4.25480", "2005-12-31": "3.88100"}, "Gross Margin": {"2019-12-31": "", "2018-12-31": "", "2017-12-31": "", "2016-12-31": "", "2015-12-31": "", "2014-12-31": "", "2013-12-31": "", "2012-12-31": "", "2011-12-31": "", "2010-12-31": "", "2009-12-31": "", "2008-12-31": "", "2007-12-31": "", "2006-12-31": "", "2005-12-31": ""}, "Operating Margin": {"2019-12-31": "", "2018-12-31": "", "2017-12-31": "", "2016-12-31": "", "2015-12-31": "", "2014-12-31": "", "2013-12-31": "", "2012-12-31": "", "2011-12-31": "", "2010-12-31": "", "2009-12-31": "", "2008-12-31": "", "2007-12-31": "", "2006-12-31": "", "2005-12-31": ""}, "EBIT Margin": {"2019-12-31": "", "2018-12-31": "", "2017-12-31": "", "2016-12-31": "", "2015-12-31": "", "2014-12-31": "", "2013-12-31": "", "2012-12-31": "", "2011-12-31": "", "2010-12-31": "", "2009-12-31": "", "2008-12-31": "", "2007-12-31": "", "2006-12-31": "", "2005-12-31": ""}, "EBITDA Margin": {"2019-12-31": "", "2018-12-31": "", "2017-12-31": "", "2016-12-31": "", "2015-12-31": "", "2014-12-31": "", "2013-12-31": "", "2012-12-31": "", "2011-12-31": "", "2010-12-31": "", "2009-12-31": "", "2008-12-31": "", "2007-12-31": "", "2006-12-31": "", "2005-12-31": ""}, "Pre-Tax Profit Margin": {"2019-12-31": "40.48000", "2018-12-31": "39.13670", "2017-12-31": "37.62510", "2016-12-31": "37.86510", "2015-12-31": "34.22130", "2014-12-31": "33.37830", "2013-12-31": "27.45980", "2012-12-31": "30.87910", "2011-12-31": "29.83380", "2010-12-31": "28.88730", "2009-12-31": "23.48320", "2008-12-31": "5.99270", "2007-12-31": "35.35220", "2006-12-31": "33.86060", "2005-12-31": "23.32120"}, "Net Profit Margin": {"2019-12-31": "31.48070", "2018-12-31": "29.48310", "2017-12-31": "23.65140", "2016-12-31": "25.03510", "2015-12-31": "25.24750", "2014-12-31": "21.82920", "2013-12-31": "17.04410", "2012-12-31": "21.22570", "2011-12-31": "19.59400", "2010-12-31": "18.31850", "2009-12-31": "12.82390", "2008-12-31": "10.24790", "2007-12-31": "23.13510", "2006-12-31": "24.58750", "2005-12-31": "16.68470"}, "Asset Turnover": {"2019-12-31": "0.04090", "2018-12-31": "0.03970", "2017-12-31": "0.03770", "2016-12-31": "0.03660", "2015-12-31": "0.03810", "2014-12-31": "0.03580", "2013-12-31": "0.04020", "2012-12-31": "0.03970", "2011-12-31": "0.03960", "2010-12-31": "0.04060", "2009-12-31": "0.03370", "2008-12-31": "0.02130", "2007-12-31": "0.04130", "2006-12-31": "0.04350", "2005-12-31": "0.04230"}, "Inventory Turnover Ratio": {"2019-12-31": "", "2018-12-31": "", "2017-12-31": "", "2016-12-31": "", "2015-12-31": "", "2014-12-31": "", "2013-12-31": "", "2012-12-31": "", "2011-12-31": "", "2010-12-31": "", "2009-12-31": "", "2008-12-31": "", "2007-12-31": "", "2006-12-31": "", "2005-12-31": ""}, "Receiveable Turnover": {"2019-12-31": "", "2018-12-31": "", "2017-12-31": "", "2016-12-31": "", "2015-12-31": "", "2014-12-31": "", "2013-12-31": "", "2012-12-31": "", "2011-12-31": "", "2010-12-31": "", "2009-12-31": "", "2008-12-31": "", "2007-12-31": "", "2006-12-31": "", "2005-12-31": ""}, "Days Sales In Receivables": {"2019-12-31": "", "2018-12-31": "", "2017-12-31": "", "2016-12-31": "", "2015-12-31": "", "2014-12-31": "", "2013-12-31": "", "2012-12-31": "", "2011-12-31": "", "2010-12-31": "", "2009-12-31": "", "2008-12-31": "", "2007-12-31": "", "2006-12-31": "", "2005-12-31": ""}, "ROE - Return On Equity": {"2019-12-31": "15.54640", "2018-12-31": "14.09170", "2017-12-31": "10.64390", "2016-12-31": "10.84200", "2015-12-31": "11.03450", "2014-12-31": "10.27340", "2013-12-31": "8.94210", "2012-12-31": "10.91430", "2011-12-31": "10.79570", "2010-12-31": "10.32050", "2009-12-31": "7.41160", "2008-12-31": "2.74110", "2007-12-31": "12.46950", "2006-12-31": "11.78770", "2005-12-31": "7.70880"}, "Return On Tangible Equity": {"2019-12-31": "17.51580", "2018-12-31": "16.06300", "2017-12-31": "12.14150", "2016-12-31": "12.37000", "2015-12-31": "12.68890", "2014-12-31": "12.39370", "2013-12-31": "11.77760", "2012-12-31": "14.57360", "2011-12-31": "15.18630", "2010-12-31": "15.85380", "2009-12-31": "12.03020", "2008-12-31": "3.56110", "2007-12-31": "24.30400", "2006-12-31": "24.48160", "2005-12-31": "16.83430"}, "ROA - Return On Assets": {"2019-12-31": "1.35560", "2018-12-31": "1.23830", "2017-12-31": "0.96470", "2016-12-31": "0.99290", "2015-12-31": "1.03930", "2014-12-31": "0.84540", "2013-12-31": "0.74040", "2012-12-31": "0.90220", "2011-12-31": "0.83750", "2010-12-31": "0.82030", "2009-12-31": "0.57340", "2008-12-31": "0.17010", "2007-12-31": "0.98360", "2006-12-31": "1.00990", "2005-12-31": "0.68840"}, "ROI - Return On Investment": {"2019-12-31": "6.58990", "2018-12-31": "6.02990", "2017-12-31": "4.52800", "2016-12-31": "4.50150", "2015-12-31": "4.38560", "2014-12-31": "4.03940", "2013-12-31": "3.52740", "2012-12-31": "4.43670", "2011-12-31": "4.10510", "2010-12-31": "3.61060", "2009-12-31": "2.39050", "2008-12-31": "0.64900", "2007-12-31": "4.37670", "2006-12-31": "4.88380", "2005-12-31": "3.47430"}, "Book Value Per Share": {"2019-12-31": "84.73680", "2018-12-31": "78.30690", "2017-12-31": "74.64840", "2016-12-31": "71.37780", "2015-12-31": "67.57870", "2014-12-31": "62.37960", "2013-12-31": "56.22260", "2012-12-31": "53.64660", "2011-12-31": "48.65840", "2010-12-31": "45.03650", "2009-12-31": "41.95000", "2008-12-31": "44.70750", "2007-12-31": "36.59250", "2006-12-31": "33.44900", "2005-12-31": "30.74870"}, "Operating Cash Flow Per Share": {"2019-12-31": -2.2839, "2018-12-31": 7.1825, "2017-12-31": -8.9576, "2016-12-31": -13.5378, "2015-12-31": 9.8323, "2014-12-31": -18.6616, "2013-12-31": 21.7363, "2012-12-31": -17.9092, "2011-12-31": 25.414, "2010-12-31": -32.5946, "2009-12-31": 24.8568, "2008-12-31": 38.8873, "2007-12-31": -18.2208, "2006-12-31": -5.3717, "2005-12-31": -8.5004}, "Free Cash Flow Per Share": {"2019-12-31": -2.2839, "2018-12-31": 7.1825, "2017-12-31": -8.9576, "2016-12-31": -13.5378, "2015-12-31": 9.8323, "2014-12-31": -18.6616, "2013-12-31": 21.7363, "2012-12-31": -17.9092, "2011-12-31": 25.414, "2010-12-31": -32.5946, "2009-12-31": 16.6654, "2008-12-31": 47.0787, "2007-12-31": -18.2208, "2006-12-31": -5.3717, "2005-12-31": -8.5004}}, "financial ratios, quarterly": {"Current Ratio": {"2020-09-30": "", "2020-06-30": "", "2020-03-31": "", "2019-12-31": "", "2019-09-30": "", "2019-06-30": "", "2019-03-31": "", "2018-12-31": "", "2018-09-30": "", "2018-06-30": "", "2018-03-31": "", "2017-12-31": "", "2017-09-30": "", "2017-06-30": "", "2017-03-31": "", "2016-12-31": "", "2016-09-30": "", "2016-06-30": "", "2016-03-31": "", "2015-12-31": "", "2015-09-30": "", "2015-06-30": "", "2015-03-31": "", "2014-12-31": "", "2014-09-30": "", "2014-06-30": "", "2014-03-31": "", "2013-12-31": "", "2013-09-30": "", "2013-06-30": "", "2013-03-31": "", "2012-12-31": "", "2012-09-30": "", "2012-06-30": "", "2012-03-31": "", "2011-12-31": "", "2011-09-30": "", "2011-06-30": "", "2011-03-31": "", "2010-12-31": "", "2010-09-30": "", "2010-06-30": "", "2010-03-31": "", "2009-12-31": "", "2009-09-30": "", "2009-06-30": "", "2009-03-31": "", "2008-12-31": "", "2008-09-30": "", "2008-06-30": "", "2008-03-31": "", "2007-12-31": "", "2007-09-30": "", "2007-06-30": "", "2007-03-31": "", "2006-12-31": "", "2006-09-30": "", "2006-06-30": "", "2006-03-31": "", "2005-12-31": "", "2005-09-30": "", "2005-06-30": "", "2005-03-31": ""}, "Long-term Debt / Capital": {"2020-09-30": "0.50730", "2020-06-30": "0.54520", "2020-03-31": "0.53400", "2019-12-31": "0.52730", "2019-09-30": "0.52860", "2019-06-30": "0.52320", "2019-03-31": "0.52820", "2018-12-31": "0.52370", "2018-09-30": "0.51060", "2018-06-30": "0.51480", "2018-03-31": "0.51720", "2017-12-31": "0.52630", "2017-09-30": "0.55200", "2017-06-30": "0.55620", "2017-03-31": "0.55090", "2016-12-31": "0.53740", "2016-09-30": "0.56760", "2016-06-30": "0.55560", "2016-03-31": "0.55380", "2015-12-31": "0.55580", "2015-09-30": "0.56570", "2015-06-30": "0.56770", "2015-03-31": "0.56760", "2014-12-31": "0.56950", "2014-09-30": "0.56520", "2014-06-30": "0.57270", "2014-03-31": "0.58250", "2013-12-31": "0.58350", "2013-09-30": "0.58710", "2013-06-30": "0.58640", "2013-03-31": "0.58800", "2012-12-31": "0.57460", "2012-09-30": "0.56880", "2012-06-30": "0.57690", "2012-03-31": "0.59930", "2011-12-31": "0.60290", "2011-09-30": "0.62440", "2011-06-30": "0.62850", "2011-03-31": "0.62910", "2010-12-31": "0.63390", "2010-09-30": "0.63870", "2010-06-30": "0.63130", "2010-03-31": "0.65440", "2009-12-31": "0.66070", "2009-09-30": "0.66560", "2009-06-30": "0.69090", "2009-03-31": "0.68730", "2008-12-31": "0.70720", "2008-09-30": "0.74370", "2008-06-30": "0.69260", "2008-03-31": "0.65050", "2007-12-31": "0.64900", "2007-09-30": "0.64690", "2007-06-30": "0.62820", "2007-03-31": "0.59810", "2006-12-31": "0.58570", "2006-09-30": "0.57900", "2006-06-30": "0.57050", "2006-03-31": "0.55930", "2005-12-31": "0.54870", "2005-09-30": "0.54840", "2005-06-30": "0.54430", "2005-03-31": "0.53400"}, "Debt/Equity Ratio": {"2020-09-30": "2.65610", "2020-06-30": "2.89590", "2020-03-31": "2.94210", "2019-12-31": "2.43130", "2019-09-30": "2.76710", "2019-06-30": "2.65210", "2019-03-31": "2.85480", "2018-12-31": "2.64470", "2018-09-30": "2.57770", "2018-06-30": "2.57190", "2018-03-31": "2.54780", "2017-12-31": "2.41880", "2017-09-30": "2.47880", "2017-06-30": "2.49590", "2017-03-31": "2.53080", "2016-12-31": "2.48640", "2016-09-30": "2.58680", "2016-06-30": "2.60620", "2016-03-31": "2.54330", "2015-12-31": "2.44330", "2015-09-30": "2.69230", "2015-06-30": "2.81630", "2015-03-31": "3.05320", "2014-12-31": "3.09790", "2014-09-30": "3.03780", "2014-06-30": "3.18350", "2014-03-31": "3.30220", "2013-12-31": "3.18520", "2013-09-30": "3.45670", "2013-06-30": "3.63600", "2013-03-31": "3.51720", "2012-12-31": "3.44510", "2012-09-30": "3.61060", "2012-06-30": "3.76100", "2012-03-31": "3.85950", "2011-12-31": "3.73440", "2011-09-30": "4.10620", "2011-06-30": "4.17350", "2011-03-31": "4.31440", "2010-12-31": "4.33350", "2010-09-30": "4.70470", "2010-06-30": "4.12850", "2010-03-31": "4.84780", "2009-12-31": "4.53750", "2009-09-30": "5.06330", "2009-06-30": "5.25160", "2009-03-31": "4.85820", "2008-12-31": "4.79590", "2008-09-30": "5.92310", "2008-06-30": "5.47030", "2008-03-31": "5.05460", "2007-12-31": "4.78580", "2007-09-30": "4.84840", "2007-06-30": "4.93130", "2007-03-31": "4.79230", "2006-12-31": "4.25480", "2006-09-30": "4.64910", "2006-06-30": "4.50570", "2006-03-31": "4.28800", "2005-12-31": "3.88100", "2005-09-30": "4.15450", "2005-06-30": "3.89400", "2005-03-31": "4.03050"}, "Gross Margin": {"2020-09-30": "", "2020-06-30": "", "2020-03-31": "", "2019-12-31": "", "2019-09-30": "", "2019-06-30": "", "2019-03-31": "", "2018-12-31": "", "2018-09-30": "", "2018-06-30": "", "2018-03-31": "", "2017-12-31": "", "2017-09-30": "", "2017-06-30": "", "2017-03-31": "", "2016-12-31": "", "2016-09-30": "", "2016-06-30": "", "2016-03-31": "", "2015-12-31": "", "2015-09-30": "", "2015-06-30": "", "2015-03-31": "", "2014-12-31": "", "2014-09-30": "", "2014-06-30": "", "2014-03-31": "", "2013-12-31": "", "2013-09-30": "", "2013-06-30": "", "2013-03-31": "", "2012-12-31": "", "2012-09-30": "", "2012-06-30": "", "2012-03-31": "", "2011-12-31": "", "2011-09-30": "", "2011-06-30": "", "2011-03-31": "", "2010-12-31": "", "2010-09-30": "", "2010-06-30": "", "2010-03-31": "", "2009-12-31": "", "2009-09-30": "", "2009-06-30": "", "2009-03-31": "", "2008-12-31": "", "2008-09-30": "", "2008-06-30": "", "2008-03-31": "", "2007-12-31": "", "2007-09-30": "", "2007-06-30": "", "2007-03-31": "", "2006-12-31": "", "2006-09-30": "", "2006-06-30": "", "2006-03-31": "", "2005-12-31": "", "2005-09-30": "", "2005-06-30": "", "2005-03-31": ""}, "Operating Margin": {"2020-09-30": "", "2020-06-30": "", "2020-03-31": "", "2019-12-31": "", "2019-09-30": "", "2019-06-30": "", "2019-03-31": "", "2018-12-31": "", "2018-09-30": "", "2018-06-30": "", "2018-03-31": "", "2017-12-31": "", "2017-09-30": "", "2017-06-30": "", "2017-03-31": "", "2016-12-31": "", "2016-09-30": "", "2016-06-30": "", "2016-03-31": "", "2015-12-31": "", "2015-09-30": "", "2015-06-30": "", "2015-03-31": "", "2014-12-31": "", "2014-09-30": "", "2014-06-30": "", "2014-03-31": "", "2013-12-31": "", "2013-09-30": "", "2013-06-30": "", "2013-03-31": "", "2012-12-31": "", "2012-09-30": "", "2012-06-30": "", "2012-03-31": "", "2011-12-31": "", "2011-09-30": "", "2011-06-30": "", "2011-03-31": "", "2010-12-31": "", "2010-09-30": "", "2010-06-30": "", "2010-03-31": "", "2009-12-31": "", "2009-09-30": "", "2009-06-30": "", "2009-03-31": "", "2008-12-31": "", "2008-09-30": "", "2008-06-30": "", "2008-03-31": "", "2007-12-31": "", "2007-09-30": "", "2007-06-30": "", "2007-03-31": "", "2006-12-31": "", "2006-09-30": "", "2006-06-30": "", "2006-03-31": "", "2005-12-31": "", "2005-09-30": "", "2005-06-30": "", "2005-03-31": ""}, "EBIT Margin": {"2020-09-30": "", "2020-06-30": "", "2020-03-31": "", "2019-12-31": "", "2019-09-30": "", "2019-06-30": "", "2019-03-31": "", "2018-12-31": "", "2018-09-30": "", "2018-06-30": "", "2018-03-31": "", "2017-12-31": "", "2017-09-30": "", "2017-06-30": "", "2017-03-31": "", "2016-12-31": "", "2016-09-30": "", "2016-06-30": "", "2016-03-31": "", "2015-12-31": "", "2015-09-30": "", "2015-06-30": "", "2015-03-31": "", "2014-12-31": "", "2014-09-30": "", "2014-06-30": "", "2014-03-31": "", "2013-12-31": "", "2013-09-30": "", "2013-06-30": "", "2013-03-31": "", "2012-12-31": "", "2012-09-30": "", "2012-06-30": "", "2012-03-31": "", "2011-12-31": "", "2011-09-30": "", "2011-06-30": "", "2011-03-31": "", "2010-12-31": "", "2010-09-30": "", "2010-06-30": "", "2010-03-31": "", "2009-12-31": "", "2009-09-30": "", "2009-06-30": "", "2009-03-31": "", "2008-12-31": "", "2008-09-30": "", "2008-06-30": "", "2008-03-31": "", "2007-12-31": "", "2007-09-30": "", "2007-06-30": "", "2007-03-31": "", "2006-12-31": "", "2006-09-30": "", "2006-06-30": "", "2006-03-31": "", "2005-12-31": "", "2005-09-30": "", "2005-06-30": "", "2005-03-31": ""}, "EBITDA Margin": {"2020-09-30": "", "2020-06-30": "", "2020-03-31": "", "2019-12-31": "", "2019-09-30": "", "2019-06-30": "", "2019-03-31": "", "2018-12-31": "", "2018-09-30": "", "2018-06-30": "", "2018-03-31": "", "2017-12-31": "", "2017-09-30": "", "2017-06-30": "", "2017-03-31": "", "2016-12-31": "", "2016-09-30": "", "2016-06-30": "", "2016-03-31": "", "2015-12-31": "", "2015-09-30": "", "2015-06-30": "", "2015-03-31": "", "2014-12-31": "", "2014-09-30": "", "2014-06-30": "", "2014-03-31": "", "2013-12-31": "", "2013-09-30": "", "2013-06-30": "", "2013-03-31": "", "2012-12-31": "", "2012-09-30": "", "2012-06-30": "", "2012-03-31": "", "2011-12-31": "", "2011-09-30": "", "2011-06-30": "", "2011-03-31": "", "2010-12-31": "", "2010-09-30": "", "2010-06-30": "", "2010-03-31": "", "2009-12-31": "", "2009-09-30": "", "2009-06-30": "", "2009-03-31": "", "2008-12-31": "", "2008-09-30": "", "2008-06-30": "", "2008-03-31": "", "2007-12-31": "", "2007-09-30": "", "2007-06-30": "", "2007-03-31": "", "2006-12-31": "", "2006-09-30": "", "2006-06-30": "", "2006-03-31": "", "2005-12-31": "", "2005-09-30": "", "2005-06-30": "", "2005-03-31": ""}, "Pre-Tax Profit Margin": {"2020-09-30": "40.86420", "2020-06-30": "24.72560", "2020-03-31": "15.60650", "2019-12-31": "39.07320", "2019-09-30": "41.05920", "2019-06-30": "41.09720", "2019-03-31": "40.65800", "2018-12-31": "35.99610", "2018-09-30": "40.62410", "2018-06-30": "39.82970", "2018-03-31": "39.86990", "2017-12-31": "35.65600", "2017-09-30": "39.60870", "2017-06-30": "39.76590", "2017-03-31": "35.30730", "2016-12-31": "37.06920", "2016-09-30": "38.19760", "2016-06-30": "40.64760", "2016-03-31": "35.38640", "2015-12-31": "34.07140", "2015-09-30": "30.45520", "2015-06-30": "36.61760", "2015-03-31": "35.59100", "2014-12-31": "29.67140", "2014-09-30": "33.37550", "2014-06-30": "35.66660", "2014-03-31": "34.55850", "2013-12-31": "34.69110", "2013-09-30": "0.14370", "2013-06-30": "36.94960", "2013-03-31": "37.06180", "2012-12-31": "30.22130", "2012-09-30": "34.19100", "2012-06-30": "31.86740", "2012-03-31": "27.56460", "2011-12-31": "24.61240", "2011-09-30": "27.24800", "2011-06-30": "32.54840", "2011-03-31": "33.49830", "2010-12-31": "30.41420", "2010-09-30": "30.11020", "2010-06-30": "32.69390", "2010-03-31": "21.95930", "2009-12-31": "24.40810", "2009-09-30": "27.34100", "2009-06-30": "23.14690", "2009-03-31": "18.60130", "2008-12-31": "-13.53780", "2008-09-30": "-24.43580", "2008-06-30": "18.51580", "2008-03-31": "28.35710", "2007-12-31": "27.77250", "2007-09-30": "34.89910", "2007-06-30": "36.54410", "2007-03-31": "40.82410", "2006-12-31": "34.35820", "2006-09-30": "33.50980", "2006-06-30": "35.70890", "2006-03-31": "31.81820", "2005-12-31": "29.70390", "2005-09-30": "28.11830", "2005-06-30": "9.72330", "2005-03-31": "24.83360"}, "Net Profit Margin": {"2020-09-30": "31.59170", "2020-06-30": "18.94970", "2020-03-31": "12.17570", "2019-12-31": "29.92340", "2019-09-30": "30.98250", "2019-06-30": "33.30680", "2019-03-31": "31.68160", "2018-12-31": "27.04700", "2018-09-30": "30.20680", "2018-06-30": "29.68770", "2018-03-31": "30.80550", "2017-12-31": "16.30740", "2017-09-30": "25.95540", "2017-06-30": "26.73760", "2017-03-31": "25.29210", "2016-12-31": "26.68600", "2016-09-30": "24.83550", "2016-06-30": "24.92820", "2016-03-31": "23.56290", "2015-12-31": "23.81900", "2015-09-30": "28.37360", "2015-06-30": "25.24810", "2015-03-31": "23.59460", "2014-12-31": "20.48380", "2014-09-30": "21.62620", "2014-06-30": "23.21350", "2014-03-31": "21.87790", "2013-12-31": "20.89200", "2013-09-30": "-2.74730", "2013-06-30": "24.24500", "2013-03-31": "25.01940", "2012-12-31": "23.13350", "2012-09-30": "22.88820", "2012-06-30": "21.09620", "2012-03-31": "18.07230", "2011-12-31": "17.77880", "2011-09-30": "18.43390", "2011-06-30": "20.29320", "2011-03-31": "21.35370", "2010-12-31": "19.11950", "2010-09-30": "19.50880", "2010-06-30": "20.07080", "2010-03-31": "14.39430", "2009-12-31": "18.53280", "2009-09-30": "17.49650", "2009-06-30": "6.09370", "2009-03-31": "9.24580", "2008-12-31": "0.82720", "2008-09-30": "5.88830", "2008-06-30": "12.33270", "2008-03-31": "18.37000", "2007-12-31": "17.04620", "2007-09-30": "23.54300", "2007-06-30": "24.36270", "2007-03-31": "26.65370", "2006-12-31": "30.05510", "2006-09-30": "22.37830", "2006-06-30": "24.25820", "2006-03-31": "21.45150", "2005-12-31": "21.45810", "2005-09-30": "19.38560", "2005-06-30": "8.28530", "2005-03-31": "17.08780"}, "Asset Turnover": {"2020-09-30": "0.00880", "2020-06-30": "0.00700", "2020-03-31": "0.00640", "2019-12-31": "0.01010", "2019-09-30": "0.01000", "2019-06-30": "0.01010", "2019-03-31": "0.01010", "2018-12-31": "0.00940", "2018-09-30": "0.01010", "2018-06-30": "0.01020", "2018-03-31": "0.01020", "2017-12-31": "0.00910", "2017-09-30": "0.00940", "2017-06-30": "0.00960", "2017-03-31": "0.00930", "2016-12-31": "0.00940", "2016-09-30": "0.00930", "2016-06-30": "0.00930", "2016-03-31": "0.00880", "2015-12-31": "0.00920", "2015-09-30": "0.00910", "2015-06-30": "0.00930", "2015-03-31": "0.00900", "2014-12-31": "0.00850", "2014-09-30": "0.00940", "2014-06-30": "0.00950", "2014-03-31": "0.00900", "2013-12-31": "0.00990", "2013-09-30": "0.00960", "2013-06-30": "0.01030", "2013-03-31": "0.01030", "2012-12-31": "0.00970", "2012-09-30": "0.01010", "2012-06-30": "0.00960", "2012-03-31": "0.01090", "2011-12-31": "0.00850", "2011-09-30": "0.00930", "2011-06-30": "0.01110", "2011-03-31": "0.01090", "2010-12-31": "0.01090", "2010-09-30": "0.00960", "2010-06-30": "0.01080", "2010-03-31": "0.00970", "2009-12-31": "0.00780", "2009-09-30": "0.00910", "2009-06-30": "0.00870", "2009-03-31": "0.00790", "2008-12-31": "0.00460", "2008-09-30": "0.00400", "2008-06-30": "0.00840", "2008-03-31": "0.00760", "2007-12-31": "0.00950", "2007-09-30": "0.00970", "2007-06-30": "0.01190", "2007-03-31": "0.01270", "2006-12-31": "0.01110", "2006-09-30": "0.01100", "2006-06-30": "0.01100", "2006-03-31": "0.01130", "2005-12-31": "0.01050", "2005-09-30": "0.01080", "2005-06-30": "0.01020", "2005-03-31": "0.01120"}, "Inventory Turnover Ratio": {"2020-09-30": "", "2020-06-30": "", "2020-03-31": "", "2019-12-31": "", "2019-09-30": "", "2019-06-30": "", "2019-03-31": "", "2018-12-31": "", "2018-09-30": "", "2018-06-30": "", "2018-03-31": "", "2017-12-31": "", "2017-09-30": "", "2017-06-30": "", "2017-03-31": "", "2016-12-31": "", "2016-09-30": "", "2016-06-30": "", "2016-03-31": "", "2015-12-31": "", "2015-09-30": "", "2015-06-30": "", "2015-03-31": "", "2014-12-31": "", "2014-09-30": "", "2014-06-30": "", "2014-03-31": "", "2013-12-31": "", "2013-09-30": "", "2013-06-30": "", "2013-03-31": "", "2012-12-31": "", "2012-09-30": "", "2012-06-30": "", "2012-03-31": "", "2011-12-31": "", "2011-09-30": "", "2011-06-30": "", "2011-03-31": "", "2010-12-31": "", "2010-09-30": "", "2010-06-30": "", "2010-03-31": "", "2009-12-31": "", "2009-09-30": "", "2009-06-30": "", "2009-03-31": "", "2008-12-31": "", "2008-09-30": "", "2008-06-30": "", "2008-03-31": "", "2007-12-31": "", "2007-09-30": "", "2007-06-30": "", "2007-03-31": "", "2006-12-31": "", "2006-09-30": "", "2006-06-30": "", "2006-03-31": "", "2005-12-31": "", "2005-09-30": "", "2005-06-30": "", "2005-03-31": ""}, "Receiveable Turnover": {"2020-09-30": "", "2020-06-30": "", "2020-03-31": "", "2019-12-31": "", "2019-09-30": "", "2019-06-30": "", "2019-03-31": "", "2018-12-31": "", "2018-09-30": "", "2018-06-30": "", "2018-03-31": "", "2017-12-31": "", "2017-09-30": "", "2017-06-30": "", "2017-03-31": "", "2016-12-31": "", "2016-09-30": "", "2016-06-30": "", "2016-03-31": "", "2015-12-31": "", "2015-09-30": "", "2015-06-30": "", "2015-03-31": "", "2014-12-31": "", "2014-09-30": "", "2014-06-30": "", "2014-03-31": "", "2013-12-31": "", "2013-09-30": "", "2013-06-30": "", "2013-03-31": "", "2012-12-31": "", "2012-09-30": "", "2012-06-30": "", "2012-03-31": "", "2011-12-31": "", "2011-09-30": "", "2011-06-30": "", "2011-03-31": "", "2010-12-31": "", "2010-09-30": "", "2010-06-30": "", "2010-03-31": "", "2009-12-31": "", "2009-09-30": "", "2009-06-30": "", "2009-03-31": "", "2008-12-31": "", "2008-09-30": "", "2008-06-30": "", "2008-03-31": "", "2007-12-31": "", "2007-09-30": "", "2007-06-30": "", "2007-03-31": "", "2006-12-31": "", "2006-09-30": "", "2006-06-30": "", "2006-03-31": "", "2005-12-31": "", "2005-09-30": "", "2005-06-30": "", "2005-03-31": ""}, "Days Sales In Receivables": {"2020-09-30": "", "2020-06-30": "", "2020-03-31": "", "2019-12-31": "", "2019-09-30": "", "2019-06-30": "", "2019-03-31": "", "2018-12-31": "", "2018-09-30": "", "2018-06-30": "", "2018-03-31": "", "2017-12-31": "", "2017-09-30": "", "2017-06-30": "", "2017-03-31": "", "2016-12-31": "", "2016-09-30": "", "2016-06-30": "", "2016-03-31": "", "2015-12-31": "", "2015-09-30": "", "2015-06-30": "", "2015-03-31": "", "2014-12-31": "", "2014-09-30": "", "2014-06-30": "", "2014-03-31": "", "2013-12-31": "", "2013-09-30": "", "2013-06-30": "", "2013-03-31": "", "2012-12-31": "", "2012-09-30": "", "2012-06-30": "", "2012-03-31": "", "2011-12-31": "", "2011-09-30": "", "2011-06-30": "", "2011-03-31": "", "2010-12-31": "", "2010-09-30": "", "2010-06-30": "", "2010-03-31": "", "2009-12-31": "", "2009-09-30": "", "2009-06-30": "", "2009-03-31": "", "2008-12-31": "", "2008-09-30": "", "2008-06-30": "", "2008-03-31": "", "2007-12-31": "", "2007-09-30": "", "2007-06-30": "", "2007-03-31": "", "2006-12-31": "", "2006-09-30": "", "2006-06-30": "", "2006-03-31": "", "2005-12-31": "", "2005-09-30": "", "2005-06-30": "", "2005-03-31": ""}, "ROE - Return On Equity": {"2020-09-30": "3.91740", "2020-06-30": "1.99950", "2020-03-31": "1.23920", "2019-12-31": "3.63580", "2019-09-30": "3.84770", "2019-06-30": "4.08600", "2019-03-31": "3.94210", "2018-12-31": "3.06620", "2018-09-30": "3.62470", "2018-06-30": "3.59390", "2018-03-31": "3.78560", "2017-12-31": "1.84300", "2017-09-30": "2.89780", "2017-06-30": "3.02430", "2017-03-31": "2.80600", "2016-12-31": "2.94890", "2016-09-30": "2.75380", "2016-06-30": "2.73910", "2016-03-31": "2.46330", "2015-12-31": "2.45320", "2015-09-30": "3.09750", "2015-06-30": "2.90820", "2015-03-31": "2.75880", "2014-12-31": "2.32960", "2014-09-30": "2.63480", "2014-06-30": "2.86330", "2014-03-31": "2.57560", "2013-12-31": "2.62020", "2013-09-30": "-0.19440", "2013-06-30": "3.28440", "2013-03-31": "3.31210", "2012-12-31": "2.91880", "2012-09-30": "2.99420", "2012-06-30": "2.69900", "2012-03-31": "2.71340", "2011-12-31": "2.12090", "2011-09-30": "2.44260", "2011-06-30": "3.10200", "2011-03-31": "3.21470", "2010-12-31": "2.87040", "2010-09-30": "2.66100", "2010-06-30": "2.94230", "2010-03-31": "2.12430", "2009-12-31": "2.08510", "2009-09-30": "2.27900", "2009-06-30": "1.85590", "2009-03-31": "1.54920", "2008-12-31": "-0.46170", "2008-09-30": "-0.03920", "2008-06-30": "1.57500", "2008-03-31": "1.88890", "2007-12-31": "2.41110", "2007-09-30": "2.81130", "2007-06-30": "3.55170", "2007-03-31": "4.06700", "2006-12-31": "3.37330", "2006-09-30": "2.84600", "2006-06-30": "3.14770", "2006-03-31": "2.79410", "2005-12-31": "2.41330", "2005-09-30": "2.32930", "2005-06-30": "0.89030", "2005-03-31": "2.15620"}, "Return On Tangible Equity": {"2020-09-30": "4.30170", "2020-06-30": "2.20260", "2020-03-31": "1.36820", "2019-12-31": "4.09640", "2019-09-30": "4.29780", "2019-06-30": "4.59810", "2019-03-31": "4.46300", "2018-12-31": "3.49510", "2018-09-30": "4.10260", "2018-06-30": "4.09810", "2018-03-31": "4.32000", "2017-12-31": "2.10230", "2017-09-30": "3.29150", "2017-06-30": "3.43540", "2017-03-31": "3.19770", "2016-12-31": "3.36440", "2016-09-30": "3.12420", "2016-06-30": "3.11350", "2016-03-31": "2.81280", "2015-12-31": "2.82100", "2015-09-30": "3.57030", "2015-06-30": "3.39880", "2015-03-31": "3.27390", "2014-12-31": "2.81050", "2014-09-30": "3.20200", "2014-06-30": "3.52760", "2014-03-31": "3.26150", "2013-12-31": "3.45110", "2013-09-30": "-0.25800", "2013-06-30": "4.33370", "2013-03-31": "4.38220", "2012-12-31": "3.89740", "2012-09-30": "4.02560", "2012-06-30": "3.71510", "2012-03-31": "3.78790", "2011-12-31": "2.98350", "2011-09-30": "3.46850", "2011-06-30": "4.59960", "2011-03-31": "4.83920", "2010-12-31": "4.40930", "2010-09-30": "3.98710", "2010-06-30": "4.49100", "2010-03-31": "3.44850", "2009-12-31": "3.38440", "2009-09-30": "3.68160", "2009-06-30": "3.13490", "2009-03-31": "2.01960", "2008-12-31": "-0.59980", "2008-09-30": "-0.07000", "2008-06-30": "2.86520", "2008-03-31": "3.61970", "2007-12-31": "4.69950", "2007-09-30": "5.70310", "2007-06-30": "7.32980", "2007-03-31": "8.29050", "2006-12-31": "7.00600", "2006-09-30": "5.79720", "2006-06-30": "6.75590", "2006-03-31": "6.19980", "2005-12-31": "5.27010", "2005-09-30": "5.14030", "2005-06-30": "1.95310", "2005-03-31": "4.81500"}, "ROA - Return On Assets": {"2020-09-30": "0.29090", "2020-06-30": "0.14590", "2020-03-31": "0.09130", "2019-12-31": "0.31700", "2019-09-30": "0.32840", "2019-06-30": "0.35390", "2019-03-31": "0.33530", "2018-12-31": "0.26940", "2018-09-30": "0.32040", "2018-06-30": "0.32110", "2018-03-31": "0.33380", "2017-12-31": "0.16700", "2017-09-30": "0.26270", "2017-06-30": "0.27420", "2017-03-31": "0.25320", "2016-12-31": "0.27010", "2016-09-30": "0.24930", "2016-06-30": "0.25140", "2016-03-31": "0.22770", "2015-12-31": "0.23110", "2015-09-30": "0.28150", "2015-06-30": "0.25680", "2015-03-31": "0.22950", "2014-12-31": "0.19170", "2014-09-30": "0.22020", "2014-06-30": "0.23730", "2014-03-31": "0.21270", "2013-12-31": "0.21700", "2013-09-30": "-0.01540", "2013-06-30": "0.26630", "2013-03-31": "0.27330", "2012-12-31": "0.24130", "2012-09-30": "0.24590", "2012-06-30": "0.21660", "2012-03-31": "0.21220", "2011-12-31": "0.16450", "2011-09-30": "0.18620", "2011-06-30": "0.24170", "2011-03-31": "0.25270", "2010-12-31": "0.22810", "2010-09-30": "0.20630", "2010-06-30": "0.23810", "2010-03-31": "0.15570", "2009-12-31": "0.16130", "2009-09-30": "0.17210", "2009-06-30": "0.13430", "2009-03-31": "0.10300", "2008-12-31": "-0.02860", "2008-09-30": "-0.00240", "2008-06-30": "0.11280", "2008-03-31": "0.14440", "2007-12-31": "0.19020", "2007-09-30": "0.22800", "2007-06-30": "0.29040", "2007-03-31": "0.33980", "2006-12-31": "0.28900", "2006-09-30": "0.24150", "2006-06-30": "0.26230", "2006-03-31": "0.23770", "2005-12-31": "0.21550", "2005-09-30": "0.20520", "2005-06-30": "0.08000", "2005-03-31": "0.19210"}, "ROI - Return On Investment": {"2020-09-30": "1.71600", "2020-06-30": "0.80610", "2020-03-31": "0.51110", "2019-12-31": "1.54120", "2019-09-30": "1.61910", "2019-06-30": "1.74830", "2019-03-31": "1.66670", "2018-12-31": "1.31210", "2018-09-30": "1.58390", "2018-06-30": "1.56740", "2018-03-31": "1.64180", "2017-12-31": "0.78400", "2017-09-30": "1.16740", "2017-06-30": "1.20690", "2017-03-31": "1.13180", "2016-12-31": "1.22430", "2016-09-30": "1.06860", "2016-06-30": "1.09160", "2016-03-31": "0.98460", "2015-12-31": "0.97500", "2015-09-30": "1.20240", "2015-06-30": "1.12730", "2015-03-31": "1.08410", "2014-12-31": "0.91600", "2014-09-30": "1.04630", "2014-06-30": "1.12420", "2014-03-31": "1.00150", "2013-12-31": "1.03360", "2013-09-30": "-0.07590", "2013-06-30": "1.28420", "2013-03-31": "1.29890", "2012-12-31": "1.18650", "2012-09-30": "1.23260", "2012-06-30": "1.09540", "2012-03-31": "1.04230", "2011-12-31": "0.80650", "2011-09-30": "0.87820", "2011-06-30": "1.10320", "2011-03-31": "1.14080", "2010-12-31": "1.00420", "2010-09-30": "0.91840", "2010-06-30": "1.03300", "2010-03-31": "0.69790", "2009-12-31": "0.67250", "2009-09-30": "0.72380", "2009-06-30": "0.54350", "2009-03-31": "0.39340", "2008-12-31": "-0.10930", "2008-09-30": "-0.00950", "2008-06-30": "0.46230", "2008-03-31": "0.66020", "2007-12-31": "0.84630", "2007-09-30": "0.99280", "2007-06-30": "1.32050", "2007-03-31": "1.63440", "2006-12-31": "1.39760", "2006-09-30": "1.19820", "2006-06-30": "1.35190", "2006-03-31": "1.23120", "2005-12-31": "1.08770", "2005-09-30": "1.05060", "2005-06-30": "0.40510", "2005-03-31": "1.00140"}, "Book Value Per Share": {"2020-09-30": "88.94190", "2020-06-30": "86.77830", "2020-03-31": "85.74340", "2019-12-31": "84.73680", "2019-09-30": "84.28160", "2019-06-30": "82.31940", "2019-03-31": "80.09840", "2018-12-31": "78.30690", "2018-09-30": "77.87190", "2018-06-30": "76.60430", "2018-03-31": "75.24750", "2017-12-31": "74.64840", "2017-09-30": "74.46760", "2017-06-30": "73.45430", "2017-03-31": "72.01720", "2016-12-31": "71.37780", "2016-09-30": "71.07660", "2016-06-30": "69.88490", "2016-03-31": "68.41140", "2015-12-31": "67.57870", "2015-09-30": "66.75340", "2015-06-30": "65.22460", "2015-03-31": "63.55660", "2014-12-31": "62.37960", "2014-09-30": "61.86870", "2014-06-30": "60.43530", "2014-03-31": "58.03740", "2013-12-31": "56.22260", "2013-09-30": "54.97730", "2013-06-30": "55.51550", "2013-03-31": "54.64330", "2012-12-31": "53.64660", "2012-09-30": "52.55690", "2012-06-30": "50.45570", "2012-03-31": "49.52060", "2011-12-31": "48.65840", "2011-09-30": "47.98440", "2011-06-30": "46.76980", "2011-03-31": "45.30100", "2010-12-31": "45.03650", "2010-09-30": "44.27830", "2010-06-30": "43.04030", "2010-03-31": "41.43550", "2009-12-31": "41.95000", "2009-09-30": "41.19400", "2009-06-30": "39.43950", "2009-03-31": "45.29170", "2008-12-31": "44.70750", "2008-09-30": "39.13200", "2008-06-30": "38.76190", "2008-03-31": "36.94000", "2007-12-31": "36.59250", "2007-09-30": "35.72040", "2007-06-30": "35.07710", "2007-03-31": "34.45370", "2006-12-31": "33.44900", "2006-09-30": "32.74980", "2006-06-30": "31.89210", "2006-03-31": "31.19450", "2005-12-31": "30.74870", "2005-09-30": "30.29480", "2005-06-30": "29.99050", "2005-03-31": "29.88120"}, "Operating Cash Flow Per Share": {"2020-09-30": -4.8022, "2020-06-30": 26.9304, "2020-03-31": "-38.94990", "2019-12-31": 26.4161, "2019-09-30": 4.5177, "2019-06-30": -4.6139, "2019-03-31": "-24.44830", "2018-12-31": 0.1002, "2018-09-30": 3.8876, "2018-06-30": 10.2579, "2018-03-31": "-10.09020", "2017-12-31": 3.5414, "2017-09-30": -1.432, "2017-06-30": 1.0775, "2017-03-31": "-6.21390", "2016-12-31": 11.0303, "2016-09-30": 1.081, "2016-06-30": -0.4596, "2016-03-31": "-5.72110", "2015-12-31": 4.0886, "2015-09-30": 6.7851, "2015-06-30": 4.6349, "2015-03-31": "3.95980", "2014-12-31": 7.5649, "2014-09-30": -0.6294, "2014-06-30": -1.1353, "2014-03-31": "3.83590", "2013-12-31": -2.1953, "2013-09-30": 7.295, "2013-06-30": 18.0085, "2013-03-31": "5.18950", "2012-12-31": -1.1971, "2012-09-30": -4.347, "2012-06-30": 10.9926, "2012-03-31": "1.11290", "2011-12-31": 7.2922, "2011-09-30": 2.4352, "2011-06-30": 16.2327, "2011-03-31": "-1.48950", "2010-12-31": 0.281, "2010-09-30": -12.6402, "2010-06-30": 7.0615, "2010-03-31": "4.35430", "2009-12-31": 3.6643, "2009-09-30": 0.9847, "2009-06-30": 13.4986, "2009-03-31": "13.50360", "2008-12-31": -2.6131, "2008-09-30": 2.465, "2008-06-30": 7.6503, "2008-03-31": "-0.70780", "2007-12-31": -8.7116, "2007-09-30": -4.5387, "2007-06-30": -4.3692, "2007-03-31": "-14.47340", "2006-12-31": -4.0615, "2006-09-30": 5.2334, "2006-06-30": -9.6836, "2006-03-31": "-5.36040", "2005-12-31": 3.0443, "2005-09-30": -0.795, "2005-06-30": -7.5184, "2005-03-31": "-3.23130"}, "Free Cash Flow Per Share": {"2020-09-30": -4.8022, "2020-06-30": 26.9304, "2020-03-31": "-38.94990", "2019-12-31": 26.4161, "2019-09-30": 4.5177, "2019-06-30": -4.6139, "2019-03-31": "-24.44830", "2018-12-31": 0.1002, "2018-09-30": 3.8876, "2018-06-30": 10.2579, "2018-03-31": "-10.09020", "2017-12-31": 3.5414, "2017-09-30": -1.432, "2017-06-30": 1.0775, "2017-03-31": "-6.21390", "2016-12-31": 11.0303, "2016-09-30": 1.081, "2016-06-30": -0.4596, "2016-03-31": "-5.72110", "2015-12-31": 4.0886, "2015-09-30": 6.7851, "2015-06-30": 4.6349, "2015-03-31": "3.95980", "2014-12-31": 7.5649, "2014-09-30": -0.6294, "2014-06-30": -1.1353, "2014-03-31": "3.83590", "2013-12-31": -2.1953, "2013-09-30": 7.295, "2013-06-30": 18.0085, "2013-03-31": "5.18950", "2012-12-31": -1.1971, "2012-09-30": -4.347, "2012-06-30": 10.9926, "2012-03-31": "1.11290", "2011-12-31": 7.2922, "2011-09-30": 2.4352, "2011-06-30": 16.2327, "2011-03-31": "-1.48950", "2010-12-31": 0.281, "2010-09-30": -12.6402, "2010-06-30": 7.0615, "2010-03-31": "4.35430", "2009-12-31": 3.6643, "2009-09-30": 0.9847, "2009-06-30": 13.4986, "2009-03-31": "13.50360", "2008-12-31": -2.7971, "2008-09-30": 2.4856, "2008-06-30": 16.0051, "2008-03-31": "-0.70780", "2007-12-31": -8.7116, "2007-09-30": -4.5387, "2007-06-30": -4.3692, "2007-03-31": "-14.47340", "2006-12-31": -4.0615, "2006-09-30": 5.2334, "2006-06-30": -9.6836, "2006-03-31": "-5.36040", "2005-12-31": 3.0443, "2005-09-30": -0.795, "2005-06-30": -7.5184, "2005-03-31": "-3.23130"}}, "revenue": {"JPMorgan Chase Annual Revenue (Millions of US $)": {"2020": "$129,503", "2019": "$142,422", "2018": "$130,070", "2017": "$114,579", "2016": "$106,387", "2015": "$101,006", "2014": "$103,009", "2013": "$106,717", "2012": "$108,074", "2011": "$110,838", "2010": "$115,475", "2009": "$115,632", "2008": "$101,491", "2007": "$116,353", "2006": "$99,864", "2005": "$79,768"}, "JPMorgan Chase Quarterly Revenue (Millions of US $)": {"2020-12-31": "$30,516", "2020-09-30": "$30,834", "2020-06-30": "$35,239", "2020-03-31": "$32,973", "2019-12-31": "$34,227", "2019-09-30": "$36,184", "2019-06-30": "$35,952", "2019-03-31": "$36,059", "2018-12-31": "$32,155", "2018-09-30": "$32,791", "2018-06-30": "$32,834", "2018-03-31": "$32,290", "2017-12-31": "$28,022", "2017-09-30": "$29,467", "2017-06-30": "$29,173", "2017-03-31": "$27,917", "2016-12-31": "$26,990", "2016-09-30": "$27,140", "2016-06-30": "$26,846", "2016-03-31": "$25,411", "2015-12-31": "$24,815", "2015-09-30": "$24,595", "2015-06-30": "$25,642", "2015-03-31": "$25,954", "2014-12-31": "$24,639", "2014-09-30": "$26,288", "2014-06-30": "$26,741", "2014-03-31": "$25,341", "2013-12-31": "$26,176", "2013-09-30": "$25,408", "2013-06-30": "$27,579", "2013-03-31": "$27,554", "2012-12-31": "$26,055", "2012-09-30": "$27,799", "2012-06-30": "$25,133", "2012-03-31": "$29,087", "2011-12-31": "$24,394", "2011-09-30": "$27,106", "2011-06-30": "$30,575", "2011-03-31": "$28,763", "2010-12-31": "$29,608", "2010-09-30": "$26,928", "2010-06-30": "$28,133", "2010-03-31": "$30,806", "2009-12-31": "$26,401", "2009-09-30": "$30,145", "2009-06-30": "$29,502", "2009-03-31": "$29,584", "2008-12-31": "$25,025", "2008-09-30": "$23,069", "2008-06-30": "$26,634", "2008-03-31": "$26,763", "2007-12-31": "$28,780", "2007-09-30": "$28,005", "2007-06-30": "$30,082", "2007-03-31": "$29,486", "2006-12-31": "$26,598", "2006-09-30": "$25,323", "2006-06-30": "$24,525", "2006-03-31": "$23,418", "2005-12-31": "$21,510", "2005-09-30": "$20,772", "2005-06-30": "$18,432", "2005-03-31": "$19,054"}}, "gross-profit": {"JPMorgan Chase Annual Gross Profit (Millions of US $)": {"2020": "$119,543", "2019": "$115,627", "2018": "$109,029", "2017": "$100,705", "2016": "$96,569", "2015": "$93,543", "2014": "$95,112", "2013": "$97,367", "2012": "$97,031", "2011": "$97,234", "2010": "$102,694", "2009": "$100,434", "2008": "$67,252", "2007": "$71,372", "2006": "$61,999", "2005": "$54,248"}, "JPMorgan Chase Quarterly Gross Profit (Millions of US $)": {"2020-12-31": "$29,224", "2020-09-30": "$29,147", "2020-06-30": "$32,980", "2020-03-31": "$28,251", "2019-12-31": "$28,466", "2019-09-30": "$29,291", "2019-06-30": "$28,747", "2019-03-31": "$29,123", "2018-12-31": "$26,109", "2018-09-30": "$27,260", "2018-06-30": "$27,753", "2018-03-31": "$27,907", "2017-12-31": "$24,457", "2017-09-30": "$25,578", "2017-06-30": "$25,731", "2017-03-31": "$24,939", "2016-12-31": "$24,277", "2016-09-30": "$24,673", "2016-06-30": "$24,380", "2016-03-31": "$23,239", "2015-12-31": "$22,885", "2015-09-30": "$22,780", "2015-06-30": "$23,812", "2015-03-31": "$24,066", "2014-12-31": "$22,750", "2014-09-30": "$24,469", "2014-06-30": "$24,678", "2014-03-31": "$23,215", "2013-12-31": "$23,917", "2013-09-30": "$23,117", "2013-06-30": "$25,211", "2013-03-31": "$25,122", "2012-12-31": "$23,653", "2012-09-30": "$25,146", "2012-06-30": "$22,180", "2012-03-31": "$26,052", "2011-12-31": "$21,471", "2011-09-30": "$23,763", "2011-06-30": "$26,779", "2011-03-31": "$25,221", "2010-12-31": "$26,098", "2010-09-30": "$23,824", "2010-06-30": "$25,101", "2010-03-31": "$27,671", "2009-12-31": "$23,164", "2009-09-30": "$26,622", "2009-06-30": "$25,623", "2009-03-31": "$25,025", "2008-12-31": "$17,226", "2008-09-30": "$14,737", "2008-06-30": "$18,399", "2008-03-31": "$16,890", "2007-12-31": "$17,384", "2007-09-30": "$16,112", "2007-06-30": "$18,908", "2007-03-31": "$18,968", "2006-12-31": "$16,193", "2006-09-30": "$15,545", "2006-06-30": "$15,086", "2006-03-31": "$15,175", "2005-12-31": "$13,788", "2005-09-30": "$14,265", "2005-06-30": "$12,548", "2005-03-31": "$13,647"}}, "operating-income": {"JPMorgan Chase Annual Operating Income (Millions of US $)": {"2020": "$35,407", "2019": "$44,545", "2018": "$40,764", "2017": "$35,900", "2016": "$34,536", "2015": "$30,702", "2014": "$30,699", "2013": "$26,675", "2012": "$28,917", "2011": "$26,749", "2010": "$24,859", "2009": "$16,548", "2008": "$3,205", "2007": "$23,014", "2006": "$20,191", "2005": "$12,561"}, "JPMorgan Chase Quarterly Operating Income (Millions of US $)": {"2020-12-31": "$15,065", "2020-09-30": "$11,661", "2020-06-30": "$5,565", "2020-03-31": "$3,116", "2019-12-31": "$10,565", "2019-09-30": "$11,405", "2019-06-30": "$11,342", "2019-03-31": "$11,233", "2018-12-31": "$8,841", "2018-09-30": "$10,689", "2018-06-30": "$10,572", "2018-03-31": "$10,662", "2017-12-31": "$8,254", "2017-09-30": "$9,556", "2017-06-30": "$9,749", "2017-03-31": "$8,341", "2016-12-31": "$8,679", "2016-09-30": "$8,939", "2016-06-30": "$9,340", "2016-03-31": "$7,578", "2015-12-31": "$7,371", "2015-09-30": "$6,730", "2015-06-30": "$8,377", "2015-03-31": "$8,224", "2014-12-31": "$6,501", "2014-09-30": "$7,914", "2014-06-30": "$8,555", "2014-03-31": "$7,729", "2013-12-31": "$7,817", "2013-09-30": "$34", "2013-06-30": "$9,298", "2013-03-31": "$9,082", "2012-12-31": "$6,384", "2012-09-30": "$7,986", "2012-06-30": "$7,000", "2012-03-31": "$6,981", "2011-12-31": "$4,747", "2011-09-30": "$5,818", "2011-06-30": "$8,127", "2011-03-31": "$8,057", "2010-12-31": "$7,012", "2010-09-30": "$6,203", "2010-06-30": "$7,107", "2010-03-31": "$4,537", "2009-12-31": "$3,906", "2009-09-30": "$5,166", "2009-06-30": "$4,215", "2009-03-31": "$3,261", "2008-12-31": "$-1,161", "2008-09-30": "$-2,091", "2008-06-30": "$2,922", "2008-03-31": "$3,535", "2007-12-31": "$4,144", "2007-09-30": "$5,061", "2007-06-30": "$6,415", "2007-03-31": "$7,394", "2006-12-31": "$5,274", "2006-09-30": "$4,985", "2006-06-30": "$5,297", "2006-03-31": "$4,635", "2005-12-31": "$3,809", "2005-09-30": "$3,882", "2005-06-30": "$1,442", "2005-03-31": "$3,428"}}, "ebitda": {"JPMorgan Chase Annual EBITDA (Millions of US $)": {"2019": "$", "2018": "$", "2017": "$", "2016": "$", "2015": "$", "2014": "$", "2013": "$", "2012": "$", "2011": "$", "2010": "$", "2009": "$", "2008": "$", "2007": "$", "2006": "$", "2005": "$"}, "JPMorgan Chase Quarterly EBITDA (Millions of US $)": {"2020-09-30": "", "2020-06-30": "", "2020-03-31": "", "2019-12-31": "", "2019-09-30": "", "2019-06-30": "", "2019-03-31": "", "2018-12-31": "", "2018-09-30": "", "2018-06-30": "", "2018-03-31": "", "2017-12-31": "", "2017-09-30": "", "2017-06-30": "", "2017-03-31": "", "2016-12-31": "", "2016-09-30": "", "2016-06-30": "", "2016-03-31": "", "2015-12-31": "", "2015-09-30": "", "2015-06-30": "", "2015-03-31": "", "2014-12-31": "", "2014-09-30": "", "2014-06-30": "", "2014-03-31": "", "2013-12-31": "", "2013-09-30": "", "2013-06-30": "", "2013-03-31": "", "2012-12-31": "", "2012-09-30": "", "2012-06-30": "", "2012-03-31": "", "2011-12-31": "", "2011-09-30": "", "2011-06-30": "", "2011-03-31": "", "2010-12-31": "", "2010-09-30": "", "2010-06-30": "", "2010-03-31": "", "2009-12-31": "", "2009-09-30": "", "2009-06-30": "", "2009-03-31": "", "2008-12-31": "", "2008-09-30": "", "2008-06-30": "", "2008-03-31": "", "2007-12-31": "", "2007-09-30": "", "2007-06-30": "", "2007-03-31": "", "2006-12-31": "", "2006-09-30": "", "2006-06-30": "", "2006-03-31": "", "2005-12-31": "", "2005-09-30": "", "2005-06-30": "", "2005-03-31": ""}}, "net-income": {"JPMorgan Chase Annual Net Income (Millions of US $)": {"2020": "$27,410", "2019": "$34,642", "2018": "$30,709", "2017": "$22,567", "2016": "$22,834", "2015": "$22,651", "2014": "$20,077", "2013": "$16,557", "2012": "$19,877", "2011": "$17,568", "2010": "$15,764", "2009": "$8,774", "2008": "$4,742", "2007": "$14,924", "2006": "$14,440", "2005": "$8,470"}, "JPMorgan Chase Quarterly Net Income (Millions of US $)": {"2020-12-31": "$11,699", "2020-09-30": "$9,015", "2020-06-30": "$4,265", "2020-03-31": "$2,431", "2019-12-31": "$8,091", "2019-09-30": "$8,606", "2019-06-30": "$9,192", "2019-03-31": "$8,753", "2018-12-31": "$6,643", "2018-09-30": "$7,948", "2018-06-30": "$7,880", "2018-03-31": "$8,238", "2017-12-31": "$3,775", "2017-09-30": "$6,262", "2017-06-30": "$6,555", "2017-03-31": "$5,975", "2016-12-31": "$6,248", "2016-09-30": "$5,812", "2016-06-30": "$5,728", "2016-03-31": "$5,046", "2015-12-31": "$5,153", "2015-09-30": "$6,270", "2015-06-30": "$5,776", "2015-03-31": "$5,452", "2014-12-31": "$4,488", "2014-09-30": "$5,128", "2014-06-30": "$5,568", "2014-03-31": "$4,893", "2013-12-31": "$4,975", "2013-09-30": "$-650", "2013-06-30": "$6,101", "2013-03-31": "$6,131", "2012-12-31": "$5,320", "2012-09-30": "$5,346", "2012-06-30": "$4,634", "2012-03-31": "$4,577", "2011-12-31": "$3,429", "2011-09-30": "$3,936", "2011-06-30": "$5,067", "2011-03-31": "$5,136", "2010-12-31": "$4,408", "2010-09-30": "$4,019", "2010-06-30": "$4,363", "2010-03-31": "$2,974", "2009-12-31": "$2,943", "2009-09-30": "$3,240", "2009-06-30": "$1,072", "2009-03-31": "$1,519", "2008-12-31": "$82", "2008-09-30": "$527", "2008-06-30": "$1,843", "2008-03-31": "$2,290", "2007-12-31": "$2,530", "2007-09-30": "$3,373", "2007-06-30": "$4,234", "2007-03-31": "$4,787", "2006-12-31": "$4,526", "2006-09-30": "$3,297", "2006-06-30": "$3,540", "2006-03-31": "$3,077", "2005-12-31": "$2,696", "2005-09-30": "$2,524", "2005-06-30": "$991", "2005-03-31": "$2,259"}}, "eps-earnings-per-share-diluted": {"JPMorgan Chase Annual EPS": {"2020": "$8.88", "2019": "$10.72", "2018": "$9.00", "2017": "$6.31", "2016": "$6.19", "2015": "$6.00", "2014": "$5.29", "2013": "$4.34", "2012": "$5.20", "2011": "$4.48", "2010": "$3.96", "2009": "$2.26", "2008": "$1.35", "2007": "$4.33", "2006": "$4.04", "2005": "$2.38"}, "JPMorgan Chase Quarterly EPS": {"2020-12-31": "$3.79", "2020-09-30": "$2.92", "2020-06-30": "$1.38", "2020-03-31": "$0.78", "2019-12-31": "$2.57", "2019-09-30": "$2.68", "2019-06-30": "$2.82", "2019-03-31": "$2.65", "2018-12-31": "$2.00", "2018-09-30": "$2.34", "2018-06-30": "$2.29", "2018-03-31": "$2.37", "2017-12-31": "$1.08", "2017-09-30": "$1.76", "2017-06-30": "$1.82", "2017-03-31": "$1.65", "2016-12-31": "$1.71", "2016-09-30": "$1.58", "2016-06-30": "$1.55", "2016-03-31": "$1.35", "2015-12-31": "$1.33", "2015-09-30": "$1.68", "2015-06-30": "$1.54", "2015-03-31": "$1.45", "2014-12-31": "$1.20", "2014-09-30": "$1.35", "2014-06-30": "$1.46", "2014-03-31": "$1.28", "2013-12-31": "$1.32", "2013-09-30": "$-0.17", "2013-06-30": "$1.60", "2013-03-31": "$1.59", "2012-12-31": "$1.40", "2012-09-30": "$1.40", "2012-06-30": "$1.21", "2012-03-31": "$1.19", "2011-12-31": "$0.91", "2011-09-30": "$1.02", "2011-06-30": "$1.27", "2011-03-31": "$1.28", "2010-12-31": "$1.12", "2010-09-30": "$1.01", "2010-06-30": "$1.09", "2010-03-31": "$0.74", "2009-12-31": "$0.76", "2009-09-30": "$0.82", "2009-06-30": "$0.28", "2009-03-31": "$0.40", "2008-12-31": "$0.06", "2008-09-30": "$0.09", "2008-06-30": "$0.53", "2008-03-31": "$0.67", "2007-12-31": "$0.82", "2007-09-30": "$0.97", "2007-06-30": "$1.20", "2007-03-31": "$1.34", "2006-12-31": "$1.27", "2006-09-30": "$0.92", "2006-06-30": "$0.99", "2006-03-31": "$0.86", "2005-12-31": "$0.76", "2005-09-30": "$0.71", "2005-06-30": "$0.28", "2005-03-31": "$0.63"}}, "shares-outstanding": {"JPMorgan Chase Annual Shares Outstanding (Millions of Shares)": {"2020": "3,087", "2019": "3,230", "2018": "3,414", "2017": "3,577", "2016": "3,690", "2015": "3,774", "2014": "3,798", "2013": "3,815", "2012": "3,822", "2011": "3,920", "2010": "3,977", "2009": "3,880", "2008": "3,522", "2007": "3,445", "2006": "3,574", "2005": "3,557"}, "JPMorgan Chase Quarterly Shares Outstanding (Millions of Shares)": {"2020-12-31": "3,085", "2020-09-30": "3,083", "2020-06-30": "3,081", "2020-03-31": "3,101", "2019-12-31": "3,230", "2019-09-30": "3,207", "2019-06-30": "3,260", "2019-03-31": "3,308", "2018-12-31": "3,414", "2018-09-30": "3,394", "2018-06-30": "3,435", "2018-03-31": "3,480", "2017-12-31": "3,577", "2017-09-30": "3,560", "2017-06-30": "3,599", "2017-03-31": "3,630", "2016-12-31": "3,690", "2016-09-30": "3,670", "2016-06-30": "3,706", "2016-03-31": "3,738", "2015-12-31": "3,774", "2015-09-30": "3,726", "2015-06-30": "3,744", "2015-03-31": "3,758", "2014-12-31": "3,798", "2014-09-30": "3,789", "2014-06-30": "3,813", "2014-03-31": "3,824", "2013-12-31": "3,815", "2013-09-30": "3,767", "2013-06-30": "3,814", "2013-03-31": "3,847", "2012-12-31": "3,822", "2012-09-30": "3,814", "2012-06-30": "3,821", "2012-03-31": "3,833", "2011-12-31": "3,920", "2011-09-30": "3,872", "2011-06-30": "3,983", "2011-03-31": "4,014", "2010-12-31": "3,977", "2010-09-30": "3,972", "2010-06-30": "4,006", "2010-03-31": "3,995", "2009-12-31": "3,880", "2009-09-30": "3,962", "2009-06-30": "3,824", "2009-03-31": "3,759", "2008-12-31": "3,522", "2008-09-30": "3,445", "2008-06-30": "3,453", "2008-03-31": "3,423", "2007-12-31": "3,445", "2007-09-30": "3,478", "2007-06-30": "3,522", "2007-03-31": "3,560", "2006-12-31": "3,574", "2006-09-30": "3,574", "2006-06-30": "3,572", "2006-03-31": "3,571", "2005-12-31": "3,557", "2005-09-30": "3,548", "2005-06-30": "3,548", "2005-03-31": "3,570"}}, "total-assets": {"JPMorgan Chase Annual Total Assets (Millions of US $)": {"2019": "$2,687,379", "2018": "$2,622,532", "2017": "$2,533,600", "2016": "$2,490,972", "2015": "$2,351,698", "2014": "$2,572,274", "2013": "$2,415,689", "2012": "$2,359,141", "2011": "$2,265,792", "2010": "$2,117,605", "2009": "$2,031,989", "2008": "$2,175,052", "2007": "$1,562,147", "2006": "$1,351,520", "2005": "$1,198,942"}, "JPMorgan Chase Quarterly Total Assets (Millions of US $)": {"2020-09-30": "$3,246,076", "2020-06-30": "$3,213,115", "2020-03-31": "$3,139,431", "2019-12-31": "$2,687,379", "2019-09-30": "$2,764,661", "2019-06-30": "$2,727,379", "2019-03-31": "$2,737,188", "2018-12-31": "$2,622,532", "2018-09-30": "$2,615,183", "2018-06-30": "$2,590,050", "2018-03-31": "$2,609,785", "2017-12-31": "$2,533,600", "2017-09-30": "$2,563,074", "2017-06-30": "$2,563,174", "2017-03-31": "$2,546,290", "2016-12-31": "$2,490,972", "2016-09-30": "$2,521,029", "2016-06-30": "$2,466,096", "2016-03-31": "$2,423,808", "2015-12-31": "$2,351,698", "2015-09-30": "$2,417,121", "2015-06-30": "$2,449,599", "2015-03-31": "$2,577,148", "2014-12-31": "$2,572,274", "2014-09-30": "$2,527,005", "2014-06-30": "$2,520,336", "2014-03-31": "$2,476,986", "2013-12-31": "$2,415,689", "2013-09-30": "$2,463,309", "2013-06-30": "$2,439,494", "2013-03-31": "$2,389,349", "2012-12-31": "$2,359,141", "2012-09-30": "$2,321,284", "2012-06-30": "$2,290,146", "2012-03-31": "$2,320,164", "2011-12-31": "$2,265,792", "2011-09-30": "$2,289,240", "2011-06-30": "$2,246,764", "2011-03-31": "$2,198,161", "2010-12-31": "$2,117,605", "2010-09-30": "$2,141,595", "2010-06-30": "$2,014,019", "2010-03-31": "$2,135,796", "2009-12-31": "$2,031,989", "2009-09-30": "$2,041,009", "2009-06-30": "$2,026,642", "2009-03-31": "$2,079,188", "2008-12-31": "$2,175,052", "2008-09-30": "$2,251,469", "2008-06-30": "$1,775,670", "2008-03-31": "$1,642,862", "2007-12-31": "$1,562,147", "2007-09-30": "$1,479,575", "2007-06-30": "$1,458,042", "2007-03-31": "$1,408,918", "2006-12-31": "$1,351,520", "2006-09-30": "$1,338,029", "2006-06-30": "$1,328,001", "2006-03-31": "$1,273,282", "2005-12-31": "$1,198,942", "2005-09-30": "$1,203,033", "2005-06-30": "$1,171,283", "2005-03-31": "$1,178,305"}}, "cash-on-hand": {"JPMorgan Chase Annual Cash on Hand (Millions of US $)": {"2019": "$923,891", "2018": "$1,014,095", "2017": "$1,011,570", "2016": "$991,732", "2015": "$916,919", "2014": "$1,127,099", "2013": "$978,602", "2012": "$921,861", "2011": "$824,158", "2010": "$761,686", "2009": "$695,968", "2008": "$878,132", "2007": "$713,916", "2006": "$560,221", "2005": "$490,689"}, "JPMorgan Chase Quarterly Cash on Hand (Millions of US $)": {"2020-09-30": "$1,313,193", "2020-06-30": "$1,276,751", "2020-03-31": "$1,164,694", "2019-12-31": "$882,475", "2019-09-30": "$1,009,863", "2019-06-30": "$1,059,275", "2019-03-31": "$1,135,146", "2018-12-31": "$1,014,095", "2018-09-30": "$1,056,556", "2018-06-30": "$1,050,484", "2018-03-31": "$1,074,702", "2017-12-31": "$1,011,570", "2017-09-30": "$1,063,676", "2017-06-30": "$1,074,795", "2017-03-31": "$1,053,474", "2016-12-31": "$991,732", "2016-09-30": "$1,025,064", "2016-06-30": "$983,365", "2016-03-31": "$967,781", "2015-12-31": "$916,919", "2015-09-30": "$977,629", "2015-06-30": "$1,013,622", "2015-03-31": "$1,147,529", "2014-12-31": "$1,127,099", "2014-09-30": "$1,064,677", "2014-06-30": "$1,062,124", "2014-03-31": "$1,039,224", "2013-12-31": "$978,602", "2013-09-30": "$1,021,373", "2013-06-30": "$994,509", "2013-03-31": "$952,493", "2012-12-31": "$921,861", "2012-09-30": "$886,731", "2012-06-30": "$847,761", "2012-03-31": "$866,528", "2011-12-31": "$824,158", "2011-09-30": "$895,216", "2011-06-30": "$872,430", "2011-03-31": "$822,815", "2010-12-31": "$761,686", "2010-09-30": "$765,942", "2010-06-30": "$668,768", "2010-03-31": "$746,687", "2009-12-31": "$695,968", "2009-09-30": "$676,133", "2009-06-30": "$641,811", "2009-03-31": "$703,483", "2008-12-31": "$878,132", "2008-09-30": "$842,647", "2008-06-30": "$757,689", "2008-03-31": "$747,758", "2007-12-31": "$713,916", "2007-09-30": "$648,780", "2007-06-30": "$653,661", "2007-03-31": "$630,446", "2006-12-31": "$560,221", "2006-09-30": "$557,759", "2006-06-30": "$559,944", "2006-03-31": "$513,228", "2005-12-31": "$490,689", "2005-09-30": "$474,809", "2005-06-30": "$465,775", "2005-03-31": "$475,788"}}, "long-term-debt": {"JPMorgan Chase Annual Long Term Debt (Millions of US $)": {"2019": "$291,498", "2018": "$282,031", "2017": "$284,080", "2016": "$295,245", "2015": "$309,756", "2014": "$306,601", "2013": "$295,883", "2012": "$275,660", "2011": "$278,683", "2010": "$304,978", "2009": "$322,058", "2008": "$403,083", "2007": "$227,845", "2006": "$163,683", "2005": "$130,365"}, "JPMorgan Chase Quarterly Long Term Debt (Millions of US $)": {"2020-09-30": "$279,175", "2020-06-30": "$317,003", "2020-03-31": "$299,344", "2019-12-31": "$291,498", "2019-09-30": "$296,472", "2019-06-30": "$288,869", "2019-03-31": "$290,893", "2018-12-31": "$282,031", "2018-09-30": "$270,124", "2018-06-30": "$273,114", "2018-03-31": "$274,449", "2017-12-31": "$284,080", "2017-09-30": "$318,301", "2017-06-30": "$323,909", "2017-03-31": "$313,834", "2016-12-31": "$295,245", "2016-09-30": "$333,897", "2016-06-30": "$315,572", "2016-03-31": "$310,457", "2015-12-31": "$309,756", "2015-09-30": "$320,119", "2015-06-30": "$316,754", "2015-03-31": "$309,643", "2014-12-31": "$306,601", "2014-09-30": "$300,613", "2014-06-30": "$304,642", "2014-03-31": "$306,463", "2013-12-31": "$295,883", "2013-09-30": "$293,808", "2013-06-30": "$296,597", "2013-03-31": "$295,561", "2012-12-31": "$275,660", "2012-09-30": "$263,395", "2012-06-30": "$261,228", "2012-03-31": "$283,129", "2011-12-31": "$278,683", "2011-09-30": "$303,006", "2011-06-30": "$309,436", "2011-03-31": "$306,320", "2010-12-31": "$304,978", "2010-09-30": "$307,231", "2010-06-30": "$293,049", "2010-03-31": "$311,838", "2009-12-31": "$322,058", "2009-09-30": "$322,948", "2009-06-30": "$345,907", "2009-03-31": "$374,102", "2008-12-31": "$403,083", "2008-09-30": "$423,259", "2008-06-30": "$300,049", "2008-03-31": "$233,797", "2007-12-31": "$227,845", "2007-09-30": "$219,780", "2007-06-30": "$201,426", "2007-03-31": "$175,178", "2006-12-31": "$163,683", "2006-09-30": "$156,180", "2006-06-30": "$147,028", "2006-03-31": "$137,513", "2005-12-31": "$130,365", "2005-09-30": "$128,875", "2005-06-30": "$125,896", "2005-03-31": "$120,735"}}, "total-liabilities": {"JPMorgan Chase Annual Total Liabilities (Millions of US $)": {"2019": "$2,426,049", "2018": "$2,366,017", "2017": "$2,277,907", "2016": "$2,236,782", "2015": "$2,104,125", "2014": "$2,340,547", "2013": "$2,204,511", "2012": "$2,155,072", "2011": "$2,082,219", "2010": "$1,941,499", "2009": "$1,866,624", "2008": "$2,008,168", "2007": "$1,438,926", "2006": "$1,235,730", "2005": "$1,091,731"}, "JPMorgan Chase Quarterly Total Liabilities (Millions of US $)": {"2020-09-30": "$2,974,963", "2020-06-30": "$2,948,649", "2020-03-31": "$2,878,169", "2019-12-31": "$2,426,049", "2019-09-30": "$2,500,313", "2019-06-30": "$2,464,164", "2019-03-31": "$2,477,351", "2018-12-31": "$2,366,017", "2018-09-30": "$2,356,227", "2018-06-30": "$2,332,592", "2018-03-31": "$2,353,584", "2017-12-31": "$2,277,907", "2017-09-30": "$2,304,692", "2017-06-30": "$2,304,691", "2017-03-31": "$2,290,427", "2016-12-31": "$2,236,782", "2016-09-30": "$2,266,698", "2016-06-30": "$2,213,673", "2016-03-31": "$2,173,651", "2015-12-31": "$2,104,125", "2015-09-30": "$2,171,393", "2015-06-30": "$2,208,394", "2015-03-31": "$2,341,284", "2014-12-31": "$2,340,547", "2014-09-30": "$2,295,728", "2014-06-30": "$2,293,022", "2014-03-31": "$2,257,331", "2013-12-31": "$2,204,511", "2013-09-30": "$2,256,639", "2013-06-30": "$2,230,255", "2013-03-31": "$2,182,263", "2012-12-31": "$2,155,072", "2012-09-30": "$2,121,591", "2012-06-30": "$2,098,574", "2012-03-31": "$2,130,895", "2011-12-31": "$2,082,219", "2011-09-30": "$2,106,953", "2011-06-30": "$2,063,885", "2011-03-31": "$2,017,563", "2010-12-31": "$1,941,499", "2010-09-30": "$1,967,765", "2010-06-30": "$1,842,899", "2010-03-31": "$1,971,075", "2009-12-31": "$1,866,624", "2009-09-30": "$1,878,756", "2009-06-30": "$1,871,876", "2009-03-31": "$1,908,994", "2008-12-31": "$2,008,168", "2008-09-30": "$2,105,626", "2008-06-30": "$1,642,494", "2008-03-31": "$1,517,235", "2007-12-31": "$1,438,926", "2007-09-30": "$1,359,597", "2007-06-30": "$1,338,831", "2007-03-31": "$1,291,214", "2006-12-31": "$1,235,730", "2006-09-30": "$1,224,468", "2006-06-30": "$1,217,317", "2006-03-31": "$1,164,945", "2005-12-31": "$1,091,731", "2005-09-30": "$1,096,898", "2005-06-30": "$1,065,898", "2005-03-31": "$1,072,965"}}, "total-share-holder-equity": {"JPMorgan Chase Annual Share Holder Equity (Millions of US $)": {"2019": "$261,330", "2018": "$256,515", "2017": "$255,693", "2016": "$254,190", "2015": "$247,573", "2014": "$231,727", "2013": "$211,178", "2012": "$204,069", "2011": "$183,573", "2010": "$176,106", "2009": "$165,365", "2008": "$166,884", "2007": "$123,221", "2006": "$115,790", "2005": "$107,211"}, "JPMorgan Chase Quarterly Share Holder Equity (Millions of US $)": {"2020-09-30": "$271,113", "2020-06-30": "$264,466", "2020-03-31": "$261,262", "2019-12-31": "$261,330", "2019-09-30": "$264,348", "2019-06-30": "$263,215", "2019-03-31": "$259,837", "2018-12-31": "$256,515", "2018-09-30": "$258,956", "2018-06-30": "$257,458", "2018-03-31": "$256,201", "2017-12-31": "$255,693", "2017-09-30": "$258,382", "2017-06-30": "$258,483", "2017-03-31": "$255,863", "2016-12-31": "$254,190", "2016-09-30": "$254,331", "2016-06-30": "$252,423", "2016-03-31": "$250,157", "2015-12-31": "$247,573", "2015-09-30": "$245,728", "2015-06-30": "$241,205", "2015-03-31": "$235,864", "2014-12-31": "$231,727", "2014-09-30": "$231,277", "2014-06-30": "$227,314", "2014-03-31": "$219,655", "2013-12-31": "$211,178", "2013-09-30": "$206,670", "2013-06-30": "$209,239", "2013-03-31": "$207,086", "2012-12-31": "$204,069", "2012-09-30": "$199,693", "2012-06-30": "$191,572", "2012-03-31": "$189,269", "2011-12-31": "$183,573", "2011-09-30": "$182,287", "2011-06-30": "$182,879", "2011-03-31": "$180,598", "2010-12-31": "$176,106", "2010-09-30": "$173,830", "2010-06-30": "$171,120", "2010-03-31": "$164,721", "2009-12-31": "$165,365", "2009-09-30": "$162,253", "2009-06-30": "$154,766", "2009-03-31": "$170,194", "2008-12-31": "$166,884", "2008-09-30": "$145,843", "2008-06-30": "$133,176", "2008-03-31": "$125,627", "2007-12-31": "$123,221", "2007-09-30": "$119,978", "2007-06-30": "$119,211", "2007-03-31": "$117,704", "2006-12-31": "$115,790", "2006-09-30": "$113,561", "2006-06-30": "$110,684", "2006-03-31": "$108,337", "2005-12-31": "$107,211", "2005-09-30": "$106,135", "2005-06-30": "$105,385", "2005-03-31": "$105,340"}}, "profit-margins": {"current": "22.48%"}, "gross margin": {"2020-12-31": "92.31%", "2020-09-30": "89.17%", "2020-06-30": "85.84%", "2020-03-31": "82.36%", "2019-12-31": "81.19%", "2019-09-30": "80.71%", "2019-06-30": "81.22%", "2019-03-31": "82.37%", "2018-12-31": "83.82%", "2018-09-30": "85.26%", "2018-06-30": "86.20%", "2018-03-31": "87.16%", "2017-12-31": "87.89%", "2017-09-30": "88.53%", "2017-06-30": "89.57%", "2017-03-31": "90.24%", "2016-12-31": "90.77%", "2016-09-30": "91.33%", "2016-06-30": "91.75%", "2016-03-31": "92.29%", "2015-12-31": "92.61%", "2015-09-30": "92.64%", "2015-06-30": "92.76%", "2015-03-31": "92.61%", "2014-12-31": "92.33%", "2014-09-30": "92.09%", "2014-06-30": "91.57%", "2014-03-31": "91.35%", "2013-12-31": "91.24%", "2013-09-30": "91.09%", "2013-06-30": "90.96%", "2013-03-31": "90.20%", "2012-12-31": "89.78%", "2012-09-30": "89.13%", "2012-06-30": "88.41%", "2012-03-31": "88.22%", "2011-12-31": "87.73%", "2011-09-30": "87.77%", "2011-06-30": "87.96%", "2011-03-31": "88.37%", "2010-12-31": "88.93%", "2010-09-30": "88.86%", "2010-06-30": "88.81%", "2010-03-31": "88.21%", "2009-12-31": "86.86%", "2009-09-30": "82.71%", "2009-06-30": "77.08%", "2009-03-31": "72.27%", "2008-12-31": "66.26%", "2008-09-30": "64.05%", "2008-06-30": "62.43%", "2008-03-31": "60.98%", "2007-12-31": "61.34%", "2007-09-30": "61.47%", "2007-06-30": "62.44%", "2007-03-31": "62.11%", "2006-12-31": "62.08%", "2006-09-30": "62.88%", "2006-06-30": "64.63%", "2006-03-31": "66.30%", "2005-12-31": "68.01%"}, "operating margin": {"2020-12-31": "27.33%", "2020-09-30": "23.19%", "2020-06-30": "22.11%", "2020-03-31": "26.14%", "2019-12-31": "31.28%", "2019-09-30": "30.51%", "2019-06-30": "30.74%", "2019-03-31": "30.88%", "2018-12-31": "31.34%", "2018-09-30": "31.90%", "2018-06-30": "31.84%", "2018-03-31": "32.13%", "2017-12-31": "31.33%", "2017-09-30": "31.99%", "2017-06-30": "32.11%", "2017-03-31": "32.42%", "2016-12-31": "32.46%", "2016-09-30": "31.89%", "2016-06-30": "30.51%", "2016-03-31": "29.92%", "2015-12-31": "30.40%", "2015-09-30": "29.59%", "2015-06-30": "30.25%", "2015-03-31": "30.10%", "2014-12-31": "29.80%", "2014-09-30": "30.62%", "2014-06-30": "23.28%", "2014-03-31": "23.81%", "2013-12-31": "24.58%", "2013-09-30": "23.26%", "2013-06-30": "30.05%", "2013-03-31": "28.58%", "2012-12-31": "26.23%", "2012-09-30": "25.10%", "2012-06-30": "23.22%", "2012-03-31": "23.10%", "2011-12-31": "24.13%", "2011-09-30": "25.00%", "2011-06-30": "25.37%", "2011-03-31": "25.02%", "2010-12-31": "21.53%", "2010-09-30": "19.38%", "2010-06-30": "17.94%", "2010-03-31": "15.25%", "2009-12-31": "14.31%", "2009-09-30": "10.05%", "2009-06-30": "3.94%", "2009-03-31": "2.81%", "2008-12-31": "3.16%", "2008-09-30": "8.09%", "2008-06-30": "14.21%", "2008-03-31": "16.86%", "2007-12-31": "19.78%", "2007-09-30": "21.15%", "2007-06-30": "21.59%", "2007-03-31": "21.66%", "2006-12-31": "20.22%", "2006-09-30": "19.76%", "2006-06-30": "19.53%", "2006-03-31": "16.36%", "2005-12-31": "15.75%"}, "ebitda margin": {"2020-09-30": "0.00%", "2020-06-30": "0.00%", "2020-03-31": "0.00%", "2019-12-31": "0.00%", "2019-09-30": "0.00%", "2019-06-30": "0.00%", "2019-03-31": "0.00%", "2018-12-31": "0.00%", "2018-09-30": "0.00%", "2018-06-30": "0.00%", "2018-03-31": "0.00%", "2017-12-31": "0.00%", "2017-09-30": "0.00%", "2017-06-30": "0.00%", "2017-03-31": "0.00%", "2016-12-31": "0.00%", "2016-09-30": "0.00%", "2016-06-30": "0.00%", "2016-03-31": "0.00%", "2015-12-31": "0.00%", "2015-09-30": "0.00%", "2015-06-30": "0.00%", "2015-03-31": "0.00%", "2014-12-31": "0.00%", "2014-09-30": "0.00%", "2014-06-30": "0.00%", "2014-03-31": "0.00%", "2013-12-31": "0.00%", "2013-09-30": "0.00%", "2013-06-30": "0.00%", "2013-03-31": "0.00%", "2012-12-31": "0.00%", "2012-09-30": "0.00%", "2012-06-30": "0.00%", "2012-03-31": "0.00%", "2011-12-31": "0.00%", "2011-09-30": "0.00%", "2011-06-30": "0.00%", "2011-03-31": "0.00%", "2010-12-31": "0.00%", "2010-09-30": "0.00%", "2010-06-30": "0.00%", "2010-03-31": "0.00%", "2009-12-31": "0.00%", "2009-09-30": "0.00%", "2009-06-30": "0.00%", "2009-03-31": "0.00%", "2008-12-31": "0.00%", "2008-09-30": "0.00%", "2008-06-30": "0.00%", "2008-03-31": "0.00%", "2007-12-31": "0.00%", "2007-09-30": "0.00%", "2007-06-30": "0.00%", "2007-03-31": "0.00%", "2006-12-31": "0.00%", "2006-09-30": "0.00%", "2006-06-30": "0.00%", "2006-03-31": "0.00%", "2005-12-31": "0.00%"}, "pre tax profit margin": {"2020-12-31": "27.33%", "2020-09-30": "23.19%", "2020-06-30": "22.11%", "2020-03-31": "26.14%", "2019-12-31": "31.28%", "2019-09-30": "30.51%", "2019-06-30": "30.74%", "2019-03-31": "30.88%", "2018-12-31": "31.34%", "2018-09-30": "31.90%", "2018-06-30": "31.84%", "2018-03-31": "32.13%", "2017-12-31": "31.33%", "2017-09-30": "31.99%", "2017-06-30": "32.11%", "2017-03-31": "32.42%", "2016-12-31": "32.46%", "2016-09-30": "31.89%", "2016-06-30": "30.51%", "2016-03-31": "29.92%", "2015-12-31": "30.40%", "2015-09-30": "29.59%", "2015-06-30": "30.25%", "2015-03-31": "30.10%", "2014-12-31": "29.80%", "2014-09-30": "31.05%", "2014-06-30": "23.71%", "2014-03-31": "24.23%", "2013-12-31": "25.00%", "2013-09-30": "23.79%", "2013-06-30": "30.57%", "2013-03-31": "29.11%", "2012-12-31": "26.76%", "2012-09-30": "25.10%", "2012-06-30": "23.22%", "2012-03-31": "23.10%", "2011-12-31": "24.13%", "2011-09-30": "25.00%", "2011-06-30": "25.37%", "2011-03-31": "25.02%", "2010-12-31": "21.53%", "2010-09-30": "19.35%", "2010-06-30": "17.82%", "2010-03-31": "15.02%", "2009-12-31": "13.89%", "2009-09-30": "9.50%", "2009-06-30": "3.36%", "2009-03-31": "2.20%", "2008-12-31": "2.73%", "2008-09-30": "7.83%", "2008-06-30": "14.00%", "2008-03-31": "16.73%", "2007-12-31": "19.60%", "2007-09-30": "20.90%", "2007-06-30": "21.34%", "2007-03-31": "21.39%", "2006-12-31": "19.91%", "2006-09-30": "19.46%", "2006-06-30": "19.03%", "2006-03-31": "15.59%", "2005-12-31": "14.84%"}, "net profit margin": {"2020-12-31": "21.16%", "2020-09-30": "17.86%", "2020-06-30": "16.88%", "2020-03-31": "20.32%", "2019-12-31": "24.32%", "2019-09-30": "23.65%", "2019-06-30": "23.76%", "2019-03-31": "23.33%", "2018-12-31": "23.61%", "2018-09-30": "22.11%", "2018-06-30": "21.33%", "2018-03-31": "20.87%", "2017-12-31": "19.70%", "2017-09-30": "22.05%", "2017-06-30": "22.11%", "2017-03-31": "21.82%", "2016-12-31": "21.46%", "2016-09-30": "20.86%", "2016-06-30": "21.83%", "2016-03-31": "22.14%", "2015-12-31": "22.43%", "2015-09-30": "21.81%", "2015-06-30": "20.33%", "2015-03-31": "19.91%", "2014-12-31": "19.49%", "2014-09-30": "19.67%", "2014-06-30": "14.26%", "2014-03-31": "14.66%", "2013-12-31": "15.51%", "2013-09-30": "15.86%", "2013-06-30": "21.01%", "2013-03-31": "20.12%", "2012-12-31": "18.39%", "2012-09-30": "16.90%", "2012-06-30": "15.68%", "2012-03-31": "15.30%", "2011-12-31": "15.85%", "2011-09-30": "15.98%", "2011-06-30": "16.08%", "2011-03-31": "15.80%", "2010-12-31": "13.65%", "2010-09-30": "12.74%", "2010-06-30": "11.71%", "2010-03-31": "8.75%", "2009-12-31": "7.59%", "2009-09-30": "5.18%", "2009-06-30": "2.99%", "2009-03-31": "3.81%", "2008-12-31": "4.67%", "2008-09-30": "6.83%", "2008-06-30": "9.11%", "2008-03-31": "10.94%", "2007-12-31": "12.83%", "2007-09-30": "14.82%", "2007-06-30": "15.11%", "2007-03-31": "15.25%", "2006-12-31": "14.46%", "2006-09-30": "13.31%", "2006-06-30": "13.12%", "2006-03-31": "11.04%", "2005-12-31": "10.62%"}, "pe ratio": {"current": "15.56", "2021-02-05": "27.16", "2020-12-31": "24.84", "2020-09-30": "12.38", "2020-06-30": "12.37", "2020-03-31": "9.81", "2019-12-31": "12.46", "2019-09-30": "11.04", "2019-06-30": "10.78", "2019-03-31": "10.24", "2018-12-31": "10.10", "2018-09-30": "12.90", "2018-06-30": "12.76", "2018-03-31": "14.30", "2017-12-31": "15.42", "2017-09-30": "12.43", "2017-06-30": "12.14", "2017-03-31": "12.09", "2016-12-31": "12.38", "2016-09-30": "10.12", "2016-06-30": "9.22", "2016-03-31": "8.73", "2015-12-31": "9.51", "2015-09-30": "8.91", "2015-06-30": "10.41", "2015-03-31": "9.38", "2014-12-31": "9.94", "2014-09-30": "9.31", "2014-06-30": "12.33", "2014-03-31": "12.46", "2013-12-31": "11.07", "2013-09-30": "9.52", "2013-06-30": "7.12", "2013-03-31": "6.80", "2012-12-31": "6.59", "2012-09-30": "6.63", "2012-06-30": "6.30", "2012-03-31": "7.95", "2011-12-31": "5.75", "2011-09-30": "4.92", "2011-06-30": "6.66", "2011-03-31": "7.76", "2010-12-31": "8.11", "2010-09-30": "8.04", "2010-06-30": "8.15", "2010-03-31": "13.06", "2009-12-31": "13.99", "2009-09-30": "20.99", "2009-06-30": "29.79", "2009-03-31": "17.79", "2008-12-31": "16.68", "2008-09-30": "15.68", "2008-06-30": "8.18", "2008-03-31": "8.35", "2007-12-31": "7.14", "2007-09-30": "6.81", "2007-06-30": "7.22", "2007-03-31": "7.49", "2006-12-31": "8.31"}, "price sales": {"2021-02-05": "3.29", "2020-12-31": "3.01", "2020-09-30": "2.22", "2020-06-30": "2.09", "2020-03-31": "1.99", "2019-12-31": "3.05", "2019-09-30": "2.62", "2019-06-30": "2.57", "2019-03-31": "2.40", "2018-12-31": "2.39", "2018-09-30": "2.86", "2018-06-30": "2.74", "2018-03-31": "3.00", "2017-12-31": "3.04", "2017-09-30": "2.75", "2017-06-30": "2.69", "2017-03-31": "2.65", "2016-12-31": "2.67", "2016-09-30": "2.10", "2016-06-30": "2.00", "2016-03-31": "1.92", "2015-12-31": "2.11", "2015-09-30": "1.94", "2015-06-30": "2.12", "2015-03-31": "1.87", "2014-12-31": "1.94", "2014-09-30": "1.83", "2014-06-30": "1.75", "2014-03-31": "1.82", "2013-12-31": "1.71", "2013-09-30": "1.50", "2013-06-30": "1.49", "2013-03-31": "1.37", "2012-12-31": "1.24", "2012-09-30": "1.16", "2012-06-30": "1.02", "2012-03-31": "1.26", "2011-12-31": "0.92", "2011-09-30": "0.79", "2011-06-30": "1.07", "2011-03-31": "1.23", "2010-12-31": "1.11", "2010-09-30": "1.02", "2010-06-30": "0.95", "2010-03-31": "1.13", "2009-12-31": "1.04", "2009-09-30": "1.09", "2009-06-30": "0.87", "2009-03-31": "0.68", "2008-12-31": "0.80", "2008-09-30": "1.12", "2008-06-30": "0.78", "2008-03-31": "0.95", "2007-12-31": "0.94", "2007-09-30": "1.01", "2007-06-30": "1.09", "2007-03-31": "1.14", "2006-12-31": "1.20"}, "price book": {"current": "1.69", "2021-02-05": "1.55", "2020-09-30": "1.07", "2020-06-30": "1.06", "2020-03-31": "1.01", "2019-12-31": "1.58", "2019-09-30": "1.33", "2019-06-30": "1.28", "2019-03-31": "1.18", "2018-12-31": "1.16", "2018-09-30": "1.34", "2018-06-30": "1.25", "2018-03-31": "1.33", "2017-12-31": "1.30", "2017-09-30": "1.16", "2017-06-30": "1.12", "2017-03-31": "1.09", "2016-12-31": "1.07", "2016-09-30": "0.83", "2016-06-30": "0.78", "2016-03-31": "0.75", "2015-12-31": "0.84", "2015-09-30": "0.78", "2015-06-30": "0.88", "2015-03-31": "0.81", "2014-12-31": "0.84", "2014-09-30": "0.81", "2014-06-30": "0.79", "2014-03-31": "0.86", "2013-12-31": "0.85", "2013-09-30": "0.76", "2013-06-30": "0.77", "2013-03-31": "0.70", "2012-12-31": "0.65", "2012-09-30": "0.61", "2012-06-30": "0.55", "2012-03-31": "0.72", "2011-12-31": "0.53", "2011-09-30": "0.48", "2011-06-30": "0.67", "2011-03-31": "0.77", "2010-12-31": "0.71", "2010-09-30": "0.65", "2010-06-30": "0.64", "2010-03-31": "0.81", "2009-12-31": "0.75", "2009-09-30": "0.80", "2009-06-30": "0.65", "2009-03-31": "0.44", "2008-12-31": "0.52", "2008-09-30": "0.88", "2008-06-30": "0.64", "2008-03-31": "0.84", "2007-12-31": "0.85", "2007-09-30": "0.91", "2007-06-30": "0.97", "2007-03-31": "0.98", "2006-12-31": "1.00", "2006-09-30": "0.99", "2006-06-30": "0.90", "2006-03-31": "0.90"}, "price fcf": {"2021-02-05": "", "2020-09-30": "$9.59", "2020-06-30": "$18.91", "2020-03-31": "$-12.63", "2019-12-31": "$1.87", "2019-09-30": "$-24.44", "2019-06-30": "$-25.07", "2019-03-31": "$-10.20", "2018-12-31": "$4.16", "2018-09-30": "$7.60", "2018-06-30": "$2.28", "2018-03-31": "$-6.90", "2017-12-31": "$-3.03", "2017-09-30": "$4.46", "2017-06-30": "$6.97", "2017-03-31": "$5.44", "2016-12-31": "$5.93", "2016-09-30": "$-1.01", "2016-06-30": "$4.69", "2016-03-31": "$9.79", "2015-12-31": "$19.47", "2015-09-30": "$22.94", "2015-06-30": "$15.53", "2015-03-31": "$9.76", "2014-12-31": "$9.64", "2014-09-30": "$-0.12", "2014-06-30": "$7.80", "2014-03-31": "$26.94", "2013-12-31": "$28.30", "2013-09-30": "$29.30", "2013-06-30": "$17.65", "2013-03-31": "$10.64", "2012-12-31": "$6.56", "2012-09-30": "$15.05", "2012-06-30": "$21.83", "2012-03-31": "$27.07", "2011-12-31": "$24.47", "2011-09-30": "$17.46", "2011-06-30": "$2.38", "2011-03-31": "$-6.79", "2010-12-31": "$-0.94", "2010-09-30": "$2.44", "2010-06-30": "$16.06", "2010-03-31": "$22.50", "2009-12-31": "$31.65", "2009-09-30": "$25.19", "2009-06-30": "$26.69", "2009-03-31": "$29.20", "2008-12-31": "$14.99", "2008-09-30": "$9.07", "2008-06-30": "$2.05", "2008-03-31": "$-18.33", "2007-12-31": "$-32.09", "2007-09-30": "$-27.44", "2007-06-30": "$-17.67", "2007-03-31": "$-22.99", "2006-12-31": "$-13.87"}, "net worth": {"value": "$420.59B"}, "current ratio": {"2020-12-31": "0.86", "2020-09-30": "0.88", "2020-06-30": "0.88", "2020-03-31": "0.89", "2019-12-31": "0.92", "2019-09-30": "0.93", "2019-06-30": "0.97", "2019-03-31": "1.00", "2018-12-31": "1.00", "2018-09-30": "1.01", "2018-06-30": "1.01", "2018-03-31": "1.01", "2017-12-31": "1.02", "2017-09-30": "1.04", "2017-06-30": "1.04", "2017-03-31": "1.03", "2016-12-31": "1.01", "2016-09-30": "1.04", "2016-06-30": "1.03", "2016-03-31": "1.02", "2015-12-31": "1.02", "2015-09-30": "1.02", "2015-06-30": "1.01", "2015-03-31": "0.99", "2014-12-31": "0.98", "2014-09-30": "0.96", "2014-06-30": "0.96", "2014-03-31": "0.96", "2013-12-31": "0.95", "2013-09-30": "0.94", "2013-06-30": "0.95", "2013-03-31": "0.95", "2012-12-31": "0.93", "2012-09-30": "0.92", "2012-06-30": "0.91", "2012-03-31": "0.91", "2011-12-31": "0.91", "2011-09-30": "0.94", "2011-06-30": "0.96", "2011-03-31": "0.95", "2010-12-31": "0.96", "2010-09-30": "0.94", "2010-06-30": "0.95", "2010-03-31": "0.94", "2009-12-31": "0.89", "2009-09-30": "0.88", "2009-06-30": "0.90", "2009-03-31": "0.94", "2008-12-31": "1.04", "2008-09-30": "1.01", "2008-06-30": "1.02", "2008-03-31": "1.04", "2007-12-31": "1.04", "2007-09-30": "1.02", "2007-06-30": "1.01", "2007-03-31": "0.99", "2006-12-31": "1.00", "2006-09-30": "1.01", "2006-06-30": "1.00", "2006-03-31": "0.97", "2005-12-31": "1.01", "2005-09-30": "1.00", "2005-06-30": "1.00", "2005-03-31": "0.98"}, "quick ratio": {"2020-12-31": "0.00", "2020-09-30": "0.00", "2020-06-30": "0.00", "2020-03-31": "0.00", "2019-12-31": "0.00", "2019-09-30": "0.00", "2019-06-30": "0.00", "2019-03-31": "0.00", "2018-12-31": "0.00", "2018-09-30": "0.00", "2018-06-30": "0.00", "2018-03-31": "0.00", "2017-12-31": "0.00", "2017-09-30": "0.00", "2017-06-30": "0.00", "2017-03-31": "0.00", "2016-12-31": "0.00", "2016-09-30": "0.00", "2016-06-30": "0.00", "2016-03-31": "0.00", "2015-12-31": "0.00", "2015-09-30": "0.00", "2015-06-30": "0.00", "2015-03-31": "0.00", "2014-12-31": "0.00", "2014-09-30": "0.00", "2014-06-30": "0.00", "2014-03-31": "0.00", "2013-12-31": "0.00", "2013-09-30": "0.00", "2013-06-30": "0.00", "2013-03-31": "0.00", "2012-12-31": "0.00", "2012-09-30": "0.00", "2012-06-30": "0.00", "2012-03-31": "0.00", "2011-12-31": "0.00", "2011-09-30": "0.00", "2011-06-30": "0.00", "2011-03-31": "0.00", "2010-12-31": "0.00", "2010-09-30": "0.00", "2010-06-30": "0.00", "2010-03-31": "0.00", "2009-12-31": "0.00", "2009-09-30": "0.00", "2009-06-30": "0.00", "2009-03-31": "0.00", "2008-12-31": "0.00", "2008-09-30": "0.00", "2008-06-30": "0.00", "2008-03-31": "0.00", "2007-12-31": "0.00", "2007-09-30": "0.00", "2007-06-30": "0.00", "2007-03-31": "0.00", "2006-12-31": "0.00", "2006-09-30": "0.00", "2006-06-30": "0.00", "2006-03-31": "0.00", "2005-12-31": "0.00", "2005-09-30": "0.00", "2005-06-30": "0.00", "2005-03-31": "0.00"}, "debt equity ratio": {"current": "1.13", "2020-12-31": "11.12", "2020-09-30": "10.97", "2020-06-30": "11.15", "2020-03-31": "11.02", "2019-12-31": "9.28", "2019-09-30": "9.46", "2019-06-30": "9.36", "2019-03-31": "9.53", "2018-12-31": "9.22", "2018-09-30": "9.10", "2018-06-30": "9.06", "2018-03-31": "9.19", "2017-12-31": "8.91", "2017-09-30": "8.92", "2017-06-30": "8.92", "2017-03-31": "8.95", "2016-12-31": "8.80", "2016-09-30": "8.91", "2016-06-30": "8.77", "2016-03-31": "8.69", "2015-12-31": "8.50", "2015-09-30": "8.84", "2015-06-30": "9.16", "2015-03-31": "9.93", "2014-12-31": "10.10", "2014-09-30": "9.93", "2014-06-30": "10.09", "2014-03-31": "10.28", "2013-12-31": "10.44", "2013-09-30": "10.92", "2013-06-30": "10.66", "2013-03-31": "10.54", "2012-12-31": "10.56", "2012-09-30": "10.62", "2012-06-30": "10.95", "2012-03-31": "11.26", "2011-12-31": "11.34", "2011-09-30": "11.56", "2011-06-30": "11.29", "2011-03-31": "11.17", "2010-12-31": "11.03", "2010-09-30": "11.32", "2010-06-30": "10.77", "2010-03-31": "11.97", "2009-12-31": "11.29", "2009-09-30": "11.58", "2009-06-30": "12.10", "2009-03-31": "11.22", "2008-12-31": "12.03", "2008-09-30": "14.44", "2008-06-30": "12.33", "2008-03-31": "12.08", "2007-12-31": "11.68", "2007-09-30": "11.33", "2007-06-30": "11.23", "2007-03-31": "10.97", "2006-12-31": "10.67", "2006-09-30": "10.78", "2006-06-30": "11.00", "2006-03-31": "10.75", "2005-12-31": "10.18", "2005-09-30": "10.34", "2005-06-30": "10.11", "2005-03-31": "10.19"}, "return on equity": {"2020-12-31": "10.19%", "2020-09-30": "9.00%", "2020-06-30": "8.90%", "2020-03-31": "10.79%", "2019-12-31": "13.21%", "2019-09-30": "12.72%", "2019-06-30": "12.53%", "2019-03-31": "12.09%", "2018-12-31": "11.94%", "2018-09-30": "10.83%", "2018-06-30": "10.18%", "2018-03-31": "9.65%", "2017-12-31": "8.78%", "2017-09-30": "9.75%", "2017-06-30": "9.62%", "2017-03-31": "9.35%", "2016-12-31": "9.03%", "2016-09-30": "8.66%", "2016-06-30": "8.92%", "2016-03-31": "9.04%", "2015-12-31": "9.34%", "2015-09-30": "9.21%", "2015-06-30": "8.87%", "2015-03-31": "8.91%", "2014-12-31": "8.83%", "2014-09-30": "9.25%", "2014-06-30": "6.84%", "2014-03-31": "7.24%", "2013-12-31": "7.94%", "2013-09-30": "8.17%", "2013-06-30": "11.17%", "2013-03-31": "10.68%", "2012-12-31": "10.13%", "2012-09-30": "9.42%", "2012-06-30": "8.88%", "2012-03-31": "9.22%", "2011-12-31": "9.64%", "2011-09-30": "10.28%", "2011-06-30": "10.45%", "2011-03-31": "10.22%", "2010-12-31": "9.19%", "2010-09-30": "8.47%", "2010-06-30": "8.15%", "2010-03-31": "6.32%", "2009-12-31": "5.38%", "2009-09-30": "3.62%", "2009-06-30": "2.01%", "2009-03-31": "2.58%", "2008-12-31": "3.32%", "2008-09-30": "5.45%", "2008-06-30": "8.00%", "2008-03-31": "10.19%", "2007-12-31": "12.43%", "2007-09-30": "14.32%", "2007-06-30": "14.45%", "2007-03-31": "14.11%", "2006-12-31": "12.88%", "2006-09-30": "11.47%", "2006-06-30": "10.95%", "2006-03-31": "8.70%", "2005-12-31": "7.99%"}, "return on assets": {"2020-12-31": "0.84%", "2020-09-30": "0.77%", "2020-06-30": "0.79%", "2020-03-31": "1.00%", "2019-12-31": "1.27%", "2019-09-30": "1.22%", "2019-06-30": "1.22%", "2019-03-31": "1.18%", "2018-12-31": "1.18%", "2018-09-30": "1.08%", "2018-06-30": "1.02%", "2018-03-31": "0.97%", "2017-12-31": "0.88%", "2017-09-30": "0.99%", "2017-06-30": "0.97%", "2017-03-31": "0.95%", "2016-12-31": "0.92%", "2016-09-30": "0.89%", "2016-06-30": "0.92%", "2016-03-31": "0.92%", "2015-12-31": "0.92%", "2015-09-30": "0.88%", "2015-06-30": "0.82%", "2015-03-31": "0.81%", "2014-12-31": "0.80%", "2014-09-30": "0.83%", "2014-06-30": "0.60%", "2014-03-31": "0.63%", "2013-12-31": "0.68%", "2013-09-30": "0.70%", "2013-06-30": "0.96%", "2013-03-31": "0.92%", "2012-12-31": "0.86%", "2012-09-30": "0.78%", "2012-06-30": "0.72%", "2012-03-31": "0.75%", "2011-12-31": "0.78%", "2011-09-30": "0.84%", "2011-06-30": "0.86%", "2011-03-31": "0.85%", "2010-12-31": "0.75%", "2010-09-30": "0.69%", "2010-06-30": "0.66%", "2010-03-31": "0.50%", "2009-12-31": "0.43%", "2009-09-30": "0.28%", "2009-06-30": "0.15%", "2009-03-31": "0.19%", "2008-12-31": "0.24%", "2008-09-30": "0.40%", "2008-06-30": "0.62%", "2008-03-31": "0.81%", "2007-12-31": "1.01%", "2007-09-30": "1.19%", "2007-06-30": "1.21%", "2007-03-31": "1.19%", "2006-12-31": "1.09%", "2006-09-30": "0.98%", "2006-06-30": "0.95%", "2006-03-31": "0.77%", "2005-12-31": "0.71%"}, "return on investments": {"2020-12-31": "6.29%", "2020-09-30": "5.51%", "2020-06-30": "5.44%", "2020-03-31": "6.54%", "2019-12-31": "8.04%", "2019-09-30": "7.78%", "2019-06-30": "7.76%", "2019-03-31": "7.69%", "2018-12-31": "7.66%", "2018-09-30": "7.54%", "2018-06-30": "7.17%", "2018-03-31": "6.86%", "2017-12-31": "6.33%", "2017-09-30": "6.38%", "2017-06-30": "6.24%", "2017-03-31": "6.21%", "2016-12-31": "6.10%", "2016-09-30": "5.84%", "2016-06-30": "5.51%", "2016-03-31": "5.36%", "2015-12-31": "5.52%", "2015-09-30": "5.41%", "2015-06-30": "5.71%", "2015-03-31": "5.81%", "2014-12-31": "5.77%", "2014-09-30": "6.11%", "2014-06-30": "4.67%", "2014-03-31": "4.88%", "2013-12-31": "5.20%", "2013-09-30": "4.99%", "2013-06-30": "6.71%", "2013-03-31": "6.42%", "2012-12-31": "6.07%", "2012-09-30": "5.77%", "2012-06-30": "5.24%", "2012-03-31": "5.37%", "2011-12-31": "5.55%", "2011-09-30": "5.97%", "2011-06-30": "6.06%", "2011-03-31": "5.93%", "2010-12-31": "5.23%", "2010-09-30": "4.56%", "2010-06-30": "4.33%", "2010-03-31": "3.66%", "2009-12-31": "3.28%", "2009-09-30": "2.19%", "2009-06-30": "0.77%", "2009-03-31": "0.55%", "2008-12-31": "0.66%", "2008-09-30": "1.99%", "2008-06-30": "4.22%", "2008-03-31": "5.59%", "2007-12-31": "7.06%", "2007-09-30": "7.83%", "2007-06-30": "8.28%", "2007-03-31": "8.35%", "2006-12-31": "7.67%", "2006-09-30": "7.41%", "2006-06-30": "7.22%", "2006-03-31": "5.80%", "2005-12-31": "5.40%"}, "return on tangible equity": {"2020-09-30": "11.20%", "2020-06-30": "11.12%", "2020-03-31": "13.51%", "2019-12-31": "16.60%", "2019-09-30": "16.02%", "2019-06-30": "15.83%", "2019-03-31": "15.32%", "2018-12-31": "15.15%", "2018-09-30": "13.75%", "2018-06-30": "12.91%", "2018-03-31": "12.23%", "2017-12-31": "11.12%", "2017-09-30": "12.35%", "2017-06-30": "12.18%", "2017-03-31": "11.85%", "2016-12-31": "11.47%", "2016-09-30": "11.02%", "2016-06-30": "11.40%", "2016-03-31": "11.64%", "2015-12-31": "12.10%", "2015-09-30": "12.02%", "2015-06-30": "11.66%", "2015-03-31": "11.80%", "2014-12-31": "11.80%", "2014-09-30": "12.53%", "2014-06-30": "9.39%", "2014-03-31": "10.04%", "2013-12-31": "11.07%", "2013-09-30": "11.42%", "2013-06-30": "15.61%", "2013-03-31": "15.03%", "2012-12-31": "14.42%", "2012-09-30": "13.57%", "2012-06-30": "12.97%", "2012-03-31": "13.72%", "2011-12-31": "14.62%", "2011-09-30": "15.94%", "2011-06-30": "16.44%", "2011-03-31": "16.23%", "2010-12-31": "14.89%", "2010-09-30": "13.92%", "2010-06-30": "13.67%", "2010-03-31": "10.90%", "2009-12-31": "9.11%", "2009-09-30": "6.03%", "2009-06-30": "3.42%", "2009-03-31": "4.45%", "2008-12-31": "5.99%", "2008-09-30": "10.42%", "2008-06-30": "15.57%", "2008-03-31": "20.23%", "2007-12-31": "25.10%", "2007-09-30": "29.38%", "2007-06-30": "29.68%", "2007-03-31": "29.26%", "2006-12-31": "27.26%", "2006-09-30": "24.58%", "2006-06-30": "23.98%", "2006-03-31": "19.16%", "2005-12-31": "17.64%"}, "dividend yield history": {"last payout": "$3.60", "last yield": "2.61%"}}