{"ticker": "KAR", "price": {"title": "KAR Auction Services Historical Annual Stock Price Data", "value": 19.8, "historical": {"2020": {"Average Stock Price": "16.5228", "Year Open": "22.3900", "Year High": "23.2500", "Year Low": "9.5000", "Year Close": "18.6100", "Annual % Change": "-14.59%"}, "2019": {"Average Stock Price": "38.4182", "Year Open": "46.7100", "Year High": "62.6500", "Year Low": "20.6600", "Year Close": "21.7900", "Annual % Change": "-54.34%"}, "2018": {"Average Stock Price": "55.7366", "Year Open": "50.9500", "Year High": "64.2200", "Year Low": "45.8200", "Year Close": "47.7200", "Annual % Change": "-5.52%"}, "2017": {"Average Stock Price": "45.1531", "Year Open": "43.3100", "Year High": "51.4300", "Year Low": "40.3100", "Year Close": "50.5100", "Annual % Change": "18.51%"}, "2016": {"Average Stock Price": "39.7545", "Year Open": "36.9200", "Year High": "43.8800", "Year Low": "31.9800", "Year Close": "42.6200", "Annual % Change": "15.10%"}, "2015": {"Average Stock Price": "37.1371", "Year Open": "34.5300", "Year High": "39.5200", "Year Low": "33.7700", "Year Close": "37.0300", "Annual % Change": "6.87%"}, "2014": {"Average Stock Price": "30.6049", "Year Open": "29.8500", "Year High": "35.1800", "Year Low": "26.4400", "Year Close": "34.6500", "Annual % Change": "17.26%"}, "2013": {"Average Stock Price": "24.6032", "Year Open": "20.5700", "Year High": "30.1500", "Year Low": "19.3000", "Year Close": "29.5500", "Annual % Change": "46.00%"}, "2012": {"Average Stock Price": "17.0351", "Year Open": "13.6400", "Year High": "20.6300", "Year Low": "13.4900", "Year Close": "20.2400", "Annual % Change": "49.93%"}, "2011": {"Average Stock Price": "15.4270", "Year Open": "14.0700", "Year High": "20.9100", "Year Low": "11.5200", "Year Close": "13.5000", "Annual % Change": "-2.17%"}, "2010": {"Average Stock Price": "13.4737", "Year Open": "13.9700", "Year High": "15.7300", "Year Low": "11.1900", "Year Close": "13.8000", "Annual % Change": "0.07%"}, "2009": {"Average Stock Price": "12.9771", "Year Open": "12.0300", "Year High": "13.7900", "Year Low": "11.8000", "Year Close": "13.7900", "Annual % Change": "0.00%"}}}, "market cap": {"value": "$2.56B"}, "income statement": {"Revenue": {"2019-12-31": "2781.90000", "2018-12-31": "2442.80000", "2017-12-31": "2238.80000", "2016-12-31": "3150.10000", "2015-12-31": "2690.60000", "2014-12-31": "2417.00000", "2013-12-31": "2173.30000", "2012-12-31": "1963.40000", "2011-12-31": "1886.30000", "2010-12-31": "1822.60000", "2009-12-31": "1735.50000", "2008-12-31": "1771.40000", "2007-12-31": "1102.80000"}, "Cost Of Goods Sold": {"2019-12-31": "1617.10000", "2018-12-31": "1321.50000", "2017-12-31": "1209.10000", "2016-12-31": "1827.40000", "2015-12-31": "1548.50000", "2014-12-31": "1371.30000", "2013-12-31": "1232.20000", "2012-12-31": "1087.10000", "2011-12-31": "1035.20000", "2010-12-31": "1007.30000", "2009-12-31": "1001.50000", "2008-12-31": "1053.00000", "2007-12-31": "627.40000"}, "Gross Profit": {"2019-12-31": "1164.80000", "2018-12-31": "1121.30000", "2017-12-31": "1029.70000", "2016-12-31": "1322.70000", "2015-12-31": "1142.10000", "2014-12-31": "1045.70000", "2013-12-31": "941.10010", "2012-12-31": "876.30000", "2011-12-31": "851.10010", "2010-12-31": "815.30000", "2009-12-31": "734.00000", "2008-12-31": "718.40000", "2007-12-31": "475.40000"}, "Research And Development Expenses": {"2019-12-31": "", "2018-12-31": "", "2017-12-31": "", "2016-12-31": "", "2015-12-31": "", "2014-12-31": "", "2013-12-31": "", "2012-12-31": "", "2011-12-31": "", "2010-12-31": "", "2009-12-31": "", "2008-12-31": "", "2007-12-31": ""}, "SG&A Expenses": {"2019-12-31": "662.00000", "2018-12-31": "608.80000", "2017-12-31": "531.70000", "2016-12-31": "583.10000", "2015-12-31": "502.00000", "2014-12-31": "471.40000", "2013-12-31": "490.00000", "2012-12-31": "419.10000", "2011-12-31": "389.40000", "2010-12-31": "375.20000", "2009-12-31": "366.30000", "2008-12-31": "383.70000", "2007-12-31": "242.40000"}, "Other Operating Income Or Expenses": {"2019-12-31": "", "2018-12-31": "", "2017-12-31": "", "2016-12-31": "", "2015-12-31": "", "2014-12-31": "", "2013-12-31": "", "2012-12-31": "", "2011-12-31": "", "2010-12-31": "", "2009-12-31": "", "2008-12-31": "", "2007-12-31": ""}, "Operating Expenses": {"2019-12-31": "2467.80000", "2018-12-31": "2102.70000", "2017-12-31": "1912.30000", "2016-12-31": "2651.10000", "2015-12-31": "2263.30000", "2014-12-31": "2039.30000", "2013-12-31": "1916.60000", "2012-12-31": "1696.40000", "2011-12-31": "1604.40000", "2010-12-31": "1553.80000", "2009-12-31": "1540.20000", "2008-12-31": "1783.90000", "2007-12-31": "996.40000"}, "Operating Income": {"2019-12-31": "314.10010", "2018-12-31": "340.10010", "2017-12-31": "326.50000", "2016-12-31": "499.00000", "2015-12-31": "427.30000", "2014-12-31": "377.70000", "2013-12-31": "256.70010", "2012-12-31": "267.00010", "2011-12-31": "281.90000", "2010-12-31": "268.79990", "2009-12-31": "195.30000", "2008-12-31": "-12.49990", "2007-12-31": "106.40000"}, "Total Non-Operating Income/Expense": {"2019-12-31": "-184.00000", "2018-12-31": "-188.20000", "2017-12-31": "-168.10000", "2016-12-31": "-143.70000", "2015-12-31": "-86.80000", "2014-12-31": "-112.70000", "2013-12-31": "-107.50000", "2012-12-31": "-115.40000", "2011-12-31": "-191.90000", "2010-12-31": "-172.00000", "2009-12-31": "-161.00000", "2008-12-31": "-235.10000", "2007-12-31": "-154.70000"}, "Pre-Tax Income": {"2019-12-31": "130.10000", "2018-12-31": "151.90000", "2017-12-31": "158.40000", "2016-12-31": "355.30000", "2015-12-31": "340.50000", "2014-12-31": "265.00000", "2013-12-31": "149.20000", "2012-12-31": "151.60000", "2011-12-31": "90.00000", "2010-12-31": "96.80000", "2009-12-31": "34.30000", "2008-12-31": "-247.60000", "2007-12-31": "-48.30000"}, "Income Taxes": {"2019-12-31": "37.70000", "2018-12-31": "34.30000", "2017-12-31": "-15.60000", "2016-12-31": "132.90000", "2015-12-31": "125.90000", "2014-12-31": "95.70000", "2013-12-31": "81.50000", "2012-12-31": "59.60000", "2011-12-31": "17.80000", "2010-12-31": "27.20000", "2009-12-31": "11.10000", "2008-12-31": "-31.40000", "2007-12-31": "-10.00000"}, "Income After Taxes": {"2019-12-31": "92.40000", "2018-12-31": "117.60000", "2017-12-31": "174.00000", "2016-12-31": "222.40000", "2015-12-31": "214.60000", "2014-12-31": "169.30000", "2013-12-31": "67.70000", "2012-12-31": "92.00000", "2011-12-31": "72.20000", "2010-12-31": "69.60000", "2009-12-31": "23.20000", "2008-12-31": "-216.20000", "2007-12-31": "-38.30000"}, "Other Income": {"2019-12-31": "", "2018-12-31": "", "2017-12-31": "", "2016-12-31": "", "2015-12-31": "", "2014-12-31": "", "2013-12-31": "", "2012-12-31": "", "2011-12-31": "", "2010-12-31": "", "2009-12-31": "", "2008-12-31": "", "2007-12-31": ""}, "Income From Continuous Operations": {"2019-12-31": "92.40000", "2018-12-31": "117.60000", "2017-12-31": "174.00000", "2016-12-31": "222.40000", "2015-12-31": "214.60000", "2014-12-31": "169.30000", "2013-12-31": "67.70000", "2012-12-31": "92.00000", "2011-12-31": "72.20000", "2010-12-31": "69.60000", "2009-12-31": "23.20000", "2008-12-31": "-216.20000", "2007-12-31": "-38.30000"}, "Income From Discontinued Operations": {"2019-12-31": "96.10000", "2018-12-31": "210.40000", "2017-12-31": "188.00000", "2016-12-31": "", "2015-12-31": "", "2014-12-31": "", "2013-12-31": "", "2012-12-31": "", "2011-12-31": "", "2010-12-31": "", "2009-12-31": "", "2008-12-31": "", "2007-12-31": ""}, "Net Income": {"2019-12-31": "188.50000", "2018-12-31": "328.00000", "2017-12-31": "362.00000", "2016-12-31": "222.40000", "2015-12-31": "214.60000", "2014-12-31": "169.30000", "2013-12-31": "67.70000", "2012-12-31": "92.00000", "2011-12-31": "72.20000", "2010-12-31": "69.60000", "2009-12-31": "23.20000", "2008-12-31": "-216.20000", "2007-12-31": "-38.30000"}, "EBITDA": {"2019-12-31": "515.00010", "2018-12-31": "523.10010", "2017-12-31": "508.40000", "2016-12-31": "748.40000", "2015-12-31": "647.30000", "2014-12-31": "581.79990", "2013-12-31": "462.20010", "2012-12-31": "464.30010", "2011-12-31": "471.80000", "2010-12-31": "453.79990", "2009-12-31": "381.20000", "2008-12-31": "348.30010", "2007-12-31": "242.20000"}, "EBIT": {"2019-12-31": "314.10010", "2018-12-31": "340.10010", "2017-12-31": "326.50000", "2016-12-31": "499.00000", "2015-12-31": "427.30000", "2014-12-31": "377.70000", "2013-12-31": "256.70010", "2012-12-31": "267.00010", "2011-12-31": "281.90000", "2010-12-31": "268.79990", "2009-12-31": "195.30000", "2008-12-31": "-12.49990", "2007-12-31": "106.40000"}, "Basic Shares Outstanding": {"2019-12-31": "131.60000", "2018-12-31": "134.30000", "2017-12-31": "136.30000", "2016-12-31": "137.60000", "2015-12-31": "140.10000", "2014-12-31": "140.20000", "2013-12-31": "137.90000", "2012-12-31": "136.50000", "2011-12-31": "136.00000", "2010-12-31": "134.90000", "2009-12-31": "108.00000", "2008-12-31": "106.90000", "2007-12-31": "106.70000"}, "Shares Outstanding": {"2019-12-31": "132.90000", "2018-12-31": "135.70000", "2017-12-31": "138.00000", "2016-12-31": "139.10000", "2015-12-31": "142.30000", "2014-12-31": "141.80000", "2013-12-31": "140.80000", "2012-12-31": "139.00000", "2011-12-31": "137.80000", "2010-12-31": "135.90000", "2009-12-31": "108.10000", "2008-12-31": "106.90000", "2007-12-31": "106.70000"}, "Basic EPS": {"2019-12-31": "1.43000", "2018-12-31": "2.44000", "2017-12-31": "2.66000", "2016-12-31": "1.62000", "2015-12-31": "1.53000", "2014-12-31": "1.21000", "2013-12-31": "0.49000", "2012-12-31": "0.67000", "2011-12-31": "0.53000", "2010-12-31": "0.52000", "2009-12-31": "0.21000", "2008-12-31": "-2.02000", "2007-12-31": "-0.36000"}, "EPS - Earnings Per Share": {"2019-12-31": "1.42000", "2018-12-31": "2.42000", "2017-12-31": "2.62000", "2016-12-31": "1.60000", "2015-12-31": "1.51000", "2014-12-31": "1.19000", "2013-12-31": "0.48000", "2012-12-31": "0.66000", "2011-12-31": "0.52000", "2010-12-31": "0.51000", "2009-12-31": "0.21000", "2008-12-31": "-2.02000", "2007-12-31": "-0.36000"}}, "income statement, quarterly": {"Revenue": {"2020-09-30": "593.60000", "2020-06-30": "419.00000", "2020-03-31": "645.50000", "2019-12-31": "671.30000", "2019-09-30": "701.90000", "2019-06-30": "719.10000", "2019-03-31": "689.60000", "2018-12-31": "256.50000", "2018-09-30": "612.40000", "2018-06-30": "623.40000", "2018-03-31": "950.50000", "2017-12-31": "-328.79990", "2017-09-30": "843.00000", "2017-06-30": "858.00000", "2017-03-31": "866.60000", "2016-12-31": "813.70000", "2016-09-30": "789.60000", "2016-06-30": "788.50000", "2016-03-31": "758.30000", "2015-12-31": "733.20010", "2015-09-30": "666.70000", "2015-06-30": "658.30000", "2015-03-31": "632.40000", "2014-12-31": "658.50010", "2014-09-30": "589.10000", "2014-06-30": "585.60000", "2014-03-31": "583.80000", "2013-12-31": "540.60010", "2013-09-30": "533.70000", "2013-06-30": "541.40000", "2013-03-31": "557.60000", "2012-12-31": "493.70000", "2012-09-30": "474.90000", "2012-06-30": "487.90000", "2012-03-31": "506.90000", "2011-12-31": "479.80000", "2011-09-30": "449.10000", "2011-06-30": "472.70000", "2011-03-31": "484.70000", "2010-12-31": "448.90010", "2010-09-30": "445.30000", "2010-06-30": "470.00000", "2010-03-31": "458.40000", "2009-12-31": "423.80000", "2009-09-30": "430.10000", "2009-06-30": "439.10000", "2009-03-31": "442.50000", "2008-12-31": "396.20000", "2008-09-30": "444.60000", "2008-06-30": "468.50000", "2008-03-31": "462.10000"}, "Cost Of Goods Sold": {"2020-09-30": "329.70000", "2020-06-30": "235.10000", "2020-03-31": "394.60000", "2019-12-31": "394.89990", "2019-09-30": "410.90000", "2019-06-30": "417.40000", "2019-03-31": "393.90000", "2018-12-31": "125.60000", "2018-09-30": "330.70000", "2018-06-30": "330.20000", "2018-03-31": "535.00000", "2017-12-31": "-253.00010", "2017-09-30": "479.20000", "2017-06-30": "481.70000", "2017-03-31": "501.20000", "2016-12-31": "488.30000", "2016-09-30": "459.50000", "2016-06-30": "447.60000", "2016-03-31": "432.00000", "2015-12-31": "451.80000", "2015-09-30": "378.10000", "2015-06-30": "366.50000", "2015-03-31": "352.10000", "2014-12-31": "396.70010", "2014-09-30": "328.00000", "2014-06-30": "322.10000", "2014-03-31": "324.50000", "2013-12-31": "305.70000", "2013-09-30": "296.20000", "2013-06-30": "298.90000", "2013-03-31": "331.40000", "2012-12-31": "290.40000", "2012-09-30": "264.10000", "2012-06-30": "263.20000", "2012-03-31": "269.40000", "2011-12-31": "269.00000", "2011-09-30": "247.30000", "2011-06-30": "254.40000", "2011-03-31": "264.50000", "2010-12-31": "257.99990", "2010-09-30": "241.60000", "2010-06-30": "251.70000", "2010-03-31": "256.00000", "2009-12-31": "246.40010", "2009-09-30": "239.60000", "2009-06-30": "246.60000", "2009-03-31": "268.90000", "2008-12-31": "260.10000", "2008-09-30": "261.40000", "2008-06-30": "265.90000", "2008-03-31": "265.60000"}, "Gross Profit": {"2020-09-30": "263.90000", "2020-06-30": "183.90000", "2020-03-31": "250.90000", "2019-12-31": "276.40010", "2019-09-30": "291.00000", "2019-06-30": "301.70000", "2019-03-31": "295.70000", "2018-12-31": "130.90000", "2018-09-30": "281.70000", "2018-06-30": "293.20000", "2018-03-31": "415.50000", "2017-12-31": "-75.79990", "2017-09-30": "363.80000", "2017-06-30": "376.30000", "2017-03-31": "365.40000", "2016-12-31": "325.40000", "2016-09-30": "330.10000", "2016-06-30": "340.90000", "2016-03-31": "326.30000", "2015-12-31": "281.40010", "2015-09-30": "288.60000", "2015-06-30": "291.80000", "2015-03-31": "280.30000", "2014-12-31": "261.80000", "2014-09-30": "261.10000", "2014-06-30": "263.50000", "2014-03-31": "259.30000", "2013-12-31": "234.90010", "2013-09-30": "237.50000", "2013-06-30": "242.50000", "2013-03-31": "226.20000", "2012-12-31": "203.30000", "2012-09-30": "210.80000", "2012-06-30": "224.70000", "2012-03-31": "237.50000", "2011-12-31": "210.80000", "2011-09-30": "201.80000", "2011-06-30": "218.30000", "2011-03-31": "220.20000", "2010-12-31": "190.90010", "2010-09-30": "203.70000", "2010-06-30": "218.30000", "2010-03-31": "202.40000", "2009-12-31": "177.40000", "2009-09-30": "190.50000", "2009-06-30": "192.50000", "2009-03-31": "173.60000", "2008-12-31": "136.10000", "2008-09-30": "183.20000", "2008-06-30": "202.60000", "2008-03-31": "196.50000"}, "Research And Development Expenses": {"2020-09-30": "", "2020-06-30": "", "2020-03-31": "", "2019-12-31": "", "2019-09-30": "", "2019-06-30": "", "2019-03-31": "", "2018-12-31": "", "2018-09-30": "", "2018-06-30": "", "2018-03-31": "", "2017-12-31": "", "2017-09-30": "", "2017-06-30": "", "2017-03-31": "", "2016-12-31": "", "2016-09-30": "", "2016-06-30": "", "2016-03-31": "", "2015-12-31": "", "2015-09-30": "", "2015-06-30": "", "2015-03-31": "", "2014-12-31": "", "2014-09-30": "", "2014-06-30": "", "2014-03-31": "", "2013-12-31": "", "2013-09-30": "", "2013-06-30": "", "2013-03-31": "", "2012-12-31": "", "2012-09-30": "", "2012-06-30": "", "2012-03-31": "", "2011-12-31": "", "2011-09-30": "", "2011-06-30": "", "2011-03-31": "", "2010-12-31": "", "2010-09-30": "", "2010-06-30": "", "2010-03-31": "", "2009-12-31": "", "2009-09-30": "", "2009-06-30": "", "2009-03-31": "", "2008-12-31": "0.00000", "2008-09-30": "", "2008-06-30": "", "2008-03-31": ""}, "SG&A Expenses": {"2020-09-30": "131.00000", "2020-06-30": "112.30000", "2020-03-31": "162.40000", "2019-12-31": "164.70000", "2019-09-30": "158.90000", "2019-06-30": "163.20000", "2019-03-31": "175.20000", "2018-12-31": "116.80000", "2018-09-30": "154.70000", "2018-06-30": "149.90000", "2018-03-31": "187.40000", "2017-12-31": "64.00000", "2017-09-30": "155.70000", "2017-06-30": "154.60000", "2017-03-31": "157.40000", "2016-12-31": "148.80000", "2016-09-30": "146.30000", "2016-06-30": "146.90000", "2016-03-31": "141.10000", "2015-12-31": "128.50000", "2015-09-30": "128.50000", "2015-06-30": "123.50000", "2015-03-31": "121.50000", "2014-12-31": "113.80000", "2014-09-30": "116.50000", "2014-06-30": "114.30000", "2014-03-31": "126.80000", "2013-12-31": "156.70000", "2013-09-30": "120.30000", "2013-06-30": "112.20000", "2013-03-31": "100.80000", "2012-12-31": "99.20000", "2012-09-30": "102.30000", "2012-06-30": "103.50000", "2012-03-31": "114.10000", "2011-12-31": "106.90000", "2011-09-30": "80.40000", "2011-06-30": "99.40000", "2011-03-31": "102.70000", "2010-12-31": "99.00000", "2010-09-30": "90.40000", "2010-06-30": "90.80000", "2010-03-31": "95.00000", "2009-12-31": "92.00000", "2009-09-30": "101.40000", "2009-06-30": "87.10000", "2009-03-31": "85.80000", "2008-12-31": "98.50000", "2008-09-30": "92.70000", "2008-06-30": "96.60000", "2008-03-31": "95.90000"}, "Other Operating Income Or Expenses": {"2020-09-30": "", "2020-06-30": "", "2020-03-31": "", "2019-12-31": "", "2019-09-30": "", "2019-06-30": "", "2019-03-31": "", "2018-12-31": "", "2018-09-30": "", "2018-06-30": "", "2018-03-31": "", "2017-12-31": "", "2017-09-30": "", "2017-06-30": "", "2017-03-31": "", "2016-12-31": "", "2016-09-30": "", "2016-06-30": "", "2016-03-31": "", "2015-12-31": "", "2015-09-30": "", "2015-06-30": "", "2015-03-31": "", "2014-12-31": "", "2014-09-30": "", "2014-06-30": "", "2014-03-31": "", "2013-12-31": "", "2013-09-30": "", "2013-06-30": "", "2013-03-31": "", "2012-12-31": "", "2012-09-30": "", "2012-06-30": "", "2012-03-31": "", "2011-12-31": "", "2011-09-30": "", "2011-06-30": "", "2011-03-31": "", "2010-12-31": "", "2010-09-30": "", "2010-06-30": "", "2010-03-31": "", "2009-12-31": "", "2009-09-30": "", "2009-06-30": "", "2009-03-31": "", "2008-12-31": "", "2008-09-30": "", "2008-06-30": "", "2008-03-31": ""}, "Operating Expenses": {"2020-09-30": "507.20000", "2020-06-30": "423.70000", "2020-03-31": "604.70000", "2019-12-31": "609.69990", "2019-09-30": "616.20000", "2019-06-30": "628.50000", "2019-03-31": "613.40000", "2018-12-31": "261.00000", "2018-09-30": "526.80000", "2018-06-30": "522.20000", "2018-03-31": "792.70000", "2017-12-31": "-212.70010", "2017-09-30": "701.10000", "2017-06-30": "700.80000", "2017-03-31": "723.10000", "2016-12-31": "701.80000", "2016-09-30": "666.30000", "2016-06-30": "653.50000", "2016-03-31": "629.50000", "2015-12-31": "636.30000", "2015-09-30": "560.70000", "2015-06-30": "541.80000", "2015-03-31": "524.50000", "2014-12-31": "561.79990", "2014-09-30": "493.40000", "2014-06-30": "484.70000", "2014-03-31": "499.40000", "2013-12-31": "510.90000", "2013-09-30": "466.10000", "2013-06-30": "460.10000", "2013-03-31": "479.50000", "2012-12-31": "436.39990", "2012-09-30": "413.20000", "2012-06-30": "414.70000", "2012-03-31": "432.10000", "2011-12-31": "424.20000", "2011-09-30": "371.50000", "2011-06-30": "397.40000", "2011-03-31": "411.30000", "2010-12-31": "401.00010", "2010-09-30": "374.20000", "2010-06-30": "384.30000", "2010-03-31": "394.30000", "2009-12-31": "380.90000", "2009-09-30": "382.60000", "2009-06-30": "376.00000", "2009-03-31": "400.70000", "2008-12-31": "404.10000", "2008-09-30": "563.50000", "2008-06-30": "407.50000", "2008-03-31": "408.80000"}, "Operating Income": {"2020-09-30": "86.40000", "2020-06-30": "-4.70000", "2020-03-31": "40.80000", "2019-12-31": "61.60020", "2019-09-30": "85.70010", "2019-06-30": "90.60000", "2019-03-31": "76.20000", "2018-12-31": "-4.50000", "2018-09-30": "85.60000", "2018-06-30": "101.20000", "2018-03-31": "157.80000", "2017-12-31": "-116.09990", "2017-09-30": "141.90000", "2017-06-30": "157.20000", "2017-03-31": "143.50000", "2016-12-31": "111.90000", "2016-09-30": "123.30000", "2016-06-30": "135.00000", "2016-03-31": "128.80000", "2015-12-31": "96.90000", "2015-09-30": "106.00000", "2015-06-30": "116.50000", "2015-03-31": "107.90000", "2014-12-31": "96.70010", "2014-09-30": "95.70000", "2014-06-30": "100.90000", "2014-03-31": "84.40000", "2013-12-31": "29.70010", "2013-09-30": "67.60000", "2013-06-30": "81.30010", "2013-03-31": "78.10000", "2012-12-31": "57.30010", "2012-09-30": "61.70000", "2012-06-30": "73.20000", "2012-03-31": "74.80000", "2011-12-31": "55.60000", "2011-09-30": "77.60000", "2011-06-30": "75.30000", "2011-03-31": "73.40000", "2010-12-31": "47.89990", "2010-09-30": "71.10000", "2010-06-30": "85.70000", "2010-03-31": "64.10000", "2009-12-31": "42.90010", "2009-09-30": "47.50000", "2009-06-30": "63.10000", "2009-03-31": "41.80000", "2008-12-31": "-7.90000", "2008-09-30": "-118.90000", "2008-06-30": "61.00000", "2008-03-31": "53.30000"}, "Total Non-Operating Income/Expense": {"2020-09-30": "-28.40000", "2020-06-30": "-32.20000", "2020-03-31": "-36.00000", "2019-12-31": "-37.00000", "2019-09-30": "-38.10000", "2019-06-30": "-54.50000", "2019-03-31": "-54.40000", "2018-12-31": "-52.90000", "2018-09-30": "-46.00000", "2018-06-30": "-47.90000", "2018-03-31": "-41.40000", "2017-12-31": "-20.40000", "2017-09-30": "-41.40000", "2017-06-30": "-66.10000", "2017-03-31": "-40.20000", "2016-12-31": "-39.70000", "2016-09-30": "-37.10000", "2016-06-30": "-35.50000", "2016-03-31": "-31.40000", "2015-12-31": "-21.70000", "2015-09-30": "-24.10000", "2015-06-30": "-22.20000", "2015-03-31": "-18.80000", "2014-12-31": "-19.00000", "2014-09-30": "-19.80000", "2014-06-30": "-20.00000", "2014-03-31": "-53.90000", "2013-12-31": "-25.30000", "2013-09-30": "-25.20000", "2013-06-30": "-25.00000", "2013-03-31": "-32.00000", "2012-12-31": "-27.20000", "2012-09-30": "-28.70000", "2012-06-30": "-29.10000", "2012-03-31": "-30.40000", "2011-12-31": "-32.10000", "2011-09-30": "-30.70000", "2011-06-30": "-96.50000", "2011-03-31": "-32.60000", "2010-12-31": "-43.10000", "2010-09-30": "-34.40000", "2010-06-30": "-37.20000", "2010-03-31": "-57.30000", "2009-12-31": "-37.50000", "2009-09-30": "-34.50000", "2009-06-30": "-40.70000", "2009-03-31": "-48.30000", "2008-12-31": "-68.70000", "2008-09-30": "-56.20000", "2008-06-30": "-50.00000", "2008-03-31": "-60.20000"}, "Pre-Tax Income": {"2020-09-30": "58.00000", "2020-06-30": "-36.90000", "2020-03-31": "4.80000", "2019-12-31": "24.60000", "2019-09-30": "47.60000", "2019-06-30": "36.10000", "2019-03-31": "21.80000", "2018-12-31": "-57.40000", "2018-09-30": "39.60000", "2018-06-30": "53.30000", "2018-03-31": "116.40000", "2017-12-31": "-136.50000", "2017-09-30": "100.50000", "2017-06-30": "91.10000", "2017-03-31": "103.30000", "2016-12-31": "72.20000", "2016-09-30": "86.20000", "2016-06-30": "99.50000", "2016-03-31": "97.40000", "2015-12-31": "75.20000", "2015-09-30": "81.90000", "2015-06-30": "94.30000", "2015-03-31": "89.10000", "2014-12-31": "77.70000", "2014-09-30": "75.90000", "2014-06-30": "80.90000", "2014-03-31": "30.50000", "2013-12-31": "4.40000", "2013-09-30": "42.40000", "2013-06-30": "56.30000", "2013-03-31": "46.10000", "2012-12-31": "30.10000", "2012-09-30": "33.00000", "2012-06-30": "44.10000", "2012-03-31": "44.40000", "2011-12-31": "23.50000", "2011-09-30": "46.90000", "2011-06-30": "-21.20000", "2011-03-31": "40.80000", "2010-12-31": "4.80000", "2010-09-30": "36.70000", "2010-06-30": "48.50000", "2010-03-31": "6.80000", "2009-12-31": "5.40000", "2009-09-30": "13.00000", "2009-06-30": "22.40000", "2009-03-31": "-6.50000", "2008-12-31": "-76.60000", "2008-09-30": "-175.10000", "2008-06-30": "11.00000", "2008-03-31": "-6.90000"}, "Income Taxes": {"2020-09-30": "10.90000", "2020-06-30": "-4.60000", "2020-03-31": "2.00000", "2019-12-31": "9.30000", "2019-09-30": "13.20000", "2019-06-30": "8.70000", "2019-03-31": "6.50000", "2018-12-31": "-16.70000", "2018-09-30": "8.70000", "2018-06-30": "15.90000", "2018-03-31": "26.40000", "2017-12-31": "-121.30000", "2017-09-30": "37.70000", "2017-06-30": "33.90000", "2017-03-31": "34.10000", "2016-12-31": "26.70000", "2016-09-30": "31.80000", "2016-06-30": "37.70000", "2016-03-31": "36.70000", "2015-12-31": "26.90000", "2015-09-30": "29.60000", "2015-06-30": "34.80000", "2015-03-31": "34.60000", "2014-12-31": "27.40000", "2014-09-30": "28.40000", "2014-06-30": "30.10000", "2014-03-31": "9.80000", "2013-12-31": "22.00000", "2013-09-30": "19.60000", "2013-06-30": "22.90000", "2013-03-31": "17.00000", "2012-12-31": "7.20000", "2012-09-30": "13.80000", "2012-06-30": "20.20000", "2012-03-31": "18.40000", "2011-12-31": "9.00000", "2011-09-30": "14.70000", "2011-06-30": "-6.90000", "2011-03-31": "1.00000", "2010-12-31": "-2.50000", "2010-09-30": "11.10000", "2010-06-30": "19.90000", "2010-03-31": "-1.30000", "2009-12-31": "0.10000", "2009-09-30": "4.40000", "2009-06-30": "9.60000", "2009-03-31": "-3.00000", "2008-12-31": "-27.30000", "2008-09-30": "-5.20000", "2008-06-30": "4.80000", "2008-03-31": "-3.70000"}, "Income After Taxes": {"2020-09-30": "47.10000", "2020-06-30": "-32.30000", "2020-03-31": "2.80000", "2019-12-31": "15.30000", "2019-09-30": "34.40000", "2019-06-30": "27.40000", "2019-03-31": "15.30000", "2018-12-31": "-40.70000", "2018-09-30": "30.90000", "2018-06-30": "37.40000", "2018-03-31": "90.00000", "2017-12-31": "-15.20000", "2017-09-30": "62.80000", "2017-06-30": "57.20000", "2017-03-31": "69.20000", "2016-12-31": "45.50000", "2016-09-30": "54.40000", "2016-06-30": "61.80000", "2016-03-31": "60.70000", "2015-12-31": "48.30000", "2015-09-30": "52.30000", "2015-06-30": "59.50000", "2015-03-31": "54.50000", "2014-12-31": "50.30000", "2014-09-30": "47.50000", "2014-06-30": "50.80000", "2014-03-31": "20.70000", "2013-12-31": "-17.60000", "2013-09-30": "22.80000", "2013-06-30": "33.40000", "2013-03-31": "29.10000", "2012-12-31": "22.90000", "2012-09-30": "19.20000", "2012-06-30": "23.90000", "2012-03-31": "26.00000", "2011-12-31": "14.50000", "2011-09-30": "32.20000", "2011-06-30": "-14.30000", "2011-03-31": "39.80000", "2010-12-31": "7.30000", "2010-09-30": "25.60000", "2010-06-30": "28.60000", "2010-03-31": "8.10000", "2009-12-31": "5.30000", "2009-09-30": "8.60000", "2009-06-30": "12.80000", "2009-03-31": "-3.50000", "2008-12-31": "-49.30000", "2008-09-30": "-169.90000", "2008-06-30": "6.20000", "2008-03-31": "-3.20000"}, "Other Income": {"2020-09-30": "", "2020-06-30": "", "2020-03-31": "", "2019-12-31": "", "2019-09-30": "", "2019-06-30": "", "2019-03-31": "", "2018-12-31": "", "2018-09-30": "", "2018-06-30": "", "2018-03-31": "", "2017-12-31": "", "2017-09-30": "", "2017-06-30": "", "2017-03-31": "", "2016-12-31": "", "2016-09-30": "", "2016-06-30": "", "2016-03-31": "", "2015-12-31": "", "2015-09-30": "", "2015-06-30": "", "2015-03-31": "", "2014-12-31": "", "2014-09-30": "", "2014-06-30": "", "2014-03-31": "", "2013-12-31": "", "2013-09-30": "", "2013-06-30": "", "2013-03-31": "", "2012-12-31": "", "2012-09-30": "", "2012-06-30": "", "2012-03-31": "", "2011-12-31": "", "2011-09-30": "", "2011-06-30": "", "2011-03-31": "", "2010-12-31": "", "2010-09-30": "", "2010-06-30": "", "2010-03-31": "", "2009-12-31": "", "2009-09-30": "", "2009-06-30": "", "2009-03-31": "", "2008-12-31": "0.00000", "2008-09-30": "", "2008-06-30": "", "2008-03-31": ""}, "Income From Continuous Operations": {"2020-09-30": "47.10000", "2020-06-30": "-32.30000", "2020-03-31": "2.80000", "2019-12-31": "15.30000", "2019-09-30": "34.40000", "2019-06-30": "27.40000", "2019-03-31": "15.30000", "2018-12-31": "-40.70000", "2018-09-30": "30.90000", "2018-06-30": "37.40000", "2018-03-31": "90.00000", "2017-12-31": "-15.20000", "2017-09-30": "62.80000", "2017-06-30": "57.20000", "2017-03-31": "69.20000", "2016-12-31": "45.50000", "2016-09-30": "54.40000", "2016-06-30": "61.80000", "2016-03-31": "60.70000", "2015-12-31": "48.30000", "2015-09-30": "52.30000", "2015-06-30": "59.50000", "2015-03-31": "54.50000", "2014-12-31": "50.30000", "2014-09-30": "47.50000", "2014-06-30": "50.80000", "2014-03-31": "20.70000", "2013-12-31": "-17.60000", "2013-09-30": "22.80000", "2013-06-30": "33.40000", "2013-03-31": "29.10000", "2012-12-31": "22.90000", "2012-09-30": "19.20000", "2012-06-30": "23.90000", "2012-03-31": "26.00000", "2011-12-31": "14.50000", "2011-09-30": "32.20000", "2011-06-30": "-14.30000", "2011-03-31": "39.80000", "2010-12-31": "7.30000", "2010-09-30": "25.60000", "2010-06-30": "28.60000", "2010-03-31": "8.10000", "2009-12-31": "5.30000", "2009-09-30": "8.60000", "2009-06-30": "12.80000", "2009-03-31": "-3.50000", "2008-12-31": "-49.30000", "2008-09-30": "-169.90000", "2008-06-30": "6.20000", "2008-03-31": "-3.20000"}, "Income From Discontinued Operations": {"2020-09-30": "", "2020-06-30": "0.00000", "2020-03-31": "0.00000", "2019-12-31": "4.50000", "2019-09-30": "0.90000", "2019-06-30": "28.20000", "2019-03-31": "62.50000", "2018-12-31": "108.00000", "2018-09-30": "46.60000", "2018-06-30": "55.80000", "2018-03-31": "", "2017-12-31": "", "2017-09-30": "", "2017-06-30": "", "2017-03-31": "", "2016-12-31": "", "2016-09-30": "", "2016-06-30": "", "2016-03-31": "", "2015-12-31": "", "2015-09-30": "", "2015-06-30": "", "2015-03-31": "", "2014-12-31": "", "2014-09-30": "", "2014-06-30": "", "2014-03-31": "", "2013-12-31": "", "2013-09-30": "", "2013-06-30": "", "2013-03-31": "", "2012-12-31": "", "2012-09-30": "", "2012-06-30": "", "2012-03-31": "", "2011-12-31": "", "2011-09-30": "", "2011-06-30": "", "2011-03-31": "", "2010-12-31": "", "2010-09-30": "", "2010-06-30": "", "2010-03-31": "", "2009-12-31": "", "2009-09-30": "", "2009-06-30": "", "2009-03-31": "", "2008-12-31": "0.00000", "2008-09-30": "", "2008-06-30": "", "2008-03-31": ""}, "Net Income": {"2020-09-30": "30.00000", "2020-06-30": "-34.40000", "2020-03-31": "2.80000", "2019-12-31": "19.80000", "2019-09-30": "35.30000", "2019-06-30": "55.60000", "2019-03-31": "77.80000", "2018-12-31": "67.30000", "2018-09-30": "77.50000", "2018-06-30": "93.20000", "2018-03-31": "90.00000", "2017-12-31": "172.80000", "2017-09-30": "62.80000", "2017-06-30": "57.20000", "2017-03-31": "69.20000", "2016-12-31": "45.50000", "2016-09-30": "54.40000", "2016-06-30": "61.80000", "2016-03-31": "60.70000", "2015-12-31": "48.30000", "2015-09-30": "52.30000", "2015-06-30": "59.50000", "2015-03-31": "54.50000", "2014-12-31": "50.30000", "2014-09-30": "47.50000", "2014-06-30": "50.80000", "2014-03-31": "20.70000", "2013-12-31": "-17.60000", "2013-09-30": "22.80000", "2013-06-30": "33.40000", "2013-03-31": "29.10000", "2012-12-31": "22.90000", "2012-09-30": "19.20000", "2012-06-30": "23.90000", "2012-03-31": "26.00000", "2011-12-31": "14.50000", "2011-09-30": "32.20000", "2011-06-30": "-14.30000", "2011-03-31": "39.80000", "2010-12-31": "7.30000", "2010-09-30": "25.60000", "2010-06-30": "28.60000", "2010-03-31": "8.10000", "2009-12-31": "5.30000", "2009-09-30": "8.60000", "2009-06-30": "12.80000", "2009-03-31": "-3.50000", "2008-12-31": "-49.30000", "2008-09-30": "-169.90000", "2008-06-30": "6.20000", "2008-03-31": "-3.20000"}, "EBITDA": {"2020-09-30": "165.70000", "2020-06-30": "44.70000", "2020-03-31": "91.20000", "2019-12-31": "114.30010", "2019-09-30": "134.60010", "2019-06-30": "143.00000", "2019-03-31": "123.10000", "2018-12-31": "40.70000", "2018-09-30": "129.70000", "2018-06-30": "121.90000", "2018-03-31": "230.80000", "2017-12-31": "-137.19990", "2017-09-30": "210.80000", "2017-06-30": "224.30000", "2017-03-31": "210.50000", "2016-12-31": "178.90000", "2016-09-30": "186.10000", "2016-06-30": "196.20000", "2016-03-31": "187.20000", "2015-12-31": "154.80000", "2015-09-30": "162.00000", "2015-06-30": "170.00000", "2015-03-31": "160.50000", "2014-12-31": "149.60010", "2014-09-30": "146.20000", "2014-06-30": "150.70000", "2014-03-31": "135.30000", "2013-12-31": "81.30010", "2013-09-30": "120.40000", "2013-06-30": "133.00010", "2013-03-31": "127.50000", "2012-12-31": "106.00010", "2012-09-30": "110.20000", "2012-06-30": "122.90000", "2012-03-31": "125.20000", "2011-12-31": "105.70000", "2011-09-30": "123.40000", "2011-06-30": "121.80000", "2011-03-31": "120.90000", "2010-12-31": "95.29990", "2010-09-30": "116.70000", "2010-06-30": "130.90000", "2010-03-31": "110.90000", "2009-12-31": "88.90010", "2009-09-30": "92.30000", "2009-06-30": "108.80000", "2009-03-31": "91.20000", "2008-12-31": "41.00000", "2008-09-30": "93.90000", "2008-06-30": "109.40000", "2008-03-31": "104.00000"}, "EBIT": {"2020-09-30": "86.40000", "2020-06-30": "-4.70000", "2020-03-31": "40.80000", "2019-12-31": "61.60000", "2019-09-30": "85.70010", "2019-06-30": "90.60000", "2019-03-31": "76.20000", "2018-12-31": "-4.50000", "2018-09-30": "85.60000", "2018-06-30": "101.20000", "2018-03-31": "157.80000", "2017-12-31": "-116.09990", "2017-09-30": "141.90000", "2017-06-30": "157.20000", "2017-03-31": "143.50000", "2016-12-31": "111.90000", "2016-09-30": "123.30000", "2016-06-30": "135.00000", "2016-03-31": "128.80000", "2015-12-31": "96.90000", "2015-09-30": "106.00000", "2015-06-30": "116.50000", "2015-03-31": "107.90000", "2014-12-31": "96.70000", "2014-09-30": "95.70000", "2014-06-30": "100.90000", "2014-03-31": "84.40000", "2013-12-31": "29.70010", "2013-09-30": "67.60000", "2013-06-30": "81.30010", "2013-03-31": "78.10000", "2012-12-31": "57.30020", "2012-09-30": "61.70000", "2012-06-30": "73.20000", "2012-03-31": "74.80000", "2011-12-31": "55.60000", "2011-09-30": "77.60000", "2011-06-30": "75.30000", "2011-03-31": "73.40000", "2010-12-31": "47.89990", "2010-09-30": "71.10000", "2010-06-30": "85.70000", "2010-03-31": "64.10000", "2009-12-31": "42.90010", "2009-09-30": "47.50000", "2009-06-30": "63.10000", "2009-03-31": "41.80000", "2008-12-31": "-7.90000", "2008-09-30": "-118.90000", "2008-06-30": "61.00000", "2008-03-31": "53.30000"}, "Basic Shares Outstanding": {"2020-09-30": "129.30000", "2020-06-30": "129.30000", "2020-03-31": "129.00000", "2019-12-31": "131.60000", "2019-09-30": "131.20000", "2019-06-30": "133.40000", "2019-03-31": "133.10000", "2018-12-31": "134.30000", "2018-09-30": "134.50000", "2018-06-30": "134.60000", "2018-03-31": "134.60000", "2017-12-31": "136.30000", "2017-09-30": "136.40000", "2017-06-30": "137.20000", "2017-03-31": "136.80000", "2016-12-31": "137.60000", "2016-09-30": "138.00000", "2016-06-30": "137.60000", "2016-03-31": "137.20000", "2015-12-31": "140.10000", "2015-09-30": "139.60000", "2015-06-30": "141.80000", "2015-03-31": "141.40000", "2014-12-31": "140.20000", "2014-09-30": "140.60000", "2014-06-30": "140.00000", "2014-03-31": "139.30000", "2013-12-31": "137.90000", "2013-09-30": "138.30000", "2013-06-30": "137.50000", "2013-03-31": "136.80000", "2012-12-31": "136.50000", "2012-09-30": "136.50000", "2012-06-30": "136.40000", "2012-03-31": "136.30000", "2011-12-31": "136.00000", "2011-09-30": "136.30000", "2011-06-30": "136.00000", "2011-03-31": "135.60000", "2010-12-31": "134.90000", "2010-09-30": "135.00000", "2010-06-30": "134.60000", "2010-03-31": "134.50000", "2009-12-31": "108.00000", "2009-09-30": "106.90000", "2009-06-30": "106.90000", "2009-03-31": "106.90000", "2008-12-31": "107.17400", "2008-09-30": "", "2008-06-30": "", "2008-03-31": ""}, "Shares Outstanding": {"2020-09-30": "130.00000", "2020-06-30": "129.30000", "2020-03-31": "130.00000", "2019-12-31": "132.90000", "2019-09-30": "132.40000", "2019-06-30": "134.10000", "2019-03-31": "133.80000", "2018-12-31": "135.70000", "2018-09-30": "135.60000", "2018-06-30": "135.60000", "2018-03-31": "135.80000", "2017-12-31": "138.00000", "2017-09-30": "137.70000", "2017-06-30": "138.40000", "2017-03-31": "138.30000", "2016-12-31": "139.10000", "2016-09-30": "139.70000", "2016-06-30": "139.30000", "2016-03-31": "139.00000", "2015-12-31": "142.30000", "2015-09-30": "141.80000", "2015-06-30": "144.10000", "2015-03-31": "143.90000", "2014-12-31": "141.80000", "2014-09-30": "142.30000", "2014-06-30": "141.80000", "2014-03-31": "140.90000", "2013-12-31": "140.80000", "2013-09-30": "141.30000", "2013-06-30": "140.50000", "2013-03-31": "139.90000", "2012-12-31": "139.00000", "2012-09-30": "139.20000", "2012-06-30": "138.90000", "2012-03-31": "138.50000", "2011-12-31": "137.80000", "2011-09-30": "138.10000", "2011-06-30": "136.00000", "2011-03-31": "137.10000", "2010-12-31": "135.90000", "2010-09-30": "136.00000", "2010-06-30": "136.10000", "2010-03-31": "136.00000", "2009-12-31": "108.10000", "2009-09-30": "106.90000", "2009-06-30": "106.90000", "2009-03-31": "106.90000", "2008-12-31": "107.17400", "2008-09-30": "", "2008-06-30": "", "2008-03-31": ""}, "Basic EPS": {"2020-09-30": "0.23000", "2020-06-30": "-0.27000", "2020-03-31": "0.02000", "2019-12-31": "0.16000", "2019-09-30": "0.27000", "2019-06-30": "0.42000", "2019-03-31": "0.58000", "2018-12-31": "0.50000", "2018-09-30": "0.58000", "2018-06-30": "0.69000", "2018-03-31": "0.67000", "2017-12-31": "1.27000", "2017-09-30": "0.46000", "2017-06-30": "0.42000", "2017-03-31": "0.51000", "2016-12-31": "0.34000", "2016-09-30": "0.39000", "2016-06-30": "0.45000", "2016-03-31": "0.44000", "2015-12-31": "0.35000", "2015-09-30": "0.37000", "2015-06-30": "0.42000", "2015-03-31": "0.39000", "2014-12-31": "0.36000", "2014-09-30": "0.34000", "2014-06-30": "0.36000", "2014-03-31": "0.15000", "2013-12-31": "-0.12000", "2013-09-30": "0.16000", "2013-06-30": "0.24000", "2013-03-31": "0.21000", "2012-12-31": "0.16000", "2012-09-30": "0.14000", "2012-06-30": "0.18000", "2012-03-31": "0.19000", "2011-12-31": "0.11000", "2011-09-30": "0.24000", "2011-06-30": "-0.11000", "2011-03-31": "0.29000", "2010-12-31": "0.06000", "2010-09-30": "0.19000", "2010-06-30": "0.21000", "2010-03-31": "0.06000", "2009-12-31": "0.04000", "2009-09-30": "0.08000", "2009-06-30": "0.12000", "2009-03-31": "-0.03000", "2008-12-31": "-0.46000", "2008-09-30": "", "2008-06-30": "", "2008-03-31": ""}, "EPS - Earnings Per Share": {"2020-09-30": "0.23000", "2020-06-30": "-0.27000", "2020-03-31": "0.02000", "2019-12-31": "0.16000", "2019-09-30": "0.27000", "2019-06-30": "0.41000", "2019-03-31": "0.58000", "2018-12-31": "0.50000", "2018-09-30": "0.57000", "2018-06-30": "0.69000", "2018-03-31": "0.66000", "2017-12-31": "1.25000", "2017-09-30": "0.46000", "2017-06-30": "0.41000", "2017-03-31": "0.50000", "2016-12-31": "0.33000", "2016-09-30": "0.39000", "2016-06-30": "0.44000", "2016-03-31": "0.44000", "2015-12-31": "0.35000", "2015-09-30": "0.37000", "2015-06-30": "0.41000", "2015-03-31": "0.38000", "2014-12-31": "0.35000", "2014-09-30": "0.33000", "2014-06-30": "0.36000", "2014-03-31": "0.15000", "2013-12-31": "-0.13000", "2013-09-30": "0.16000", "2013-06-30": "0.24000", "2013-03-31": "0.21000", "2012-12-31": "0.16000", "2012-09-30": "0.14000", "2012-06-30": "0.17000", "2012-03-31": "0.19000", "2011-12-31": "0.11000", "2011-09-30": "0.23000", "2011-06-30": "-0.11000", "2011-03-31": "0.29000", "2010-12-31": "0.05000", "2010-09-30": "0.19000", "2010-06-30": "0.21000", "2010-03-31": "0.06000", "2009-12-31": "0.04000", "2009-09-30": "0.08000", "2009-06-30": "0.12000", "2009-03-31": "-0.03000", "2008-12-31": "-0.46000", "2008-09-30": "0.00000", "2008-06-30": "0.00000", "2008-03-31": "0.00000"}}, "balance sheet": {"Cash On Hand": {"2019-12-31": "560.90000", "2018-12-31": "304.70000", "2017-12-31": "336.60000", "2016-12-31": "219.70000", "2015-12-31": "171.20000", "2014-12-31": "169.90000", "2013-12-31": "210.40000", "2012-12-31": "120.60000", "2011-12-31": "105.60000", "2010-12-31": "127.70000", "2009-12-31": "373.20000", "2008-12-31": "174.30000", "2007-12-31": "221.00000"}, "Receivables": {"2019-12-31": "457.50000", "2018-12-31": "454.60000", "2017-12-31": "725.50000", "2016-12-31": "682.90000", "2015-12-31": "511.90000", "2014-12-31": "401.20000", "2013-12-31": "354.30000", "2012-12-31": "342.40000", "2011-12-31": "297.40000", "2010-12-31": "271.90000", "2009-12-31": "340.20000", "2008-12-31": "329.10000", "2007-12-31": "349.80000"}, "Inventory": {"2019-12-31": "", "2018-12-31": "", "2017-12-31": "", "2016-12-31": "", "2015-12-31": "", "2014-12-31": "", "2013-12-31": "", "2012-12-31": "", "2011-12-31": "", "2010-12-31": "", "2009-12-31": "", "2008-12-31": "", "2007-12-31": ""}, "Pre-Paid Expenses": {"2019-12-31": "", "2018-12-31": "", "2017-12-31": "", "2016-12-31": "", "2015-12-31": "", "2014-12-31": "", "2013-12-31": "", "2012-12-31": "", "2011-12-31": "", "2010-12-31": "", "2009-12-31": "", "2008-12-31": "", "2007-12-31": ""}, "Other Current Assets": {"2019-12-31": "125.90000", "2018-12-31": "100.60000", "2017-12-31": "175.70000", "2016-12-31": "158.40000", "2015-12-31": "131.00000", "2014-12-31": "99.70000", "2013-12-31": "91.00000", "2012-12-31": "86.80000", "2011-12-31": "58.50000", "2010-12-31": "52.40000", "2009-12-31": "40.90000", "2008-12-31": "47.20000", "2007-12-31": "54.80000"}, "Total Current Assets": {"2019-12-31": "3244.50000", "2018-12-31": "3314.20000", "2017-12-31": "3137.40000", "2016-12-31": "2841.20000", "2015-12-31": "2446.10000", "2014-12-31": "2074.90000", "2013-12-31": "1791.50000", "2012-12-31": "1581.40000", "2011-12-31": "1373.20000", "2010-12-31": "1254.70000", "2009-12-31": "941.90000", "2008-12-31": "752.70000", "2007-12-31": "901.80000"}, "Property, Plant, And Equipment": {"2019-12-31": "609.00000", "2018-12-31": "631.00000", "2017-12-31": "908.20000", "2016-12-31": "842.50000", "2015-12-31": "766.90000", "2014-12-31": "727.90000", "2013-12-31": "703.80000", "2012-12-31": "700.70000", "2011-12-31": "686.70000", "2010-12-31": "680.50000", "2009-12-31": "683.20000", "2008-12-31": "721.70000", "2007-12-31": "773.20000"}, "Long-Term Investments": {"2019-12-31": "", "2018-12-31": "", "2017-12-31": "", "2016-12-31": "", "2015-12-31": "", "2014-12-31": "", "2013-12-31": "", "2012-12-31": "", "2011-12-31": "", "2010-12-31": "", "2009-12-31": "", "2008-12-31": "", "2007-12-31": ""}, "Goodwill And Intangible Assets": {"2019-12-31": "2328.10000", "2018-12-31": "2176.70000", "2017-12-31": "2917.90000", "2016-12-31": "2838.10000", "2015-12-31": "2524.40000", "2014-12-31": "2495.80000", "2013-12-31": "2582.10000", "2012-12-31": "2603.70000", "2011-12-31": "2679.40000", "2010-12-31": "2536.50000", "2009-12-31": "2548.20000", "2008-12-31": "2595.20000", "2007-12-31": "2713.40000"}, "Other Long-Term Assets": {"2019-12-31": "35.50000", "2018-12-31": "31.00000", "2017-12-31": "20.80000", "2016-12-31": "35.80000", "2015-12-31": "34.10000", "2014-12-31": "36.20000", "2013-12-31": "11.90000", "2012-12-31": "11.60000", "2011-12-31": "11.20000", "2010-12-31": "11.90000", "2009-12-31": "16.40000", "2008-12-31": "18.60000", "2007-12-31": "60.80000"}, "Total Long-Term Assets": {"2019-12-31": "3336.70000", "2018-12-31": "3892.00000", "2017-12-31": "3846.90000", "2016-12-31": "3716.40000", "2015-12-31": "3325.40000", "2014-12-31": "3276.60000", "2013-12-31": "3335.70000", "2012-12-31": "3340.90000", "2011-12-31": "3405.90000", "2010-12-31": "3270.30000", "2009-12-31": "3309.40000", "2008-12-31": "3404.90000", "2007-12-31": "3629.00000"}, "Total Assets": {"2019-12-31": "6581.20000", "2018-12-31": "7206.20000", "2017-12-31": "6984.30000", "2016-12-31": "6557.60000", "2015-12-31": "5771.50000", "2014-12-31": "5351.50000", "2013-12-31": "5127.20000", "2012-12-31": "4922.30000", "2011-12-31": "4779.10000", "2010-12-31": "4525.00000", "2009-12-31": "4251.30000", "2008-12-31": "4157.60000", "2007-12-31": "4530.80000"}, "Total Current Liabilities": {"2019-12-31": "2517.70000", "2018-12-31": "2624.80000", "2017-12-31": "2389.20000", "2016-12-31": "2335.00000", "2015-12-31": "2213.90000", "2014-12-31": "1590.60000", "2013-12-31": "1434.60000", "2012-12-31": "1286.90000", "2011-12-31": "1196.20000", "2010-12-31": "966.80000", "2009-12-31": "642.40000", "2008-12-31": "448.40000", "2007-12-31": "459.70000"}, "Long Term Debt": {"2019-12-31": "1861.30000", "2018-12-31": "2654.30000", "2017-12-31": "2667.70000", "2016-12-31": "2365.10000", "2015-12-31": "1711.20000", "2014-12-31": "1736.60000", "2013-12-31": "1734.70000", "2012-12-31": "1774.60000", "2011-12-31": "1816.90000", "2010-12-31": "1875.70000", "2009-12-31": "2047.30000", "2008-12-31": "2522.90000", "2007-12-31": "2601.10000"}, "Other Non-Current Liabilities": {"2019-12-31": "59.20000", "2018-12-31": "71.60000", "2017-12-31": "249.80000", "2016-12-31": "168.50000", "2015-12-31": "159.50000", "2014-12-31": "143.80000", "2013-12-31": "121.30000", "2012-12-31": "98.50000", "2011-12-31": "98.90000", "2010-12-31": "111.60000", "2009-12-31": "91.90000", "2008-12-31": "99.80000", "2007-12-31": "78.30000"}, "Total Long Term Liabilities": {"2019-12-31": "2413.30000", "2018-12-31": "3117.20000", "2017-12-31": "3110.20000", "2016-12-31": "2825.30000", "2015-12-31": "2171.50000", "2014-12-31": "2213.80000", "2013-12-31": "2210.80000", "2012-12-31": "2191.70000", "2011-12-31": "2239.70000", "2010-12-31": "2313.60000", "2009-12-31": "2467.40000", "2008-12-31": "2958.50000", "2007-12-31": "3057.50000"}, "Total Liabilities": {"2019-12-31": "4931.00000", "2018-12-31": "5742.00000", "2017-12-31": "5499.40000", "2016-12-31": "5160.30000", "2015-12-31": "4385.40000", "2014-12-31": "3804.40000", "2013-12-31": "3645.40000", "2012-12-31": "3478.60000", "2011-12-31": "3435.90000", "2010-12-31": "3280.40000", "2009-12-31": "3109.80000", "2008-12-31": "3406.90000", "2007-12-31": "3517.20000"}, "Common Stock Net": {"2019-12-31": "1.30000", "2018-12-31": "1.30000", "2017-12-31": "1.30000", "2016-12-31": "1.40000", "2015-12-31": "1.40000", "2014-12-31": "1.40000", "2013-12-31": "1.40000", "2012-12-31": "1.40000", "2011-12-31": "1.40000", "2010-12-31": "1.40000", "2009-12-31": "1.40000", "2008-12-31": "1.10000", "2007-12-31": "0.10000"}, "Retained Earnings (Accumulated Deficit)": {"2019-12-31": "651.00000", "2018-12-31": "392.30000", "2017-12-31": "257.00000", "2016-12-31": "74.10000", "2015-12-31": "17.30000", "2014-12-31": "-46.40000", "2013-12-31": "-72.30000", "2012-12-31": "-26.70000", "2011-12-31": "-92.70000", "2010-12-31": "-164.90000", "2009-12-31": "-234.50000", "2008-12-31": "-257.70000", "2007-12-31": "-41.50000"}, "Comprehensive Income": {"2019-12-31": "-31.00000", "2018-12-31": "-61.30000", "2017-12-31": "-25.20000", "2016-12-31": "-49.30000", "2015-12-31": "-40.20000", "2014-12-31": "-1.60000", "2013-12-31": "18.70000", "2012-12-31": "35.10000", "2011-12-31": "28.10000", "2010-12-31": "26.50000", "2009-12-31": "19.40000", "2008-12-31": "-21.50000", "2007-12-31": "27.10000"}, "Other Share Holders Equity": {"2019-12-31": "", "2018-12-31": "", "2017-12-31": "", "2016-12-31": "", "2015-12-31": "", "2014-12-31": "", "2013-12-31": "", "2012-12-31": "", "2011-12-31": "", "2010-12-31": "", "2009-12-31": "", "2008-12-31": "", "2007-12-31": ""}, "Share Holder Equity": {"2019-12-31": "1650.20000", "2018-12-31": "1464.20000", "2017-12-31": "1484.90000", "2016-12-31": "1397.30000", "2015-12-31": "1386.10000", "2014-12-31": "1547.10000", "2013-12-31": "1481.80000", "2012-12-31": "1443.70000", "2011-12-31": "1343.20000", "2010-12-31": "1244.60000", "2009-12-31": "1141.50000", "2008-12-31": "750.70000", "2007-12-31": "1013.60000"}, "Total Liabilities And Share Holders Equity": {"2019-12-31": "6581.20000", "2018-12-31": "7206.20000", "2017-12-31": "6984.30000", "2016-12-31": "6557.60000", "2015-12-31": "5771.50000", "2014-12-31": "5351.50000", "2013-12-31": "5127.20000", "2012-12-31": "4922.30000", "2011-12-31": "4779.10000", "2010-12-31": "4525.00000", "2009-12-31": "4251.30000", "2008-12-31": "4157.60000", "2007-12-31": "4530.80000"}}, "balance sheet, quarterly": {"Cash On Hand": {"2020-09-30": "1331.40000", "2020-06-30": "1018.50000", "2020-03-31": "407.50000", "2019-12-31": "560.90000", "2019-09-30": "531.90000", "2019-06-30": "256.70000", "2019-03-31": "289.90000", "2018-12-31": "304.70000", "2018-09-30": "477.70000", "2018-06-30": "390.50000", "2018-03-31": "351.40000", "2017-12-31": "336.60000", "2017-09-30": "450.70000", "2017-06-30": "548.70000", "2017-03-31": "206.40000", "2016-12-31": "219.70000", "2016-09-30": "338.50000", "2016-06-30": "329.70000", "2016-03-31": "691.20000", "2015-12-31": "171.20000", "2015-09-30": "140.30000", "2015-06-30": "221.20000", "2015-03-31": "192.60000", "2014-12-31": "169.90000", "2014-09-30": "231.10000", "2014-06-30": "301.30000", "2014-03-31": "266.10000", "2013-12-31": "210.40000", "2013-09-30": "205.10000", "2013-06-30": "176.80000", "2013-03-31": "330.30000", "2012-12-31": "120.60000", "2012-09-30": "171.40000", "2012-06-30": "126.40000", "2012-03-31": "132.30000", "2011-12-31": "105.60000", "2011-09-30": "210.30000", "2011-06-30": "207.10000", "2011-03-31": "248.10000", "2010-12-31": "127.70000", "2010-09-30": "385.90000", "2010-06-30": "297.70000", "2010-03-31": "238.10000", "2009-12-31": "373.20000", "2009-09-30": "389.60000", "2009-06-30": "277.90000", "2009-03-31": "209.30000", "2008-12-31": "174.30000", "2008-09-30": "211.80000", "2008-06-30": "159.70000", "2008-03-31": "193.50000"}, "Receivables": {"2020-09-30": "494.10000", "2020-06-30": "582.30000", "2020-03-31": "244.10000", "2019-12-31": "457.50000", "2019-09-30": "510.20000", "2019-06-30": "592.80000", "2019-03-31": "962.50000", "2018-12-31": "454.60000", "2018-09-30": "851.20000", "2018-06-30": "840.10000", "2018-03-31": "963.60000", "2017-12-31": "725.50000", "2017-09-30": "761.90000", "2017-06-30": "711.00000", "2017-03-31": "773.00000", "2016-12-31": "682.90000", "2016-09-30": "681.80000", "2016-06-30": "721.40000", "2016-03-31": "662.90000", "2015-12-31": "511.90000", "2015-09-30": "562.00000", "2015-06-30": "533.20000", "2015-03-31": "525.30000", "2014-12-31": "401.20000", "2014-09-30": "450.50000", "2014-06-30": "402.60000", "2014-03-31": "457.40000", "2013-12-31": "354.30000", "2013-09-30": "385.40000", "2013-06-30": "396.40000", "2013-03-31": "468.00000", "2012-12-31": "342.40000", "2012-09-30": "385.30000", "2012-06-30": "358.40000", "2012-03-31": "391.20000", "2011-12-31": "297.40000", "2011-09-30": "318.00000", "2011-06-30": "339.30000", "2011-03-31": "405.00000", "2010-12-31": "271.90000", "2010-09-30": "356.00000", "2010-06-30": "346.10000", "2010-03-31": "382.20000", "2009-12-31": "340.20000", "2009-09-30": "396.30000", "2009-06-30": "381.80000", "2009-03-31": "419.20000", "2008-12-31": "329.10000", "2008-09-30": "551.50000", "2008-06-30": "601.60000", "2008-03-31": "616.80000"}, "Inventory": {"2020-09-30": "", "2020-06-30": "", "2020-03-31": "", "2019-12-31": "", "2019-09-30": "", "2019-06-30": "", "2019-03-31": "", "2018-12-31": "", "2018-09-30": "", "2018-06-30": "", "2018-03-31": "", "2017-12-31": "", "2017-09-30": "", "2017-06-30": "", "2017-03-31": "", "2016-12-31": "", "2016-09-30": "", "2016-06-30": "", "2016-03-31": "", "2015-12-31": "", "2015-09-30": "", "2015-06-30": "", "2015-03-31": "", "2014-12-31": "", "2014-09-30": "", "2014-06-30": "", "2014-03-31": "", "2013-12-31": "", "2013-09-30": "", "2013-06-30": "", "2013-03-31": "", "2012-12-31": "", "2012-09-30": "", "2012-06-30": "", "2012-03-31": "", "2011-12-31": "", "2011-09-30": "", "2011-06-30": "", "2011-03-31": "", "2010-12-31": "", "2010-09-30": "", "2010-06-30": "", "2010-03-31": "", "2009-12-31": "", "2009-09-30": "", "2009-06-30": "", "2009-03-31": "", "2008-12-31": "", "2008-09-30": "", "2008-06-30": "", "2008-03-31": ""}, "Pre-Paid Expenses": {"2020-09-30": "", "2020-06-30": "", "2020-03-31": "", "2019-12-31": "", "2019-09-30": "", "2019-06-30": "", "2019-03-31": "", "2018-12-31": "", "2018-09-30": "", "2018-06-30": "", "2018-03-31": "", "2017-12-31": "", "2017-09-30": "", "2017-06-30": "", "2017-03-31": "", "2016-12-31": "", "2016-09-30": "", "2016-06-30": "", "2016-03-31": "", "2015-12-31": "", "2015-09-30": "", "2015-06-30": "", "2015-03-31": "", "2014-12-31": "", "2014-09-30": "", "2014-06-30": "", "2014-03-31": "", "2013-12-31": "", "2013-09-30": "", "2013-06-30": "", "2013-03-31": "", "2012-12-31": "", "2012-09-30": "", "2012-06-30": "", "2012-03-31": "", "2011-12-31": "", "2011-09-30": "", "2011-06-30": "", "2011-03-31": "", "2010-12-31": "", "2010-09-30": "", "2010-06-30": "", "2010-03-31": "", "2009-12-31": "", "2009-09-30": "", "2009-06-30": "", "2009-03-31": "", "2008-12-31": "", "2008-09-30": "", "2008-06-30": "", "2008-03-31": ""}, "Other Current Assets": {"2020-09-30": "126.30000", "2020-06-30": "124.00000", "2020-03-31": "131.50000", "2019-12-31": "125.90000", "2019-09-30": "120.00000", "2019-06-30": "143.80000", "2019-03-31": "233.00000", "2018-12-31": "100.60000", "2018-09-30": "176.80000", "2018-06-30": "185.60000", "2018-03-31": "176.20000", "2017-12-31": "175.70000", "2017-09-30": "165.10000", "2017-06-30": "152.40000", "2017-03-31": "159.80000", "2016-12-31": "158.40000", "2016-09-30": "138.40000", "2016-06-30": "131.50000", "2016-03-31": "129.60000", "2015-12-31": "131.00000", "2015-09-30": "120.20000", "2015-06-30": "117.40000", "2015-03-31": "110.80000", "2014-12-31": "99.70000", "2014-09-30": "87.80000", "2014-06-30": "91.70000", "2014-03-31": "94.50000", "2013-12-31": "91.00000", "2013-09-30": "91.00000", "2013-06-30": "88.60000", "2013-03-31": "85.60000", "2012-12-31": "86.80000", "2012-09-30": "62.90000", "2012-06-30": "66.10000", "2012-03-31": "56.50000", "2011-12-31": "58.50000", "2011-09-30": "48.40000", "2011-06-30": "46.30000", "2011-03-31": "48.60000", "2010-12-31": "52.40000", "2010-09-30": "41.00000", "2010-06-30": "46.40000", "2010-03-31": "52.80000", "2009-12-31": "40.90000", "2009-09-30": "44.20000", "2009-06-30": "43.50000", "2009-03-31": "46.40000", "2008-12-31": "47.20000", "2008-09-30": "140.50000", "2008-06-30": "152.60000", "2008-03-31": "163.50000"}, "Total Current Assets": {"2020-09-30": "3674.60000", "2020-06-30": "3251.10000", "2020-03-31": "2712.90000", "2019-12-31": "3244.50000", "2019-09-30": "3257.70000", "2019-06-30": "3048.90000", "2019-03-31": "3460.20000", "2018-12-31": "3314.20000", "2018-09-30": "3471.60000", "2018-06-30": "3361.30000", "2018-03-31": "3411.10000", "2017-12-31": "3137.40000", "2017-09-30": "3174.10000", "2017-06-30": "3136.10000", "2017-03-31": "2887.60000", "2016-12-31": "2841.20000", "2016-09-30": "2934.30000", "2016-06-30": "2911.70000", "2016-03-31": "3179.90000", "2015-12-31": "2446.10000", "2015-09-30": "2384.30000", "2015-06-30": "2381.20000", "2015-03-31": "2217.20000", "2014-12-31": "2074.90000", "2014-09-30": "2082.90000", "2014-06-30": "1994.10000", "2014-03-31": "1954.10000", "2013-12-31": "1791.50000", "2013-09-30": "1782.70000", "2013-06-30": "1756.80000", "2013-03-31": "1914.70000", "2012-12-31": "1581.40000", "2012-09-30": "1587.70000", "2012-06-30": "1514.90000", "2012-03-31": "1476.00000", "2011-12-31": "1373.20000", "2011-09-30": "1410.10000", "2011-06-30": "1412.70000", "2011-03-31": "1479.70000", "2010-12-31": "1254.70000", "2010-09-30": "1530.30000", "2010-06-30": "1416.90000", "2010-03-31": "1351.10000", "2009-12-31": "941.90000", "2009-09-30": "1014.90000", "2009-06-30": "878.40000", "2009-03-31": "843.50000", "2008-12-31": "752.70000", "2008-09-30": "903.80000", "2008-06-30": "913.90000", "2008-03-31": "973.80000"}, "Property, Plant, And Equipment": {"2020-09-30": "585.20000", "2020-06-30": "583.70000", "2020-03-31": "594.00000", "2019-12-31": "609.00000", "2019-09-30": "603.10000", "2019-06-30": "595.00000", "2019-03-31": "828.30000", "2018-12-31": "631.00000", "2018-09-30": "912.00000", "2018-06-30": "904.50000", "2018-03-31": "909.60000", "2017-12-31": "908.20000", "2017-09-30": "870.50000", "2017-06-30": "841.30000", "2017-03-31": "837.50000", "2016-12-31": "842.50000", "2016-09-30": "827.70000", "2016-06-30": "808.30000", "2016-03-31": "770.60000", "2015-12-31": "766.90000", "2015-09-30": "747.10000", "2015-06-30": "750.30000", "2015-03-31": "728.40000", "2014-12-31": "727.90000", "2014-09-30": "715.10000", "2014-06-30": "716.50000", "2014-03-31": "693.60000", "2013-12-31": "703.80000", "2013-09-30": "699.20000", "2013-06-30": "692.00000", "2013-03-31": "695.00000", "2012-12-31": "700.70000", "2012-09-30": "688.80000", "2012-06-30": "684.20000", "2012-03-31": "684.00000", "2011-12-31": "686.70000", "2011-09-30": "676.30000", "2011-06-30": "681.80000", "2011-03-31": "679.20000", "2010-12-31": "680.50000", "2010-09-30": "666.70000", "2010-06-30": "666.30000", "2010-03-31": "679.10000", "2009-12-31": "683.20000", "2009-09-30": "682.70000", "2009-06-30": "712.20000", "2009-03-31": "707.30000", "2008-12-31": "721.70000", "2008-09-30": "833.60000", "2008-06-30": "883.20000", "2008-03-31": "863.70000"}, "Long-Term Investments": {"2020-09-30": "", "2020-06-30": "", "2020-03-31": "", "2019-12-31": "", "2019-09-30": "", "2019-06-30": "", "2019-03-31": "", "2018-12-31": "", "2018-09-30": "", "2018-06-30": "", "2018-03-31": "", "2017-12-31": "", "2017-09-30": "", "2017-06-30": "", "2017-03-31": "", "2016-12-31": "", "2016-09-30": "", "2016-06-30": "", "2016-03-31": "", "2015-12-31": "", "2015-09-30": "", "2015-06-30": "", "2015-03-31": "", "2014-12-31": "", "2014-09-30": "", "2014-06-30": "", "2014-03-31": "", "2013-12-31": "", "2013-09-30": "", "2013-06-30": "", "2013-03-31": "", "2012-12-31": "", "2012-09-30": "", "2012-06-30": "", "2012-03-31": "", "2011-12-31": "", "2011-09-30": "", "2011-06-30": "", "2011-03-31": "", "2010-12-31": "", "2010-09-30": "", "2010-06-30": "", "2010-03-31": "", "2009-12-31": "", "2009-09-30": "", "2009-06-30": "", "2009-03-31": "", "2008-12-31": "", "2008-09-30": "", "2008-06-30": "", "2008-03-31": ""}, "Goodwill And Intangible Assets": {"2020-09-30": "2251.20000", "2020-06-30": "2261.10000", "2020-03-31": "2300.40000", "2019-12-31": "2328.10000", "2019-09-30": "2324.20000", "2019-06-30": "2336.50000", "2019-03-31": "3052.10000", "2018-12-31": "2176.70000", "2018-09-30": "2878.90000", "2018-06-30": "2889.40000", "2018-03-31": "2909.20000", "2017-12-31": "2917.90000", "2017-09-30": "2818.40000", "2017-06-30": "2837.80000", "2017-03-31": "2814.20000", "2016-12-31": "2838.10000", "2016-09-30": "2787.60000", "2016-06-30": "2813.20000", "2016-03-31": "2505.70000", "2015-12-31": "2524.40000", "2015-09-30": "2538.20000", "2015-06-30": "2564.50000", "2015-03-31": "2480.20000", "2014-12-31": "2495.80000", "2014-09-30": "2517.60000", "2014-06-30": "2541.30000", "2014-03-31": "2557.20000", "2013-12-31": "2582.10000", "2013-09-30": "2589.10000", "2013-06-30": "2608.50000", "2013-03-31": "2583.00000", "2012-12-31": "2603.70000", "2012-09-30": "2617.40000", "2012-06-30": "2635.00000", "2012-03-31": "2657.80000", "2011-12-31": "2679.40000", "2011-09-30": "2483.10000", "2011-06-30": "2511.20000", "2011-03-31": "2526.50000", "2010-12-31": "2536.50000", "2010-09-30": "2494.90000", "2010-06-30": "2509.30000", "2010-03-31": "2533.90000", "2009-12-31": "2548.20000", "2009-09-30": "2560.70000", "2009-06-30": "2567.90000", "2009-03-31": "2574.10000", "2008-12-31": "2595.20000", "2008-09-30": "2610.90000", "2008-06-30": "2783.30000", "2008-03-31": "2797.10000"}, "Other Long-Term Assets": {"2020-09-30": "44.00000", "2020-06-30": "45.00000", "2020-03-31": "33.70000", "2019-12-31": "35.50000", "2019-09-30": "28.30000", "2019-06-30": "26.90000", "2019-03-31": "41.00000", "2018-12-31": "31.00000", "2018-09-30": "38.10000", "2018-06-30": "38.90000", "2018-03-31": "36.30000", "2017-12-31": "20.80000", "2017-09-30": "42.60000", "2017-06-30": "41.50000", "2017-03-31": "40.90000", "2016-12-31": "35.80000", "2016-09-30": "36.80000", "2016-06-30": "35.20000", "2016-03-31": "33.90000", "2015-12-31": "34.10000", "2015-09-30": "34.70000", "2015-06-30": "35.00000", "2015-03-31": "35.60000", "2014-12-31": "36.20000", "2014-09-30": "37.00000", "2014-06-30": "7.60000", "2014-03-31": "9.20000", "2013-12-31": "11.90000", "2013-09-30": "9.90000", "2013-06-30": "15.60000", "2013-03-31": "8.40000", "2012-12-31": "11.60000", "2012-09-30": "8.70000", "2012-06-30": "9.40000", "2012-03-31": "9.90000", "2011-12-31": "11.20000", "2011-09-30": "11.60000", "2011-06-30": "11.70000", "2011-03-31": "11.30000", "2010-12-31": "11.90000", "2010-09-30": "12.20000", "2010-06-30": "12.90000", "2010-03-31": "13.70000", "2009-12-31": "16.40000", "2009-09-30": "16.40000", "2009-06-30": "17.90000", "2009-03-31": "17.60000", "2008-12-31": "18.60000", "2008-09-30": "56.80000", "2008-06-30": "64.30000", "2008-03-31": "60.20000"}, "Total Long-Term Assets": {"2020-09-30": "3235.30000", "2020-06-30": "3242.90000", "2020-03-31": "3286.80000", "2019-12-31": "3336.70000", "2019-09-30": "3322.00000", "2019-06-30": "3328.90000", "2019-03-31": "4863.90000", "2018-12-31": "3892.00000", "2018-09-30": "3829.00000", "2018-06-30": "3832.80000", "2018-03-31": "3855.10000", "2017-12-31": "3846.90000", "2017-09-30": "3731.50000", "2017-06-30": "3720.60000", "2017-03-31": "3692.60000", "2016-12-31": "3716.40000", "2016-09-30": "3652.10000", "2016-06-30": "3656.70000", "2016-03-31": "3310.20000", "2015-12-31": "3325.40000", "2015-09-30": "3342.20000", "2015-06-30": "3374.00000", "2015-03-31": "3259.20000", "2014-12-31": "3276.60000", "2014-09-30": "3287.50000", "2014-06-30": "3284.80000", "2014-03-31": "3280.90000", "2013-12-31": "3335.70000", "2013-09-30": "3339.30000", "2013-06-30": "3360.30000", "2013-03-31": "3325.20000", "2012-12-31": "3340.90000", "2012-09-30": "3338.30000", "2012-06-30": "3353.70000", "2012-03-31": "3378.60000", "2011-12-31": "3405.90000", "2011-09-30": "3201.50000", "2011-06-30": "3236.40000", "2011-03-31": "3254.90000", "2010-12-31": "3270.30000", "2010-09-30": "3218.80000", "2010-06-30": "3236.80000", "2010-03-31": "3278.40000", "2009-12-31": "3309.40000", "2009-09-30": "3319.60000", "2009-06-30": "3360.90000", "2009-03-31": "3365.00000", "2008-12-31": "3404.90000", "2008-09-30": "3573.90000", "2008-06-30": "3806.80000", "2008-03-31": "3799.70000"}, "Total Assets": {"2020-09-30": "6909.90000", "2020-06-30": "6494.00000", "2020-03-31": "5999.70000", "2019-12-31": "6581.20000", "2019-09-30": "6579.70000", "2019-06-30": "6377.80000", "2019-03-31": "8324.10000", "2018-12-31": "7206.20000", "2018-09-30": "7300.60000", "2018-06-30": "7194.10000", "2018-03-31": "7266.20000", "2017-12-31": "6984.30000", "2017-09-30": "6905.60000", "2017-06-30": "6856.70000", "2017-03-31": "6580.20000", "2016-12-31": "6557.60000", "2016-09-30": "6586.40000", "2016-06-30": "6568.40000", "2016-03-31": "6490.10000", "2015-12-31": "5771.50000", "2015-09-30": "5726.50000", "2015-06-30": "5755.20000", "2015-03-31": "5476.40000", "2014-12-31": "5351.50000", "2014-09-30": "5370.40000", "2014-06-30": "5278.90000", "2014-03-31": "5235.00000", "2013-12-31": "5127.20000", "2013-09-30": "5122.00000", "2013-06-30": "5117.10000", "2013-03-31": "5239.90000", "2012-12-31": "4922.30000", "2012-09-30": "4926.00000", "2012-06-30": "4868.60000", "2012-03-31": "4854.60000", "2011-12-31": "4779.10000", "2011-09-30": "4611.60000", "2011-06-30": "4649.10000", "2011-03-31": "4734.60000", "2010-12-31": "4525.00000", "2010-09-30": "4749.10000", "2010-06-30": "4653.70000", "2010-03-31": "4629.50000", "2009-12-31": "4251.30000", "2009-09-30": "4334.50000", "2009-06-30": "4239.30000", "2009-03-31": "4208.50000", "2008-12-31": "4157.60000", "2008-09-30": "4345.00000", "2008-06-30": "4608.50000", "2008-03-31": "4683.50000"}, "Total Current Liabilities": {"2020-09-30": "2354.50000", "2020-06-30": "2009.30000", "2020-03-31": "2018.80000", "2019-12-31": "2517.70000", "2019-09-30": "2516.20000", "2019-06-30": "2668.40000", "2019-03-31": "2945.60000", "2018-12-31": "2624.80000", "2018-09-30": "2624.90000", "2018-06-30": "2564.20000", "2018-03-31": "2627.90000", "2017-12-31": "2389.20000", "2017-09-30": "2347.60000", "2017-06-30": "2262.90000", "2017-03-31": "2333.60000", "2016-12-31": "2335.00000", "2016-09-30": "2283.90000", "2016-06-30": "2275.70000", "2016-03-31": "2229.90000", "2015-12-31": "2213.90000", "2015-09-30": "2147.60000", "2015-06-30": "1975.80000", "2015-03-31": "1720.10000", "2014-12-31": "1590.60000", "2014-09-30": "1631.60000", "2014-06-30": "1544.60000", "2014-03-31": "1550.90000", "2013-12-31": "1434.60000", "2013-09-30": "1419.60000", "2013-06-30": "1449.90000", "2013-03-31": "1599.40000", "2012-12-31": "1286.90000", "2012-09-30": "1268.30000", "2012-06-30": "1240.00000", "2012-03-31": "1238.60000", "2011-12-31": "1196.20000", "2011-09-30": "1079.50000", "2011-06-30": "1126.10000", "2011-03-31": "1133.80000", "2010-12-31": "966.80000", "2010-09-30": "1071.50000", "2010-06-30": "1025.40000", "2010-03-31": "1031.20000", "2009-12-31": "642.40000", "2009-09-30": "567.60000", "2009-06-30": "490.40000", "2009-03-31": "507.60000", "2008-12-31": "448.40000", "2008-09-30": "537.50000", "2008-06-30": "572.80000", "2008-03-31": "635.60000"}, "Long Term Debt": {"2020-09-30": "1854.80000", "2020-06-30": "1856.90000", "2020-03-31": "1860.10000", "2019-12-31": "1861.30000", "2019-09-30": "1863.00000", "2019-06-30": "1390.80000", "2019-03-31": "2650.90000", "2018-12-31": "2654.30000", "2018-09-30": "2657.60000", "2018-06-30": "2660.90000", "2018-03-31": "2664.30000", "2017-12-31": "2667.70000", "2017-09-30": "2671.00000", "2017-06-30": "2675.20000", "2017-03-31": "2360.50000", "2016-12-31": "2365.10000", "2016-09-30": "2371.80000", "2016-06-30": "2378.30000", "2016-03-31": "2385.50000", "2015-12-31": "1711.20000", "2015-09-30": "1723.60000", "2015-06-30": "1727.90000", "2015-03-31": "1732.20000", "2014-12-31": "1736.60000", "2014-09-30": "1740.90000", "2014-06-30": "1745.20000", "2014-03-31": "1749.50000", "2013-12-31": "1734.70000", "2013-09-30": "1770.30000", "2013-06-30": "1773.10000", "2013-03-31": "1774.90000", "2012-12-31": "1774.60000", "2012-09-30": "1805.20000", "2012-06-30": "1809.10000", "2012-03-31": "1813.00000", "2011-12-31": "1816.90000", "2011-09-30": "1820.80000", "2011-06-30": "1824.70000", "2011-03-31": "1875.70000", "2010-12-31": "1875.70000", "2010-09-30": "2019.00000", "2010-06-30": "2019.00000", "2010-03-31": "2019.00000", "2009-12-31": "2047.30000", "2009-09-30": "2522.90000", "2009-06-30": "2522.90000", "2009-03-31": "2522.90000", "2008-12-31": "2522.90000", "2008-09-30": "2561.00000", "2008-06-30": "2593.20000", "2008-03-31": "2597.10000"}, "Other Non-Current Liabilities": {"2020-09-30": "79.90000", "2020-06-30": "82.00000", "2020-03-31": "79.00000", "2019-12-31": "59.20000", "2019-09-30": "73.20000", "2019-06-30": "70.20000", "2019-03-31": "112.20000", "2018-12-31": "71.60000", "2018-09-30": "267.00000", "2018-06-30": "264.50000", "2018-03-31": "259.40000", "2017-12-31": "249.80000", "2017-09-30": "188.10000", "2017-06-30": "162.10000", "2017-03-31": "167.00000", "2016-12-31": "168.50000", "2016-09-30": "163.50000", "2016-06-30": "160.90000", "2016-03-31": "153.10000", "2015-12-31": "159.50000", "2015-09-30": "156.10000", "2015-06-30": "150.90000", "2015-03-31": "141.90000", "2014-12-31": "143.80000", "2014-09-30": "137.80000", "2014-06-30": "133.80000", "2014-03-31": "116.00000", "2013-12-31": "121.30000", "2013-09-30": "105.20000", "2013-06-30": "99.10000", "2013-03-31": "100.90000", "2012-12-31": "98.50000", "2012-09-30": "101.00000", "2012-06-30": "99.70000", "2012-03-31": "100.10000", "2011-12-31": "98.90000", "2011-09-30": "80.10000", "2011-06-30": "71.70000", "2011-03-31": "97.10000", "2010-12-31": "111.60000", "2010-09-30": "112.00000", "2010-06-30": "109.70000", "2010-03-31": "97.50000", "2009-12-31": "91.90000", "2009-09-30": "114.00000", "2009-06-30": "129.40000", "2009-03-31": "117.60000", "2008-12-31": "99.80000", "2008-09-30": "59.30000", "2008-06-30": "65.30000", "2008-03-31": "93.00000"}, "Total Long Term Liabilities": {"2020-09-30": "2948.40000", "2020-06-30": "2930.20000", "2020-03-31": "2409.10000", "2019-12-31": "2413.30000", "2019-09-30": "2427.70000", "2019-06-30": "1956.80000", "2019-03-31": "3876.00000", "2018-12-31": "3117.20000", "2018-09-30": "3114.20000", "2018-06-30": "3117.40000", "2018-03-31": "3118.20000", "2017-12-31": "3110.20000", "2017-09-30": "3155.30000", "2017-06-30": "3132.00000", "2017-03-31": "2816.20000", "2016-12-31": "2825.30000", "2016-09-30": "2824.70000", "2016-06-30": "2833.40000", "2016-03-31": "2836.50000", "2015-12-31": "2171.50000", "2015-09-30": "2201.90000", "2015-06-30": "2207.40000", "2015-03-31": "2206.20000", "2014-12-31": "2213.80000", "2014-09-30": "2204.00000", "2014-06-30": "2212.20000", "2014-03-31": "2200.20000", "2013-12-31": "2210.80000", "2013-09-30": "2218.50000", "2013-06-30": "2207.60000", "2013-03-31": "2195.70000", "2012-12-31": "2191.70000", "2012-09-30": "2212.30000", "2012-06-30": "2220.30000", "2012-03-31": "2232.80000", "2011-12-31": "2239.70000", "2011-09-30": "2219.20000", "2011-06-30": "2207.60000", "2011-03-31": "2297.90000", "2010-12-31": "2313.60000", "2010-09-30": "2458.80000", "2010-06-30": "2452.30000", "2010-03-31": "2438.70000", "2009-12-31": "2467.40000", "2009-09-30": "2965.90000", "2009-06-30": "2982.50000", "2009-03-31": "2968.00000", "2008-12-31": "2958.50000", "2008-09-30": "2974.10000", "2008-06-30": "3025.90000", "2008-03-31": "3054.10000"}, "Total Liabilities": {"2020-09-30": "5302.90000", "2020-06-30": "4939.50000", "2020-03-31": "4427.90000", "2019-12-31": "4931.00000", "2019-09-30": "4943.90000", "2019-06-30": "4625.20000", "2019-03-31": "6821.60000", "2018-12-31": "5742.00000", "2018-09-30": "5739.10000", "2018-06-30": "5681.60000", "2018-03-31": "5746.10000", "2017-12-31": "5499.40000", "2017-09-30": "5502.90000", "2017-06-30": "5394.90000", "2017-03-31": "5149.80000", "2016-12-31": "5160.30000", "2016-09-30": "5108.60000", "2016-06-30": "5109.10000", "2016-03-31": "5066.40000", "2015-12-31": "4385.40000", "2015-09-30": "4349.50000", "2015-06-30": "4183.20000", "2015-03-31": "3926.30000", "2014-12-31": "3804.40000", "2014-09-30": "3835.60000", "2014-06-30": "3756.80000", "2014-03-31": "3751.10000", "2013-12-31": "3645.40000", "2013-09-30": "3638.10000", "2013-06-30": "3657.50000", "2013-03-31": "3795.10000", "2012-12-31": "3478.60000", "2012-09-30": "3480.60000", "2012-06-30": "3460.30000", "2012-03-31": "3471.40000", "2011-12-31": "3435.90000", "2011-09-30": "3298.70000", "2011-06-30": "3333.70000", "2011-03-31": "3431.70000", "2010-12-31": "3280.40000", "2010-09-30": "3530.30000", "2010-06-30": "3477.70000", "2010-03-31": "3469.90000", "2009-12-31": "3109.80000", "2009-09-30": "3533.50000", "2009-06-30": "3472.90000", "2009-03-31": "3475.60000", "2008-12-31": "3406.90000", "2008-09-30": "3511.60000", "2008-06-30": "3598.70000", "2008-03-31": "3689.70000"}, "Common Stock Net": {"2020-09-30": "1.30000", "2020-06-30": "1.30000", "2020-03-31": "1.30000", "2019-12-31": "1.30000", "2019-09-30": "1.30000", "2019-06-30": "1.30000", "2019-03-31": "1.30000", "2018-12-31": "1.30000", "2018-09-30": "1.30000", "2018-06-30": "1.30000", "2018-03-31": "1.30000", "2017-12-31": "1.30000", "2017-09-30": "1.40000", "2017-06-30": "1.40000", "2017-03-31": "1.40000", "2016-12-31": "1.40000", "2016-09-30": "1.40000", "2016-06-30": "1.40000", "2016-03-31": "1.40000", "2015-12-31": "1.40000", "2015-09-30": "1.40000", "2015-06-30": "1.40000", "2015-03-31": "1.40000", "2014-12-31": "1.40000", "2014-09-30": "1.40000", "2014-06-30": "1.40000", "2014-03-31": "1.40000", "2013-12-31": "1.40000", "2013-09-30": "1.40000", "2013-06-30": "1.40000", "2013-03-31": "1.40000", "2012-12-31": "1.40000", "2012-09-30": "1.40000", "2012-06-30": "1.40000", "2012-03-31": "1.40000", "2011-12-31": "1.40000", "2011-09-30": "1.40000", "2011-06-30": "1.40000", "2011-03-31": "1.40000", "2010-12-31": "1.40000", "2010-09-30": "1.40000", "2010-06-30": "1.40000", "2010-03-31": "1.40000", "2009-12-31": "1.40000", "2009-09-30": "0.10000", "2009-06-30": "0.10000", "2009-03-31": "0.10000", "2008-12-31": "1.10000", "2008-09-30": "0.10000", "2008-06-30": "0.10000", "2008-03-31": "0.10000"}, "Retained Earnings (Accumulated Deficit)": {"2020-09-30": "627.80000", "2020-06-30": "592.50000", "2020-03-31": "624.80000", "2019-12-31": "651.00000", "2019-09-30": "655.70000", "2019-06-30": "644.90000", "2019-03-31": "422.90000", "2018-12-31": "392.30000", "2018-09-30": "371.50000", "2018-06-30": "341.10000", "2018-03-31": "295.00000", "2017-12-31": "257.00000", "2017-09-30": "131.30000", "2017-06-30": "111.80000", "2017-03-31": "98.60000", "2016-12-31": "74.10000", "2016-09-30": "74.20000", "2016-06-30": "59.90000", "2016-03-31": "38.10000", "2015-12-31": "17.30000", "2015-09-30": "6.20000", "2015-06-30": "-9.00000", "2015-03-31": "-30.20000", "2014-12-31": "-46.40000", "2014-09-30": "-58.50000", "2014-06-30": "-70.80000", "2014-03-31": "-86.50000", "2013-12-31": "-72.30000", "2013-09-30": "-19.90000", "2013-06-30": "-16.40000", "2013-03-31": "-23.60000", "2012-12-31": "-26.70000", "2012-09-30": "-23.60000", "2012-06-30": "-42.80000", "2012-03-31": "-66.70000", "2011-12-31": "-92.70000", "2011-09-30": "-107.20000", "2011-06-30": "-139.40000", "2011-03-31": "-125.10000", "2010-12-31": "-164.90000", "2010-09-30": "-172.20000", "2010-06-30": "-197.80000", "2010-03-31": "-226.40000", "2009-12-31": "-234.50000", "2009-09-30": "-239.80000", "2009-06-30": "-248.40000", "2009-03-31": "-261.20000", "2008-12-31": "-257.70000", "2008-09-30": "-208.40000", "2008-06-30": "-38.50000", "2008-03-31": "-44.70000"}, "Comprehensive Income": {"2020-09-30": "-59.90000", "2020-06-30": "-73.50000", "2020-03-31": "-85.90000", "2019-12-31": "-31.00000", "2019-09-30": "-45.20000", "2019-06-30": "-34.40000", "2019-03-31": "-53.20000", "2018-12-31": "-61.30000", "2018-09-30": "-37.20000", "2018-06-30": "-43.50000", "2018-03-31": "-32.10000", "2017-12-31": "-25.20000", "2017-09-30": "-22.90000", "2017-06-30": "-35.60000", "2017-03-31": "-45.90000", "2016-12-31": "-49.30000", "2016-09-30": "-40.60000", "2016-06-30": "-35.90000", "2016-03-31": "-31.50000", "2015-12-31": "-40.20000", "2015-09-30": "-31.00000", "2015-06-30": "-16.80000", "2015-03-31": "-19.90000", "2014-12-31": "-1.60000", "2014-09-30": "7.30000", "2014-06-30": "18.10000", "2014-03-31": "10.20000", "2013-12-31": "18.70000", "2013-09-30": "25.60000", "2013-06-30": "20.90000", "2013-03-31": "29.20000", "2012-12-31": "35.10000", "2012-09-30": "37.50000", "2012-06-30": "28.80000", "2012-03-31": "33.50000", "2011-12-31": "28.10000", "2011-09-30": "20.40000", "2011-06-30": "47.10000", "2011-03-31": "36.20000", "2010-12-31": "26.50000", "2010-09-30": "16.10000", "2010-06-30": "8.70000", "2010-03-31": "22.40000", "2009-12-31": "19.40000", "2009-09-30": "14.00000", "2009-06-30": "-3.30000", "2009-03-31": "-24.00000", "2008-12-31": "-21.50000", "2008-09-30": "", "2008-06-30": "", "2008-03-31": ""}, "Other Share Holders Equity": {"2020-09-30": "", "2020-06-30": "", "2020-03-31": "", "2019-12-31": "", "2019-09-30": "", "2019-06-30": "", "2019-03-31": "", "2018-12-31": "", "2018-09-30": "", "2018-06-30": "", "2018-03-31": "", "2017-12-31": "", "2017-09-30": "", "2017-06-30": "", "2017-03-31": "", "2016-12-31": "", "2016-09-30": "", "2016-06-30": "", "2016-03-31": "", "2015-12-31": "", "2015-09-30": "", "2015-06-30": "", "2015-03-31": "", "2014-12-31": "", "2014-09-30": "", "2014-06-30": "", "2014-03-31": "", "2013-12-31": "", "2013-09-30": "", "2013-06-30": "", "2013-03-31": "", "2012-12-31": "", "2012-09-30": "", "2012-06-30": "", "2012-03-31": "", "2011-12-31": "", "2011-09-30": "", "2011-06-30": "", "2011-03-31": "", "2010-12-31": "", "2010-09-30": "", "2010-06-30": "", "2010-03-31": "", "2009-12-31": "", "2009-09-30": "", "2009-06-30": "", "2009-03-31": "", "2008-12-31": "", "2008-09-30": "12.30000", "2008-06-30": "19.30000", "2008-03-31": "10.00000"}, "Share Holder Equity": {"2020-09-30": "1607.00000", "2020-06-30": "1554.50000", "2020-03-31": "1571.80000", "2019-12-31": "1650.20000", "2019-09-30": "1635.80000", "2019-06-30": "1752.60000", "2019-03-31": "1502.50000", "2018-12-31": "1464.20000", "2018-09-30": "1561.50000", "2018-06-30": "1512.50000", "2018-03-31": "1520.10000", "2017-12-31": "1484.90000", "2017-09-30": "1402.70000", "2017-06-30": "1461.80000", "2017-03-31": "1430.40000", "2016-12-31": "1397.30000", "2016-09-30": "1477.80000", "2016-06-30": "1459.30000", "2016-03-31": "1423.70000", "2015-12-31": "1386.10000", "2015-09-30": "1377.00000", "2015-06-30": "1572.00000", "2015-03-31": "1550.10000", "2014-12-31": "1547.10000", "2014-09-30": "1534.80000", "2014-06-30": "1522.10000", "2014-03-31": "1483.90000", "2013-12-31": "1481.80000", "2013-09-30": "1483.90000", "2013-06-30": "1459.60000", "2013-03-31": "1444.80000", "2012-12-31": "1443.70000", "2012-09-30": "1445.40000", "2012-06-30": "1408.30000", "2012-03-31": "1383.20000", "2011-12-31": "1343.20000", "2011-09-30": "1312.90000", "2011-06-30": "1315.40000", "2011-03-31": "1302.90000", "2010-12-31": "1244.60000", "2010-09-30": "1218.80000", "2010-06-30": "1176.00000", "2010-03-31": "1159.60000", "2009-12-31": "1141.50000", "2009-09-30": "801.00000", "2009-06-30": "766.40000", "2009-03-31": "732.90000", "2008-12-31": "750.70000", "2008-09-30": "833.40000", "2008-06-30": "1009.80000", "2008-03-31": "993.80000"}, "Total Liabilities And Share Holders Equity": {"2020-09-30": "6909.90000", "2020-06-30": "6494.00000", "2020-03-31": "5999.70000", "2019-12-31": "6581.20000", "2019-09-30": "6579.70000", "2019-06-30": "6377.80000", "2019-03-31": "8324.10000", "2018-12-31": "7206.20000", "2018-09-30": "7300.60000", "2018-06-30": "7194.10000", "2018-03-31": "7266.20000", "2017-12-31": "6984.30000", "2017-09-30": "6905.60000", "2017-06-30": "6856.70000", "2017-03-31": "6580.20000", "2016-12-31": "6557.60000", "2016-09-30": "6586.40000", "2016-06-30": "6568.40000", "2016-03-31": "6490.10000", "2015-12-31": "5771.50000", "2015-09-30": "5726.50000", "2015-06-30": "5755.20000", "2015-03-31": "5476.40000", "2014-12-31": "5351.50000", "2014-09-30": "5370.40000", "2014-06-30": "5278.90000", "2014-03-31": "5235.00000", "2013-12-31": "5127.20000", "2013-09-30": "5122.00000", "2013-06-30": "5117.10000", "2013-03-31": "5239.90000", "2012-12-31": "4922.30000", "2012-09-30": "4926.00000", "2012-06-30": "4868.60000", "2012-03-31": "4854.60000", "2011-12-31": "4779.10000", "2011-09-30": "4611.60000", "2011-06-30": "4649.10000", "2011-03-31": "4734.60000", "2010-12-31": "4525.00000", "2010-09-30": "4749.10000", "2010-06-30": "4653.70000", "2010-03-31": "4629.50000", "2009-12-31": "4251.30000", "2009-09-30": "4334.50000", "2009-06-30": "4239.30000", "2009-03-31": "4208.50000", "2008-12-31": "4157.60000", "2008-09-30": "4345.00000", "2008-06-30": "4608.50000", "2008-03-31": "4683.50000"}}, "cash flow statement": {"Net Income/Loss": {"2019-12-31": "188.50000", "2018-12-31": "328.00000", "2017-12-31": "362.00000", "2016-12-31": "222.40000", "2015-12-31": "214.60000", "2014-12-31": "169.30000", "2013-12-31": "67.70000", "2012-12-31": "92.00000", "2011-12-31": "72.20000", "2010-12-31": "69.60000", "2009-12-31": "23.20000", "2008-12-31": "-216.20000", "2007-12-31": "-38.30000"}, "Total Depreciation And Amortization - Cash Flow": {"2019-12-31": "200.90000", "2018-12-31": "183.00000", "2017-12-31": "181.90000", "2016-12-31": "249.40000", "2015-12-31": "220.00000", "2014-12-31": "204.10000", "2013-12-31": "205.50000", "2012-12-31": "197.30000", "2011-12-31": "189.90000", "2010-12-31": "185.00000", "2009-12-31": "185.90000", "2008-12-31": "360.80000", "2007-12-31": "135.80000"}, "Other Non-Cash Items": {"2019-12-31": "135.80000", "2018-12-31": "133.00000", "2017-12-31": "48.90000", "2016-12-31": "69.40000", "2015-12-31": "38.40000", "2014-12-31": "49.70000", "2013-12-31": "105.00000", "2012-12-31": "40.80000", "2011-12-31": "80.30000", "2010-12-31": "76.40000", "2009-12-31": "26.20000", "2008-12-31": "-28.40000", "2007-12-31": "-7.40000"}, "Total Non-Cash Items": {"2019-12-31": "336.70000", "2018-12-31": "316.00000", "2017-12-31": "230.80000", "2016-12-31": "318.80000", "2015-12-31": "258.40000", "2014-12-31": "253.80000", "2013-12-31": "310.50000", "2012-12-31": "238.10000", "2011-12-31": "270.20000", "2010-12-31": "261.40000", "2009-12-31": "212.10000", "2008-12-31": "332.40000", "2007-12-31": "128.40000"}, "Change In Accounts Receivable": {"2019-12-31": "-3.00000", "2018-12-31": "-49.00000", "2017-12-31": "4.10000", "2016-12-31": "-194.70000", "2015-12-31": "-127.00000", "2014-12-31": "-52.30000", "2013-12-31": "11.80000", "2012-12-31": "-80.00000", "2011-12-31": "1.50000", "2010-12-31": "-33.60000", "2009-12-31": "38.50000", "2008-12-31": "32.40000", "2007-12-31": "113.60000"}, "Change In Inventories": {"2019-12-31": "", "2018-12-31": "", "2017-12-31": "", "2016-12-31": "", "2015-12-31": "", "2014-12-31": "", "2013-12-31": "", "2012-12-31": "", "2011-12-31": "", "2010-12-31": "", "2009-12-31": "", "2008-12-31": "", "2007-12-31": ""}, "Change In Accounts Payable": {"2019-12-31": "", "2018-12-31": "", "2017-12-31": "", "2016-12-31": "", "2015-12-31": "", "2014-12-31": "", "2013-12-31": "", "2012-12-31": "", "2011-12-31": "", "2010-12-31": "", "2009-12-31": "", "2008-12-31": "", "2007-12-31": ""}, "Change In Assets/Liabilities": {"2019-12-31": "", "2018-12-31": "", "2017-12-31": "", "2016-12-31": "", "2015-12-31": "", "2014-12-31": "", "2013-12-31": "", "2012-12-31": "", "2011-12-31": "", "2010-12-31": "140.00000", "2009-12-31": "-20.30000", "2008-12-31": "72.10000", "2007-12-31": "-8.40000"}, "Total Change In Assets/Liabilities": {"2019-12-31": "16.80000", "2018-12-31": "78.90000", "2017-12-31": "4.70000", "2016-12-31": "-163.20000", "2015-12-31": "9.10000", "2014-12-31": "8.20000", "2013-12-31": "55.80000", "2012-12-31": "-39.90000", "2011-12-31": "-36.60000", "2010-12-31": "136.60000", "2009-12-31": "15.50000", "2008-12-31": "108.70000", "2007-12-31": "6.70000"}, "Cash Flow From Operating Activities": {"2019-12-31": "542.00000", "2018-12-31": "722.90000", "2017-12-31": "597.50000", "2016-12-31": "378.00000", "2015-12-31": "482.10000", "2014-12-31": "431.30000", "2013-12-31": "434.00000", "2012-12-31": "290.20000", "2011-12-31": "305.80000", "2010-12-31": "467.60000", "2009-12-31": "250.80000", "2008-12-31": "224.90000", "2007-12-31": "96.80000"}, "Net Change In Property, Plant, And Equipment": {"2019-12-31": "-161.60000", "2018-12-31": "-131.30000", "2017-12-31": "-97.30000", "2016-12-31": "-155.10000", "2015-12-31": "-134.40000", "2014-12-31": "-99.90000", "2013-12-31": "-96.40000", "2012-12-31": "-96.30000", "2011-12-31": "-85.50000", "2010-12-31": "-76.90000", "2009-12-31": "-57.70000", "2008-12-31": "-48.70000", "2007-12-31": "-62.60000"}, "Net Change In Intangible Assets": {"2019-12-31": "", "2018-12-31": "", "2017-12-31": "", "2016-12-31": "", "2015-12-31": "", "2014-12-31": "", "2013-12-31": "", "2012-12-31": "", "2011-12-31": "", "2010-12-31": "", "2009-12-31": "", "2008-12-31": "", "2007-12-31": "-0.10000"}, "Net Acquisitions/Divestitures": {"2019-12-31": "-120.70000", "2018-12-31": "-45.20000", "2017-12-31": "-72.40000", "2016-12-31": "-432.10000", "2015-12-31": "-118.10000", "2014-12-31": "-31.90000", "2013-12-31": "-45.80000", "2012-12-31": "-1.10000", "2011-12-31": "-214.60000", "2010-12-31": "-48.70000", "2009-12-31": "-5.50000", "2008-12-31": "-155.30000", "2007-12-31": "-2309.20000"}, "Net Change In Short-term Investments": {"2019-12-31": "", "2018-12-31": "", "2017-12-31": "", "2016-12-31": "", "2015-12-31": "", "2014-12-31": "", "2013-12-31": "", "2012-12-31": "", "2011-12-31": "", "2010-12-31": "", "2009-12-31": "", "2008-12-31": "", "2007-12-31": ""}, "Net Change In Long-Term Investments": {"2019-12-31": "-132.70000", "2018-12-31": "-138.60000", "2017-12-31": "-148.50000", "2016-12-31": "-176.40000", "2015-12-31": "-295.90000", "2014-12-31": "-282.80000", "2013-12-31": "-118.80000", "2012-12-31": "-126.50000", "2011-12-31": "-120.10000", "2010-12-31": "-669.00000", "2009-12-31": "-10.60000", "2008-12-31": "30.90000", "2007-12-31": "3.80000"}, "Net Change In Investments - Total": {"2019-12-31": "-132.70000", "2018-12-31": "-138.60000", "2017-12-31": "-148.50000", "2016-12-31": "-176.40000", "2015-12-31": "-295.90000", "2014-12-31": "-282.80000", "2013-12-31": "-118.80000", "2012-12-31": "-126.50000", "2011-12-31": "-120.10000", "2010-12-31": "-669.00000", "2009-12-31": "-10.60000", "2008-12-31": "30.90000", "2007-12-31": "3.80000"}, "Investing Activities - Other": {"2019-12-31": "-37.40000", "2018-12-31": "-66.10000", "2017-12-31": "-60.10000", "2016-12-31": "", "2015-12-31": "0.80000", "2014-12-31": "1.80000", "2013-12-31": "-6.90000", "2012-12-31": "-3.70000", "2011-12-31": "0.40000", "2010-12-31": "0.70000", "2009-12-31": "6.60000", "2008-12-31": "1.00000", "2007-12-31": "-16.90000"}, "Cash Flow From Investing Activities": {"2019-12-31": "-452.40000", "2018-12-31": "-381.20000", "2017-12-31": "-378.30000", "2016-12-31": "-763.60000", "2015-12-31": "-547.60000", "2014-12-31": "-412.80000", "2013-12-31": "-267.90000", "2012-12-31": "-227.60000", "2011-12-31": "-419.80000", "2010-12-31": "-793.90000", "2009-12-31": "-67.20000", "2008-12-31": "-172.10000", "2007-12-31": "-2385.00000"}, "Net Long-Term Debt": {"2019-12-31": "-794.20010", "2018-12-31": "69.00000", "2017-12-31": "251.50000", "2016-12-31": "685.60010", "2015-12-31": "447.80000", "2014-12-31": "62.29990", "2013-12-31": "-4.80000", "2012-12-31": "1.30000", "2011-12-31": "88.30010", "2010-12-31": "94.40000", "2009-12-31": "-257.50000", "2008-12-31": "-55.70000", "2007-12-31": "1894.30000"}, "Net Current Debt": {"2019-12-31": "-4.70000", "2018-12-31": "-20.70000", "2017-12-31": "-1.50000", "2016-12-31": "17.70000", "2015-12-31": "10.70000", "2014-12-31": "9.90000", "2013-12-31": "3.70000", "2012-12-31": "-24.10000", "2011-12-31": "32.50000", "2010-12-31": "-16.70000", "2009-12-31": "-23.00000", "2008-12-31": "-37.50000", "2007-12-31": "-22.00000"}, "Debt Issuance/Retirement Net - Total": {"2019-12-31": "-798.90010", "2018-12-31": "48.30000", "2017-12-31": "250.00000", "2016-12-31": "703.30010", "2015-12-31": "458.50000", "2014-12-31": "72.19990", "2013-12-31": "-1.10000", "2012-12-31": "-22.80000", "2011-12-31": "120.80000", "2010-12-31": "77.70000", "2009-12-31": "-280.50000", "2008-12-31": "-93.20000", "2007-12-31": "1872.30000"}, "Net Common Equity Issued/Repurchased": {"2019-12-31": "-115.40000", "2018-12-31": "-135.00000", "2017-12-31": "-138.60000", "2016-12-31": "-63.30000", "2015-12-31": "-204.90000", "2014-12-31": "27.60000", "2013-12-31": "25.30000", "2012-12-31": "3.30000", "2011-12-31": "6.00000", "2010-12-31": "4.90000", "2009-12-31": "310.30000", "2008-12-31": "-0.10000", "2007-12-31": "710.50000"}, "Net Total Equity Issued/Repurchased": {"2019-12-31": "-115.40000", "2018-12-31": "-135.00000", "2017-12-31": "-138.60000", "2016-12-31": "-63.30000", "2015-12-31": "-204.90000", "2014-12-31": "27.60000", "2013-12-31": "25.30000", "2012-12-31": "3.30000", "2011-12-31": "6.00000", "2010-12-31": "4.90000", "2009-12-31": "310.30000", "2008-12-31": "-0.10000", "2007-12-31": "710.50000"}, "Total Common And Preferred Stock Dividends Paid": {"2019-12-31": "-164.30000", "2018-12-31": "-188.30000", "2017-12-31": "-174.80000", "2016-12-31": "-157.10000", "2015-12-31": "-151.90000", "2014-12-31": "-139.90000", "2013-12-31": "-78.60000", "2012-12-31": "-26.00000", "2011-12-31": "", "2010-12-31": "", "2009-12-31": "", "2008-12-31": "", "2007-12-31": ""}, "Financial Activities - Other": {"2019-12-31": "1232.40000", "2018-12-31": "-45.10000", "2017-12-31": "-44.20000", "2016-12-31": "-46.90000", "2015-12-31": "-14.30000", "2014-12-31": "-8.40000", "2013-12-31": "-22.20000", "2012-12-31": "-8.00000", "2011-12-31": "-33.80000", "2010-12-31": "-1.60000", "2009-12-31": "-8.60000", "2008-12-31": "-1.40000", "2007-12-31": "-90.80000"}, "Cash Flow From Financial Activities": {"2019-12-31": "153.80000", "2018-12-31": "-320.10000", "2017-12-31": "-107.60000", "2016-12-31": "436.00000", "2015-12-31": "87.40000", "2014-12-31": "-48.50000", "2013-12-31": "-76.60000", "2012-12-31": "-53.50000", "2011-12-31": "93.00000", "2010-12-31": "81.00000", "2009-12-31": "21.20000", "2008-12-31": "-94.70000", "2007-12-31": "2492.00000"}, "Net Cash Flow": {"2019-12-31": "256.20000", "2018-12-31": "1.20000", "2017-12-31": "125.60000", "2016-12-31": "48.50000", "2015-12-31": "2.10000", "2014-12-31": "-38.70000", "2013-12-31": "82.90000", "2012-12-31": "11.30000", "2011-12-31": "-21.70000", "2010-12-31": "-244.80000", "2009-12-31": "205.50000", "2008-12-31": "-45.70000", "2007-12-31": "204.10000"}, "Stock-Based Compensation": {"2019-12-31": "19.60000", "2018-12-31": "19.60000", "2017-12-31": "20.40000", "2016-12-31": "18.10000", "2015-12-31": "11.70000", "2014-12-31": "28.00000", "2013-12-31": "67.20000", "2012-12-31": "23.20000", "2011-12-31": "17.00000", "2010-12-31": "19.80000", "2009-12-31": "16.40000", "2008-12-31": "-3.80000", "2007-12-31": "6.70000"}, "Common Stock Dividends Paid": {"2019-12-31": "-164.30000", "2018-12-31": "-188.30000", "2017-12-31": "-174.80000", "2016-12-31": "-157.10000", "2015-12-31": "-151.90000", "2014-12-31": "-139.90000", "2013-12-31": "-78.60000", "2012-12-31": "-26.00000", "2011-12-31": "", "2010-12-31": "0.00000", "2009-12-31": "", "2008-12-31": "", "2007-12-31": ""}}, "cash flow statement, quarterly": {"Net Income/Loss": {"2020-09-30": 47.1, "2020-06-30": -32.3, "2020-03-31": "2.80000", "2019-12-31": 19.8, "2019-09-30": 35.3, "2019-06-30": 55.6, "2019-03-31": "77.80000", "2018-12-31": 67.3, "2018-09-30": 77.5, "2018-06-30": 93.2, "2018-03-31": "90.00000", "2017-12-31": 172.8, "2017-09-30": 62.8, "2017-06-30": 57.2, "2017-03-31": "69.20000", "2016-12-31": 45.5, "2016-09-30": 54.4, "2016-06-30": 61.8, "2016-03-31": "60.70000", "2015-12-31": 48.3, "2015-09-30": 52.3, "2015-06-30": 59.5, "2015-03-31": "54.50000", "2014-12-31": 50.3, "2014-09-30": 47.5, "2014-06-30": 50.8, "2014-03-31": "20.70000", "2013-12-31": -17.6, "2013-09-30": 22.8, "2013-06-30": 33.4, "2013-03-31": "29.10000", "2012-12-31": 22.9, "2012-09-30": 19.2, "2012-06-30": 23.9, "2012-03-31": "26.00000", "2011-12-31": 14.5, "2011-09-30": 32.2, "2011-06-30": -14.3, "2011-03-31": "39.80000", "2010-12-31": 7.3, "2010-09-30": 25.6, "2010-06-30": 28.6, "2010-03-31": "8.10000", "2009-12-31": 5.3, "2009-09-30": 8.6, "2009-06-30": 12.8, "2009-03-31": "-3.50000", "2008-12-31": -49.3, "2008-09-30": -169.9, "2008-06-30": 6.2, "2008-03-31": "-3.20000"}, "Total Depreciation And Amortization - Cash Flow": {"2020-09-30": 79.3, "2020-06-30": 49.4, "2020-03-31": "50.40000", "2019-12-31": 52.7, "2019-09-30": 48.9, "2019-06-30": 52.4, "2019-03-31": "46.90000", "2018-12-31": 45.2, "2018-09-30": 44.1, "2018-06-30": 20.7, "2018-03-31": "73.00000", "2017-12-31": -21.1, "2017-09-30": 68.9, "2017-06-30": 67.1, "2017-03-31": "67.00000", "2016-12-31": 67, "2016-09-30": 62.8, "2016-06-30": 61.2, "2016-03-31": "58.40000", "2015-12-31": 57.9, "2015-09-30": 56, "2015-06-30": 53.5, "2015-03-31": "52.60000", "2014-12-31": 52.9, "2014-09-30": 50.5, "2014-06-30": 49.8, "2014-03-31": "50.90000", "2013-12-31": 51.6, "2013-09-30": 52.8, "2013-06-30": 51.7, "2013-03-31": "49.40000", "2012-12-31": 48.7, "2012-09-30": 48.5, "2012-06-30": 49.7, "2012-03-31": "50.40000", "2011-12-31": 50.1, "2011-09-30": 45.8, "2011-06-30": 46.5, "2011-03-31": "47.50000", "2010-12-31": 47.4, "2010-09-30": 45.6, "2010-06-30": 45.2, "2010-03-31": "46.80000", "2009-12-31": 46, "2009-09-30": 44.8, "2009-06-30": 45.7, "2009-03-31": "49.40000", "2008-12-31": 48.9, "2008-09-30": 212.8, "2008-06-30": 48.4, "2008-03-31": "50.70000"}, "Other Non-Cash Items": {"2020-09-30": -15, "2020-06-30": 50.4, "2020-03-31": "20.40000", "2019-12-31": 14.6, "2019-09-30": 18.1, "2019-06-30": 105.1, "2019-03-31": "-2.00000", "2018-12-31": 14.9, "2018-09-30": 39.5, "2018-06-30": 64.7, "2018-03-31": "13.90000", "2017-12-31": -41, "2017-09-30": 16.2, "2017-06-30": 56.8, "2017-03-31": "16.90000", "2016-12-31": 33, "2016-09-30": 12.5, "2016-06-30": 9.2, "2016-03-31": "14.70000", "2015-12-31": 33.8, "2015-09-30": 2.2, "2015-06-30": 1, "2015-03-31": "1.40000", "2014-12-31": 10.5, "2014-09-30": 2.1, "2014-06-30": 7.8, "2014-03-31": "29.30000", "2013-12-31": 52.9, "2013-09-30": 29.8, "2013-06-30": 13.3, "2013-03-31": "9.00000", "2012-12-31": 24.8, "2012-09-30": 5, "2012-06-30": 1.2, "2012-03-31": "9.80000", "2011-12-31": 21.2, "2011-09-30": -10.3, "2011-06-30": 58.5, "2011-03-31": "10.90000", "2010-12-31": 17.7, "2010-09-30": 16.3, "2010-06-30": 9.9, "2010-03-31": "32.50000", "2009-12-31": 7.3, "2009-09-30": 19.9, "2009-06-30": 2.6, "2009-03-31": "-3.60000", "2008-12-31": -15.3, "2008-09-30": -9.4, "2008-06-30": -2, "2008-03-31": "-1.70000"}, "Total Non-Cash Items": {"2020-09-30": 64.3, "2020-06-30": 99.8, "2020-03-31": "70.80000", "2019-12-31": 67.3, "2019-09-30": 67, "2019-06-30": 157.5, "2019-03-31": "44.90000", "2018-12-31": 60.1, "2018-09-30": 83.6, "2018-06-30": 85.4, "2018-03-31": "86.90000", "2017-12-31": -62.1, "2017-09-30": 85.1, "2017-06-30": 123.9, "2017-03-31": "83.90000", "2016-12-31": 100, "2016-09-30": 75.3, "2016-06-30": 70.4, "2016-03-31": "73.10000", "2015-12-31": 91.7, "2015-09-30": 58.2, "2015-06-30": 54.5, "2015-03-31": "54.00000", "2014-12-31": 63.4, "2014-09-30": 52.6, "2014-06-30": 57.6, "2014-03-31": "80.20000", "2013-12-31": 104.5, "2013-09-30": 82.6, "2013-06-30": 65, "2013-03-31": "58.40000", "2012-12-31": 73.5, "2012-09-30": 53.5, "2012-06-30": 50.9, "2012-03-31": "60.20000", "2011-12-31": 71.3, "2011-09-30": 35.5, "2011-06-30": 105, "2011-03-31": "58.40000", "2010-12-31": 65.1, "2010-09-30": 61.9, "2010-06-30": 55.1, "2010-03-31": "79.30000", "2009-12-31": 53.3, "2009-09-30": 64.7, "2009-06-30": 48.3, "2009-03-31": "45.80000", "2008-12-31": 62, "2008-09-30": 203.4, "2008-06-30": 46.4, "2008-03-31": "49.00000"}, "Change In Accounts Receivable": {"2020-09-30": 88.1, "2020-06-30": -348.2, "2020-03-31": "210.70000", "2019-12-31": 38.3, "2019-09-30": 104.4, "2019-06-30": 32.1, "2019-03-31": "-177.80000", "2018-12-31": 109.3, "2018-09-30": 2.7, "2018-06-30": 88.9, "2018-03-31": "-249.90000", "2017-12-31": 95.8, "2017-09-30": -67.4, "2017-06-30": 70, "2017-03-31": "-94.30000", "2016-12-31": -16.2, "2016-09-30": 28.8, "2016-06-30": -54.9, "2016-03-31": "-152.40000", "2015-12-31": 37, "2015-09-30": -24.7, "2015-06-30": -11.2, "2015-03-31": "-128.10000", "2014-12-31": 36.9, "2014-09-30": -41.7, "2014-06-30": 55.7, "2014-03-31": "-103.20000", "2013-12-31": 33, "2013-09-30": 13.3, "2013-06-30": 85.8, "2013-03-31": "-120.30000", "2012-12-31": 15.3, "2012-09-30": -24.8, "2012-06-30": 22.3, "2012-03-31": "-92.80000", "2011-12-31": 46.4, "2011-09-30": 18.9, "2011-06-30": 66.6, "2011-03-31": "-130.40000", "2010-12-31": 75.8, "2010-09-30": -5.6, "2010-06-30": 41.3, "2010-03-31": "-145.10000", "2009-12-31": 71.5, "2009-09-30": -4.6, "2009-06-30": 43.3, "2009-03-31": "-71.70000", "2008-12-31": 76.3, "2008-09-30": 40, "2008-06-30": 20.7, "2008-03-31": "-104.60000"}, "Change In Inventories": {"2020-09-30": 0, "2020-06-30": 0, "2020-03-31": "", "2019-12-31": 0, "2019-09-30": 0, "2019-06-30": 0, "2019-03-31": "", "2018-12-31": 0, "2018-09-30": 0, "2018-06-30": 0, "2018-03-31": "", "2017-12-31": 0, "2017-09-30": 0, "2017-06-30": 0, "2017-03-31": "", "2016-12-31": 0, "2016-09-30": 0, "2016-06-30": 0, "2016-03-31": "", "2015-12-31": 0, "2015-09-30": 0, "2015-06-30": 0, "2015-03-31": "", "2014-12-31": 0, "2014-09-30": 0, "2014-06-30": 0, "2014-03-31": "", "2013-12-31": 0, "2013-09-30": 0, "2013-06-30": 0, "2013-03-31": "", "2012-12-31": 0, "2012-09-30": 0, "2012-06-30": 0, "2012-03-31": "", "2011-12-31": 0, "2011-09-30": 0, "2011-06-30": 0, "2011-03-31": "", "2010-12-31": 0, "2010-09-30": 0, "2010-06-30": 0, "2010-03-31": "", "2009-12-31": 0, "2009-09-30": 0, "2009-06-30": 0, "2009-03-31": "", "2008-12-31": 0, "2008-09-30": 0, "2008-06-30": 0, "2008-03-31": ""}, "Change In Accounts Payable": {"2020-09-30": 0, "2020-06-30": 0, "2020-03-31": "", "2019-12-31": 0, "2019-09-30": 0, "2019-06-30": 0, "2019-03-31": "", "2018-12-31": 0, "2018-09-30": 0, "2018-06-30": 0, "2018-03-31": "", "2017-12-31": 0, "2017-09-30": 0, "2017-06-30": 0, "2017-03-31": "", "2016-12-31": 0, "2016-09-30": 0, "2016-06-30": 0, "2016-03-31": "", "2015-12-31": 0, "2015-09-30": 0, "2015-06-30": 0, "2015-03-31": "", "2014-12-31": 0, "2014-09-30": 0, "2014-06-30": 0, "2014-03-31": "", "2013-12-31": 0, "2013-09-30": 0, "2013-06-30": 0, "2013-03-31": "", "2012-12-31": 0, "2012-09-30": 0, "2012-06-30": 0, "2012-03-31": "", "2011-12-31": 0, "2011-09-30": 0, "2011-06-30": 0, "2011-03-31": "", "2010-12-31": 0, "2010-09-30": 0, "2010-06-30": 0, "2010-03-31": "", "2009-12-31": 0, "2009-09-30": 0, "2009-06-30": 0, "2009-03-31": "", "2008-12-31": 0, "2008-09-30": 0, "2008-06-30": 0, "2008-03-31": ""}, "Change In Assets/Liabilities": {"2020-09-30": 0, "2020-06-30": 0, "2020-03-31": "", "2019-12-31": 0, "2019-09-30": 0, "2019-06-30": 0, "2019-03-31": "", "2018-12-31": 0, "2018-09-30": 0, "2018-06-30": 0, "2018-03-31": "", "2017-12-31": 0, "2017-09-30": 0, "2017-06-30": 0, "2017-03-31": "", "2016-12-31": 0, "2016-09-30": 0, "2016-06-30": 0, "2016-03-31": "", "2015-12-31": 0, "2015-09-30": 0, "2015-06-30": 0, "2015-03-31": "", "2014-12-31": 0, "2014-09-30": 0, "2014-06-30": 0, "2014-03-31": "", "2013-12-31": 0, "2013-09-30": 0, "2013-06-30": 0, "2013-03-31": "", "2012-12-31": 0, "2012-09-30": 0, "2012-06-30": 0, "2012-03-31": "", "2011-12-31": 0, "2011-09-30": 0, "2011-06-30": 0, "2011-03-31": "", "2010-12-31": 0, "2010-09-30": 0, "2010-06-30": 0, "2010-03-31": "140.00000", "2009-12-31": -8.8, "2009-09-30": -15.5, "2009-06-30": -3.6, "2009-03-31": "7.60000", "2008-12-31": 27.5, "2008-09-30": 21.4, "2008-06-30": 9.2, "2008-03-31": "14.00000"}, "Total Change In Assets/Liabilities": {"2020-09-30": 51.6, "2020-06-30": 250.6, "2020-03-31": "-122.80000", "2019-12-31": 7.1, "2019-09-30": 28, "2019-06-30": 16.9, "2019-03-31": "-35.20000", "2018-12-31": 30.4, "2018-09-30": 31.6, "2018-06-30": 41.5, "2018-03-31": "-24.60000", "2017-12-31": -1.1, "2017-09-30": -33.9, "2017-06-30": 50.8, "2017-03-31": "-11.10000", "2016-12-31": -58.4, "2016-09-30": -3.5, "2016-06-30": -37.6, "2016-03-31": "-63.70000", "2015-12-31": 26.7, "2015-09-30": 4.4, "2015-06-30": 0.4, "2015-03-31": "-22.40000", "2014-12-31": -10.1, "2014-09-30": -3.8, "2014-06-30": 30.7, "2014-03-31": "-8.60000", "2013-12-31": 28.7, "2013-09-30": -10, "2013-06-30": 33.8, "2013-03-31": "3.30000", "2012-12-31": -44.2, "2012-09-30": -5, "2012-06-30": 21, "2012-03-31": "-11.70000", "2011-12-31": 14.5, "2011-09-30": -19.7, "2011-06-30": -14.5, "2011-03-31": "-16.90000", "2010-12-31": -22.8, "2010-09-30": 2.6, "2010-06-30": 12, "2010-03-31": "144.80000", "2009-12-31": -46.9, "2009-09-30": 23.9, "2009-06-30": 36, "2009-03-31": "2.50000", "2008-12-31": 33.1, "2008-09-30": 82.5, "2008-06-30": 18.4, "2008-03-31": "-25.30000"}, "Cash Flow From Operating Activities": {"2020-09-30": 163, "2020-06-30": 318.1, "2020-03-31": "-49.20000", "2019-12-31": 94.2, "2019-09-30": 130.3, "2019-06-30": 230, "2019-03-31": "87.50000", "2018-12-31": 157.8, "2018-09-30": 192.7, "2018-06-30": 220.1, "2018-03-31": "152.30000", "2017-12-31": 109.6, "2017-09-30": 114, "2017-06-30": 231.9, "2017-03-31": "142.00000", "2016-12-31": 87.1, "2016-09-30": 126.2, "2016-06-30": 94.6, "2016-03-31": "70.10000", "2015-12-31": 166.7, "2015-09-30": 114.9, "2015-06-30": 114.4, "2015-03-31": "86.10000", "2014-12-31": 103.6, "2014-09-30": 96.3, "2014-06-30": 139.1, "2014-03-31": "92.30000", "2013-12-31": 115.6, "2013-09-30": 95.4, "2013-06-30": 132.2, "2013-03-31": "90.80000", "2012-12-31": 52.2, "2012-09-30": 67.7, "2012-06-30": 95.8, "2012-03-31": "74.50000", "2011-12-31": 100.3, "2011-09-30": 48, "2011-06-30": 76.2, "2011-03-31": "81.30000", "2010-12-31": 49.6, "2010-09-30": 90.1, "2010-06-30": 95.7, "2010-03-31": "232.20000", "2009-12-31": 11.7, "2009-09-30": 97.2, "2009-06-30": 97.1, "2009-03-31": "44.80000", "2008-12-31": 17.4, "2008-09-30": 116, "2008-06-30": 71, "2008-03-31": "20.50000"}, "Net Change In Property, Plant, And Equipment": {"2020-09-30": -26.8, "2020-06-30": -17.1, "2020-03-31": "-29.60000", "2019-12-31": -34, "2019-09-30": -49.2, "2019-06-30": -46.1, "2019-03-31": "-32.30000", "2018-12-31": -48.6, "2018-09-30": -31.3, "2018-06-30": -12.8, "2018-03-31": "-38.60000", "2017-12-31": 12.5, "2017-09-30": -34.7, "2017-06-30": -38, "2017-03-31": "-37.10000", "2016-12-31": -36.6, "2016-09-30": -43, "2016-06-30": -39.5, "2016-03-31": "-36.00000", "2015-12-31": -42.2, "2015-09-30": -28.1, "2015-06-30": -39, "2015-03-31": "-25.10000", "2014-12-31": -29.7, "2014-09-30": -23, "2014-06-30": -24.8, "2014-03-31": "-22.40000", "2013-12-31": -21.3, "2013-09-30": -22, "2013-06-30": -30.6, "2013-03-31": "-22.50000", "2012-12-31": -41.2, "2012-09-30": -17.9, "2012-06-30": -24, "2012-03-31": "-13.20000", "2011-12-31": -21.5, "2011-09-30": -24.7, "2011-06-30": -23.2, "2011-03-31": "-16.10000", "2010-12-31": -37, "2010-09-30": -19.7, "2010-06-30": -13.3, "2010-03-31": "-6.90000", "2009-12-31": -17.2, "2009-09-30": -13.3, "2009-06-30": -15.2, "2009-03-31": "-12.00000", "2008-12-31": -36.4, "2008-09-30": 33.3, "2008-06-30": -25.1, "2008-03-31": "-20.50000"}, "Net Change In Intangible Assets": {"2020-09-30": 0, "2020-06-30": 0, "2020-03-31": "", "2019-12-31": 0, "2019-09-30": 0, "2019-06-30": 0, "2019-03-31": "", "2018-12-31": 0, "2018-09-30": 0, "2018-06-30": 0, "2018-03-31": "", "2017-12-31": 0, "2017-09-30": 0, "2017-06-30": 0, "2017-03-31": "", "2016-12-31": 0, "2016-09-30": 0, "2016-06-30": 0, "2016-03-31": "", "2015-12-31": 0, "2015-09-30": 0, "2015-06-30": 0, "2015-03-31": "", "2014-12-31": 0, "2014-09-30": 0, "2014-06-30": 0, "2014-03-31": "", "2013-12-31": 0, "2013-09-30": 0, "2013-06-30": 0, "2013-03-31": "", "2012-12-31": 0, "2012-09-30": 0, "2012-06-30": 0, "2012-03-31": "", "2011-12-31": 0, "2011-09-30": 0, "2011-06-30": 0, "2011-03-31": "", "2010-12-31": 0.5, "2010-09-30": -0.5, "2010-06-30": 0, "2010-03-31": "", "2009-12-31": 0, "2009-09-30": 0, "2009-06-30": 0, "2009-03-31": "", "2008-12-31": 0, "2008-09-30": 0, "2008-06-30": 0, "2008-03-31": ""}, "Net Acquisitions/Divestitures": {"2020-09-30": 0, "2020-06-30": 0, "2020-03-31": "", "2019-12-31": 0, "2019-09-30": 0, "2019-06-30": 0, "2019-03-31": "-120.70000", "2018-12-31": -21.9, "2018-09-30": 0, "2018-06-30": 0, "2018-03-31": "-23.30000", "2017-12-31": -25.4, "2017-09-30": 0, "2017-06-30": -47, "2017-03-31": "", "2016-12-31": -77.6, "2016-09-30": -1.2, "2016-06-30": -353.3, "2016-03-31": "", "2015-12-31": -2.9, "2015-09-30": -0.1, "2015-06-30": -93.2, "2015-03-31": "-21.90000", "2014-12-31": -1, "2014-09-30": -30.4, "2014-06-30": 0, "2014-03-31": "-0.50000", "2013-12-31": -17, "2013-09-30": -0.6, "2013-06-30": -27.2, "2013-03-31": "-1.00000", "2012-12-31": -0.6, "2012-09-30": 0, "2012-06-30": -0.5, "2012-03-31": "", "2011-12-31": -210.1, "2011-09-30": -0.3, "2011-06-30": 0.1, "2011-03-31": "-4.30000", "2010-12-31": -46, "2010-09-30": -0.1, "2010-06-30": 0.1, "2010-03-31": "-2.70000", "2009-12-31": -1.4, "2009-09-30": -0.7, "2009-06-30": -0.1, "2009-03-31": "-3.30000", "2008-12-31": 0.5, "2008-09-30": -23.9, "2008-06-30": -9.4, "2008-03-31": "-122.50000"}, "Net Change In Short-term Investments": {"2020-09-30": 0, "2020-06-30": 0, "2020-03-31": "", "2019-12-31": 0, "2019-09-30": 0, "2019-06-30": 0, "2019-03-31": "", "2018-12-31": 0, "2018-09-30": 0, "2018-06-30": 0, "2018-03-31": "", "2017-12-31": 0, "2017-09-30": 0, "2017-06-30": 0, "2017-03-31": "", "2016-12-31": 0, "2016-09-30": 0, "2016-06-30": 0, "2016-03-31": "", "2015-12-31": 0, "2015-09-30": 0, "2015-06-30": 0, "2015-03-31": "", "2014-12-31": 0, "2014-09-30": 0, "2014-06-30": 0, "2014-03-31": "", "2013-12-31": 0, "2013-09-30": 0, "2013-06-30": 0, "2013-03-31": "", "2012-12-31": 0, "2012-09-30": 0, "2012-06-30": 0, "2012-03-31": "", "2011-12-31": 0, "2011-09-30": 0, "2011-06-30": 0, "2011-03-31": "", "2010-12-31": 0, "2010-09-30": 0, "2010-06-30": 0, "2010-03-31": "", "2009-12-31": 0, "2009-09-30": 0, "2009-06-30": 0, "2009-03-31": "", "2008-12-31": 0, "2008-09-30": 0, "2008-06-30": 0, "2008-03-31": ""}, "Net Change In Long-Term Investments": {"2020-09-30": -195.5, "2020-06-30": 386.3, "2020-03-31": "146.30000", "2019-12-31": -13.7, "2019-09-30": -49.2, "2019-06-30": -88.4, "2019-03-31": "18.60000", "2018-12-31": -48.4, "2018-09-30": -27.2, "2018-06-30": -33.4, "2018-03-31": "-29.60000", "2017-12-31": -110, "2017-09-30": -74.9, "2017-06-30": 15, "2017-03-31": "21.40000", "2016-12-31": -17.7, "2016-09-30": -55.2, "2016-06-30": -37.9, "2016-03-31": "-65.60000", "2015-12-31": -118.8, "2015-09-30": -58.9, "2015-06-30": -124.2, "2015-03-31": "6.00000", "2014-12-31": -91.2, "2014-09-30": -122, "2014-06-30": -62.4, "2014-03-31": "-7.20000", "2013-12-31": -39.2, "2013-09-30": -6.2, "2013-06-30": -69.1, "2013-03-31": "-4.30000", "2012-12-31": -69.1, "2012-09-30": -1.1, "2012-06-30": -71.1, "2012-03-31": "14.80000", "2011-12-31": -80, "2011-09-30": -21.7, "2011-06-30": -43, "2011-03-31": "24.60000", "2010-12-31": -59.6, "2010-09-30": -19.5, "2010-06-30": -50.7, "2010-03-31": "-539.20000", "2009-12-31": -7.8, "2009-09-30": -1, "2009-06-30": -5.9, "2009-03-31": "4.10000", "2008-12-31": 22.1, "2008-09-30": 15.3, "2008-06-30": -9.6, "2008-03-31": "3.10000"}, "Net Change In Investments - Total": {"2020-09-30": -195.5, "2020-06-30": 386.3, "2020-03-31": "146.30000", "2019-12-31": -13.7, "2019-09-30": -49.2, "2019-06-30": -88.4, "2019-03-31": "18.60000", "2018-12-31": -48.4, "2018-09-30": -27.2, "2018-06-30": -33.4, "2018-03-31": "-29.60000", "2017-12-31": -110, "2017-09-30": -74.9, "2017-06-30": 15, "2017-03-31": "21.40000", "2016-12-31": -17.7, "2016-09-30": -55.2, "2016-06-30": -37.9, "2016-03-31": "-65.60000", "2015-12-31": -118.8, "2015-09-30": -58.9, "2015-06-30": -124.2, "2015-03-31": "6.00000", "2014-12-31": -91.2, "2014-09-30": -122, "2014-06-30": -62.4, "2014-03-31": "-7.20000", "2013-12-31": -39.2, "2013-09-30": -6.2, "2013-06-30": -69.1, "2013-03-31": "-4.30000", "2012-12-31": -69.1, "2012-09-30": -1.1, "2012-06-30": -71.1, "2012-03-31": "14.80000", "2011-12-31": -80, "2011-09-30": -21.7, "2011-06-30": -43, "2011-03-31": "24.60000", "2010-12-31": -59.6, "2010-09-30": -19.5, "2010-06-30": -50.7, "2010-03-31": "-539.20000", "2009-12-31": -7.8, "2009-09-30": -1, "2009-06-30": -5.9, "2009-03-31": "4.10000", "2008-12-31": 22.1, "2008-09-30": 15.3, "2008-06-30": -9.6, "2008-03-31": "3.10000"}, "Investing Activities - Other": {"2020-09-30": 0, "2020-06-30": 0, "2020-03-31": "", "2019-12-31": 0, "2019-09-30": 0, "2019-06-30": -15.8, "2019-03-31": "-21.60000", "2018-12-31": -28.2, "2018-09-30": -10.1, "2018-06-30": -27.8, "2018-03-31": "", "2017-12-31": -55.1, "2017-09-30": 0, "2017-06-30": 0, "2017-03-31": "-5.00000", "2016-12-31": -0.8, "2016-09-30": -0.4, "2016-06-30": -0.1, "2016-03-31": "1.30000", "2015-12-31": -1.2, "2015-09-30": 1.4, "2015-06-30": -2.2, "2015-03-31": "2.80000", "2014-12-31": -0.8, "2014-09-30": -0.2, "2014-06-30": -1.1, "2014-03-31": "3.90000", "2013-12-31": -9.7, "2013-09-30": -0.4, "2013-06-30": -0.5, "2013-03-31": "3.70000", "2012-12-31": -4.2, "2012-09-30": 1.6, "2012-06-30": -2.2, "2012-03-31": "1.10000", "2011-12-31": -1.5, "2011-09-30": 0.1, "2011-06-30": -1, "2011-03-31": "2.80000", "2010-12-31": -2.5, "2010-09-30": 2.2, "2010-06-30": 1.8, "2010-03-31": "-0.80000", "2009-12-31": -0.5, "2009-09-30": 5, "2009-06-30": -1, "2009-03-31": "3.10000", "2008-12-31": -5.3, "2008-09-30": 1.6, "2008-06-30": 7.4, "2008-03-31": "-2.70000"}, "Cash Flow From Investing Activities": {"2020-09-30": -222.3, "2020-06-30": 369.2, "2020-03-31": "116.70000", "2019-12-31": -47.7, "2019-09-30": -98.4, "2019-06-30": -150.3, "2019-03-31": "-156.00000", "2018-12-31": -147.1, "2018-09-30": -68.6, "2018-06-30": -74, "2018-03-31": "-91.50000", "2017-12-31": -178, "2017-09-30": -109.6, "2017-06-30": -70, "2017-03-31": "-20.70000", "2016-12-31": -132.7, "2016-09-30": -99.8, "2016-06-30": -430.8, "2016-03-31": "-100.30000", "2015-12-31": -165.1, "2015-09-30": -85.7, "2015-06-30": -258.6, "2015-03-31": "-38.20000", "2014-12-31": -122.7, "2014-09-30": -175.6, "2014-06-30": -88.3, "2014-03-31": "-26.20000", "2013-12-31": -87.2, "2013-09-30": -29.2, "2013-06-30": -127.4, "2013-03-31": "-24.10000", "2012-12-31": -115.1, "2012-09-30": -17.4, "2012-06-30": -97.8, "2012-03-31": "2.70000", "2011-12-31": -313.1, "2011-09-30": -46.6, "2011-06-30": -67.1, "2011-03-31": "7.00000", "2010-12-31": -144.6, "2010-09-30": -37.6, "2010-06-30": -62.1, "2010-03-31": "-549.60000", "2009-12-31": -26.9, "2009-09-30": -10, "2009-06-30": -22.2, "2009-03-31": "-8.10000", "2008-12-31": -19.1, "2008-09-30": 26.3, "2008-06-30": -36.7, "2008-03-31": "-142.60000"}, "Net Long-Term Debt": {"2020-09-30": 367.7, "2020-06-30": -622.6, "2020-03-31": "-112.30000", "2019-12-31": 24.4999, "2019-09-30": 416.8, "2019-06-30": -1240.4, "2019-03-31": "4.90000", "2018-12-31": 82, "2018-09-30": -2.8, "2018-06-30": 0.6, "2018-03-31": "-10.80000", "2017-12-31": 97.5999, "2017-09-30": 16.9001, "2017-06-30": 258.7, "2017-03-31": "-121.70000", "2016-12-31": 83.5001, "2016-09-30": 28.9, "2016-06-30": 12.4, "2016-03-31": "560.80000", "2015-12-31": 80.9, "2015-09-30": 150.4, "2015-06-30": 234.8, "2015-03-31": "-18.30000", "2014-12-31": 1.2999, "2014-09-30": 51.2999, "2014-06-30": 31.2002, "2014-03-31": "-21.50010", "2013-12-31": 24.4, "2013-09-30": -18.3, "2013-06-30": -115.4, "2013-03-31": "104.50000", "2012-12-31": 73, "2012-09-30": -11.3, "2012-06-30": 40.3, "2012-03-31": "-100.70000", "2011-12-31": 129.8001, "2011-09-30": -1.7001, "2011-06-30": -10.6999, "2011-03-31": "-29.10000", "2010-12-31": -109.3, "2010-09-30": 4.5, "2010-06-30": 38.3, "2010-03-31": "160.90000", "2009-12-31": -250.8, "2009-09-30": -0.8, "2009-06-30": -0.6, "2009-03-31": "-5.30000", "2008-12-31": 0.3, "2008-09-30": -53.5, "2008-06-30": -26.3, "2008-03-31": "23.80000"}, "Net Current Debt": {"2020-09-30": 15.3, "2020-06-30": 40.1, "2020-03-31": "-35.10000", "2019-12-31": -13.9, "2019-09-30": -34.9, "2019-06-30": 6.7, "2019-03-31": "37.40000", "2018-12-31": -29.2, "2018-09-30": -4.7, "2018-06-30": -9.9, "2018-03-31": "23.10000", "2017-12-31": -33.2, "2017-09-30": 15, "2017-06-30": -14.7, "2017-03-31": "31.40000", "2016-12-31": -11.9, "2016-09-30": -7.3, "2016-06-30": -4.8, "2016-03-31": "41.70000", "2015-12-31": -7.4, "2015-09-30": -12.4, "2015-06-30": -10.2, "2015-03-31": "40.70000", "2014-12-31": -12.3, "2014-09-30": -7.9, "2014-06-30": -25.1, "2014-03-31": "55.20000", "2013-12-31": -34.9, "2013-09-30": -4, "2013-06-30": -14.4, "2013-03-31": "57.00000", "2012-12-31": -34.9, "2012-09-30": 3, "2012-06-30": -46.2, "2012-03-31": "54.00000", "2011-12-31": -25.9, "2011-09-30": 8.9, "2011-06-30": -14.6, "2011-03-31": "64.10000", "2010-12-31": -54, "2010-09-30": 28.6, "2010-06-30": -11.3, "2010-03-31": "20.00000", "2009-12-31": -53.8, "2009-09-30": 29.4, "2009-06-30": -5.6, "2009-03-31": "7.00000", "2008-12-31": -40, "2008-09-30": -34.5, "2008-06-30": -33.5, "2008-03-31": "70.50000"}, "Debt Issuance/Retirement Net - Total": {"2020-09-30": 383, "2020-06-30": -582.5, "2020-03-31": "-147.40000", "2019-12-31": 10.5998, "2019-09-30": 381.9001, "2019-06-30": -1233.7, "2019-03-31": "42.30000", "2018-12-31": 52.8, "2018-09-30": -7.5, "2018-06-30": -9.3, "2018-03-31": "12.30000", "2017-12-31": 64.3999, "2017-09-30": 31.9001, "2017-06-30": 244, "2017-03-31": "-90.30000", "2016-12-31": 71.6001, "2016-09-30": 21.6, "2016-06-30": 7.6, "2016-03-31": "602.50000", "2015-12-31": 73.5, "2015-09-30": 138, "2015-06-30": 224.6, "2015-03-31": "22.40000", "2014-12-31": -11.0001, "2014-09-30": 43.3999, "2014-06-30": 6.1002, "2014-03-31": "33.69990", "2013-12-31": -10.5, "2013-09-30": -22.3, "2013-06-30": -129.8, "2013-03-31": "161.50000", "2012-12-31": 38.1, "2012-09-30": -8.3, "2012-06-30": -5.9, "2012-03-31": "-46.70000", "2011-12-31": 103.9, "2011-09-30": 7.1999, "2011-06-30": -25.2999, "2011-03-31": "35.00000", "2010-12-31": -163.3, "2010-09-30": 33.1, "2010-06-30": 27, "2010-03-31": "180.90000", "2009-12-31": -304.6, "2009-09-30": 28.6, "2009-06-30": -6.2, "2009-03-31": "1.70000", "2008-12-31": -2.2, "2008-09-30": -88, "2008-06-30": -59.8, "2008-03-31": "94.30000"}, "Net Common Equity Issued/Repurchased": {"2020-09-30": 0.3, "2020-06-30": 0.3, "2020-03-31": "0.40000", "2019-12-31": 0.2, "2019-09-30": -121, "2019-06-30": 4.7, "2019-03-31": "0.70000", "2018-12-31": -99.2, "2018-09-30": 5.8, "2018-06-30": -47.2, "2018-03-31": "5.60000", "2017-12-31": -48.4, "2017-09-30": -97.1, "2017-06-30": 2.6, "2017-03-31": "4.30000", "2016-12-31": -78.1, "2016-09-30": 3.2, "2016-06-30": 8.5, "2016-03-31": "3.10000", "2015-12-31": 3.9, "2015-09-30": -200.7, "2015-06-30": -7.1, "2015-03-31": "-1.00000", "2014-12-31": 6.7, "2014-09-30": 4.8, "2014-06-30": 8.2, "2014-03-31": "7.90000", "2013-12-31": 4.5, "2013-09-30": 7.8, "2013-06-30": 9.3, "2013-03-31": "3.70000", "2012-12-31": 0.5, "2012-09-30": 1.6, "2012-06-30": 0.9, "2012-03-31": "0.30000", "2011-12-31": 0, "2011-09-30": 0.5, "2011-06-30": 4.4, "2011-03-31": "1.10000", "2010-12-31": 1.2, "2010-09-30": 2.2, "2010-06-30": 1.3, "2010-03-31": "0.20000", "2009-12-31": 310.3, "2009-09-30": 0, "2009-06-30": 0, "2009-03-31": "", "2008-12-31": 0, "2008-09-30": 0, "2008-06-30": -0.1, "2008-03-31": ""}, "Net Total Equity Issued/Repurchased": {"2020-09-30": 0.3, "2020-06-30": 550.4, "2020-03-31": "0.40000", "2019-12-31": 0.2, "2019-09-30": -121, "2019-06-30": 4.7, "2019-03-31": "0.70000", "2018-12-31": -99.2, "2018-09-30": 5.8, "2018-06-30": -47.2, "2018-03-31": "5.60000", "2017-12-31": -48.4, "2017-09-30": -97.1, "2017-06-30": 2.6, "2017-03-31": "4.30000", "2016-12-31": -78.1, "2016-09-30": 3.2, "2016-06-30": 8.5, "2016-03-31": "3.10000", "2015-12-31": 3.9, "2015-09-30": -200.7, "2015-06-30": -7.1, "2015-03-31": "-1.00000", "2014-12-31": 6.7, "2014-09-30": 4.8, "2014-06-30": 8.2, "2014-03-31": "7.90000", "2013-12-31": 4.5, "2013-09-30": 7.8, "2013-06-30": 9.3, "2013-03-31": "3.70000", "2012-12-31": 0.5, "2012-09-30": 1.6, "2012-06-30": 0.9, "2012-03-31": "0.30000", "2011-12-31": 0, "2011-09-30": 0.5, "2011-06-30": 4.4, "2011-03-31": "1.10000", "2010-12-31": 1.2, "2010-09-30": 2.2, "2010-06-30": 1.3, "2010-03-31": "0.20000", "2009-12-31": 310.3, "2009-09-30": 0, "2009-06-30": 0, "2009-03-31": "", "2008-12-31": 0, "2008-09-30": 0, "2008-06-30": -0.1, "2008-03-31": ""}, "Total Common And Preferred Stock Dividends Paid": {"2020-09-30": 0, "2020-06-30": -24.5, "2020-03-31": "-24.50000", "2019-12-31": -24.5, "2019-09-30": 0, "2019-06-30": -93.3, "2019-03-31": "-46.50000", "2018-12-31": -47.1, "2018-09-30": -47, "2018-06-30": -47.2, "2018-03-31": "-47.00000", "2017-12-31": -43.3, "2017-09-30": -43.9, "2017-06-30": -43.9, "2017-03-31": "-43.70000", "2016-12-31": -40.1, "2016-09-30": -40, "2016-06-30": -39.8, "2016-03-31": "-37.20000", "2015-12-31": -37.1, "2015-09-30": -38.3, "2015-06-30": -38.3, "2015-03-31": "-38.20000", "2014-12-31": -35.2, "2014-09-30": -35.1, "2014-06-30": -34.9, "2014-03-31": "-34.70000", "2013-12-31": -26.4, "2013-09-30": -26.2, "2013-06-30": -26, "2013-03-31": "", "2012-12-31": -26, "2012-09-30": 0, "2012-06-30": 0, "2012-03-31": "", "2011-12-31": 0, "2011-09-30": 0, "2011-06-30": 0, "2011-03-31": "", "2010-12-31": 0, "2010-09-30": 0, "2010-06-30": 0, "2010-03-31": "", "2009-12-31": 0, "2009-09-30": 0, "2009-06-30": 0, "2009-03-31": "", "2008-12-31": 0, "2008-09-30": 0, "2008-06-30": 0, "2008-03-31": ""}, "Financial Activities - Other": {"2020-09-30": -14.5, "2020-06-30": -26.1, "2020-03-31": "-25.70000", "2019-12-31": -9.6, "2019-09-30": -13.8, "2019-06-30": 1270.6, "2019-03-31": "-14.80000", "2018-12-31": -20.9, "2018-09-30": 0.5, "2018-06-30": -12, "2018-03-31": "-12.70000", "2017-12-31": -7.2, "2017-09-30": -1.8, "2017-06-30": -28.5, "2017-03-31": "-6.70000", "2016-12-31": -22.8, "2016-09-30": 0, "2016-06-30": -1.7, "2016-03-31": "-22.40000", "2015-12-31": -6.5, "2015-09-30": -0.8, "2015-06-30": -9.3, "2015-03-31": "2.30000", "2014-12-31": 0.3, "2014-09-30": 0.7, "2014-06-30": 0.7, "2014-03-31": "-10.10000", "2013-12-31": 2.3, "2013-09-30": 0.6, "2013-06-30": -9, "2013-03-31": "-16.10000", "2012-12-31": -3.8, "2012-09-30": -0.5, "2012-06-30": -0.5, "2012-03-31": "-3.20000", "2011-12-31": 0.3, "2011-09-30": -1.4, "2011-06-30": -30.7, "2011-03-31": "-2.00000", "2010-12-31": -3.8, "2010-09-30": 2.2, "2010-06-30": 0, "2010-03-31": "", "2009-12-31": -7, "2009-09-30": 0, "2009-06-30": -1.6, "2009-03-31": "", "2008-12-31": -0.2, "2008-09-30": 0, "2008-06-30": -0.7, "2008-03-31": "-0.50000"}, "Cash Flow From Financial Activities": {"2020-09-30": 368.8, "2020-06-30": -82.7, "2020-03-31": "-197.20000", "2019-12-31": -23.3, "2019-09-30": 247.1, "2019-06-30": -51.7, "2019-03-31": "-18.30000", "2018-12-31": -114.4, "2018-09-30": -48.2, "2018-06-30": -115.7, "2018-03-31": "-41.80000", "2017-12-31": -34.5, "2017-09-30": -110.9, "2017-06-30": 174.2, "2017-03-31": "-136.40000", "2016-12-31": -69.4, "2016-09-30": -15.2, "2016-06-30": -25.4, "2016-03-31": "546.00000", "2015-12-31": 33.8, "2015-09-30": -101.8, "2015-06-30": 169.9, "2015-03-31": "-14.50000", "2014-12-31": -39.2, "2014-09-30": 13.8, "2014-06-30": -19.9, "2014-03-31": "-3.20000", "2013-12-31": -30.1, "2013-09-30": -40.1, "2013-06-30": -155.5, "2013-03-31": "149.10000", "2012-12-31": 8.8, "2012-09-30": -7.2, "2012-06-30": -5.5, "2012-03-31": "-49.60000", "2011-12-31": 104.2, "2011-09-30": 6.3, "2011-06-30": -51.6, "2011-03-31": "34.10000", "2010-12-31": -165.9, "2010-09-30": 37.5, "2010-06-30": 28.3, "2010-03-31": "181.10000", "2009-12-31": -1.3, "2009-09-30": 28.6, "2009-06-30": -7.8, "2009-03-31": "1.70000", "2008-12-31": -39.9, "2008-09-30": -88, "2008-06-30": -60.6, "2008-03-31": "93.80000"}, "Net Cash Flow": {"2020-09-30": 312.9, "2020-06-30": 611, "2020-03-31": "-153.40000", "2019-12-31": 29, "2019-09-30": 275.2, "2019-06-30": 33, "2019-03-31": "-81.00000", "2018-12-31": -119.2, "2018-09-30": 80.8, "2018-06-30": 24.8, "2018-03-31": "14.80000", "2017-12-31": -105.4, "2017-09-30": -98, "2017-06-30": 342.3, "2017-03-31": "-13.30000", "2016-12-31": -119.6, "2016-09-30": 8.4, "2016-06-30": -361.6, "2016-03-31": "521.30000", "2015-12-31": 29.7, "2015-09-30": -79.5, "2015-06-30": 26.4, "2015-03-31": "25.50000", "2014-12-31": -62, "2014-09-30": -70.4, "2014-06-30": 34.1, "2014-03-31": "59.60000", "2013-12-31": -4.4, "2013-09-30": 27.9, "2013-06-30": -154, "2013-03-31": "213.40000", "2012-12-31": -55, "2012-09-30": 46.6, "2012-06-30": -8.1, "2012-03-31": "27.80000", "2011-12-31": -106.2, "2011-09-30": 3.3, "2011-06-30": -42, "2011-03-31": "123.20000", "2010-12-31": -260.7, "2010-09-30": 90.4, "2010-06-30": 61.4, "2010-03-31": "-135.90000", "2009-12-31": -16.9, "2009-09-30": 116.7, "2009-06-30": 67.6, "2009-03-31": "38.10000", "2008-12-31": -42.8, "2008-09-30": 53.7, "2008-06-30": -26.4, "2008-03-31": "-30.20000"}, "Stock-Based Compensation": {"2020-09-30": 3.5, "2020-06-30": 2.6, "2020-03-31": "5.00000", "2019-12-31": 5, "2019-09-30": 4.3, "2019-06-30": 3.9, "2019-03-31": "6.40000", "2018-12-31": 4.3, "2018-09-30": 5.7, "2018-06-30": 3.2, "2018-03-31": "6.40000", "2017-12-31": 3.6, "2017-09-30": 5.8, "2017-06-30": 5.2, "2017-03-31": "5.80000", "2016-12-31": 3.9, "2016-09-30": 4.4, "2016-06-30": 4.6, "2016-03-31": "5.20000", "2015-12-31": 2.7, "2015-09-30": 3.2, "2015-06-30": 3.2, "2015-03-31": "2.60000", "2014-12-31": 1.5, "2014-09-30": 5.7, "2014-06-30": 5.7, "2014-03-31": "15.10000", "2013-12-31": 50.4, "2013-09-30": 12.4, "2013-06-30": 5, "2013-03-31": "-0.60000", "2012-12-31": 2.3, "2012-09-30": 7.6, "2012-06-30": 5, "2012-03-31": "8.30000", "2011-12-31": 6.3, "2011-09-30": -8.5, "2011-06-30": 11.5, "2011-03-31": "7.70000", "2010-12-31": 7.4, "2010-09-30": 5.2, "2010-06-30": 0.4, "2010-03-31": "6.80000", "2009-12-31": 0.7, "2009-09-30": 14.8, "2009-06-30": 0.5, "2009-03-31": "0.40000", "2008-12-31": 0.4, "2008-09-30": -6.8, "2008-06-30": 1.5, "2008-03-31": "1.10000"}, "Common Stock Dividends Paid": {"2020-09-30": 0, "2020-06-30": -24.5, "2020-03-31": "-24.50000", "2019-12-31": -24.5, "2019-09-30": 0, "2019-06-30": -93.3, "2019-03-31": "-46.50000", "2018-12-31": -47.1, "2018-09-30": -47, "2018-06-30": -47.2, "2018-03-31": "-47.00000", "2017-12-31": -43.3, "2017-09-30": -43.9, "2017-06-30": -43.9, "2017-03-31": "-43.70000", "2016-12-31": -40.1, "2016-09-30": -40, "2016-06-30": -39.8, "2016-03-31": "-37.20000", "2015-12-31": -37.1, "2015-09-30": -38.3, "2015-06-30": -38.3, "2015-03-31": "-38.20000", "2014-12-31": -35.2, "2014-09-30": -35.1, "2014-06-30": -34.9, "2014-03-31": "-34.70000", "2013-12-31": -26.4, "2013-09-30": -26.2, "2013-06-30": -26, "2013-03-31": "", "2012-12-31": -26, "2012-09-30": 0, "2012-06-30": 0, "2012-03-31": "", "2011-12-31": 0, "2011-09-30": 0, "2011-06-30": 0, "2011-03-31": "", "2010-12-31": 0, "2010-09-30": 0, "2010-06-30": 0, "2010-03-31": "", "2009-12-31": 0, "2009-09-30": 0, "2009-06-30": 0, "2009-03-31": "", "2008-12-31": 0, "2008-09-30": 0, "2008-06-30": 0, "2008-03-31": ""}}, "financial ratios": {"Current Ratio": {"2019-12-31": "1.28870", "2018-12-31": "1.26260", "2017-12-31": "1.31320", "2016-12-31": "1.21680", "2015-12-31": "1.10490", "2014-12-31": "1.30450", "2013-12-31": "1.24880", "2012-12-31": "1.22880", "2011-12-31": "1.14800", "2010-12-31": "1.29780", "2009-12-31": "1.46620", "2008-12-31": "1.67860", "2007-12-31": "1.96170"}, "Long-term Debt / Capital": {"2019-12-31": "0.53010", "2018-12-31": "0.64450", "2017-12-31": "0.64240", "2016-12-31": "0.62860", "2015-12-31": "0.55250", "2014-12-31": "0.52890", "2013-12-31": "0.53930", "2012-12-31": "0.55140", "2011-12-31": "0.57500", "2010-12-31": "0.60110", "2009-12-31": "0.64200", "2008-12-31": "0.77070", "2007-12-31": "0.71960"}, "Debt/Equity Ratio": {"2019-12-31": "1.14540", "2018-12-31": "1.82170", "2017-12-31": "1.80490", "2016-12-31": "1.76790", "2015-12-31": "1.34560", "2014-12-31": "1.13390", "2013-12-31": "1.19260", "2012-12-31": "1.25950", "2011-12-31": "1.41660", "2010-12-31": "1.50710", "2009-12-31": "1.99120", "2008-12-31": "3.36670", "2007-12-31": "2.58160"}, "Gross Margin": {"2019-12-31": "41.87070", "2018-12-31": "45.90220", "2017-12-31": "45.99340", "2016-12-31": "41.98910", "2015-12-31": "42.44780", "2014-12-31": "43.26440", "2013-12-31": "43.30280", "2012-12-31": "44.63180", "2011-12-31": "45.12010", "2010-12-31": "44.73280", "2009-12-31": "42.35090", "2008-12-31": "40.55550", "2007-12-31": "43.10850"}, "Operating Margin": {"2019-12-31": "11.29090", "2018-12-31": "13.92260", "2017-12-31": "14.58370", "2016-12-31": "15.84080", "2015-12-31": "15.88120", "2014-12-31": "15.62680", "2013-12-31": "11.81150", "2012-12-31": "13.59890", "2011-12-31": "14.94460", "2010-12-31": "14.74820", "2009-12-31": "11.25320", "2008-12-31": "-0.70560", "2007-12-31": "9.64820"}, "EBIT Margin": {"2019-12-31": "11.29090", "2018-12-31": "13.92260", "2017-12-31": "14.58370", "2016-12-31": "15.84080", "2015-12-31": "15.88120", "2014-12-31": "15.62680", "2013-12-31": "11.81150", "2012-12-31": "13.59890", "2011-12-31": "14.94460", "2010-12-31": "14.74820", "2009-12-31": "11.25320", "2008-12-31": "-0.70560", "2007-12-31": "9.64820"}, "EBITDA Margin": {"2019-12-31": "18.51250", "2018-12-31": "21.41400", "2017-12-31": "22.70860", "2016-12-31": "23.75800", "2015-12-31": "24.05780", "2014-12-31": "24.07120", "2013-12-31": "21.26720", "2012-12-31": "23.64780", "2011-12-31": "25.01190", "2010-12-31": "24.89850", "2009-12-31": "21.96490", "2008-12-31": "19.66240", "2007-12-31": "21.96230"}, "Pre-Tax Profit Margin": {"2019-12-31": "4.67670", "2018-12-31": "6.21830", "2017-12-31": "7.07520", "2016-12-31": "11.27900", "2015-12-31": "12.65520", "2014-12-31": "10.96400", "2013-12-31": "6.86510", "2012-12-31": "7.72130", "2011-12-31": "4.77120", "2010-12-31": "5.31110", "2009-12-31": "1.97640", "2008-12-31": "-13.97760", "2007-12-31": "-4.37980"}, "Net Profit Margin": {"2019-12-31": "6.77590", "2018-12-31": "13.42720", "2017-12-31": "16.16940", "2016-12-31": "7.06010", "2015-12-31": "7.97590", "2014-12-31": "7.00460", "2013-12-31": "3.11510", "2012-12-31": "4.68570", "2011-12-31": "3.82760", "2010-12-31": "3.81870", "2009-12-31": "1.33680", "2008-12-31": "-12.20500", "2007-12-31": "-3.47300"}, "Asset Turnover": {"2019-12-31": "0.42270", "2018-12-31": "0.33900", "2017-12-31": "0.32050", "2016-12-31": "0.48040", "2015-12-31": "0.46620", "2014-12-31": "0.45160", "2013-12-31": "0.42390", "2012-12-31": "0.39890", "2011-12-31": "0.39470", "2010-12-31": "0.40280", "2009-12-31": "0.40820", "2008-12-31": "0.42610", "2007-12-31": "0.24340"}, "Inventory Turnover Ratio": {"2019-12-31": "", "2018-12-31": "", "2017-12-31": "", "2016-12-31": "", "2015-12-31": "", "2014-12-31": "", "2013-12-31": "", "2012-12-31": "", "2011-12-31": "", "2010-12-31": "", "2009-12-31": "", "2008-12-31": "", "2007-12-31": ""}, "Receiveable Turnover": {"2019-12-31": "6.08070", "2018-12-31": "5.37350", "2017-12-31": "3.08590", "2016-12-31": "4.61280", "2015-12-31": "5.25610", "2014-12-31": "6.02440", "2013-12-31": "6.13410", "2012-12-31": "5.73420", "2011-12-31": "6.34260", "2010-12-31": "6.70320", "2009-12-31": "5.10140", "2008-12-31": "5.38260", "2007-12-31": "3.15270"}, "Days Sales In Receivables": {"2019-12-31": "60.02640", "2018-12-31": "67.92570", "2017-12-31": "118.28100", "2016-12-31": "79.12720", "2015-12-31": "69.44310", "2014-12-31": "60.58670", "2013-12-31": "59.50380", "2012-12-31": "63.65290", "2011-12-31": "57.54710", "2010-12-31": "54.45160", "2009-12-31": "71.54880", "2008-12-31": "67.81160", "2007-12-31": "115.77530"}, "ROE - Return On Equity": {"2019-12-31": "5.59930", "2018-12-31": "8.03170", "2017-12-31": "11.71800", "2016-12-31": "15.91640", "2015-12-31": "15.48230", "2014-12-31": "10.94310", "2013-12-31": "4.56880", "2012-12-31": "6.37250", "2011-12-31": "5.37520", "2010-12-31": "5.59220", "2009-12-31": "2.03240", "2008-12-31": "-28.79980", "2007-12-31": "-3.77860"}, "Return On Tangible Equity": {"2019-12-31": "-13.63030", "2018-12-31": "-16.50530", "2017-12-31": "-12.14240", "2016-12-31": "-15.43590", "2015-12-31": "-18.85270", "2014-12-31": "-17.84550", "2013-12-31": "-6.15290", "2012-12-31": "-7.93100", "2011-12-31": "-5.40340", "2010-12-31": "-5.38740", "2009-12-31": "-1.64930", "2008-12-31": "11.72130", "2007-12-31": "2.25320"}, "ROA - Return On Assets": {"2019-12-31": "1.40400", "2018-12-31": "1.63190", "2017-12-31": "2.49130", "2016-12-31": "3.39150", "2015-12-31": "3.71830", "2014-12-31": "3.16360", "2013-12-31": "1.32040", "2012-12-31": "1.86900", "2011-12-31": "1.51070", "2010-12-31": "1.53810", "2009-12-31": "0.54570", "2008-12-31": "-5.20010", "2007-12-31": "-0.84530"}, "ROI - Return On Investment": {"2019-12-31": "2.63140", "2018-12-31": "2.85540", "2017-12-31": "4.19010", "2016-12-31": "5.91110", "2015-12-31": "6.92860", "2014-12-31": "5.15580", "2013-12-31": "2.10480", "2012-12-31": "2.85870", "2011-12-31": "2.28470", "2010-12-31": "2.23060", "2009-12-31": "0.72750", "2008-12-31": "-6.60440", "2007-12-31": "-1.05960"}, "Book Value Per Share": {"2019-12-31": "12.80880", "2018-12-31": "11.01840", "2017-12-31": "11.05540", "2016-12-31": "10.22620", "2015-12-31": "10.05920", "2014-12-31": "10.94780", "2013-12-31": "10.65830", "2012-12-31": "10.56430", "2011-12-31": "9.85680", "2010-12-31": "9.18560", "2009-12-31": "8.48640", "2008-12-31": "7.02550", "2007-12-31": "94.86200"}, "Operating Cash Flow Per Share": {"2019-12-31": -1.2489, "2018-12-31": 0.9975, "2017-12-31": 1.6122, "2016-12-31": -0.6704, "2015-12-31": 0.3463, "2014-12-31": -0.0408, "2013-12-31": 0.9946, "2012-12-31": -0.1314, "2011-12-31": -1.2216, "2010-12-31": 1.1207, "2009-12-31": 0.2163, "2008-12-31": 1.1966, "2007-12-31": 0.9072}, "Free Cash Flow Per Share": {"2019-12-31": -1.4973, "2018-12-31": 0.735, "2017-12-31": 2.0222, "2016-12-31": -0.841, "2015-12-31": 0.1063, "2014-12-31": -0.0606, "2013-12-31": 1.0027, "2012-12-31": -0.2037, "2011-12-31": -1.2762, "2010-12-31": 1.0886, "2009-12-31": 0.138, "2008-12-31": 1.3278, "2007-12-31": 0.3205}}, "financial ratios, quarterly": {"Current Ratio": {"2020-09-30": "1.56070", "2020-06-30": "1.61800", "2020-03-31": "1.34380", "2019-12-31": "1.28870", "2019-09-30": "1.29470", "2019-06-30": "1.14260", "2019-03-31": "1.17470", "2018-12-31": "1.26260", "2018-09-30": "1.32260", "2018-06-30": "1.31090", "2018-03-31": "1.29800", "2017-12-31": "1.31320", "2017-09-30": "1.35210", "2017-06-30": "1.38590", "2017-03-31": "1.23740", "2016-12-31": "1.21680", "2016-09-30": "1.28480", "2016-06-30": "1.27950", "2016-03-31": "1.42600", "2015-12-31": "1.10490", "2015-09-30": "1.11020", "2015-06-30": "1.20520", "2015-03-31": "1.28900", "2014-12-31": "1.30450", "2014-09-30": "1.27660", "2014-06-30": "1.29100", "2014-03-31": "1.26000", "2013-12-31": "1.24880", "2013-09-30": "1.25580", "2013-06-30": "1.21170", "2013-03-31": "1.19710", "2012-12-31": "1.22880", "2012-09-30": "1.25180", "2012-06-30": "1.22170", "2012-03-31": "1.19170", "2011-12-31": "1.14800", "2011-09-30": "1.30630", "2011-06-30": "1.25450", "2011-03-31": "1.30510", "2010-12-31": "1.29780", "2010-09-30": "1.42820", "2010-06-30": "1.38180", "2010-03-31": "1.31020", "2009-12-31": "1.46620", "2009-09-30": "1.78810", "2009-06-30": "1.79120", "2009-03-31": "1.66170", "2008-12-31": "1.67860", "2008-09-30": "1.68150", "2008-06-30": "1.59550", "2008-03-31": "1.53210"}, "Long-term Debt / Capital": {"2020-09-30": "0.53580", "2020-06-30": "0.54430", "2020-03-31": "0.54200", "2019-12-31": "0.53010", "2019-09-30": "0.53250", "2019-06-30": "0.44250", "2019-03-31": "0.63820", "2018-12-31": "0.64450", "2018-09-30": "0.62990", "2018-06-30": "0.63760", "2018-03-31": "0.63670", "2017-12-31": "0.64240", "2017-09-30": "0.65570", "2017-06-30": "0.64670", "2017-03-31": "0.62270", "2016-12-31": "0.62860", "2016-09-30": "0.61610", "2016-06-30": "0.61970", "2016-03-31": "0.62620", "2015-12-31": "0.55250", "2015-09-30": "0.55590", "2015-06-30": "0.52360", "2015-03-31": "0.52770", "2014-12-31": "0.52890", "2014-09-30": "0.53150", "2014-06-30": "0.53410", "2014-03-31": "0.54110", "2013-12-31": "0.53930", "2013-09-30": "0.54400", "2013-06-30": "0.54850", "2013-03-31": "0.55130", "2012-12-31": "0.55140", "2012-09-30": "0.55530", "2012-06-30": "0.56230", "2012-03-31": "0.56720", "2011-12-31": "0.57500", "2011-09-30": "0.58100", "2011-06-30": "0.58110", "2011-03-31": "0.59010", "2010-12-31": "0.60110", "2010-09-30": "0.62360", "2010-06-30": "0.63190", "2010-03-31": "0.63520", "2009-12-31": "0.64200", "2009-09-30": "0.75900", "2009-06-30": "0.76700", "2009-03-31": "0.77490", "2008-12-31": "0.77070", "2008-09-30": "0.75450", "2008-06-30": "0.71970", "2008-03-31": "0.72320"}, "Debt/Equity Ratio": {"2020-09-30": "1.17060", "2020-06-30": "1.21180", "2020-03-31": "1.20060", "2019-12-31": "1.14540", "2019-09-30": "1.15540", "2019-06-30": "0.84690", "2019-03-31": "1.84840", "2018-12-31": "1.82170", "2018-09-30": "1.71330", "2018-06-30": "1.77100", "2018-03-31": "1.76380", "2017-12-31": "1.80490", "2017-09-30": "1.91620", "2017-06-30": "1.84220", "2017-03-31": "1.67680", "2016-12-31": "1.76790", "2016-09-30": "1.62170", "2016-06-30": "1.64670", "2016-03-31": "1.69290", "2015-12-31": "1.34560", "2015-09-30": "1.35660", "2015-06-30": "1.11040", "2015-03-31": "1.11750", "2014-12-31": "1.13390", "2014-09-30": "1.14480", "2014-06-30": "1.15820", "2014-03-31": "1.19090", "2013-12-31": "1.19260", "2013-09-30": "1.19300", "2013-06-30": "1.21480", "2013-03-31": "1.35960", "2012-12-31": "1.25950", "2012-09-30": "1.26070", "2012-06-30": "1.29670", "2012-03-31": "1.32300", "2011-12-31": "1.41660", "2011-09-30": "1.39980", "2011-06-30": "1.40010", "2011-03-31": "1.43960", "2010-12-31": "1.50710", "2010-09-30": "1.65650", "2010-06-30": "1.71680", "2010-03-31": "1.74110", "2009-12-31": "1.99120", "2009-09-30": "3.14970", "2009-06-30": "3.29190", "2009-03-31": "3.44240", "2008-12-31": "3.36670", "2008-09-30": "3.07300", "2008-06-30": "2.58880", "2008-03-31": "2.65700"}, "Gross Margin": {"2020-09-30": "44.45760", "2020-06-30": "43.89020", "2020-03-31": "38.86910", "2019-12-31": "41.17380", "2019-09-30": "41.45890", "2019-06-30": "41.95520", "2019-03-31": "42.87990", "2018-12-31": "51.03320", "2018-09-30": "45.99940", "2018-06-30": "47.03240", "2018-03-31": "43.71380", "2017-12-31": "23.05350", "2017-09-30": "43.15540", "2017-06-30": "43.85780", "2017-03-31": "42.16480", "2016-12-31": "39.99020", "2016-09-30": "41.80600", "2016-06-30": "43.23400", "2016-03-31": "43.03050", "2015-12-31": "38.37970", "2015-09-30": "43.28780", "2015-06-30": "44.32630", "2015-03-31": "44.32320", "2014-12-31": "39.75700", "2014-09-30": "44.32180", "2014-06-30": "44.99660", "2014-03-31": "44.41590", "2013-12-31": "43.45170", "2013-09-30": "44.50070", "2013-06-30": "44.79130", "2013-03-31": "40.56670", "2012-12-31": "41.17890", "2012-09-30": "44.38830", "2012-06-30": "46.05450", "2012-03-31": "46.85340", "2011-12-31": "43.93500", "2011-09-30": "44.93430", "2011-06-30": "46.18150", "2011-03-31": "45.43020", "2010-12-31": "42.52620", "2010-09-30": "45.74440", "2010-06-30": "46.44680", "2010-03-31": "44.15360", "2009-12-31": "42.09530", "2009-09-30": "44.29200", "2009-06-30": "43.83970", "2009-03-31": "39.23160", "2008-12-31": "34.35130", "2008-09-30": "41.20560", "2008-06-30": "43.24440", "2008-03-31": "42.52330"}, "Operating Margin": {"2020-09-30": "14.55530", "2020-06-30": "-1.12170", "2020-03-31": "6.32070", "2019-12-31": "9.17620", "2019-09-30": "12.20970", "2019-06-30": "12.59910", "2019-03-31": "11.04990", "2018-12-31": "-1.75440", "2018-09-30": "13.97780", "2018-06-30": "16.23360", "2018-03-31": "16.60180", "2017-12-31": "35.31020", "2017-09-30": "16.83270", "2017-06-30": "18.32170", "2017-03-31": "16.55900", "2016-12-31": "13.75200", "2016-09-30": "15.61550", "2016-06-30": "17.12110", "2016-03-31": "16.98540", "2015-12-31": "13.21600", "2015-09-30": "15.89920", "2015-06-30": "17.69710", "2015-03-31": "17.06200", "2014-12-31": "14.68490", "2014-09-30": "16.24510", "2014-06-30": "17.23020", "2014-03-31": "14.45700", "2013-12-31": "5.49390", "2013-09-30": "12.66630", "2013-06-30": "15.01660", "2013-03-31": "14.00650", "2012-12-31": "11.60630", "2012-09-30": "12.99220", "2012-06-30": "15.00310", "2012-03-31": "14.75640", "2011-12-31": "11.58820", "2011-09-30": "17.27900", "2011-06-30": "15.92980", "2011-03-31": "15.14340", "2010-12-31": "10.67050", "2010-09-30": "15.96680", "2010-06-30": "18.23410", "2010-03-31": "13.98340", "2009-12-31": "10.12270", "2009-09-30": "11.04390", "2009-06-30": "14.37030", "2009-03-31": "9.44630", "2008-12-31": "-1.99390", "2008-09-30": "-26.74310", "2008-06-30": "13.02030", "2008-03-31": "11.53430"}, "EBIT Margin": {"2020-09-30": "14.55530", "2020-06-30": "-1.12170", "2020-03-31": "6.32070", "2019-12-31": "9.17620", "2019-09-30": "12.20970", "2019-06-30": "12.59910", "2019-03-31": "11.04990", "2018-12-31": "-1.75440", "2018-09-30": "13.97780", "2018-06-30": "16.23360", "2018-03-31": "16.60180", "2017-12-31": "35.31020", "2017-09-30": "16.83270", "2017-06-30": "18.32170", "2017-03-31": "16.55900", "2016-12-31": "13.75200", "2016-09-30": "15.61550", "2016-06-30": "17.12110", "2016-03-31": "16.98540", "2015-12-31": "13.21600", "2015-09-30": "15.89920", "2015-06-30": "17.69710", "2015-03-31": "17.06200", "2014-12-31": "14.68490", "2014-09-30": "16.24510", "2014-06-30": "17.23020", "2014-03-31": "14.45700", "2013-12-31": "5.49390", "2013-09-30": "12.66630", "2013-06-30": "15.01660", "2013-03-31": "14.00650", "2012-12-31": "11.60630", "2012-09-30": "12.99220", "2012-06-30": "15.00310", "2012-03-31": "14.75640", "2011-12-31": "11.58820", "2011-09-30": "17.27900", "2011-06-30": "15.92980", "2011-03-31": "15.14340", "2010-12-31": "10.67050", "2010-09-30": "15.96680", "2010-06-30": "18.23410", "2010-03-31": "13.98340", "2009-12-31": "10.12270", "2009-09-30": "11.04390", "2009-06-30": "14.37030", "2009-03-31": "9.44630", "2008-12-31": "-1.99390", "2008-09-30": "-26.74310", "2008-06-30": "13.02030", "2008-03-31": "11.53430"}, "EBITDA Margin": {"2020-09-30": "", "2020-06-30": "", "2020-03-31": "", "2019-12-31": "", "2019-09-30": "", "2019-06-30": "", "2019-03-31": "", "2018-12-31": "", "2018-09-30": "", "2018-06-30": "", "2018-03-31": "", "2017-12-31": "", "2017-09-30": "", "2017-06-30": "", "2017-03-31": "", "2016-12-31": "", "2016-09-30": "", "2016-06-30": "", "2016-03-31": "", "2015-12-31": "", "2015-09-30": "", "2015-06-30": "", "2015-03-31": "", "2014-12-31": "", "2014-09-30": "", "2014-06-30": "", "2014-03-31": "", "2013-12-31": "", "2013-09-30": "", "2013-06-30": "", "2013-03-31": "", "2012-12-31": "", "2012-09-30": "", "2012-06-30": "", "2012-03-31": "", "2011-12-31": "", "2011-09-30": "", "2011-06-30": "", "2011-03-31": "", "2010-12-31": "", "2010-09-30": "", "2010-06-30": "", "2010-03-31": "", "2009-12-31": "", "2009-09-30": "", "2009-06-30": "", "2009-03-31": "", "2008-12-31": "", "2008-09-30": "", "2008-06-30": "", "2008-03-31": ""}, "Pre-Tax Profit Margin": {"2020-09-30": "9.77090", "2020-06-30": "-8.80670", "2020-03-31": "0.74360", "2019-12-31": "3.66450", "2019-09-30": "6.78160", "2019-06-30": "5.02020", "2019-03-31": "3.16130", "2018-12-31": "-22.37820", "2018-09-30": "6.46640", "2018-06-30": "8.54990", "2018-03-31": "12.24620", "2017-12-31": "41.51460", "2017-09-30": "11.92170", "2017-06-30": "10.61770", "2017-03-31": "11.92020", "2016-12-31": "8.87300", "2016-09-30": "10.91690", "2016-06-30": "12.61890", "2016-03-31": "12.84450", "2015-12-31": "10.25640", "2015-09-30": "12.28440", "2015-06-30": "14.32480", "2015-03-31": "14.08920", "2014-12-31": "11.79950", "2014-09-30": "12.88410", "2014-06-30": "13.81490", "2014-03-31": "5.22440", "2013-12-31": "0.81390", "2013-09-30": "7.94450", "2013-06-30": "10.39900", "2013-03-31": "8.26760", "2012-12-31": "6.09680", "2012-09-30": "6.94880", "2012-06-30": "9.03870", "2012-03-31": "8.75910", "2011-12-31": "4.89790", "2011-09-30": "10.44310", "2011-06-30": "-4.48490", "2011-03-31": "8.41760", "2010-12-31": "1.06930", "2010-09-30": "8.24160", "2010-06-30": "10.31920", "2010-03-31": "1.48340", "2009-12-31": "1.27420", "2009-09-30": "3.02260", "2009-06-30": "5.10130", "2009-03-31": "-1.46890", "2008-12-31": "-19.33370", "2008-09-30": "-39.38370", "2008-06-30": "2.34790", "2008-03-31": "-1.49320"}, "Net Profit Margin": {"2020-09-30": "5.05390", "2020-06-30": "-8.21000", "2020-03-31": "0.43380", "2019-12-31": "2.94950", "2019-09-30": "5.02920", "2019-06-30": "7.73190", "2019-03-31": "11.28190", "2018-12-31": "26.23780", "2018-09-30": "12.65510", "2018-06-30": "14.95030", "2018-03-31": "9.46870", "2017-12-31": "-52.55480", "2017-09-30": "7.44960", "2017-06-30": "6.66670", "2017-03-31": "7.98520", "2016-12-31": "5.59170", "2016-09-30": "6.88960", "2016-06-30": "7.83770", "2016-03-31": "8.00470", "2015-12-31": "6.58760", "2015-09-30": "7.84460", "2015-06-30": "9.03840", "2015-03-31": "8.61800", "2014-12-31": "7.63860", "2014-09-30": "8.06310", "2014-06-30": "8.67490", "2014-03-31": "3.54570", "2013-12-31": "-3.25560", "2013-09-30": "4.27210", "2013-06-30": "6.16920", "2013-03-31": "5.21880", "2012-12-31": "4.63840", "2012-09-30": "4.04300", "2012-06-30": "4.89850", "2012-03-31": "5.12920", "2011-12-31": "3.02210", "2011-09-30": "7.16990", "2011-06-30": "-3.02520", "2011-03-31": "8.21130", "2010-12-31": "1.62620", "2010-09-30": "5.74890", "2010-06-30": "6.08510", "2010-03-31": "1.76700", "2009-12-31": "1.25060", "2009-09-30": "1.99950", "2009-06-30": "2.91510", "2009-03-31": "-0.79100", "2008-12-31": "-12.44320", "2008-09-30": "-38.21410", "2008-06-30": "1.32340", "2008-03-31": "-0.69250"}, "Asset Turnover": {"2020-09-30": "0.08590", "2020-06-30": "0.06450", "2020-03-31": "0.10760", "2019-12-31": "0.10200", "2019-09-30": "0.10670", "2019-06-30": "0.11280", "2019-03-31": "0.08280", "2018-12-31": "0.03560", "2018-09-30": "0.08390", "2018-06-30": "0.08670", "2018-03-31": "0.13080", "2017-12-31": "-0.04710", "2017-09-30": "0.12210", "2017-06-30": "0.12510", "2017-03-31": "0.13170", "2016-12-31": "0.12410", "2016-09-30": "0.11990", "2016-06-30": "0.12000", "2016-03-31": "0.11680", "2015-12-31": "0.12700", "2015-09-30": "0.11640", "2015-06-30": "0.11440", "2015-03-31": "0.11550", "2014-12-31": "0.12300", "2014-09-30": "0.10970", "2014-06-30": "0.11090", "2014-03-31": "0.11150", "2013-12-31": "0.10540", "2013-09-30": "0.10420", "2013-06-30": "0.10580", "2013-03-31": "0.10640", "2012-12-31": "0.10030", "2012-09-30": "0.09640", "2012-06-30": "0.10020", "2012-03-31": "0.10440", "2011-12-31": "0.10040", "2011-09-30": "0.09740", "2011-06-30": "0.10170", "2011-03-31": "0.10240", "2010-12-31": "0.09920", "2010-09-30": "0.09380", "2010-06-30": "0.10100", "2010-03-31": "0.09900", "2009-12-31": "0.09970", "2009-09-30": "0.09920", "2009-06-30": "0.10360", "2009-03-31": "0.10510", "2008-12-31": "0.09530", "2008-09-30": "0.10230", "2008-06-30": "0.10170", "2008-03-31": "0.09870"}, "Inventory Turnover Ratio": {"2020-09-30": "", "2020-06-30": "", "2020-03-31": "", "2019-12-31": "", "2019-09-30": "", "2019-06-30": "", "2019-03-31": "", "2018-12-31": "", "2018-09-30": "", "2018-06-30": "", "2018-03-31": "", "2017-12-31": "", "2017-09-30": "", "2017-06-30": "", "2017-03-31": "", "2016-12-31": "", "2016-09-30": "", "2016-06-30": "", "2016-03-31": "", "2015-12-31": "", "2015-09-30": "", "2015-06-30": "", "2015-03-31": "", "2014-12-31": "", "2014-09-30": "", "2014-06-30": "", "2014-03-31": "", "2013-12-31": "", "2013-09-30": "", "2013-06-30": "", "2013-03-31": "", "2012-12-31": "", "2012-09-30": "", "2012-06-30": "", "2012-03-31": "", "2011-12-31": "", "2011-09-30": "", "2011-06-30": "", "2011-03-31": "", "2010-12-31": "", "2010-09-30": "", "2010-06-30": "", "2010-03-31": "", "2009-12-31": "", "2009-09-30": "", "2009-06-30": "", "2009-03-31": "", "2008-12-31": "", "2008-09-30": "", "2008-06-30": "", "2008-03-31": ""}, "Receiveable Turnover": {"2020-09-30": "1.20140", "2020-06-30": "0.71960", "2020-03-31": "2.64440", "2019-12-31": "1.46730", "2019-09-30": "1.37570", "2019-06-30": "1.21310", "2019-03-31": "0.71650", "2018-12-31": "0.56420", "2018-09-30": "0.71950", "2018-06-30": "0.74210", "2018-03-31": "0.98640", "2017-12-31": "-0.45320", "2017-09-30": "1.10640", "2017-06-30": "1.20680", "2017-03-31": "1.12110", "2016-12-31": "1.19150", "2016-09-30": "1.15810", "2016-06-30": "1.09300", "2016-03-31": "1.14390", "2015-12-31": "1.43230", "2015-09-30": "1.18630", "2015-06-30": "1.23460", "2015-03-31": "1.20390", "2014-12-31": "1.64130", "2014-09-30": "1.30770", "2014-06-30": "1.45450", "2014-03-31": "1.27630", "2013-12-31": "1.52580", "2013-09-30": "1.38480", "2013-06-30": "1.36580", "2013-03-31": "1.19150", "2012-12-31": "1.44190", "2012-09-30": "1.23250", "2012-06-30": "1.36130", "2012-03-31": "1.29580", "2011-12-31": "1.61330", "2011-09-30": "1.41230", "2011-06-30": "1.39320", "2011-03-31": "1.19680", "2010-12-31": "1.65100", "2010-09-30": "1.25080", "2010-06-30": "1.35800", "2010-03-31": "1.19940", "2009-12-31": "1.24570", "2009-09-30": "1.08530", "2009-06-30": "1.15010", "2009-03-31": "1.05560", "2008-12-31": "1.20390", "2008-09-30": "0.80620", "2008-06-30": "0.77880", "2008-03-31": "0.74920"}, "Days Sales In Receivables": {"2020-09-30": "74.91410", "2020-06-30": "125.07640", "2020-03-31": "34.03410", "2019-12-31": "61.33620", "2019-09-30": "65.41960", "2019-06-30": "74.19270", "2019-03-31": "125.61630", "2018-12-31": "159.50880", "2018-09-30": "125.09470", "2018-06-30": "121.28490", "2018-03-31": "91.24040", "2017-12-31": "-198.58580", "2017-09-30": "81.34160", "2017-06-30": "74.58040", "2017-03-31": "80.27930", "2016-12-31": "75.53280", "2016-09-30": "77.71280", "2016-06-30": "82.34120", "2016-03-31": "78.67730", "2015-12-31": "62.83550", "2015-09-30": "75.86620", "2015-06-30": "72.89690", "2015-03-31": "74.75810", "2014-12-31": "54.83370", "2014-09-30": "68.82530", "2014-06-30": "61.87500", "2014-03-31": "70.51390", "2013-12-31": "58.98450", "2013-09-30": "64.99160", "2013-06-30": "65.89580", "2013-03-31": "75.53800", "2012-12-31": "62.41850", "2012-09-30": "73.01960", "2012-06-30": "66.11190", "2012-03-31": "69.45750", "2011-12-31": "55.78570", "2011-09-30": "63.72750", "2011-06-30": "64.60120", "2011-03-31": "75.20120", "2010-12-31": "54.51320", "2010-09-30": "71.95150", "2010-06-30": "66.27450", "2010-03-31": "75.03930", "2009-12-31": "72.24630", "2009-09-30": "82.92720", "2009-06-30": "78.25550", "2009-03-31": "85.26100", "2008-12-31": "74.75770", "2008-09-30": "111.63970", "2008-06-30": "115.56880", "2008-03-31": "120.12980"}, "ROE - Return On Equity": {"2020-09-30": "2.93090", "2020-06-30": "-2.07780", "2020-03-31": "0.17810", "2019-12-31": "0.92720", "2019-09-30": "2.10290", "2019-06-30": "1.56340", "2019-03-31": "1.01830", "2018-12-31": "-2.77970", "2018-09-30": "1.97890", "2018-06-30": "2.47270", "2018-03-31": "5.92070", "2017-12-31": "-1.02360", "2017-09-30": "4.47710", "2017-06-30": "3.91300", "2017-03-31": "4.83780", "2016-12-31": "3.25630", "2016-09-30": "3.68110", "2016-06-30": "4.23490", "2016-03-31": "4.26350", "2015-12-31": "3.48460", "2015-09-30": "3.79810", "2015-06-30": "3.78500", "2015-03-31": "3.51590", "2014-12-31": "3.25120", "2014-09-30": "3.09490", "2014-06-30": "3.33750", "2014-03-31": "1.39500", "2013-12-31": "-1.18770", "2013-09-30": "1.53650", "2013-06-30": "2.28830", "2013-03-31": "2.01410", "2012-12-31": "1.58620", "2012-09-30": "1.32840", "2012-06-30": "1.69710", "2012-03-31": "1.87970", "2011-12-31": "1.07950", "2011-09-30": "2.45260", "2011-06-30": "-1.08710", "2011-03-31": "3.05470", "2010-12-31": "0.58650", "2010-09-30": "2.10040", "2010-06-30": "2.43200", "2010-03-31": "0.69850", "2009-12-31": "0.46430", "2009-09-30": "1.07370", "2009-06-30": "1.67010", "2009-03-31": "-0.47760", "2008-12-31": "-6.56720", "2008-09-30": "-20.38640", "2008-06-30": "0.61400", "2008-03-31": "-0.32200"}, "Return On Tangible Equity": {"2020-09-30": "-7.31140", "2020-06-30": "4.57120", "2020-03-31": "-0.38430", "2019-12-31": "-2.25700", "2019-09-30": "-4.99710", "2019-06-30": "-4.69260", "2019-03-31": "-0.98740", "2018-12-31": "5.71230", "2018-09-30": "-2.34550", "2018-06-30": "-2.71620", "2018-03-31": "-6.47900", "2017-12-31": "1.06070", "2017-09-30": "-4.43600", "2017-06-30": "-4.15700", "2017-03-31": "-5.00070", "2016-12-31": "-3.15800", "2016-09-30": "-4.15330", "2016-06-30": "-4.56460", "2016-03-31": "-5.61000", "2015-12-31": "-4.24320", "2015-09-30": "-4.50400", "2015-06-30": "-5.99500", "2015-03-31": "-5.85960", "2014-12-31": "-5.30200", "2014-09-30": "-4.83310", "2014-06-30": "-4.98430", "2014-03-31": "-1.92860", "2013-12-31": "1.59960", "2013-09-30": "-2.06300", "2013-06-30": "-2.90710", "2013-03-31": "-2.55670", "2012-12-31": "-1.97410", "2012-09-30": "-1.63820", "2012-06-30": "-1.94830", "2012-03-31": "-2.03990", "2011-12-31": "-1.08520", "2011-09-30": "-2.75170", "2011-06-30": "1.19590", "2011-03-31": "-3.25270", "2010-12-31": "-0.56510", "2010-09-30": "-2.00610", "2010-06-30": "-2.14510", "2010-03-31": "-0.58940", "2009-12-31": "-0.37680", "2009-09-30": "-0.48870", "2009-06-30": "-0.71050", "2009-03-31": "0.19010", "2008-12-31": "2.67280", "2008-09-30": "9.55840", "2008-06-30": "-0.34960", "2008-03-31": "0.17750"}, "ROA - Return On Assets": {"2020-09-30": "0.68160", "2020-06-30": "-0.49740", "2020-03-31": "0.04670", "2019-12-31": "0.23250", "2019-09-30": "0.52280", "2019-06-30": "0.42960", "2019-03-31": "0.18380", "2018-12-31": "-0.56480", "2018-09-30": "0.42330", "2018-06-30": "0.51990", "2018-03-31": "1.23860", "2017-12-31": "-0.21760", "2017-09-30": "0.90940", "2017-06-30": "0.83420", "2017-03-31": "1.05160", "2016-12-31": "0.69390", "2016-09-30": "0.82590", "2016-06-30": "0.94090", "2016-03-31": "0.93530", "2015-12-31": "0.83690", "2015-09-30": "0.91330", "2015-06-30": "1.03380", "2015-03-31": "0.99520", "2014-12-31": "0.93990", "2014-09-30": "0.88450", "2014-06-30": "0.96230", "2014-03-31": "0.39540", "2013-12-31": "-0.34330", "2013-09-30": "0.44510", "2013-06-30": "0.65270", "2013-03-31": "0.55540", "2012-12-31": "0.46520", "2012-09-30": "0.38980", "2012-06-30": "0.49090", "2012-03-31": "0.53560", "2011-12-31": "0.30340", "2011-09-30": "0.69820", "2011-06-30": "-0.30760", "2011-03-31": "0.84060", "2010-12-31": "0.16130", "2010-09-30": "0.53900", "2010-06-30": "0.61460", "2010-03-31": "0.17500", "2009-12-31": "0.12470", "2009-09-30": "0.19840", "2009-06-30": "0.30190", "2009-03-31": "-0.08320", "2008-12-31": "-1.18580", "2008-09-30": "-3.91020", "2008-06-30": "0.13450", "2008-03-31": "-0.06830"}, "ROI - Return On Investment": {"2020-09-30": "1.36060", "2020-06-30": "-0.94680", "2020-03-31": "0.08160", "2019-12-31": "0.43570", "2019-09-30": "0.98320", "2019-06-30": "0.87170", "2019-03-31": "0.36840", "2018-12-31": "-0.98820", "2018-09-30": "0.73240", "2018-06-30": "0.89620", "2018-03-31": "2.15080", "2017-12-31": "-0.36600", "2017-09-30": "1.54160", "2017-06-30": "1.38260", "2017-03-31": "1.82540", "2016-12-31": "1.20930", "2016-09-30": "1.41310", "2016-06-30": "1.61040", "2016-03-31": "1.59350", "2015-12-31": "1.55940", "2015-09-30": "1.68680", "2015-06-30": "1.80310", "2015-03-31": "1.66040", "2014-12-31": "1.53180", "2014-09-30": "1.45010", "2014-06-30": "1.55480", "2014-03-31": "0.64020", "2013-12-31": "-0.54720", "2013-09-30": "0.70060", "2013-06-30": "1.03320", "2013-03-31": "0.90380", "2012-12-31": "0.71160", "2012-09-30": "0.59070", "2012-06-30": "0.74280", "2012-03-31": "0.81350", "2011-12-31": "0.45880", "2011-09-30": "1.02750", "2011-06-30": "-0.45540", "2011-03-31": "1.25210", "2010-12-31": "0.23400", "2010-09-30": "0.79070", "2010-06-30": "0.89510", "2010-03-31": "0.25480", "2009-12-31": "0.16620", "2009-09-30": "0.25870", "2009-06-30": "0.38910", "2009-03-31": "-0.10750", "2008-12-31": "-1.50600", "2008-09-30": "-5.00530", "2008-06-30": "0.17210", "2008-03-31": "-0.08910"}, "Book Value Per Share": {"2020-09-30": "12.43370", "2020-06-30": "12.02940", "2020-03-31": "12.16920", "2019-12-31": "12.80880", "2019-09-30": "12.70400", "2019-06-30": "13.13350", "2019-03-31": "11.27490", "2018-12-31": "11.01840", "2018-09-30": "11.60110", "2018-06-30": "11.26900", "2018-03-31": "11.26360", "2017-12-31": "11.05540", "2017-09-30": "10.37020", "2017-06-30": "10.64510", "2017-03-31": "10.43110", "2016-12-31": "10.22620", "2016-09-30": "10.69900", "2016-06-30": "10.58120", "2016-03-31": "10.37000", "2015-12-31": "10.05920", "2015-09-30": "10.01590", "2015-06-30": "11.08200", "2015-03-31": "10.93190", "2014-12-31": "10.94780", "2014-09-30": "10.90060", "2014-06-30": "10.83780", "2014-03-31": "10.62090", "2013-12-31": "10.65830", "2013-09-30": "10.70430", "2013-06-30": "10.58750", "2013-03-31": "10.54190", "2012-12-31": "10.56430", "2012-09-30": "10.57980", "2012-06-30": "10.32260", "2012-03-31": "10.14810", "2011-12-31": "9.85680", "2011-09-30": "9.63490", "2011-06-30": "9.65670", "2011-03-31": "9.60150", "2010-12-31": "9.18560", "2010-09-30": "9.00550", "2010-06-30": "8.73230", "2010-03-31": "8.61840", "2009-12-31": "8.48640", "2009-09-30": "74.96490", "2009-06-30": "71.72670", "2009-03-31": "68.59150", "2008-12-31": "7.02550", "2008-09-30": "", "2008-06-30": "", "2008-03-31": ""}, "Operating Cash Flow Per Share": {"2020-09-30": 1.2426, "2020-06-30": 2.4582, "2020-03-31": "-0.37850", "2019-12-31": 0.6961, "2019-09-30": 1.0146, "2019-06-30": 1.7136, "2019-03-31": "0.65400", "2018-12-31": 1.1598, "2018-09-30": 1.4211, "2018-06-30": 1.6248, "2018-03-31": "1.12150", "2017-12-31": 0.7865, "2017-09-30": 0.8416, "2017-06-30": 1.6748, "2017-03-31": "1.02680", "2016-12-31": 0.6352, "2016-09-30": 0.9, "2016-06-30": 0.678, "2016-03-31": "0.50430", "2015-12-31": 1.1636, "2015-09-30": 0.8329, "2015-06-30": 0.7931, "2015-03-31": "0.59830", "2014-12-31": 0.7387, "2014-09-30": 0.671, "2014-06-30": 0.9768, "2014-03-31": "0.65510", "2013-12-31": 0.829, "2013-09-30": 0.6662, "2013-06-30": 0.9382, "2013-03-31": "0.64900", "2012-12-31": 0.378, "2012-09-30": 0.4837, "2012-06-30": 0.6882, "2012-03-31": "0.53790", "2011-12-31": 0.7311, "2011-09-30": 0.33, "2011-06-30": 0.5651, "2011-03-31": "0.59300", "2010-12-31": 0.3673, "2010-09-30": 0.6642, "2010-06-30": 0.7019, "2010-03-31": "1.70740", "2009-12-31": 0.0834, "2009-09-30": 0.9093, "2009-06-30": 0.9083, "2009-03-31": "0.41910", "2008-12-31": 2.0985, "2008-09-30": 0, "2008-06-30": 0, "2008-03-31": ""}, "Free Cash Flow Per Share": {"2020-09-30": 1.0384, "2020-06-30": 2.3247, "2020-03-31": "-0.60620", "2019-12-31": 0.4439, "2019-09-30": 0.6354, "2019-06-30": 1.3704, "2019-03-31": "0.41260", "2018-12-31": 0.8021, "2018-09-30": 1.1902, "2018-06-30": 1.53, "2018-03-31": "0.83730", "2017-12-31": 0.8788, "2017-09-30": 0.5868, "2017-06-30": 1.4005, "2017-03-31": "0.75850", "2016-12-31": 0.3683, "2016-09-30": 0.5938, "2016-06-30": 0.395, "2016-03-31": "0.24530", "2015-12-31": 0.8694, "2015-09-30": 0.6274, "2015-06-30": 0.5227, "2015-03-31": "0.42390", "2014-12-31": 0.5275, "2014-09-30": 0.5106, "2014-06-30": 0.8029, "2014-03-31": "0.49610", "2013-12-31": 0.6758, "2013-09-30": 0.5126, "2013-06-30": 0.7211, "2013-03-31": "0.48820", "2012-12-31": 0.0811, "2012-09-30": 0.3557, "2012-06-30": 0.5156, "2012-03-31": "0.44260", "2011-12-31": 0.5741, "2011-09-30": 0.1555, "2011-06-30": 0.3935, "2011-03-31": "0.47560", "2010-12-31": 0.0948, "2010-09-30": 0.5193, "2010-06-30": 0.6042, "2010-03-31": "1.65660", "2009-12-31": -0.0715, "2009-09-30": 0.7848, "2009-06-30": 0.7662, "2009-03-31": "0.30680", "2008-12-31": 1.6441, "2008-09-30": 0, "2008-06-30": 0, "2008-03-31": ""}}, "revenue": {"KAR Auction Services Annual Revenue (Millions of US $)": {"2019": "$2,782", "2018": "$2,443", "2017": "$2,239", "2016": "$3,150", "2015": "$2,691", "2014": "$2,417", "2013": "$2,173", "2012": "$1,963", "2011": "$1,886", "2010": "$1,823", "2009": "$1,736", "2008": "$1,771", "2007": "$1,103"}, "KAR Auction Services Quarterly Revenue (Millions of US $)": {"2020-09-30": "$594", "2020-06-30": "$419", "2020-03-31": "$646", "2019-12-31": "$671", "2019-09-30": "$702", "2019-06-30": "$719", "2019-03-31": "$690", "2018-12-31": "$257", "2018-09-30": "$612", "2018-06-30": "$623", "2018-03-31": "$951", "2017-12-31": "$-329", "2017-09-30": "$843", "2017-06-30": "$858", "2017-03-31": "$867", "2016-12-31": "$814", "2016-09-30": "$790", "2016-06-30": "$789", "2016-03-31": "$758", "2015-12-31": "$733", "2015-09-30": "$667", "2015-06-30": "$658", "2015-03-31": "$632", "2014-12-31": "$659", "2014-09-30": "$589", "2014-06-30": "$586", "2014-03-31": "$584", "2013-12-31": "$541", "2013-09-30": "$534", "2013-06-30": "$541", "2013-03-31": "$558", "2012-12-31": "$494", "2012-09-30": "$475", "2012-06-30": "$488", "2012-03-31": "$507", "2011-12-31": "$480", "2011-09-30": "$449", "2011-06-30": "$473", "2011-03-31": "$485", "2010-12-31": "$449", "2010-09-30": "$445", "2010-06-30": "$470", "2010-03-31": "$458", "2009-12-31": "$424", "2009-09-30": "$430", "2009-06-30": "$439", "2009-03-31": "$443", "2008-12-31": "$396", "2008-09-30": "$445", "2008-06-30": "$469", "2008-03-31": "$462"}}, "gross-profit": {"KAR Auction Services Annual Gross Profit (Millions of US $)": {"2019": "$1,165", "2018": "$1,121", "2017": "$1,030", "2016": "$1,323", "2015": "$1,142", "2014": "$1,046", "2013": "$941", "2012": "$876", "2011": "$851", "2010": "$815", "2009": "$734", "2008": "$718", "2007": "$475"}, "KAR Auction Services Quarterly Gross Profit (Millions of US $)": {"2020-09-30": "$264", "2020-06-30": "$184", "2020-03-31": "$251", "2019-12-31": "$276", "2019-09-30": "$291", "2019-06-30": "$302", "2019-03-31": "$296", "2018-12-31": "$131", "2018-09-30": "$282", "2018-06-30": "$293", "2018-03-31": "$416", "2017-12-31": "$-76", "2017-09-30": "$364", "2017-06-30": "$376", "2017-03-31": "$365", "2016-12-31": "$325", "2016-09-30": "$330", "2016-06-30": "$341", "2016-03-31": "$326", "2015-12-31": "$281", "2015-09-30": "$289", "2015-06-30": "$292", "2015-03-31": "$280", "2014-12-31": "$262", "2014-09-30": "$261", "2014-06-30": "$264", "2014-03-31": "$259", "2013-12-31": "$235", "2013-09-30": "$238", "2013-06-30": "$243", "2013-03-31": "$226", "2012-12-31": "$203", "2012-09-30": "$211", "2012-06-30": "$225", "2012-03-31": "$238", "2011-12-31": "$211", "2011-09-30": "$202", "2011-06-30": "$218", "2011-03-31": "$220", "2010-12-31": "$191", "2010-09-30": "$204", "2010-06-30": "$218", "2010-03-31": "$202", "2009-12-31": "$177", "2009-09-30": "$191", "2009-06-30": "$193", "2009-03-31": "$174", "2008-12-31": "$136", "2008-09-30": "$183", "2008-06-30": "$203", "2008-03-31": "$197"}}, "operating-income": {"KAR Auction Services Annual Operating Income (Millions of US $)": {"2019": "$314", "2018": "$340", "2017": "$327", "2016": "$499", "2015": "$427", "2014": "$378", "2013": "$257", "2012": "$267", "2011": "$282", "2010": "$269", "2009": "$195", "2008": "$-13", "2007": "$106"}, "KAR Auction Services Quarterly Operating Income (Millions of US $)": {"2020-09-30": "$86", "2020-06-30": "$-5", "2020-03-31": "$41", "2019-12-31": "$62", "2019-09-30": "$86", "2019-06-30": "$91", "2019-03-31": "$76", "2018-12-31": "$-5", "2018-09-30": "$86", "2018-06-30": "$101", "2018-03-31": "$158", "2017-12-31": "$-116", "2017-09-30": "$142", "2017-06-30": "$157", "2017-03-31": "$144", "2016-12-31": "$112", "2016-09-30": "$123", "2016-06-30": "$135", "2016-03-31": "$129", "2015-12-31": "$97", "2015-09-30": "$106", "2015-06-30": "$117", "2015-03-31": "$108", "2014-12-31": "$97", "2014-09-30": "$96", "2014-06-30": "$101", "2014-03-31": "$84", "2013-12-31": "$30", "2013-09-30": "$68", "2013-06-30": "$81", "2013-03-31": "$78", "2012-12-31": "$57", "2012-09-30": "$62", "2012-06-30": "$73", "2012-03-31": "$75", "2011-12-31": "$56", "2011-09-30": "$78", "2011-06-30": "$75", "2011-03-31": "$73", "2010-12-31": "$48", "2010-09-30": "$71", "2010-06-30": "$86", "2010-03-31": "$64", "2009-12-31": "$43", "2009-09-30": "$48", "2009-06-30": "$63", "2009-03-31": "$42", "2008-12-31": "$-8", "2008-09-30": "$-119", "2008-06-30": "$61", "2008-03-31": "$53"}}, "ebitda": {"KAR Auction Services Annual EBITDA (Millions of US $)": {"2019": "$515", "2018": "$523", "2017": "$508", "2016": "$748", "2015": "$647", "2014": "$582", "2013": "$462", "2012": "$464", "2011": "$472", "2010": "$454", "2009": "$381", "2008": "$348", "2007": "$242"}, "KAR Auction Services Quarterly EBITDA (Millions of US $)": {"2020-09-30": "$166", "2020-06-30": "$45", "2020-03-31": "$91", "2019-12-31": "$114", "2019-09-30": "$135", "2019-06-30": "$143", "2019-03-31": "$123", "2018-12-31": "$41", "2018-09-30": "$130", "2018-06-30": "$122", "2018-03-31": "$231", "2017-12-31": "$-137", "2017-09-30": "$211", "2017-06-30": "$224", "2017-03-31": "$211", "2016-12-31": "$179", "2016-09-30": "$186", "2016-06-30": "$196", "2016-03-31": "$187", "2015-12-31": "$155", "2015-09-30": "$162", "2015-06-30": "$170", "2015-03-31": "$161", "2014-12-31": "$150", "2014-09-30": "$146", "2014-06-30": "$151", "2014-03-31": "$135", "2013-12-31": "$81", "2013-09-30": "$120", "2013-06-30": "$133", "2013-03-31": "$128", "2012-12-31": "$106", "2012-09-30": "$110", "2012-06-30": "$123", "2012-03-31": "$125", "2011-12-31": "$106", "2011-09-30": "$123", "2011-06-30": "$122", "2011-03-31": "$121", "2010-12-31": "$95", "2010-09-30": "$117", "2010-06-30": "$131", "2010-03-31": "$111", "2009-12-31": "$89", "2009-09-30": "$92", "2009-06-30": "$109", "2009-03-31": "$91", "2008-12-31": "$41", "2008-09-30": "$94", "2008-06-30": "$109", "2008-03-31": "$104"}}, "net-income": {"KAR Auction Services Annual Net Income (Millions of US $)": {"2019": "$189", "2018": "$328", "2017": "$362", "2016": "$222", "2015": "$215", "2014": "$169", "2013": "$68", "2012": "$92", "2011": "$72", "2010": "$70", "2009": "$23", "2008": "$-216", "2007": "$-38"}, "KAR Auction Services Quarterly Net Income (Millions of US $)": {"2020-09-30": "$30", "2020-06-30": "$-34", "2020-03-31": "$3", "2019-12-31": "$20", "2019-09-30": "$35", "2019-06-30": "$56", "2019-03-31": "$78", "2018-12-31": "$67", "2018-09-30": "$78", "2018-06-30": "$93", "2018-03-31": "$90", "2017-12-31": "$173", "2017-09-30": "$63", "2017-06-30": "$57", "2017-03-31": "$69", "2016-12-31": "$46", "2016-09-30": "$54", "2016-06-30": "$62", "2016-03-31": "$61", "2015-12-31": "$48", "2015-09-30": "$52", "2015-06-30": "$60", "2015-03-31": "$55", "2014-12-31": "$50", "2014-09-30": "$48", "2014-06-30": "$51", "2014-03-31": "$21", "2013-12-31": "$-18", "2013-09-30": "$23", "2013-06-30": "$33", "2013-03-31": "$29", "2012-12-31": "$23", "2012-09-30": "$19", "2012-06-30": "$24", "2012-03-31": "$26", "2011-12-31": "$15", "2011-09-30": "$32", "2011-06-30": "$-14", "2011-03-31": "$40", "2010-12-31": "$7", "2010-09-30": "$26", "2010-06-30": "$29", "2010-03-31": "$8", "2009-12-31": "$5", "2009-09-30": "$9", "2009-06-30": "$13", "2009-03-31": "$-4", "2008-12-31": "$-49", "2008-09-30": "$-170", "2008-06-30": "$6", "2008-03-31": "$-3"}}, "eps-earnings-per-share-diluted": {"KAR Auction Services Annual EPS": {"2019": "$1.42", "2018": "$2.42", "2017": "$2.62", "2016": "$1.60", "2015": "$1.51", "2014": "$1.19", "2013": "$0.48", "2012": "$0.66", "2011": "$0.52", "2010": "$0.51", "2009": "$0.21", "2008": "$-2.02", "2007": "$-0.36"}, "KAR Auction Services Quarterly EPS": {"2020-09-30": "$0.23", "2020-06-30": "$-0.27", "2020-03-31": "$0.02", "2019-12-31": "$0.16", "2019-09-30": "$0.27", "2019-06-30": "$0.41", "2019-03-31": "$0.58", "2018-12-31": "$0.50", "2018-09-30": "$0.57", "2018-06-30": "$0.69", "2018-03-31": "$0.66", "2017-12-31": "$1.25", "2017-09-30": "$0.46", "2017-06-30": "$0.41", "2017-03-31": "$0.50", "2016-12-31": "$0.33", "2016-09-30": "$0.39", "2016-06-30": "$0.44", "2016-03-31": "$0.44", "2015-12-31": "$0.35", "2015-09-30": "$0.37", "2015-06-30": "$0.41", "2015-03-31": "$0.38", "2014-12-31": "$0.35", "2014-09-30": "$0.33", "2014-06-30": "$0.36", "2014-03-31": "$0.15", "2013-12-31": "$-0.13", "2013-09-30": "$0.16", "2013-06-30": "$0.24", "2013-03-31": "$0.21", "2012-12-31": "$0.16", "2012-09-30": "$0.14", "2012-06-30": "$0.17", "2012-03-31": "$0.19", "2011-12-31": "$0.11", "2011-09-30": "$0.23", "2011-06-30": "$-0.11", "2011-03-31": "$0.29", "2010-12-31": "$0.05", "2010-09-30": "$0.19", "2010-06-30": "$0.21", "2010-03-31": "$0.06", "2009-12-31": "$0.04", "2009-09-30": "$0.08", "2009-06-30": "$0.12", "2009-03-31": "$-0.03", "2008-12-31": "$-0.46", "2008-09-30": "$0.00", "2008-06-30": "$0.00", "2008-03-31": "$0.00"}}, "shares-outstanding": {"KAR Auction Services Annual Shares Outstanding (Millions of Shares)": {"2019": "133", "2018": "136", "2017": "138", "2016": "139", "2015": "142", "2014": "142", "2013": "141", "2012": "139", "2011": "138", "2010": "136", "2009": "108", "2008": "107", "2007": "107"}, "KAR Auction Services Quarterly Shares Outstanding (Millions of Shares)": {"2020-09-30": "130", "2020-06-30": "129", "2020-03-31": "130", "2019-12-31": "133", "2019-09-30": "132", "2019-06-30": "134", "2019-03-31": "134", "2018-12-31": "136", "2018-09-30": "136", "2018-06-30": "136", "2018-03-31": "136", "2017-12-31": "138", "2017-09-30": "138", "2017-06-30": "138", "2017-03-31": "138", "2016-12-31": "139", "2016-09-30": "140", "2016-06-30": "139", "2016-03-31": "139", "2015-12-31": "142", "2015-09-30": "142", "2015-06-30": "144", "2015-03-31": "144", "2014-12-31": "142", "2014-09-30": "142", "2014-06-30": "142", "2014-03-31": "141", "2013-12-31": "141", "2013-09-30": "141", "2013-06-30": "141", "2013-03-31": "140", "2012-12-31": "139", "2012-09-30": "139", "2012-06-30": "139", "2012-03-31": "139", "2011-12-31": "138", "2011-09-30": "138", "2011-06-30": "136", "2011-03-31": "137", "2010-12-31": "136", "2010-09-30": "136", "2010-06-30": "136", "2010-03-31": "136", "2009-12-31": "108", "2009-09-30": "107", "2009-06-30": "107", "2009-03-31": "107", "2008-12-31": "107", "2008-09-30": "", "2008-06-30": "", "2008-03-31": ""}}, "total-assets": {"KAR Auction Services Annual Total Assets (Millions of US $)": {"2019": "$6,581", "2018": "$7,206", "2017": "$6,984", "2016": "$6,558", "2015": "$5,772", "2014": "$5,352", "2013": "$5,127", "2012": "$4,922", "2011": "$4,779", "2010": "$4,525", "2009": "$4,251", "2008": "$4,158", "2007": "$4,531"}, "KAR Auction Services Quarterly Total Assets (Millions of US $)": {"2020-09-30": "$6,910", "2020-06-30": "$6,494", "2020-03-31": "$6,000", "2019-12-31": "$6,581", "2019-09-30": "$6,580", "2019-06-30": "$6,378", "2019-03-31": "$8,324", "2018-12-31": "$7,206", "2018-09-30": "$7,301", "2018-06-30": "$7,194", "2018-03-31": "$7,266", "2017-12-31": "$6,984", "2017-09-30": "$6,906", "2017-06-30": "$6,857", "2017-03-31": "$6,580", "2016-12-31": "$6,558", "2016-09-30": "$6,586", "2016-06-30": "$6,568", "2016-03-31": "$6,490", "2015-12-31": "$5,772", "2015-09-30": "$5,727", "2015-06-30": "$5,755", "2015-03-31": "$5,476", "2014-12-31": "$5,352", "2014-09-30": "$5,370", "2014-06-30": "$5,279", "2014-03-31": "$5,235", "2013-12-31": "$5,127", "2013-09-30": "$5,122", "2013-06-30": "$5,117", "2013-03-31": "$5,240", "2012-12-31": "$4,922", "2012-09-30": "$4,926", "2012-06-30": "$4,869", "2012-03-31": "$4,855", "2011-12-31": "$4,779", "2011-09-30": "$4,612", "2011-06-30": "$4,649", "2011-03-31": "$4,735", "2010-12-31": "$4,525", "2010-09-30": "$4,749", "2010-06-30": "$4,654", "2010-03-31": "$4,630", "2009-12-31": "$4,251", "2009-09-30": "$4,335", "2009-06-30": "$4,239", "2009-03-31": "$4,209", "2008-12-31": "$4,158", "2008-09-30": "$4,345", "2008-06-30": "$4,609", "2008-03-31": "$4,684"}}, "cash-on-hand": {"KAR Auction Services Annual Cash on Hand (Millions of US $)": {"2019": "$561", "2018": "$305", "2017": "$337", "2016": "$220", "2015": "$171", "2014": "$170", "2013": "$210", "2012": "$121", "2011": "$106", "2010": "$128", "2009": "$373", "2008": "$174", "2007": "$221"}, "KAR Auction Services Quarterly Cash on Hand (Millions of US $)": {"2020-09-30": "$1,331", "2020-06-30": "$1,019", "2020-03-31": "$408", "2019-12-31": "$561", "2019-09-30": "$532", "2019-06-30": "$257", "2019-03-31": "$290", "2018-12-31": "$305", "2018-09-30": "$478", "2018-06-30": "$391", "2018-03-31": "$351", "2017-12-31": "$337", "2017-09-30": "$451", "2017-06-30": "$549", "2017-03-31": "$206", "2016-12-31": "$220", "2016-09-30": "$339", "2016-06-30": "$330", "2016-03-31": "$691", "2015-12-31": "$171", "2015-09-30": "$140", "2015-06-30": "$221", "2015-03-31": "$193", "2014-12-31": "$170", "2014-09-30": "$231", "2014-06-30": "$301", "2014-03-31": "$266", "2013-12-31": "$210", "2013-09-30": "$205", "2013-06-30": "$177", "2013-03-31": "$330", "2012-12-31": "$121", "2012-09-30": "$171", "2012-06-30": "$126", "2012-03-31": "$132", "2011-12-31": "$106", "2011-09-30": "$210", "2011-06-30": "$207", "2011-03-31": "$248", "2010-12-31": "$128", "2010-09-30": "$386", "2010-06-30": "$298", "2010-03-31": "$238", "2009-12-31": "$373", "2009-09-30": "$390", "2009-06-30": "$278", "2009-03-31": "$209", "2008-12-31": "$174", "2008-09-30": "$212", "2008-06-30": "$160", "2008-03-31": "$194"}}, "long-term-debt": {"KAR Auction Services Annual Long Term Debt (Millions of US $)": {"2019": "$1,861", "2018": "$2,654", "2017": "$2,668", "2016": "$2,365", "2015": "$1,711", "2014": "$1,737", "2013": "$1,735", "2012": "$1,775", "2011": "$1,817", "2010": "$1,876", "2009": "$2,047", "2008": "$2,523", "2007": "$2,601"}, "KAR Auction Services Quarterly Long Term Debt (Millions of US $)": {"2020-09-30": "$1,855", "2020-06-30": "$1,857", "2020-03-31": "$1,860", "2019-12-31": "$1,861", "2019-09-30": "$1,863", "2019-06-30": "$1,391", "2019-03-31": "$2,651", "2018-12-31": "$2,654", "2018-09-30": "$2,658", "2018-06-30": "$2,661", "2018-03-31": "$2,664", "2017-12-31": "$2,668", "2017-09-30": "$2,671", "2017-06-30": "$2,675", "2017-03-31": "$2,361", "2016-12-31": "$2,365", "2016-09-30": "$2,372", "2016-06-30": "$2,378", "2016-03-31": "$2,386", "2015-12-31": "$1,711", "2015-09-30": "$1,724", "2015-06-30": "$1,728", "2015-03-31": "$1,732", "2014-12-31": "$1,737", "2014-09-30": "$1,741", "2014-06-30": "$1,745", "2014-03-31": "$1,750", "2013-12-31": "$1,735", "2013-09-30": "$1,770", "2013-06-30": "$1,773", "2013-03-31": "$1,775", "2012-12-31": "$1,775", "2012-09-30": "$1,805", "2012-06-30": "$1,809", "2012-03-31": "$1,813", "2011-12-31": "$1,817", "2011-09-30": "$1,821", "2011-06-30": "$1,825", "2011-03-31": "$1,876", "2010-12-31": "$1,876", "2010-09-30": "$2,019", "2010-06-30": "$2,019", "2010-03-31": "$2,019", "2009-12-31": "$2,047", "2009-09-30": "$2,523", "2009-06-30": "$2,523", "2009-03-31": "$2,523", "2008-12-31": "$2,523", "2008-09-30": "$2,561", "2008-06-30": "$2,593", "2008-03-31": "$2,597"}}, "total-liabilities": {"KAR Auction Services Annual Total Liabilities (Millions of US $)": {"2019": "$4,931", "2018": "$5,742", "2017": "$5,499", "2016": "$5,160", "2015": "$4,385", "2014": "$3,804", "2013": "$3,645", "2012": "$3,479", "2011": "$3,436", "2010": "$3,280", "2009": "$3,110", "2008": "$3,407", "2007": "$3,517"}, "KAR Auction Services Quarterly Total Liabilities (Millions of US $)": {"2020-09-30": "$5,303", "2020-06-30": "$4,940", "2020-03-31": "$4,428", "2019-12-31": "$4,931", "2019-09-30": "$4,944", "2019-06-30": "$4,625", "2019-03-31": "$6,822", "2018-12-31": "$5,742", "2018-09-30": "$5,739", "2018-06-30": "$5,682", "2018-03-31": "$5,746", "2017-12-31": "$5,499", "2017-09-30": "$5,503", "2017-06-30": "$5,395", "2017-03-31": "$5,150", "2016-12-31": "$5,160", "2016-09-30": "$5,109", "2016-06-30": "$5,109", "2016-03-31": "$5,066", "2015-12-31": "$4,385", "2015-09-30": "$4,350", "2015-06-30": "$4,183", "2015-03-31": "$3,926", "2014-12-31": "$3,804", "2014-09-30": "$3,836", "2014-06-30": "$3,757", "2014-03-31": "$3,751", "2013-12-31": "$3,645", "2013-09-30": "$3,638", "2013-06-30": "$3,658", "2013-03-31": "$3,795", "2012-12-31": "$3,479", "2012-09-30": "$3,481", "2012-06-30": "$3,460", "2012-03-31": "$3,471", "2011-12-31": "$3,436", "2011-09-30": "$3,299", "2011-06-30": "$3,334", "2011-03-31": "$3,432", "2010-12-31": "$3,280", "2010-09-30": "$3,530", "2010-06-30": "$3,478", "2010-03-31": "$3,470", "2009-12-31": "$3,110", "2009-09-30": "$3,534", "2009-06-30": "$3,473", "2009-03-31": "$3,476", "2008-12-31": "$3,407", "2008-09-30": "$3,512", "2008-06-30": "$3,599", "2008-03-31": "$3,690"}}, "total-share-holder-equity": {"KAR Auction Services Annual Share Holder Equity (Millions of US $)": {"2019": "$1,650", "2018": "$1,464", "2017": "$1,485", "2016": "$1,397", "2015": "$1,386", "2014": "$1,547", "2013": "$1,482", "2012": "$1,444", "2011": "$1,343", "2010": "$1,245", "2009": "$1,142", "2008": "$751", "2007": "$1,014"}, "KAR Auction Services Quarterly Share Holder Equity (Millions of US $)": {"2020-09-30": "$1,607", "2020-06-30": "$1,555", "2020-03-31": "$1,572", "2019-12-31": "$1,650", "2019-09-30": "$1,636", "2019-06-30": "$1,753", "2019-03-31": "$1,503", "2018-12-31": "$1,464", "2018-09-30": "$1,562", "2018-06-30": "$1,513", "2018-03-31": "$1,520", "2017-12-31": "$1,485", "2017-09-30": "$1,403", "2017-06-30": "$1,462", "2017-03-31": "$1,430", "2016-12-31": "$1,397", "2016-09-30": "$1,478", "2016-06-30": "$1,459", "2016-03-31": "$1,424", "2015-12-31": "$1,386", "2015-09-30": "$1,377", "2015-06-30": "$1,572", "2015-03-31": "$1,550", "2014-12-31": "$1,547", "2014-09-30": "$1,535", "2014-06-30": "$1,522", "2014-03-31": "$1,484", "2013-12-31": "$1,482", "2013-09-30": "$1,484", "2013-06-30": "$1,460", "2013-03-31": "$1,445", "2012-12-31": "$1,444", "2012-09-30": "$1,445", "2012-06-30": "$1,408", "2012-03-31": "$1,383", "2011-12-31": "$1,343", "2011-09-30": "$1,313", "2011-06-30": "$1,315", "2011-03-31": "$1,303", "2010-12-31": "$1,245", "2010-09-30": "$1,219", "2010-06-30": "$1,176", "2010-03-31": "$1,160", "2009-12-31": "$1,142", "2009-09-30": "$801", "2009-06-30": "$766", "2009-03-31": "$733", "2008-12-31": "$751", "2008-09-30": "$833", "2008-06-30": "$1,010", "2008-03-31": "$994"}}, "profit-margins": {"current": "1.61%"}, "gross margin": {"2020-09-30": "41.85%", "2020-06-30": "41.10%", "2020-03-31": "40.91%", "2019-12-31": "41.88%", "2019-09-30": "43.07%", "2019-06-30": "44.38%", "2019-03-31": "45.92%", "2018-12-31": "45.93%", "2018-09-30": "49.27%", "2018-06-30": "47.75%", "2018-03-31": "46.49%", "2017-12-31": "45.96%", "2017-09-30": "42.28%", "2017-06-30": "41.93%", "2017-03-31": "41.75%", "2016-12-31": "41.95%", "2016-09-30": "41.63%", "2016-06-30": "41.97%", "2016-03-31": "42.19%", "2015-12-31": "42.45%", "2015-09-30": "42.93%", "2015-06-30": "43.14%", "2015-03-31": "43.27%", "2014-12-31": "43.26%", "2014-09-30": "44.30%", "2014-06-30": "44.37%", "2014-03-31": "44.32%", "2013-12-31": "43.33%", "2013-09-30": "42.78%", "2013-06-30": "42.70%", "2013-03-31": "42.93%", "2012-12-31": "44.65%", "2012-09-30": "45.38%", "2012-06-30": "45.53%", "2012-03-31": "45.52%", "2011-12-31": "45.10%", "2011-09-30": "44.77%", "2011-06-30": "44.98%", "2011-03-31": "45.05%", "2010-12-31": "44.73%", "2010-09-30": "44.57%", "2010-06-30": "44.22%", "2010-03-31": "43.58%", "2009-12-31": "42.34%", "2009-09-30": "40.63%", "2009-06-30": "39.81%", "2009-03-31": "39.70%", "2008-12-31": "40.58%"}, "operating margin": {"2020-09-30": "7.90%", "2020-06-30": "7.55%", "2020-03-31": "10.23%", "2019-12-31": "11.32%", "2019-09-30": "10.47%", "2019-06-30": "10.89%", "2019-03-31": "11.82%", "2018-12-31": "13.92%", "2018-09-30": "12.33%", "2018-06-30": "13.65%", "2018-03-31": "14.68%", "2017-12-31": "14.60%", "2017-09-30": "16.41%", "2017-06-30": "16.10%", "2017-03-31": "15.77%", "2016-12-31": "15.84%", "2016-09-30": "15.77%", "2016-06-30": "15.85%", "2016-03-31": "15.94%", "2015-12-31": "15.91%", "2015-09-30": "16.36%", "2015-06-30": "16.47%", "2015-03-31": "16.30%", "2014-12-31": "15.63%", "2014-09-30": "13.52%", "2014-06-30": "12.61%", "2014-03-31": "11.95%", "2013-12-31": "11.82%", "2013-09-30": "13.35%", "2013-06-30": "13.44%", "2013-03-31": "13.40%", "2012-12-31": "13.59%", "2012-09-30": "13.64%", "2012-06-30": "14.66%", "2012-03-31": "14.88%", "2011-12-31": "14.94%", "2011-09-30": "14.76%", "2011-06-30": "14.42%", "2011-03-31": "15.04%", "2010-12-31": "14.76%", "2010-09-30": "14.69%", "2010-06-30": "13.52%", "2010-03-31": "12.45%", "2009-12-31": "11.29%", "2009-09-30": "8.49%", "2009-06-30": "-1.28%", "2009-03-31": "-1.37%", "2008-12-31": "-0.73%"}, "ebitda margin": {"2020-09-30": "17.85%", "2020-06-30": "15.79%", "2020-03-31": "17.64%", "2019-12-31": "18.51%", "2019-09-30": "18.67%", "2019-06-30": "19.18%", "2019-03-31": "19.07%", "2018-12-31": "21.45%", "2018-09-30": "18.63%", "2018-06-30": "20.45%", "2018-03-31": "22.77%", "2017-12-31": "22.73%", "2017-09-30": "24.39%", "2017-06-30": "24.03%", "2017-03-31": "23.68%", "2016-12-31": "23.74%", "2016-09-30": "23.58%", "2016-06-30": "23.75%", "2016-03-31": "23.93%", "2015-12-31": "24.09%", "2015-09-30": "24.58%", "2015-06-30": "24.70%", "2015-03-31": "24.66%", "2014-12-31": "24.07%", "2014-09-30": "22.30%", "2014-06-30": "21.69%", "2014-03-31": "21.32%", "2013-12-31": "21.25%", "2013-09-30": "22.90%", "2013-06-30": "23.07%", "2013-03-31": "23.18%", "2012-12-31": "23.63%", "2012-09-30": "23.79%", "2012-06-30": "24.79%", "2012-03-31": "24.93%", "2011-12-31": "25.01%", "2011-09-30": "24.84%", "2011-06-30": "24.57%", "2011-03-31": "25.09%", "2010-12-31": "24.92%", "2010-09-30": "24.93%", "2010-06-30": "23.74%", "2010-03-31": "22.90%", "2009-12-31": "21.95%", "2009-09-30": "19.50%", "2009-06-30": "19.44%", "2009-03-31": "19.11%", "2008-12-31": "19.64%"}, "pre tax profit margin": {"2020-09-30": "2.19%", "2020-06-30": "1.68%", "2020-03-31": "4.16%", "2019-12-31": "4.71%", "2019-09-30": "2.07%", "2019-06-30": "1.80%", "2019-03-31": "2.66%", "2018-12-31": "6.22%", "2018-09-30": "3.88%", "2018-06-30": "6.37%", "2018-03-31": "7.36%", "2017-12-31": "7.06%", "2017-09-30": "10.85%", "2017-06-30": "10.57%", "2017-03-31": "11.07%", "2016-12-31": "11.27%", "2016-09-30": "11.66%", "2016-06-30": "12.01%", "2016-03-31": "12.36%", "2015-12-31": "12.64%", "2015-09-30": "13.11%", "2015-06-30": "13.28%", "2015-03-31": "13.14%", "2014-12-31": "11.00%", "2014-09-30": "8.35%", "2014-06-30": "7.04%", "2014-03-31": "6.05%", "2013-12-31": "6.81%", "2013-09-30": "8.18%", "2013-06-30": "7.98%", "2013-03-31": "7.59%", "2012-12-31": "7.69%", "2012-09-30": "7.44%", "2012-06-30": "8.26%", "2012-03-31": "4.92%", "2011-12-31": "4.82%", "2011-09-30": "3.88%", "2011-06-30": "3.35%", "2011-03-31": "7.14%", "2010-12-31": "5.38%", "2010-09-30": "5.45%", "2010-06-30": "4.15%", "2010-03-31": "2.68%", "2009-12-31": "1.90%", "2009-09-30": "-2.87%", "2009-06-30": "-13.76%", "2009-03-31": "-14.15%", "2008-12-31": "-14.00%"}, "net profit margin": {"2020-09-30": "0.82%", "2020-06-30": "0.98%", "2020-03-31": "4.16%", "2019-12-31": "6.79%", "2019-09-30": "9.97%", "2019-06-30": "12.25%", "2019-03-31": "14.48%", "2018-12-31": "13.43%", "2018-09-30": "23.37%", "2018-06-30": "20.07%", "2018-03-31": "16.49%", "2017-12-31": "16.17%", "2017-09-30": "6.95%", "2017-06-30": "6.79%", "2017-03-31": "7.09%", "2016-12-31": "7.08%", "2016-09-30": "7.33%", "2016-06-30": "7.57%", "2016-03-31": "7.85%", "2015-12-31": "7.99%", "2015-09-30": "8.30%", "2015-06-30": "8.39%", "2015-03-31": "8.27%", "2014-12-31": "7.03%", "2014-09-30": "4.43%", "2014-06-30": "3.43%", "2014-03-31": "2.68%", "2013-12-31": "3.08%", "2013-09-30": "5.08%", "2013-06-30": "5.03%", "2013-03-31": "4.71%", "2012-12-31": "4.68%", "2012-09-30": "4.31%", "2012-06-30": "5.04%", "2012-03-31": "3.09%", "2011-12-31": "3.87%", "2011-09-30": "3.50%", "2011-06-30": "3.19%", "2011-03-31": "5.52%", "2010-12-31": "3.84%", "2010-09-30": "3.78%", "2010-06-30": "2.86%", "2010-03-31": "2.00%", "2009-12-31": "1.32%", "2009-09-30": "-1.81%", "2009-06-30": "-12.19%", "2009-03-31": "-12.38%", "2008-12-31": "-12.19%"}, "pe ratio": {"current": "24.44", "2021-02-05": "132.00", "2020-09-30": "96.00", "2020-06-30": "72.42", "2020-03-31": "14.12", "2019-12-31": "15.23", "2019-09-30": "13.62", "2019-06-30": "11.77", "2019-03-31": "21.13", "2018-12-31": "18.87", "2018-09-30": "17.77", "2018-06-30": "16.80", "2018-03-31": "18.17", "2017-12-31": "17.85", "2017-09-30": "26.01", "2017-06-30": "23.68", "2017-03-31": "24.02", "2016-12-31": "24.15", "2016-09-30": "23.97", "2016-06-30": "23.31", "2016-03-31": "21.55", "2015-12-31": "21.59", "2015-09-30": "20.54", "2015-06-30": "22.07", "2015-03-31": "23.01", "2014-12-31": "24.90", "2014-09-30": "34.22", "2014-06-30": "49.66", "2014-03-31": "60.33", "2013-12-31": "50.98", "2013-09-30": "30.07", "2013-06-30": "24.86", "2013-03-31": "23.81", "2012-12-31": "24.56", "2012-09-30": "25.65", "2012-06-30": "19.47", "2012-03-31": "30.60", "2011-12-31": "20.58", "2011-09-30": "20.87", "2011-06-30": "35.69", "2011-03-31": "16.43", "2010-12-31": "21.45", "2010-09-30": "19.60"}, "price sales": {"2021-02-05": "1.11", "2020-09-30": "0.81", "2020-06-30": "0.74", "2020-03-31": "0.58", "2019-12-31": "1.03", "2019-09-30": "1.35", "2019-06-30": "1.43", "2019-03-31": "3.06", "2018-12-31": "2.54", "2018-09-30": "4.13", "2018-06-30": "3.37", "2018-03-31": "3.00", "2017-12-31": "2.91", "2017-09-30": "1.81", "2017-06-30": "1.61", "2017-03-31": "1.70", "2016-12-31": "1.71", "2016-09-30": "1.77", "2016-06-30": "1.78", "2016-03-31": "1.70", "2015-12-31": "1.73", "2015-09-30": "1.69", "2015-06-30": "1.83", "2015-03-31": "1.89", "2014-12-31": "1.74", "2014-09-30": "1.49", "2014-06-30": "1.69", "2014-03-31": "1.62", "2013-12-31": "1.58", "2013-09-30": "1.53", "2013-06-30": "1.26", "2013-03-31": "1.12", "2012-12-31": "1.15", "2012-09-30": "1.11", "2012-06-30": "0.98", "2012-03-31": "0.93", "2011-12-31": "0.78", "2011-09-30": "0.71", "2011-06-30": "1.10", "2011-03-31": "0.90", "2010-12-31": "0.82", "2010-09-30": "0.71"}, "price book": {"current": "1.59", "2021-02-05": "1.59", "2020-09-30": "1.16", "2020-06-30": "1.14", "2020-03-31": "0.99", "2019-12-31": "1.68", "2019-09-30": "1.89", "2019-06-30": "1.85", "2019-03-31": "4.38", "2018-12-31": "4.14", "2018-09-30": "4.89", "2018-06-30": "4.59", "2018-03-31": "4.52", "2017-12-31": "4.26", "2017-09-30": "4.26", "2017-06-30": "3.63", "2017-03-31": "3.82", "2016-12-31": "3.78", "2016-09-30": "3.63", "2016-06-30": "3.53", "2016-03-31": "3.26", "2015-12-31": "3.24", "2015-09-30": "3.10", "2015-06-30": "2.93", "2015-03-31": "2.99", "2014-12-31": "2.71", "2014-09-30": "2.23", "2014-06-30": "2.47", "2014-03-31": "2.39", "2013-12-31": "2.30", "2013-09-30": "2.16", "2013-06-30": "1.76", "2013-03-31": "1.54", "2012-12-31": "1.53", "2012-09-30": "1.48", "2012-06-30": "1.32", "2012-03-31": "1.27", "2011-12-31": "1.09", "2011-09-30": "1.00", "2011-06-30": "1.55", "2011-03-31": "1.27", "2010-12-31": "1.19", "2010-09-30": "1.11", "2010-06-30": "1.12", "2010-03-31": "1.39", "2009-12-31": "1.29"}, "price fcf": {"2021-02-05": "", "2020-09-30": "$3.20", "2020-06-30": "$2.80", "2020-03-31": "$1.84", "2019-12-31": "$2.86", "2019-09-30": "$3.22", "2019-06-30": "$3.78", "2019-03-31": "$3.93", "2018-12-31": "$4.36", "2018-09-30": "$4.44", "2018-06-30": "$3.83", "2018-03-31": "$3.70", "2017-12-31": "$3.62", "2017-09-30": "$3.11", "2017-06-30": "$3.12", "2017-03-31": "$2.12", "2016-12-31": "$1.60", "2016-09-30": "$2.10", "2016-06-30": "$2.14", "2016-03-31": "$2.26", "2015-12-31": "$2.44", "2015-09-30": "$2.10", "2015-06-30": "$1.98", "2015-03-31": "$2.26", "2014-12-31": "$2.34", "2014-09-30": "$2.49", "2014-06-30": "$2.49", "2014-03-31": "$2.41", "2013-12-31": "$2.40", "2013-09-30": "$1.80", "2013-06-30": "$1.65", "2013-03-31": "$1.44", "2012-12-31": "$1.40", "2012-09-30": "$1.89", "2012-06-30": "$1.69", "2012-03-31": "$1.57", "2011-12-31": "$1.60", "2011-09-30": "$1.12", "2011-06-30": "$1.48", "2011-03-31": "$1.69", "2010-12-31": "$2.87", "2010-09-30": "$4.57"}, "net worth": {"value": "$2.56B"}, "current ratio": {"2020-09-30": "1.56", "2020-06-30": "1.62", "2020-03-31": "1.34", "2019-12-31": "1.29", "2019-09-30": "1.30", "2019-06-30": "1.14", "2019-03-31": "1.18", "2018-12-31": "1.26", "2018-09-30": "1.32", "2018-06-30": "1.31", "2018-03-31": "1.30", "2017-12-31": "1.31", "2017-09-30": "1.35", "2017-06-30": "1.39", "2017-03-31": "1.24", "2016-12-31": "1.22", "2016-09-30": "1.29", "2016-06-30": "1.28", "2016-03-31": "1.43", "2015-12-31": "1.11", "2015-09-30": "1.11", "2015-06-30": "1.21", "2015-03-31": "1.29", "2014-12-31": "1.30", "2014-09-30": "1.28", "2014-06-30": "1.29", "2014-03-31": "1.26", "2013-12-31": "1.25", "2013-09-30": "1.26", "2013-06-30": "1.21", "2013-03-31": "1.20", "2012-12-31": "1.23", "2012-09-30": "1.25", "2012-06-30": "1.22", "2012-03-31": "1.19", "2011-12-31": "1.15", "2011-09-30": "1.31", "2011-06-30": "1.26", "2011-03-31": "1.31", "2010-12-31": "1.30", "2010-09-30": "1.43", "2010-06-30": "1.38", "2010-03-31": "1.31", "2009-12-31": "1.47", "2009-09-30": "1.79", "2009-06-30": "1.79", "2009-03-31": "1.66", "2008-12-31": "1.68", "2008-09-30": "1.68", "2008-06-30": "1.60", "2008-03-31": "1.53"}, "quick ratio": {"2020-09-30": "0.00", "2020-06-30": "0.00", "2020-03-31": "0.00", "2019-12-31": "0.00", "2019-09-30": "0.00", "2019-06-30": "0.00", "2019-03-31": "0.00", "2018-12-31": "0.00", "2018-09-30": "0.00", "2018-06-30": "0.00", "2018-03-31": "0.00", "2017-12-31": "0.00", "2017-09-30": "0.00", "2017-06-30": "0.00", "2017-03-31": "0.00", "2016-12-31": "0.00", "2016-09-30": "0.00", "2016-06-30": "0.00", "2016-03-31": "0.00", "2015-12-31": "0.00", "2015-09-30": "0.00", "2015-06-30": "0.00", "2015-03-31": "0.00", "2014-12-31": "0.00", "2014-09-30": "0.00", "2014-06-30": "0.00", "2014-03-31": "0.00", "2013-12-31": "0.00", "2013-09-30": "0.00", "2013-06-30": "0.00", "2013-03-31": "0.00", "2012-12-31": "0.00", "2012-09-30": "0.00", "2012-06-30": "0.00", "2012-03-31": "0.00", "2011-12-31": "0.00", "2011-09-30": "0.00", "2011-06-30": "0.00", "2011-03-31": "0.00", "2010-12-31": "0.00", "2010-09-30": "0.00", "2010-06-30": "0.00", "2010-03-31": "0.00", "2009-12-31": "0.00", "2009-09-30": "0.00", "2009-06-30": "0.00", "2009-03-31": "0.00", "2008-12-31": "0.00", "2008-09-30": "0.00", "2008-06-30": "0.00", "2008-03-31": "0.00"}, "debt equity ratio": {"current": "1.15", "2020-09-30": "3.30", "2020-06-30": "3.18", "2020-03-31": "2.82", "2019-12-31": "2.99", "2019-09-30": "3.02", "2019-06-30": "2.64", "2019-03-31": "4.54", "2018-12-31": "3.92", "2018-09-30": "3.68", "2018-06-30": "3.76", "2018-03-31": "3.78", "2017-12-31": "3.70", "2017-09-30": "3.92", "2017-06-30": "3.69", "2017-03-31": "3.60", "2016-12-31": "3.69", "2016-09-30": "3.46", "2016-06-30": "3.50", "2016-03-31": "3.56", "2015-12-31": "3.16", "2015-09-30": "3.16", "2015-06-30": "2.66", "2015-03-31": "2.53", "2014-12-31": "2.46", "2014-09-30": "2.50", "2014-06-30": "2.47", "2014-03-31": "2.53", "2013-12-31": "2.46", "2013-09-30": "2.45", "2013-06-30": "2.51", "2013-03-31": "2.63", "2012-12-31": "2.41", "2012-09-30": "2.41", "2012-06-30": "2.46", "2012-03-31": "2.51", "2011-12-31": "2.56", "2011-09-30": "2.51", "2011-06-30": "2.53", "2011-03-31": "2.63", "2010-12-31": "2.64", "2010-09-30": "2.90", "2010-06-30": "2.96", "2010-03-31": "2.99", "2009-12-31": "2.72", "2009-09-30": "4.41", "2009-06-30": "4.53", "2009-03-31": "4.74", "2008-12-31": "4.54", "2008-09-30": "4.21", "2008-06-30": "3.56", "2008-03-31": "3.71"}, "return on equity": {"2020-09-30": "1.19%", "2020-06-30": "1.50%", "2020-03-31": "6.90%", "2019-12-31": "11.56%", "2019-09-30": "14.85%", "2019-06-30": "17.77%", "2019-03-31": "20.92%", "2018-12-31": "21.65%", "2018-09-30": "28.55%", "2018-06-30": "28.31%", "2018-03-31": "26.10%", "2017-12-31": "25.05%", "2017-09-30": "16.51%", "2017-06-30": "15.68%", "2017-03-31": "16.03%", "2016-12-31": "15.49%", "2016-09-30": "15.66%", "2016-06-30": "15.80%", "2016-03-31": "15.35%", "2015-12-31": "14.61%", "2015-09-30": "14.36%", "2015-06-30": "13.73%", "2015-03-31": "13.26%", "2014-12-31": "11.17%", "2014-09-30": "6.77%", "2014-06-30": "5.16%", "2014-03-31": "3.99%", "2013-12-31": "4.56%", "2013-09-30": "7.41%", "2013-06-30": "7.18%", "2013-03-31": "6.62%", "2012-12-31": "6.48%", "2012-09-30": "6.02%", "2012-06-30": "7.12%", "2012-03-31": "4.41%", "2011-12-31": "5.54%", "2011-09-30": "5.02%", "2011-06-30": "4.64%", "2011-03-31": "8.25%", "2010-12-31": "5.83%", "2010-09-30": "5.79%", "2010-06-30": "4.77%", "2010-03-31": "3.62%", "2009-12-31": "2.67%", "2009-09-30": "-4.06%", "2009-06-30": "-27.25%", "2009-03-31": "-26.09%", "2008-12-31": "-24.08%"}, "return on assets": {"2020-09-30": "0.29%", "2020-06-30": "0.37%", "2020-03-31": "1.79%", "2019-12-31": "2.71%", "2019-09-30": "3.31%", "2019-06-30": "3.82%", "2019-03-31": "4.21%", "2018-12-31": "4.53%", "2018-09-30": "6.04%", "2018-06-30": "5.91%", "2018-03-31": "5.47%", "2017-12-31": "5.30%", "2017-09-30": "3.49%", "2017-06-30": "3.40%", "2017-03-31": "3.51%", "2016-12-31": "3.40%", "2016-09-30": "3.54%", "2016-06-30": "3.63%", "2016-03-31": "3.72%", "2015-12-31": "3.78%", "2015-09-30": "3.89%", "2015-06-30": "3.88%", "2015-03-31": "3.80%", "2014-12-31": "3.20%", "2014-09-30": "1.94%", "2014-06-30": "1.48%", "2014-03-31": "1.15%", "2013-12-31": "1.30%", "2013-09-30": "2.12%", "2013-06-30": "2.06%", "2013-03-31": "1.90%", "2012-12-31": "1.88%", "2012-09-30": "1.73%", "2012-06-30": "2.03%", "2012-03-31": "1.25%", "2011-12-31": "1.56%", "2011-09-30": "1.40%", "2011-06-30": "1.26%", "2011-03-31": "2.19%", "2010-12-31": "1.51%", "2010-09-30": "1.49%", "2010-06-30": "1.14%", "2010-03-31": "0.80%", "2009-12-31": "0.54%", "2009-09-30": "-0.73%", "2009-06-30": "-4.96%", "2009-03-31": "-5.01%", "2008-12-31": "-4.86%"}, "return on investments": {"2020-09-30": "5.33%", "2020-06-30": "5.31%", "2020-03-31": "8.24%", "2019-12-31": "8.81%", "2019-09-30": "6.65%", "2019-06-30": "6.35%", "2019-03-31": "6.19%", "2018-12-31": "8.15%", "2018-09-30": "5.48%", "2018-06-30": "6.87%", "2018-03-31": "8.24%", "2017-12-31": "8.10%", "2017-09-30": "14.08%", "2017-06-30": "13.80%", "2017-03-31": "13.49%", "2016-12-31": "13.08%", "2016-09-30": "13.27%", "2016-06-30": "13.49%", "2016-03-31": "13.50%", "2015-12-31": "13.40%", "2015-09-30": "13.20%", "2015-06-30": "12.72%", "2015-03-31": "12.27%", "2014-12-31": "11.58%", "2014-09-30": "9.57%", "2014-06-30": "8.73%", "2014-03-31": "8.13%", "2013-12-31": "7.95%", "2013-09-30": "8.79%", "2013-06-30": "8.61%", "2013-03-31": "8.37%", "2012-12-31": "8.29%", "2012-09-30": "8.30%", "2012-06-30": "8.88%", "2012-03-31": "8.99%", "2011-12-31": "8.94%", "2011-09-30": "8.72%", "2011-06-30": "8.42%", "2011-03-31": "8.73%", "2010-12-31": "8.45%", "2010-09-30": "8.25%", "2010-06-30": "7.48%", "2010-03-31": "6.72%", "2009-12-31": "6.00%", "2009-09-30": "4.41%", "2009-06-30": "-0.67%", "2009-03-31": "-0.71%", "2008-12-31": "-0.38%"}, "return on tangible equity": {"2020-09-30": "-2.76%", "2020-06-30": "-3.43%", "2020-03-31": "-17.02%", "2019-12-31": "-21.60%", "2019-09-30": "-26.71%", "2019-06-30": "-26.81%", "2019-03-31": "-25.50%", "2018-12-31": "-27.36%", "2018-09-30": "-31.47%", "2018-06-30": "-29.85%", "2018-03-31": "-27.29%", "2017-12-31": "-25.82%", "2017-09-30": "-16.73%", "2017-06-30": "-16.40%", "2017-03-31": "-16.83%", "2016-12-31": "-17.20%", "2016-09-30": "-18.43%", "2016-06-30": "-18.84%", "2016-03-31": "-20.21%", "2015-12-31": "-20.37%", "2015-09-30": "-21.52%", "2015-06-30": "-22.10%", "2015-03-31": "-21.03%", "2014-12-31": "-16.90%", "2014-09-30": "-9.77%", "2014-06-30": "-7.17%", "2014-03-31": "-5.33%", "2013-12-31": "-5.97%", "2013-09-30": "-9.49%", "2013-06-30": "-9.01%", "2013-03-31": "-8.09%", "2012-12-31": "-7.61%", "2012-09-30": "-6.71%", "2012-06-30": "-7.75%", "2012-03-31": "-4.74%", "2011-12-31": "-5.93%", "2011-09-30": "-5.33%", "2011-06-30": "-4.73%", "2011-03-31": "-7.96%", "2010-12-31": "-5.31%", "2010-09-30": "-5.05%", "2010-06-30": "-3.47%", "2010-03-31": "-2.21%", "2009-12-31": "-1.35%", "2009-09-30": "1.71%", "2009-06-30": "11.56%", "2009-03-31": "11.99%", "2008-12-31": "12.00%"}, "dividend yield history": {"last payout": "$0.00", "last yield": "0.00%"}}