{"ticker": "K", "price": {"title": "Kellogg Historical Annual Stock Price Data", "value": 58.03, "historical": {"2021": {"Average Stock Price": "59.4379", "Year Open": "61.4500", "Year High": "62.3600", "Year Low": "57.6400", "Year Close": "58.0300", "Annual % Change": "-6.75%"}, "2020": {"Average Stock Price": "65.3334", "Year Open": "67.6400", "Year High": "70.9400", "Year Low": "53.5600", "Year Close": "62.2300", "Annual % Change": "-10.02%"}, "2019": {"Average Stock Price": "59.7452", "Year Open": "56.6400", "Year High": "69.1600", "Year Low": "52.0900", "Year Close": "69.1600", "Annual % Change": "21.31%"}, "2018": {"Average Stock Price": "66.6309", "Year Open": "67.9700", "Year High": "74.8400", "Year Low": "55.8200", "Year Close": "57.0100", "Annual % Change": "-16.14%"}, "2017": {"Average Stock Price": "69.1057", "Year Open": "73.3700", "Year High": "76.4400", "Year Low": "58.8700", "Year Close": "67.9800", "Annual % Change": "-7.77%"}, "2016": {"Average Stock Price": "76.4181", "Year Open": "71.6100", "Year High": "86.9800", "Year Low": "69.9600", "Year Close": "73.7100", "Annual % Change": "1.99%"}, "2015": {"Average Stock Price": "66.2165", "Year Open": "65.4800", "Year High": "73.5100", "Year Low": "61.3100", "Year Close": "72.2700", "Annual % Change": "10.44%"}, "2014": {"Average Stock Price": "63.8570", "Year Open": "60.8100", "Year High": "69.3900", "Year Low": "56.9000", "Year Close": "65.4400", "Annual % Change": "7.16%"}, "2013": {"Average Stock Price": "62.2463", "Year Open": "56.9100", "Year High": "67.4600", "Year Low": "56.5200", "Year Close": "61.0700", "Annual % Change": "9.35%"}, "2012": {"Average Stock Price": "51.5562", "Year Open": "50.4600", "Year High": "56.8600", "Year Low": "46.5100", "Year Close": "55.8500", "Annual % Change": "10.44%"}, "2011": {"Average Stock Price": "53.4094", "Year Open": "50.8800", "Year High": "57.5600", "Year Low": "48.2500", "Year Close": "50.5700", "Annual % Change": "-1.00%"}, "2010": {"Average Stock Price": "51.9082", "Year Open": "52.8300", "Year High": "55.5800", "Year Low": "47.9800", "Year Close": "51.0800", "Annual % Change": "-3.98%"}, "2009": {"Average Stock Price": "45.7683", "Year Open": "45.0500", "Year High": "54.0000", "Year Low": "35.8400", "Year Close": "53.2000", "Annual % Change": "21.32%"}, "2008": {"Average Stock Price": "50.6711", "Year Open": "51.5700", "Year High": "57.3900", "Year Low": "40.6900", "Year Close": "43.8500", "Annual % Change": "-16.36%"}, "2007": {"Average Stock Price": "52.5382", "Year Open": "50.4500", "Year High": "56.4100", "Year Low": "48.8900", "Year Close": "52.4300", "Annual % Change": "4.73%"}, "2006": {"Average Stock Price": "47.3477", "Year Open": "43.7200", "Year High": "50.7900", "Year Low": "42.6400", "Year Close": "50.0600", "Annual % Change": "15.83%"}, "2005": {"Average Stock Price": "44.6637", "Year Open": "44.3600", "Year High": "46.4600", "Year Low": "42.4100", "Year Close": "43.2200", "Annual % Change": "-3.22%"}, "2004": {"Average Stock Price": "41.4072", "Year Open": "37.8000", "Year High": "45.2400", "Year Low": "37.2000", "Year Close": "44.6600", "Annual % Change": "17.28%"}, "2003": {"Average Stock Price": "33.4905", "Year Open": "34.8700", "Year High": "38.2900", "Year Low": "28.0200", "Year Close": "38.0800", "Annual % Change": "11.12%"}, "2002": {"Average Stock Price": "33.7401", "Year Open": "29.9700", "Year High": "36.8900", "Year Low": "29.3500", "Year Close": "34.2700", "Annual % Change": "13.85%"}, "2001": {"Average Stock Price": "28.4274", "Year Open": "26.3100", "Year High": "33.5600", "Year Low": "25.0000", "Year Close": "30.1000", "Annual % Change": "14.67%"}, "2000": {"Average Stock Price": "25.8449", "Year Open": "29.8800", "Year High": "31.3100", "Year Low": "21.0000", "Year Close": "26.2500", "Annual % Change": "-14.80%"}, "1999": {"Average Stock Price": "35.7515", "Year Open": "34.5000", "Year High": "42.0600", "Year Low": "30.1900", "Year Close": "30.8100", "Annual % Change": "-9.73%"}, "1998": {"Average Stock Price": "38.5757", "Year Open": "49.6900", "Year High": "49.6900", "Year Low": "29.5600", "Year Close": "34.1300", "Annual % Change": "-31.23%"}, "1997": {"Average Stock Price": "40.6354", "Year Open": "32.6250", "Year High": "50.3100", "Year Low": "32.1900", "Year Close": "49.6300", "Annual % Change": "51.26%"}, "1996": {"Average Stock Price": "35.9919", "Year Open": "39.3100", "Year High": "40.0000", "Year Low": "31.5625", "Year Close": "32.8100", "Annual % Change": "-15.06%"}, "1995": {"Average Stock Price": "33.3875", "Year Open": "29.0650", "Year High": "39.5650", "Year Low": "26.7500", "Year Close": "38.6250", "Annual % Change": "32.89%"}, "1994": {"Average Stock Price": "27.1270", "Year Open": "28.1250", "Year High": "30.2500", "Year Low": "23.8750", "Year Close": "29.0650", "Annual % Change": "2.43%"}, "1993": {"Average Stock Price": "28.4293", "Year Open": "32.8750", "Year High": "33.8750", "Year Low": "23.9400", "Year Close": "28.3750", "Annual % Change": "-15.30%"}, "1992": {"Average Stock Price": "31.9023", "Year Open": "32.8150", "Year High": "37.5000", "Year Low": "27.3750", "Year Close": "33.5000", "Annual % Change": "2.48%"}, "1991": {"Average Stock Price": "24.4711", "Year Open": "18.7500", "Year High": "33.0650", "Year Low": "17.5625", "Year Close": "32.6900", "Annual % Change": "72.32%"}, "1990": {"Average Stock Price": "16.5674", "Year Open": "17.1250", "Year High": "19.3750", "Year Low": "14.8450", "Year Close": "18.9700", "Annual % Change": "12.22%"}, "1989": {"Average Stock Price": "17.2969", "Year Open": "15.9375", "Year High": "20.3750", "Year Low": "14.5300", "Year Close": "16.9050", "Annual % Change": "5.25%"}, "1988": {"Average Stock Price": "14.0156", "Year Open": "13.4700", "Year High": "16.6250", "Year Low": "12.3125", "Year Close": "16.0625", "Annual % Change": "22.66%"}, "1987": {"Average Stock Price": "14.8493", "Year Open": "13.1875", "Year High": "17.1550", "Year Low": "9.8125", "Year Close": "13.0950", "Annual % Change": "1.22%"}, "1986": {"Average Stock Price": "11.5746", "Year Open": "8.6250", "Year High": "14.3750", "Year Low": "8.1400", "Year Close": "12.9375", "Annual % Change": "48.92%"}, "1985": {"Average Stock Price": "6.9291", "Year Open": "4.8438", "Year High": "8.9688", "Year Low": "4.8438", "Year Close": "8.6875", "Annual % Change": "73.75%"}}}, "market cap": {"value": "$19.95B"}, "income statement": {"Revenue": {"2019-12-31": "13578.00000", "2018-12-31": "13547.00000", "2017-12-31": "12854.00000", "2016-12-31": "12965.00000", "2015-12-31": "13525.00000", "2014-12-31": "14580.00000", "2013-12-31": "14792.00000", "2012-12-31": "14197.00000", "2011-12-31": "13198.00000", "2010-12-31": "12397.00000", "2009-12-31": "12575.00000", "2008-12-31": "12822.00000", "2007-12-31": "11776.00000", "2006-12-31": "10907.00000", "2005-12-31": "10177.00000"}, "Cost Of Goods Sold": {"2019-12-31": "9197.00000", "2018-12-31": "8821.00000", "2017-12-31": "8155.00000", "2016-12-31": "8131.00000", "2015-12-31": "8844.00000", "2014-12-31": "9517.00000", "2013-12-31": "8689.00000", "2012-12-31": "8763.00000", "2011-12-31": "8046.00000", "2010-12-31": "7055.00000", "2009-12-31": "7184.00000", "2008-12-31": "7455.00000", "2007-12-31": "6597.00000", "2006-12-31": "6082.00000", "2005-12-31": "5612.00000"}, "Gross Profit": {"2019-12-31": "4381.00000", "2018-12-31": "4726.00000", "2017-12-31": "4699.00000", "2016-12-31": "4834.00000", "2015-12-31": "4681.00000", "2014-12-31": "5063.00000", "2013-12-31": "6103.00000", "2012-12-31": "5434.00000", "2011-12-31": "5152.00000", "2010-12-31": "5342.00000", "2009-12-31": "5391.00000", "2008-12-31": "5367.00000", "2007-12-31": "5179.00000", "2006-12-31": "4825.00000", "2005-12-31": "4565.00000"}, "Research And Development Expenses": {"2019-12-31": "", "2018-12-31": "", "2017-12-31": "", "2016-12-31": "", "2015-12-31": "", "2014-12-31": "", "2013-12-31": "", "2012-12-31": "", "2011-12-31": "", "2010-12-31": "", "2009-12-31": "", "2008-12-31": "", "2007-12-31": "", "2006-12-31": "", "2005-12-31": ""}, "SG&A Expenses": {"2019-12-31": "2980.00000", "2018-12-31": "3020.00000", "2017-12-31": "3312.00000", "2016-12-31": "3351.00000", "2015-12-31": "3590.00000", "2014-12-31": "4039.00000", "2013-12-31": "3266.00000", "2012-12-31": "3872.00000", "2011-12-31": "3725.00000", "2010-12-31": "3305.00000", "2009-12-31": "3390.00000", "2008-12-31": "3414.00000", "2007-12-31": "3311.00000", "2006-12-31": "3059.00000", "2005-12-31": "2815.00000"}, "Other Operating Income Or Expenses": {"2019-12-31": "", "2018-12-31": "", "2017-12-31": "", "2016-12-31": "", "2015-12-31": "", "2014-12-31": "", "2013-12-31": "", "2012-12-31": "", "2011-12-31": "", "2010-12-31": "", "2009-12-31": "", "2008-12-31": "", "2007-12-31": "", "2006-12-31": "", "2005-12-31": ""}, "Operating Expenses": {"2019-12-31": "12177.00000", "2018-12-31": "11841.00000", "2017-12-31": "11467.00000", "2016-12-31": "11482.00000", "2015-12-31": "12434.00000", "2014-12-31": "13556.00000", "2013-12-31": "11955.00000", "2012-12-31": "12635.00000", "2011-12-31": "11771.00000", "2010-12-31": "10360.00000", "2009-12-31": "10574.00000", "2008-12-31": "10869.00000", "2007-12-31": "9908.00000", "2006-12-31": "9141.00000", "2005-12-31": "8427.00000"}, "Operating Income": {"2019-12-31": "1401.00000", "2018-12-31": "1706.00000", "2017-12-31": "1387.00000", "2016-12-31": "1483.00000", "2015-12-31": "1091.00000", "2014-12-31": "1024.00000", "2013-12-31": "2837.00000", "2012-12-31": "1562.00000", "2011-12-31": "1427.00000", "2010-12-31": "2037.00000", "2009-12-31": "2001.00000", "2008-12-31": "1953.00000", "2007-12-31": "1868.00000", "2006-12-31": "1766.00000", "2005-12-31": "1750.00000"}, "Total Non-Operating Income/Expense": {"2019-12-31": "-96.00000", "2018-12-31": "-377.00000", "2017-12-31": "270.00000", "2016-12-31": "-549.00000", "2015-12-31": "-318.00000", "2014-12-31": "-199.00000", "2013-12-31": "-231.00000", "2012-12-31": "-237.00000", "2011-12-31": "-243.00000", "2010-12-31": "-247.00000", "2009-12-31": "-317.00000", "2008-12-31": "-322.00000", "2007-12-31": "-322.00000", "2006-12-31": "-294.00000", "2005-12-31": "-325.00000"}, "Pre-Tax Income": {"2019-12-31": "1305.00000", "2018-12-31": "1329.00000", "2017-12-31": "1657.00000", "2016-12-31": "934.00000", "2015-12-31": "773.00000", "2014-12-31": "825.00000", "2013-12-31": "2606.00000", "2012-12-31": "1325.00000", "2011-12-31": "1184.00000", "2010-12-31": "1790.00000", "2009-12-31": "1684.00000", "2008-12-31": "1631.00000", "2007-12-31": "1546.00000", "2006-12-31": "1472.00000", "2005-12-31": "1425.00000"}, "Income Taxes": {"2019-12-31": "321.00000", "2018-12-31": "181.00000", "2017-12-31": "410.00000", "2016-12-31": "235.00000", "2015-12-31": "159.00000", "2014-12-31": "186.00000", "2013-12-31": "792.00000", "2012-12-31": "363.00000", "2011-12-31": "320.00000", "2010-12-31": "510.00000", "2009-12-31": "476.00000", "2008-12-31": "485.00000", "2007-12-31": "444.00000", "2006-12-31": "467.00000", "2005-12-31": "445.00000"}, "Income After Taxes": {"2019-12-31": "984.00000", "2018-12-31": "1148.00000", "2017-12-31": "1247.00000", "2016-12-31": "699.00000", "2015-12-31": "614.00000", "2014-12-31": "639.00000", "2013-12-31": "1814.00000", "2012-12-31": "962.00000", "2011-12-31": "864.00000", "2010-12-31": "1280.00000", "2009-12-31": "1208.00000", "2008-12-31": "1146.00000", "2007-12-31": "1102.00000", "2006-12-31": "1005.00000", "2005-12-31": "980.00000"}, "Other Income": {"2019-12-31": "", "2018-12-31": "", "2017-12-31": "", "2016-12-31": "", "2015-12-31": "", "2014-12-31": "", "2013-12-31": "", "2012-12-31": "-1.00000", "2011-12-31": "0.00000", "2010-12-31": "", "2009-12-31": "", "2008-12-31": "", "2007-12-31": "", "2006-12-31": "-1.00000", "2005-12-31": ""}, "Income From Continuous Operations": {"2019-12-31": "977.00000", "2018-12-31": "1344.00000", "2017-12-31": "1254.00000", "2016-12-31": "700.00000", "2015-12-31": "614.00000", "2014-12-31": "633.00000", "2013-12-31": "1808.00000", "2012-12-31": "961.00000", "2011-12-31": "864.00000", "2010-12-31": "1280.00000", "2009-12-31": "1208.00000", "2008-12-31": "1146.00000", "2007-12-31": "1102.00000", "2006-12-31": "1004.00000", "2005-12-31": "980.00000"}, "Income From Discontinued Operations": {"2019-12-31": "", "2018-12-31": "", "2017-12-31": "", "2016-12-31": "", "2015-12-31": "", "2014-12-31": "", "2013-12-31": "", "2012-12-31": "", "2011-12-31": "", "2010-12-31": "", "2009-12-31": "", "2008-12-31": "", "2007-12-31": "", "2006-12-31": "", "2005-12-31": ""}, "Net Income": {"2019-12-31": "960.00000", "2018-12-31": "1336.00000", "2017-12-31": "1254.00000", "2016-12-31": "699.00000", "2015-12-31": "614.00000", "2014-12-31": "632.00000", "2013-12-31": "1807.00000", "2012-12-31": "961.00000", "2011-12-31": "866.00000", "2010-12-31": "1287.00000", "2009-12-31": "1212.00000", "2008-12-31": "1148.00000", "2007-12-31": "1103.00000", "2006-12-31": "1004.00000", "2005-12-31": "980.00000"}, "EBITDA": {"2019-12-31": "1885.00000", "2018-12-31": "2222.00000", "2017-12-31": "1868.00000", "2016-12-31": "2000.00000", "2015-12-31": "1625.00000", "2014-12-31": "1527.00000", "2013-12-31": "3369.00000", "2012-12-31": "2010.00000", "2011-12-31": "1796.00000", "2010-12-31": "2429.00000", "2009-12-31": "2385.00000", "2008-12-31": "2328.00000", "2007-12-31": "2240.00000", "2006-12-31": "2119.00000", "2005-12-31": "2142.00000"}, "EBIT": {"2019-12-31": "1401.00000", "2018-12-31": "1706.00000", "2017-12-31": "1387.00000", "2016-12-31": "1483.00000", "2015-12-31": "1091.00000", "2014-12-31": "1024.00000", "2013-12-31": "2837.00000", "2012-12-31": "1562.00000", "2011-12-31": "1427.00000", "2010-12-31": "2037.00000", "2009-12-31": "2001.00000", "2008-12-31": "1953.00000", "2007-12-31": "1868.00000", "2006-12-31": "1766.00000", "2005-12-31": "1750.00000"}, "Basic Shares Outstanding": {"2019-12-31": "341.00000", "2018-12-31": "347.00000", "2017-12-31": "348.00000", "2016-12-31": "350.00000", "2015-12-31": "354.00000", "2014-12-31": "358.00000", "2013-12-31": "363.00000", "2012-12-31": "358.00000", "2011-12-31": "362.00000", "2010-12-31": "376.00000", "2009-12-31": "382.00000", "2008-12-31": "382.00000", "2007-12-31": "396.00000", "2006-12-31": "397.00000", "2005-12-31": "412.00000"}, "Shares Outstanding": {"2019-12-31": "343.00000", "2018-12-31": "348.00000", "2017-12-31": "350.00000", "2016-12-31": "354.00000", "2015-12-31": "356.00000", "2014-12-31": "360.00000", "2013-12-31": "365.00000", "2012-12-31": "360.00000", "2011-12-31": "364.00000", "2010-12-31": "378.00000", "2009-12-31": "384.00000", "2008-12-31": "385.00000", "2007-12-31": "400.00000", "2006-12-31": "400.00000", "2005-12-31": "416.00000"}, "Basic EPS": {"2019-12-31": "2.81000", "2018-12-31": "3.85000", "2017-12-31": "3.61000", "2016-12-31": "1.99000", "2015-12-31": "1.74000", "2014-12-31": "1.76000", "2013-12-31": "4.98000", "2012-12-31": "2.68000", "2011-12-31": "2.39000", "2010-12-31": "3.43000", "2009-12-31": "3.17000", "2008-12-31": "3.01000", "2007-12-31": "2.79000", "2006-12-31": "2.53000", "2005-12-31": "2.38000"}, "EPS - Earnings Per Share": {"2019-12-31": "2.80000", "2018-12-31": "3.83000", "2017-12-31": "3.58000", "2016-12-31": "1.97000", "2015-12-31": "1.72000", "2014-12-31": "1.75000", "2013-12-31": "4.94000", "2012-12-31": "2.67000", "2011-12-31": "2.38000", "2010-12-31": "3.40000", "2009-12-31": "3.16000", "2008-12-31": "2.99000", "2007-12-31": "2.76000", "2006-12-31": "2.51000", "2005-12-31": "2.36000"}}, "income statement, quarterly": {"Revenue": {"2020-09-30": "3429.00000", "2020-06-30": "3465.00000", "2020-03-31": "3412.00000", "2019-12-31": "3223.00000", "2019-09-30": "3372.00000", "2019-06-30": "3461.00000", "2019-03-31": "3522.00000", "2018-12-31": "3317.00000", "2018-09-30": "3469.00000", "2018-06-30": "3360.00000", "2018-03-31": "3401.00000", "2017-12-31": "3185.00000", "2017-09-30": "3246.00000", "2017-06-30": "3175.00000", "2017-03-31": "3248.00000", "2016-12-31": "3048.00000", "2016-09-30": "3254.00000", "2016-06-30": "3268.00000", "2016-03-31": "3395.00000", "2015-12-31": "3142.00000", "2015-09-30": "3329.00000", "2015-06-30": "3498.00000", "2015-03-31": "3556.00000", "2014-12-31": "3514.00000", "2014-09-30": "3639.00000", "2014-06-30": "3685.00000", "2014-03-31": "3742.00000", "2013-12-31": "3501.00000", "2013-09-30": "3716.00000", "2013-06-30": "3714.00000", "2013-03-31": "3861.00000", "2012-12-31": "3563.00000", "2012-09-30": "3720.00000", "2012-06-30": "3474.00000", "2012-03-31": "3440.00000", "2011-12-31": "3015.00000", "2011-09-30": "3312.00000", "2011-06-30": "3386.00000", "2011-03-31": "3485.00000", "2010-12-31": "2860.00000", "2010-09-30": "3157.00000", "2010-06-30": "3062.00000", "2010-03-31": "3318.00000", "2009-12-31": "2900.00000", "2009-09-30": "3277.00000", "2009-06-30": "3229.00000", "2009-03-31": "3169.00000", "2008-12-31": "2933.00000", "2008-09-30": "3288.00000", "2008-06-30": "3343.00000", "2008-03-31": "3258.00000", "2007-12-31": "2794.00000", "2007-09-30": "3004.00000", "2007-06-30": "3015.00000", "2007-03-31": "2963.00000", "2006-12-31": "2584.00000", "2006-09-30": "2823.00000", "2006-06-30": "2773.00000", "2006-03-31": "2727.00000", "2005-12-31": "2394.10000", "2005-09-30": "2623.40000", "2005-06-30": "2587.20000", "2005-03-31": "2572.30000"}, "Cost Of Goods Sold": {"2020-09-30": "2228.00000", "2020-06-30": "2268.00000", "2020-03-31": "2268.00000", "2019-12-31": "2135.00000", "2019-09-30": "2372.00000", "2019-06-30": "2275.00000", "2019-03-31": "2415.00000", "2018-12-31": "2228.00000", "2018-09-30": "2293.00000", "2018-06-30": "2151.00000", "2018-03-31": "2149.00000", "2017-12-31": "2043.00000", "2017-09-30": "2074.00000", "2017-06-30": "1950.00000", "2017-03-31": "2088.00000", "2016-12-31": "1993.00000", "2016-09-30": "1990.00000", "2016-06-30": "1998.00000", "2016-03-31": "2150.00000", "2015-12-31": "2180.00000", "2015-09-30": "2096.00000", "2015-06-30": "2257.00000", "2015-03-31": "2311.00000", "2014-12-31": "2658.00000", "2014-09-30": "2347.00000", "2014-06-30": "2274.00000", "2014-03-31": "2238.00000", "2013-12-31": "1718.00000", "2013-09-30": "2266.00000", "2013-06-30": "2237.00000", "2013-03-31": "2468.00000", "2012-12-31": "2387.00000", "2012-09-30": "2254.00000", "2012-06-30": "2035.00000", "2012-03-31": "2087.00000", "2011-12-31": "2077.00000", "2011-09-30": "1962.00000", "2011-06-30": "1943.00000", "2011-03-31": "2064.00000", "2010-12-31": "1617.00000", "2010-09-30": "1788.00000", "2010-06-30": "1757.00000", "2010-03-31": "1893.00000", "2009-12-31": "1655.00000", "2009-09-30": "1837.00000", "2009-06-30": "1825.00000", "2009-03-31": "1867.00000", "2008-12-31": "1777.00000", "2008-09-30": "1885.00000", "2008-06-30": "1899.00000", "2008-03-31": "1894.00000", "2007-12-31": "1598.00000", "2007-09-30": "1662.00000", "2007-06-30": "1638.00000", "2007-03-31": "1699.00000", "2006-12-31": "1465.00000", "2006-09-30": "1549.00000", "2006-06-30": "1538.00000", "2006-03-31": "1530.00000", "2005-12-31": "1349.60000", "2005-09-30": "1437.40000", "2005-06-30": "1388.60000", "2005-03-31": "1436.40000"}, "Gross Profit": {"2020-09-30": "1201.00000", "2020-06-30": "1197.00000", "2020-03-31": "1144.00000", "2019-12-31": "1088.00000", "2019-09-30": "1000.00000", "2019-06-30": "1186.00000", "2019-03-31": "1107.00000", "2018-12-31": "1089.00000", "2018-09-30": "1176.00000", "2018-06-30": "1209.00000", "2018-03-31": "1252.00000", "2017-12-31": "1142.00000", "2017-09-30": "1172.00000", "2017-06-30": "1225.00000", "2017-03-31": "1160.00000", "2016-12-31": "1055.00000", "2016-09-30": "1264.00000", "2016-06-30": "1270.00000", "2016-03-31": "1245.00000", "2015-12-31": "962.00000", "2015-09-30": "1233.00000", "2015-06-30": "1241.00000", "2015-03-31": "1245.00000", "2014-12-31": "856.00000", "2014-09-30": "1292.00000", "2014-06-30": "1411.00000", "2014-03-31": "1504.00000", "2013-12-31": "1783.00000", "2013-09-30": "1450.00000", "2013-06-30": "1477.00000", "2013-03-31": "1393.00000", "2012-12-31": "1176.00000", "2012-09-30": "1466.00000", "2012-06-30": "1439.00000", "2012-03-31": "1353.00000", "2011-12-31": "938.00000", "2011-09-30": "1350.00000", "2011-06-30": "1443.00000", "2011-03-31": "1421.00000", "2010-12-31": "1243.00000", "2010-09-30": "1369.00000", "2010-06-30": "1305.00000", "2010-03-31": "1425.00000", "2009-12-31": "1245.00000", "2009-09-30": "1440.00000", "2009-06-30": "1404.00000", "2009-03-31": "1302.00000", "2008-12-31": "1156.00000", "2008-09-30": "1403.00000", "2008-06-30": "1444.00000", "2008-03-31": "1364.00000", "2007-12-31": "1196.00000", "2007-09-30": "1342.00000", "2007-06-30": "1377.00000", "2007-03-31": "1264.00000", "2006-12-31": "1119.00000", "2006-09-30": "1274.00000", "2006-06-30": "1235.00000", "2006-03-31": "1197.00000", "2005-12-31": "1044.50000", "2005-09-30": "1186.00000", "2005-06-30": "1198.60000", "2005-03-31": "1135.90000"}, "Research And Development Expenses": {"2020-09-30": "", "2020-06-30": "", "2020-03-31": "", "2019-12-31": "", "2019-09-30": "", "2019-06-30": "", "2019-03-31": "", "2018-12-31": "", "2018-09-30": "", "2018-06-30": "", "2018-03-31": "", "2017-12-31": "", "2017-09-30": "", "2017-06-30": "", "2017-03-31": "", "2016-12-31": "", "2016-09-30": "", "2016-06-30": "", "2016-03-31": "", "2015-12-31": "", "2015-09-30": "", "2015-06-30": "", "2015-03-31": "", "2014-12-31": "", "2014-09-30": "", "2014-06-30": "", "2014-03-31": "", "2013-12-31": "", "2013-09-30": "", "2013-06-30": "", "2013-03-31": "", "2012-12-31": "", "2012-09-30": "", "2012-06-30": "", "2012-03-31": "", "2011-12-31": "", "2011-09-30": "", "2011-06-30": "", "2011-03-31": "", "2010-12-31": "", "2010-09-30": "", "2010-06-30": "", "2010-03-31": "", "2009-12-31": "", "2009-09-30": "", "2009-06-30": "", "2009-03-31": "", "2008-12-31": "", "2008-09-30": "", "2008-06-30": "", "2008-03-31": "", "2007-12-31": "", "2007-09-30": "", "2007-06-30": "", "2007-03-31": "", "2006-12-31": "", "2006-09-30": "", "2006-06-30": "", "2006-03-31": "", "2005-12-31": "", "2005-09-30": "", "2005-06-30": "", "2005-03-31": ""}, "SG&A Expenses": {"2020-09-30": "790.00000", "2020-06-30": "691.00000", "2020-03-31": "685.00000", "2019-12-31": "728.00000", "2019-09-30": "737.00000", "2019-06-30": "789.00000", "2019-03-31": "726.00000", "2018-12-31": "763.00000", "2018-09-30": "780.00000", "2018-06-30": "735.00000", "2018-03-31": "742.00000", "2017-12-31": "753.00000", "2017-09-30": "839.00000", "2017-06-30": "840.00000", "2017-03-31": "880.00000", "2016-12-31": "869.00000", "2016-09-30": "854.00000", "2016-06-30": "821.00000", "2016-03-31": "807.00000", "2015-12-31": "1001.00000", "2015-09-30": "899.00000", "2015-06-30": "829.00000", "2015-03-31": "861.00000", "2014-12-31": "1278.00000", "2014-09-30": "927.00000", "2014-06-30": "944.00000", "2014-03-31": "890.00000", "2013-12-31": "523.00000", "2013-09-30": "946.00000", "2013-06-30": "907.00000", "2013-03-31": "890.00000", "2012-12-31": "1173.00000", "2012-09-30": "953.00000", "2012-06-30": "920.00000", "2012-03-31": "826.00000", "2011-12-31": "1090.00000", "2011-09-30": "886.00000", "2011-06-30": "900.00000", "2011-03-31": "849.00000", "2010-12-31": "867.00000", "2010-09-30": "828.00000", "2010-06-30": "822.00000", "2010-03-31": "788.00000", "2009-12-31": "893.00000", "2009-09-30": "873.00000", "2009-06-30": "851.00000", "2009-03-31": "773.00000", "2008-12-31": "811.00000", "2008-09-30": "870.00000", "2008-06-30": "914.00000", "2008-03-31": "819.00000", "2007-12-31": "837.00000", "2007-09-30": "850.00000", "2007-06-30": "859.00000", "2007-03-31": "765.00000", "2006-12-31": "774.00000", "2006-09-30": "787.00000", "2006-06-30": "774.00000", "2006-03-31": "724.00000", "2005-12-31": "700.50000", "2005-09-30": "720.30000", "2005-06-30": "726.10000", "2005-03-31": "668.10000"}, "Other Operating Income Or Expenses": {"2020-09-30": "", "2020-06-30": "", "2020-03-31": "", "2019-12-31": "", "2019-09-30": "", "2019-06-30": "", "2019-03-31": "", "2018-12-31": "", "2018-09-30": "", "2018-06-30": "", "2018-03-31": "", "2017-12-31": "", "2017-09-30": "", "2017-06-30": "", "2017-03-31": "", "2016-12-31": "", "2016-09-30": "", "2016-06-30": "", "2016-03-31": "", "2015-12-31": "", "2015-09-30": "", "2015-06-30": "", "2015-03-31": "", "2014-12-31": "", "2014-09-30": "", "2014-06-30": "", "2014-03-31": "", "2013-12-31": "", "2013-09-30": "", "2013-06-30": "", "2013-03-31": "", "2012-12-31": "", "2012-09-30": "", "2012-06-30": "", "2012-03-31": "", "2011-12-31": "", "2011-09-30": "", "2011-06-30": "", "2011-03-31": "", "2010-12-31": "", "2010-09-30": "", "2010-06-30": "", "2010-03-31": "", "2009-12-31": "", "2009-09-30": "", "2009-06-30": "", "2009-03-31": "", "2008-12-31": "", "2008-09-30": "", "2008-06-30": "", "2008-03-31": "", "2007-12-31": "", "2007-09-30": "", "2007-06-30": "", "2007-03-31": "", "2006-12-31": "", "2006-09-30": "", "2006-06-30": "", "2006-03-31": "", "2005-12-31": "", "2005-09-30": "", "2005-06-30": "", "2005-03-31": ""}, "Operating Expenses": {"2020-09-30": "3018.00000", "2020-06-30": "2959.00000", "2020-03-31": "2953.00000", "2019-12-31": "2863.00000", "2019-09-30": "3109.00000", "2019-06-30": "3064.00000", "2019-03-31": "3141.00000", "2018-12-31": "2991.00000", "2018-09-30": "3073.00000", "2018-06-30": "2886.00000", "2018-03-31": "2891.00000", "2017-12-31": "2796.00000", "2017-09-30": "2913.00000", "2017-06-30": "2790.00000", "2017-03-31": "2968.00000", "2016-12-31": "2862.00000", "2016-09-30": "2844.00000", "2016-06-30": "2819.00000", "2016-03-31": "2957.00000", "2015-12-31": "3181.00000", "2015-09-30": "2995.00000", "2015-06-30": "3086.00000", "2015-03-31": "3172.00000", "2014-12-31": "3936.00000", "2014-09-30": "3274.00000", "2014-06-30": "3218.00000", "2014-03-31": "3128.00000", "2013-12-31": "2241.00000", "2013-09-30": "3212.00000", "2013-06-30": "3144.00000", "2013-03-31": "3358.00000", "2012-12-31": "3560.00000", "2012-09-30": "3207.00000", "2012-06-30": "2955.00000", "2012-03-31": "2913.00000", "2011-12-31": "3167.00000", "2011-09-30": "2848.00000", "2011-06-30": "2843.00000", "2011-03-31": "2913.00000", "2010-12-31": "2484.00000", "2010-09-30": "2616.00000", "2010-06-30": "2579.00000", "2010-03-31": "2681.00000", "2009-12-31": "2548.00000", "2009-09-30": "2710.00000", "2009-06-30": "2676.00000", "2009-03-31": "2640.00000", "2008-12-31": "2588.00000", "2008-09-30": "2755.00000", "2008-06-30": "2813.00000", "2008-03-31": "2713.00000", "2007-12-31": "2435.00000", "2007-09-30": "2512.00000", "2007-06-30": "2497.00000", "2007-03-31": "2464.00000", "2006-12-31": "2239.00000", "2006-09-30": "2336.00000", "2006-06-30": "2312.00000", "2006-03-31": "2254.00000", "2005-12-31": "2050.10000", "2005-09-30": "2157.70000", "2005-06-30": "2114.70000", "2005-03-31": "2104.50000"}, "Operating Income": {"2020-09-30": "411.00000", "2020-06-30": "506.00000", "2020-03-31": "459.00000", "2019-12-31": "360.00000", "2019-09-30": "263.00000", "2019-06-30": "397.00000", "2019-03-31": "381.00000", "2018-12-31": "326.00000", "2018-09-30": "396.00000", "2018-06-30": "474.00000", "2018-03-31": "510.00000", "2017-12-31": "389.00000", "2017-09-30": "333.00000", "2017-06-30": "385.00000", "2017-03-31": "280.00000", "2016-12-31": "186.00000", "2016-09-30": "410.00000", "2016-06-30": "449.00000", "2016-03-31": "438.00000", "2015-12-31": "-39.00000", "2015-09-30": "334.00000", "2015-06-30": "412.00000", "2015-03-31": "384.00000", "2014-12-31": "-422.00000", "2014-09-30": "365.00000", "2014-06-30": "467.00000", "2014-03-31": "614.00000", "2013-12-31": "1260.00000", "2013-09-30": "504.00000", "2013-06-30": "570.00000", "2013-03-31": "503.00000", "2012-12-31": "3.00000", "2012-09-30": "513.00000", "2012-06-30": "519.00000", "2012-03-31": "527.00000", "2011-12-31": "-152.00000", "2011-09-30": "464.00000", "2011-06-30": "543.00000", "2011-03-31": "572.00000", "2010-12-31": "376.00000", "2010-09-30": "541.00000", "2010-06-30": "483.00000", "2010-03-31": "637.00000", "2009-12-31": "352.00000", "2009-09-30": "567.00000", "2009-06-30": "553.00000", "2009-03-31": "529.00000", "2008-12-31": "345.00000", "2008-09-30": "533.00000", "2008-06-30": "530.00000", "2008-03-31": "545.00000", "2007-12-31": "359.00000", "2007-09-30": "492.00000", "2007-06-30": "518.00000", "2007-03-31": "499.00000", "2006-12-31": "345.00000", "2006-09-30": "487.00000", "2006-06-30": "461.00000", "2006-03-31": "473.00000", "2005-12-31": "344.00070", "2005-09-30": "465.70000", "2005-06-30": "472.50000", "2005-03-31": "467.80000"}, "Total Non-Operating Income/Expense": {"2020-09-30": "7.00000", "2020-06-30": "-39.00000", "2020-03-31": "-13.00000", "2019-12-31": "-122.00000", "2019-09-30": "78.00000", "2019-06-30": "-30.00000", "2019-03-31": "-22.00000", "2018-12-31": "-433.00000", "2018-09-30": "58.00000", "2018-06-30": "-3.00000", "2018-03-31": "1.00000", "2017-12-31": "190.00000", "2017-09-30": "53.00000", "2017-06-30": "", "2017-03-31": "27.00000", "2016-12-31": "-213.00000", "2016-09-30": "-55.00000", "2016-06-30": "-64.00000", "2016-03-31": "-217.00000", "2015-12-31": "-72.00000", "2015-09-30": "-62.00000", "2015-06-30": "-104.00000", "2015-03-31": "-80.00000", "2014-12-31": "-57.00000", "2014-09-30": "-53.00000", "2014-06-30": "-47.00000", "2014-03-31": "-42.00000", "2013-12-31": "-46.00000", "2013-09-30": "-52.00000", "2013-06-30": "-66.00000", "2013-03-31": "-67.00000", "2012-12-31": "-72.00000", "2012-09-30": "-63.00000", "2012-06-30": "-82.00000", "2012-03-31": "-20.00000", "2011-12-31": "-55.00000", "2011-09-30": "-67.00000", "2011-06-30": "-54.00000", "2011-03-31": "-67.00000", "2010-12-31": "-68.00000", "2010-09-30": "-61.00000", "2010-06-30": "-54.00000", "2010-03-31": "-64.00000", "2009-12-31": "-117.00000", "2009-09-30": "-75.00000", "2009-06-30": "-58.00000", "2009-03-31": "-67.00000", "2008-12-31": "-85.00000", "2008-09-30": "-59.00000", "2008-06-30": "-85.00000", "2008-03-31": "-93.00000", "2007-12-31": "-94.00000", "2007-09-30": "-76.00000", "2007-06-30": "-76.00000", "2007-03-31": "-76.00000", "2006-12-31": "-78.00000", "2006-09-30": "-73.00000", "2006-06-30": "-73.00000", "2006-03-31": "-70.00000", "2005-12-31": "-72.70000", "2005-09-30": "-73.70000", "2005-06-30": "-85.30000", "2005-03-31": "-93.30000"}, "Pre-Tax Income": {"2020-09-30": "418.00000", "2020-06-30": "467.00000", "2020-03-31": "446.00000", "2019-12-31": "238.00000", "2019-09-30": "341.00000", "2019-06-30": "367.00000", "2019-03-31": "359.00000", "2018-12-31": "-107.00000", "2018-09-30": "454.00000", "2018-06-30": "471.00000", "2018-03-31": "511.00000", "2017-12-31": "579.00000", "2017-09-30": "386.00000", "2017-06-30": "385.00000", "2017-03-31": "307.00000", "2016-12-31": "-27.00000", "2016-09-30": "355.00000", "2016-06-30": "385.00000", "2016-03-31": "221.00000", "2015-12-31": "-111.00000", "2015-09-30": "272.00000", "2015-06-30": "308.00000", "2015-03-31": "304.00000", "2014-12-31": "-479.00000", "2014-09-30": "312.00000", "2014-06-30": "420.00000", "2014-03-31": "572.00000", "2013-12-31": "1214.00000", "2013-09-30": "452.00000", "2013-06-30": "504.00000", "2013-03-31": "436.00000", "2012-12-31": "-69.00000", "2012-09-30": "450.00000", "2012-06-30": "437.00000", "2012-03-31": "507.00000", "2011-12-31": "-207.00000", "2011-09-30": "397.00000", "2011-06-30": "489.00000", "2011-03-31": "505.00000", "2010-12-31": "308.00000", "2010-09-30": "480.00000", "2010-06-30": "429.00000", "2010-03-31": "573.00000", "2009-12-31": "235.00000", "2009-09-30": "492.00000", "2009-06-30": "495.00000", "2009-03-31": "462.00000", "2008-12-31": "260.00000", "2008-09-30": "474.00000", "2008-06-30": "445.00000", "2008-03-31": "452.00000", "2007-12-31": "265.00000", "2007-09-30": "416.00000", "2007-06-30": "442.00000", "2007-03-31": "423.00000", "2006-12-31": "267.00000", "2006-09-30": "414.00000", "2006-06-30": "388.00000", "2006-03-31": "403.00000", "2005-12-31": "271.30000", "2005-09-30": "392.00000", "2005-06-30": "387.20000", "2005-03-31": "374.50000"}, "Income Taxes": {"2020-09-30": "65.00000", "2020-06-30": "109.00000", "2020-03-31": "94.00000", "2019-12-31": "84.00000", "2019-09-30": "91.00000", "2019-06-30": "74.00000", "2019-03-31": "72.00000", "2018-12-31": "-25.00000", "2018-09-30": "69.00000", "2018-06-30": "70.00000", "2018-03-31": "67.00000", "2017-12-31": "164.00000", "2017-09-30": "101.00000", "2017-06-30": "102.00000", "2017-03-31": "43.00000", "2016-12-31": "20.00000", "2016-09-30": "62.00000", "2016-06-30": "106.00000", "2016-03-31": "47.00000", "2015-12-31": "-68.00000", "2015-09-30": "66.00000", "2015-06-30": "85.00000", "2015-03-31": "76.00000", "2014-12-31": "-187.00000", "2014-09-30": "86.00000", "2014-06-30": "122.00000", "2014-03-31": "165.00000", "2013-12-31": "394.00000", "2013-09-30": "124.00000", "2013-06-30": "150.00000", "2013-03-31": "124.00000", "2012-12-31": "-37.00000", "2012-09-30": "131.00000", "2012-06-30": "113.00000", "2012-03-31": "156.00000", "2011-12-31": "-74.00000", "2011-09-30": "107.00000", "2011-06-30": "147.00000", "2011-03-31": "140.00000", "2010-12-31": "83.00000", "2010-09-30": "143.00000", "2010-06-30": "128.00000", "2010-03-31": "156.00000", "2009-12-31": "60.00000", "2009-09-30": "132.00000", "2009-06-30": "141.00000", "2009-03-31": "143.00000", "2008-12-31": "82.00000", "2008-09-30": "133.00000", "2008-06-30": "133.00000", "2008-03-31": "137.00000", "2007-12-31": "90.00000", "2007-09-30": "111.00000", "2007-06-30": "141.00000", "2007-03-31": "102.00000", "2006-12-31": "84.00000", "2006-09-30": "133.00000", "2006-06-30": "121.00000", "2006-03-31": "129.00000", "2005-12-31": "79.30000", "2005-09-30": "117.70000", "2005-06-30": "128.20000", "2005-03-31": "119.80000"}, "Income After Taxes": {"2020-09-30": "353.00000", "2020-06-30": "358.00000", "2020-03-31": "352.00000", "2019-12-31": "154.00000", "2019-09-30": "250.00000", "2019-06-30": "293.00000", "2019-03-31": "287.00000", "2018-12-31": "-82.00000", "2018-09-30": "385.00000", "2018-06-30": "401.00000", "2018-03-31": "444.00000", "2017-12-31": "415.00000", "2017-09-30": "285.00000", "2017-06-30": "283.00000", "2017-03-31": "264.00000", "2016-12-31": "-47.00000", "2016-09-30": "293.00000", "2016-06-30": "279.00000", "2016-03-31": "174.00000", "2015-12-31": "-43.00000", "2015-09-30": "206.00000", "2015-06-30": "223.00000", "2015-03-31": "228.00000", "2014-12-31": "-292.00000", "2014-09-30": "226.00000", "2014-06-30": "298.00000", "2014-03-31": "407.00000", "2013-12-31": "820.00000", "2013-09-30": "328.00000", "2013-06-30": "354.00000", "2013-03-31": "312.00000", "2012-12-31": "-32.00000", "2012-09-30": "319.00000", "2012-06-30": "324.00000", "2012-03-31": "351.00000", "2011-12-31": "-133.00000", "2011-09-30": "290.00000", "2011-06-30": "342.00000", "2011-03-31": "365.00000", "2010-12-31": "225.00000", "2010-09-30": "337.00000", "2010-06-30": "301.00000", "2010-03-31": "417.00000", "2009-12-31": "175.00000", "2009-09-30": "360.00000", "2009-06-30": "354.00000", "2009-03-31": "319.00000", "2008-12-31": "178.00000", "2008-09-30": "341.00000", "2008-06-30": "312.00000", "2008-03-31": "315.00000", "2007-12-31": "175.00000", "2007-09-30": "305.00000", "2007-06-30": "301.00000", "2007-03-31": "321.00000", "2006-12-31": "183.00000", "2006-09-30": "281.00000", "2006-06-30": "267.00000", "2006-03-31": "274.00000", "2005-12-31": "192.00000", "2005-09-30": "274.30000", "2005-06-30": "259.00000", "2005-03-31": "254.70000"}, "Other Income": {"2020-09-30": "", "2020-06-30": "", "2020-03-31": "", "2019-12-31": "", "2019-09-30": "", "2019-06-30": "", "2019-03-31": "", "2018-12-31": "", "2018-09-30": "", "2018-06-30": "", "2018-03-31": "", "2017-12-31": "", "2017-09-30": "", "2017-06-30": "", "2017-03-31": "", "2016-12-31": "", "2016-09-30": "", "2016-06-30": "", "2016-03-31": "", "2015-12-31": "", "2015-09-30": "", "2015-06-30": "", "2015-03-31": "-1.00000", "2014-12-31": "", "2014-09-30": "", "2014-06-30": "-3.00000", "2014-03-31": "-1.00000", "2013-12-31": "", "2013-09-30": "-2.00000", "2013-06-30": "-2.00000", "2013-03-31": "-1.00000", "2012-12-31": "", "2012-09-30": "-1.00000", "2012-06-30": "", "2012-03-31": "", "2011-12-31": "", "2011-09-30": "", "2011-06-30": "", "2011-03-31": "", "2010-12-31": "", "2010-09-30": "", "2010-06-30": "", "2010-03-31": "", "2009-12-31": "", "2009-09-30": "", "2009-06-30": "-1.00000", "2009-03-31": "", "2008-12-31": "", "2008-09-30": "", "2008-06-30": "", "2008-03-31": "", "2007-12-31": "", "2007-09-30": "", "2007-06-30": "", "2007-03-31": "", "2006-12-31": "", "2006-09-30": "", "2006-06-30": "", "2006-03-31": "", "2005-12-31": "", "2005-09-30": "", "2005-06-30": "", "2005-03-31": ""}, "Income From Continuous Operations": {"2020-09-30": "352.00000", "2020-06-30": "354.00000", "2020-03-31": "350.00000", "2019-12-31": "152.00000", "2019-09-30": "248.00000", "2019-06-30": "292.00000", "2019-03-31": "285.00000", "2018-12-31": "-82.00000", "2018-09-30": "383.00000", "2018-06-30": "599.00000", "2018-03-31": "444.00000", "2017-12-31": "417.00000", "2017-09-30": "288.00000", "2017-06-30": "283.00000", "2017-03-31": "266.00000", "2016-12-31": "-47.00000", "2016-09-30": "292.00000", "2016-06-30": "280.00000", "2016-03-31": "175.00000", "2015-12-31": "-40.00000", "2015-09-30": "205.00000", "2015-06-30": "222.00000", "2015-03-31": "227.00000", "2014-12-31": "-293.00000", "2014-09-30": "225.00000", "2014-06-30": "295.00000", "2014-03-31": "406.00000", "2013-12-31": "819.00000", "2013-09-30": "326.00000", "2013-06-30": "352.00000", "2013-03-31": "311.00000", "2012-12-31": "-32.00000", "2012-09-30": "318.00000", "2012-06-30": "324.00000", "2012-03-31": "351.00000", "2011-12-31": "-133.00000", "2011-09-30": "290.00000", "2011-06-30": "342.00000", "2011-03-31": "365.00000", "2010-12-31": "225.00000", "2010-09-30": "337.00000", "2010-06-30": "301.00000", "2010-03-31": "417.00000", "2009-12-31": "176.00000", "2009-09-30": "360.00000", "2009-06-30": "353.00000", "2009-03-31": "319.00000", "2008-12-31": "178.00000", "2008-09-30": "341.00000", "2008-06-30": "312.00000", "2008-03-31": "315.00000", "2007-12-31": "175.00000", "2007-09-30": "305.00000", "2007-06-30": "301.00000", "2007-03-31": "321.00000", "2006-12-31": "182.00000", "2006-09-30": "281.00000", "2006-06-30": "267.00000", "2006-03-31": "274.00000", "2005-12-31": "192.00000", "2005-09-30": "274.30000", "2005-06-30": "259.00000", "2005-03-31": "254.70000"}, "Income From Discontinued Operations": {"2020-09-30": "", "2020-06-30": "", "2020-03-31": "", "2019-12-31": "", "2019-09-30": "", "2019-06-30": "", "2019-03-31": "", "2018-12-31": "", "2018-09-30": "", "2018-06-30": "", "2018-03-31": "", "2017-12-31": "", "2017-09-30": "", "2017-06-30": "", "2017-03-31": "", "2016-12-31": "", "2016-09-30": "", "2016-06-30": "", "2016-03-31": "", "2015-12-31": "", "2015-09-30": "", "2015-06-30": "", "2015-03-31": "", "2014-12-31": "", "2014-09-30": "", "2014-06-30": "", "2014-03-31": "", "2013-12-31": "", "2013-09-30": "", "2013-06-30": "", "2013-03-31": "", "2012-12-31": "", "2012-09-30": "", "2012-06-30": "", "2012-03-31": "", "2011-12-31": "", "2011-09-30": "", "2011-06-30": "", "2011-03-31": "", "2010-12-31": "", "2010-09-30": "", "2010-06-30": "", "2010-03-31": "", "2009-12-31": "", "2009-09-30": "", "2009-06-30": "", "2009-03-31": "", "2008-12-31": "", "2008-09-30": "", "2008-06-30": "", "2008-03-31": "", "2007-12-31": "", "2007-09-30": "", "2007-06-30": "", "2007-03-31": "", "2006-12-31": "", "2006-09-30": "", "2006-06-30": "", "2006-03-31": "", "2005-12-31": "", "2005-09-30": "", "2005-06-30": "", "2005-03-31": ""}, "Net Income": {"2020-09-30": "348.00000", "2020-06-30": "351.00000", "2020-03-31": "347.00000", "2019-12-31": "145.00000", "2019-09-30": "247.00000", "2019-06-30": "286.00000", "2019-03-31": "282.00000", "2018-12-31": "-84.00000", "2018-09-30": "380.00000", "2018-06-30": "596.00000", "2018-03-31": "444.00000", "2017-12-31": "417.00000", "2017-09-30": "288.00000", "2017-06-30": "283.00000", "2017-03-31": "266.00000", "2016-12-31": "-48.00000", "2016-09-30": "292.00000", "2016-06-30": "280.00000", "2016-03-31": "175.00000", "2015-12-31": "-41.00000", "2015-09-30": "205.00000", "2015-06-30": "223.00000", "2015-03-31": "227.00000", "2014-12-31": "-293.00000", "2014-09-30": "224.00000", "2014-06-30": "295.00000", "2014-03-31": "406.00000", "2013-12-31": "818.00000", "2013-09-30": "326.00000", "2013-06-30": "352.00000", "2013-03-31": "311.00000", "2012-12-31": "-32.00000", "2012-09-30": "318.00000", "2012-06-30": "324.00000", "2012-03-31": "351.00000", "2011-12-31": "-133.00000", "2011-09-30": "290.00000", "2011-06-30": "343.00000", "2011-03-31": "366.00000", "2010-12-31": "229.00000", "2010-09-30": "338.00000", "2010-06-30": "302.00000", "2010-03-31": "418.00000", "2009-12-31": "176.00000", "2009-09-30": "361.00000", "2009-06-30": "354.00000", "2009-03-31": "321.00000", "2008-12-31": "179.00000", "2008-09-30": "342.00000", "2008-06-30": "312.00000", "2008-03-31": "315.00000", "2007-12-31": "176.00000", "2007-09-30": "305.00000", "2007-06-30": "301.00000", "2007-03-31": "321.00000", "2006-12-31": "182.00000", "2006-09-30": "281.00000", "2006-06-30": "267.00000", "2006-03-31": "274.00000", "2005-12-31": "192.00000", "2005-09-30": "274.30000", "2005-06-30": "259.00000", "2005-03-31": "254.70000"}, "EBITDA": {"2020-09-30": "532.00000", "2020-06-30": "623.00000", "2020-03-31": "576.00000", "2019-12-31": "484.00000", "2019-09-30": "380.00000", "2019-06-30": "516.00000", "2019-03-31": "505.00000", "2018-12-31": "468.00000", "2018-09-30": "536.00000", "2018-06-30": "586.00000", "2018-03-31": "632.00000", "2017-12-31": "504.00000", "2017-09-30": "459.00000", "2017-06-30": "504.00000", "2017-03-31": "401.00000", "2016-12-31": "346.00000", "2016-09-30": "516.00000", "2016-06-30": "585.00000", "2016-03-31": "553.00000", "2015-12-31": "108.00000", "2015-09-30": "452.00000", "2015-06-30": "550.00000", "2015-03-31": "515.00000", "2014-12-31": "-294.00000", "2014-09-30": "505.00000", "2014-06-30": "586.00000", "2014-03-31": "730.00000", "2013-12-31": "1452.00000", "2013-09-30": "618.00000", "2013-06-30": "683.00000", "2013-03-31": "616.00000", "2012-12-31": "149.00000", "2012-09-30": "621.00000", "2012-06-30": "618.00000", "2012-03-31": "622.00000", "2011-12-31": "-53.00000", "2011-09-30": "559.00000", "2011-06-30": "629.00000", "2011-03-31": "661.00000", "2010-12-31": "503.00000", "2010-09-30": "628.00000", "2010-06-30": "574.00000", "2010-03-31": "724.00000", "2009-12-31": "454.00000", "2009-09-30": "660.00000", "2009-06-30": "658.00000", "2009-03-31": "613.00000", "2008-12-31": "446.00000", "2008-09-30": "625.00000", "2008-06-30": "618.00000", "2008-03-31": "639.00000", "2007-12-31": "456.00000", "2007-09-30": "582.00000", "2007-06-30": "616.00000", "2007-03-31": "586.00000", "2006-12-31": "440.00000", "2006-09-30": "572.00000", "2006-06-30": "553.00000", "2006-03-31": "554.00000", "2005-12-31": "444.20070", "2005-09-30": "562.70000", "2005-06-30": "565.70000", "2005-03-31": "569.40000"}, "EBIT": {"2020-09-30": "411.00000", "2020-06-30": "506.00000", "2020-03-31": "459.00000", "2019-12-31": "360.00000", "2019-09-30": "263.00000", "2019-06-30": "397.00000", "2019-03-31": "381.00000", "2018-12-31": "326.00000", "2018-09-30": "396.00000", "2018-06-30": "474.00000", "2018-03-31": "510.00000", "2017-12-31": "389.00000", "2017-09-30": "333.00000", "2017-06-30": "385.00000", "2017-03-31": "280.00000", "2016-12-31": "186.00000", "2016-09-30": "410.00000", "2016-06-30": "449.00000", "2016-03-31": "438.00000", "2015-12-31": "-39.00000", "2015-09-30": "334.00000", "2015-06-30": "412.00000", "2015-03-31": "384.00000", "2014-12-31": "-422.00000", "2014-09-30": "365.00000", "2014-06-30": "467.00000", "2014-03-31": "614.00000", "2013-12-31": "1260.00000", "2013-09-30": "504.00000", "2013-06-30": "570.00000", "2013-03-31": "503.00000", "2012-12-31": "3.00000", "2012-09-30": "513.00000", "2012-06-30": "519.00000", "2012-03-31": "527.00000", "2011-12-31": "-152.00000", "2011-09-30": "464.00000", "2011-06-30": "543.00000", "2011-03-31": "572.00000", "2010-12-31": "376.00000", "2010-09-30": "541.00000", "2010-06-30": "483.00000", "2010-03-31": "637.00000", "2009-12-31": "352.00000", "2009-09-30": "567.00000", "2009-06-30": "553.00000", "2009-03-31": "529.00000", "2008-12-31": "345.00000", "2008-09-30": "533.00000", "2008-06-30": "530.00000", "2008-03-31": "545.00000", "2007-12-31": "359.00000", "2007-09-30": "492.00000", "2007-06-30": "518.00000", "2007-03-31": "499.00000", "2006-12-31": "345.00000", "2006-09-30": "487.00000", "2006-06-30": "461.00000", "2006-03-31": "473.00000", "2005-12-31": "344.00000", "2005-09-30": "465.70000", "2005-06-30": "472.50000", "2005-03-31": "467.80000"}, "Basic Shares Outstanding": {"2020-09-30": "343.00000", "2020-06-30": "343.00000", "2020-03-31": "342.00000", "2019-12-31": "341.00000", "2019-09-30": "341.00000", "2019-06-30": "340.00000", "2019-03-31": "342.00000", "2018-12-31": "347.00000", "2018-09-30": "347.00000", "2018-06-30": "347.00000", "2018-03-31": "346.00000", "2017-12-31": "348.00000", "2017-09-30": "345.00000", "2017-06-30": "349.00000", "2017-03-31": "351.00000", "2016-12-31": "350.00000", "2016-09-30": "350.00000", "2016-06-30": "350.00000", "2016-03-31": "351.00000", "2015-12-31": "354.00000", "2015-09-30": "354.00000", "2015-06-30": "353.00000", "2015-03-31": "355.00000", "2014-12-31": "358.00000", "2014-09-30": "358.00000", "2014-06-30": "359.00000", "2014-03-31": "360.00000", "2013-12-31": "363.00000", "2013-09-30": "362.00000", "2013-06-30": "364.00000", "2013-03-31": "363.00000", "2012-12-31": "358.00000", "2012-09-30": "358.00000", "2012-06-30": "357.00000", "2012-03-31": "357.00000", "2011-12-31": "362.00000", "2011-09-30": "360.00000", "2011-06-30": "363.00000", "2011-03-31": "365.00000", "2010-12-31": "376.00000", "2010-09-30": "373.00000", "2010-06-30": "381.00000", "2010-03-31": "380.00000", "2009-12-31": "382.00000", "2009-09-30": "382.00000", "2009-06-30": "383.00000", "2009-03-31": "382.00000", "2008-12-31": "382.00000", "2008-09-30": "380.00000", "2008-06-30": "379.00000", "2008-03-31": "386.00000", "2007-12-31": "396.00000", "2007-09-30": "395.00000", "2007-06-30": "397.00000", "2007-03-31": "398.00000", "2006-12-31": "397.00000", "2006-09-30": "397.00000", "2006-06-30": "394.00000", "2006-03-31": "399.00000", "2005-12-31": "412.00000", "2005-09-30": "413.40000", "2005-06-30": "412.00000", "2005-03-31": "413.10000"}, "Shares Outstanding": {"2020-09-30": "346.00000", "2020-06-30": "345.00000", "2020-03-31": "344.00000", "2019-12-31": "343.00000", "2019-09-30": "342.00000", "2019-06-30": "341.00000", "2019-03-31": "343.00000", "2018-12-31": "348.00000", "2018-09-30": "349.00000", "2018-06-30": "348.00000", "2018-03-31": "348.00000", "2017-12-31": "350.00000", "2017-09-30": "348.00000", "2017-06-30": "352.00000", "2017-03-31": "354.00000", "2016-12-31": "354.00000", "2016-09-30": "354.00000", "2016-06-30": "354.00000", "2016-03-31": "355.00000", "2015-12-31": "356.00000", "2015-09-30": "356.00000", "2015-06-30": "355.00000", "2015-03-31": "357.00000", "2014-12-31": "360.00000", "2014-09-30": "360.00000", "2014-06-30": "362.00000", "2014-03-31": "362.00000", "2013-12-31": "365.00000", "2013-09-30": "364.00000", "2013-06-30": "367.00000", "2013-03-31": "366.00000", "2012-12-31": "360.00000", "2012-09-30": "359.00000", "2012-06-30": "359.00000", "2012-03-31": "359.00000", "2011-12-31": "364.00000", "2011-09-30": "363.00000", "2011-06-30": "366.00000", "2011-03-31": "368.00000", "2010-12-31": "378.00000", "2010-09-30": "376.00000", "2010-06-30": "384.00000", "2010-03-31": "384.00000", "2009-12-31": "384.00000", "2009-09-30": "384.00000", "2009-06-30": "383.00000", "2009-03-31": "383.00000", "2008-12-31": "385.00000", "2008-09-30": "384.00000", "2008-06-30": "382.00000", "2008-03-31": "389.00000", "2007-12-31": "400.00000", "2007-09-30": "399.00000", "2007-06-30": "401.00000", "2007-03-31": "401.00000", "2006-12-31": "400.00000", "2006-09-30": "400.00000", "2006-06-30": "397.00000", "2006-03-31": "402.00000", "2005-12-31": "416.00000", "2005-09-30": "416.70000", "2005-06-30": "415.80000", "2005-03-31": "417.20000"}, "Basic EPS": {"2020-09-30": "1.02000", "2020-06-30": "1.02000", "2020-03-31": "1.01000", "2019-12-31": "0.42000", "2019-09-30": "0.73000", "2019-06-30": "0.84000", "2019-03-31": "0.82000", "2018-12-31": "-0.25000", "2018-09-30": "1.10000", "2018-06-30": "1.72000", "2018-03-31": "1.28000", "2017-12-31": "1.21000", "2017-09-30": "0.83000", "2017-06-30": "0.81000", "2017-03-31": "0.76000", "2016-12-31": "-0.14000", "2016-09-30": "0.83000", "2016-06-30": "0.80000", "2016-03-31": "0.50000", "2015-12-31": "-0.11000", "2015-09-30": "0.58000", "2015-06-30": "0.63000", "2015-03-31": "0.64000", "2014-12-31": "-0.82000", "2014-09-30": "0.63000", "2014-06-30": "0.82000", "2014-03-31": "1.13000", "2013-12-31": "2.26000", "2013-09-30": "0.90000", "2013-06-30": "0.96000", "2013-03-31": "0.86000", "2012-12-31": "-0.10000", "2012-09-30": "0.89000", "2012-06-30": "0.91000", "2012-03-31": "0.98000", "2011-12-31": "-0.36000", "2011-09-30": "0.81000", "2011-06-30": "0.94000", "2011-03-31": "1.00000", "2010-12-31": "0.62000", "2010-09-30": "0.91000", "2010-06-30": "0.80000", "2010-03-31": "1.10000", "2009-12-31": "0.46000", "2009-09-30": "0.94000", "2009-06-30": "0.93000", "2009-03-31": "0.84000", "2008-12-31": "0.47000", "2008-09-30": "0.90000", "2008-06-30": "0.82000", "2008-03-31": "0.82000", "2007-12-31": "0.45000", "2007-09-30": "0.77000", "2007-06-30": "0.76000", "2007-03-31": "0.81000", "2006-12-31": "0.45000", "2006-09-30": "0.71000", "2006-06-30": "0.68000", "2006-03-31": "0.69000", "2005-12-31": "0.47000", "2005-09-30": "0.66000", "2005-06-30": "0.63000", "2005-03-31": "0.62000"}, "EPS - Earnings Per Share": {"2020-09-30": "1.01000", "2020-06-30": "1.02000", "2020-03-31": "1.01000", "2019-12-31": "0.42000", "2019-09-30": "0.72000", "2019-06-30": "0.84000", "2019-03-31": "0.82000", "2018-12-31": "-0.24000", "2018-09-30": "1.09000", "2018-06-30": "1.71000", "2018-03-31": "1.27000", "2017-12-31": "1.20000", "2017-09-30": "0.83000", "2017-06-30": "0.80000", "2017-03-31": "0.75000", "2016-12-31": "-0.13000", "2016-09-30": "0.82000", "2016-06-30": "0.79000", "2016-03-31": "0.49000", "2015-12-31": "-0.13000", "2015-09-30": "0.58000", "2015-06-30": "0.63000", "2015-03-31": "0.64000", "2014-12-31": "-0.81000", "2014-09-30": "0.62000", "2014-06-30": "0.82000", "2014-03-31": "1.12000", "2013-12-31": "2.23000", "2013-09-30": "0.90000", "2013-06-30": "0.96000", "2013-03-31": "0.85000", "2012-12-31": "-0.10000", "2012-09-30": "0.89000", "2012-06-30": "0.90000", "2012-03-31": "0.98000", "2011-12-31": "-0.36000", "2011-09-30": "0.80000", "2011-06-30": "0.94000", "2011-03-31": "1.00000", "2010-12-31": "0.62000", "2010-09-30": "0.90000", "2010-06-30": "0.79000", "2010-03-31": "1.09000", "2009-12-31": "0.46000", "2009-09-30": "0.94000", "2009-06-30": "0.92000", "2009-03-31": "0.84000", "2008-12-31": "0.47000", "2008-09-30": "0.89000", "2008-06-30": "0.82000", "2008-03-31": "0.81000", "2007-12-31": "0.45000", "2007-09-30": "0.76000", "2007-06-30": "0.75000", "2007-03-31": "0.80000", "2006-12-31": "0.46000", "2006-09-30": "0.70000", "2006-06-30": "0.67000", "2006-03-31": "0.68000", "2005-12-31": "0.47000", "2005-09-30": "0.66000", "2005-06-30": "0.62000", "2005-03-31": "0.61000"}}, "balance sheet": {"Cash On Hand": {"2019-12-31": "397.00000", "2018-12-31": "321.00000", "2017-12-31": "281.00000", "2016-12-31": "280.00000", "2015-12-31": "251.00000", "2014-12-31": "443.00000", "2013-12-31": "273.00000", "2012-12-31": "281.00000", "2011-12-31": "460.00000", "2010-12-31": "444.00000", "2009-12-31": "334.00000", "2008-12-31": "255.00000", "2007-12-31": "524.00000", "2006-12-31": "411.00000", "2005-12-31": "219.10000"}, "Receivables": {"2019-12-31": "1576.00000", "2018-12-31": "1375.00000", "2017-12-31": "1389.00000", "2016-12-31": "1231.00000", "2015-12-31": "1344.00000", "2014-12-31": "1276.00000", "2013-12-31": "1424.00000", "2012-12-31": "1454.00000", "2011-12-31": "1188.00000", "2010-12-31": "1190.00000", "2009-12-31": "1093.00000", "2008-12-31": "1100.00000", "2007-12-31": "1011.00000", "2006-12-31": "945.00000", "2005-12-31": "879.10000"}, "Inventory": {"2019-12-31": "1226.00000", "2018-12-31": "1330.00000", "2017-12-31": "1217.00000", "2016-12-31": "1238.00000", "2015-12-31": "1250.00000", "2014-12-31": "1279.00000", "2013-12-31": "1248.00000", "2012-12-31": "1365.00000", "2011-12-31": "1174.00000", "2010-12-31": "1056.00000", "2009-12-31": "910.00000", "2008-12-31": "897.00000", "2007-12-31": "924.00000", "2006-12-31": "824.00000", "2005-12-31": "717.00000"}, "Pre-Paid Expenses": {"2019-12-31": "", "2018-12-31": "", "2017-12-31": "", "2016-12-31": "", "2015-12-31": "", "2014-12-31": "", "2013-12-31": "", "2012-12-31": "", "2011-12-31": "", "2010-12-31": "", "2009-12-31": "", "2008-12-31": "", "2007-12-31": "", "2006-12-31": "", "2005-12-31": ""}, "Other Current Assets": {"2019-12-31": "232.00000", "2018-12-31": "131.00000", "2017-12-31": "149.00000", "2016-12-31": "191.00000", "2015-12-31": "391.00000", "2014-12-31": "342.00000", "2013-12-31": "322.00000", "2012-12-31": "280.00000", "2011-12-31": "247.00000", "2010-12-31": "225.00000", "2009-12-31": "221.00000", "2008-12-31": "269.00000", "2007-12-31": "243.00000", "2006-12-31": "247.00000", "2005-12-31": "381.30000"}, "Total Current Assets": {"2019-12-31": "3431.00000", "2018-12-31": "3157.00000", "2017-12-31": "3036.00000", "2016-12-31": "2940.00000", "2015-12-31": "3236.00000", "2014-12-31": "3340.00000", "2013-12-31": "3267.00000", "2012-12-31": "3380.00000", "2011-12-31": "3069.00000", "2010-12-31": "2915.00000", "2009-12-31": "2558.00000", "2008-12-31": "2521.00000", "2007-12-31": "2702.00000", "2006-12-31": "2427.00000", "2005-12-31": "2196.50000"}, "Property, Plant, And Equipment": {"2019-12-31": "3612.00000", "2018-12-31": "3731.00000", "2017-12-31": "3716.00000", "2016-12-31": "3569.00000", "2015-12-31": "3621.00000", "2014-12-31": "3769.00000", "2013-12-31": "3856.00000", "2012-12-31": "3782.00000", "2011-12-31": "3281.00000", "2010-12-31": "3128.00000", "2009-12-31": "3010.00000", "2008-12-31": "2933.00000", "2007-12-31": "2990.00000", "2006-12-31": "2816.00000", "2005-12-31": "2648.40000"}, "Long-Term Investments": {"2019-12-31": "404.00000", "2018-12-31": "413.00000", "2017-12-31": "429.00000", "2016-12-31": "438.00000", "2015-12-31": "456.00000", "2014-12-31": "1.00000", "2013-12-31": "", "2012-12-31": "", "2011-12-31": "", "2010-12-31": "", "2009-12-31": "", "2008-12-31": "", "2007-12-31": "", "2006-12-31": "", "2005-12-31": ""}, "Goodwill And Intangible Assets": {"2019-12-31": "8437.00000", "2018-12-31": "9411.00000", "2017-12-31": "8143.00000", "2016-12-31": "7535.00000", "2015-12-31": "7236.00000", "2014-12-31": "7266.00000", "2013-12-31": "7418.00000", "2012-12-31": "7397.00000", "2011-12-31": "5077.00000", "2010-12-31": "5084.00000", "2009-12-31": "5101.00000", "2008-12-31": "5098.00000", "2007-12-31": "4965.00000", "2006-12-31": "4868.00000", "2005-12-31": ""}, "Other Long-Term Assets": {"2019-12-31": "1139.00000", "2018-12-31": "1068.00000", "2017-12-31": "1027.00000", "2016-12-31": "629.00000", "2015-12-31": "702.00000", "2014-12-31": "777.00000", "2013-12-31": "933.00000", "2012-12-31": "610.00000", "2011-12-31": "516.00000", "2010-12-31": "720.00000", "2009-12-31": "531.00000", "2008-12-31": "394.00000", "2007-12-31": "740.00000", "2006-12-31": "603.00000", "2005-12-31": "5729.60000"}, "Total Long-Term Assets": {"2019-12-31": "14133.00000", "2018-12-31": "14623.00000", "2017-12-31": "13315.00000", "2016-12-31": "12171.00000", "2015-12-31": "12015.00000", "2014-12-31": "11813.00000", "2013-12-31": "12207.00000", "2012-12-31": "11789.00000", "2011-12-31": "8874.00000", "2010-12-31": "8932.00000", "2009-12-31": "8642.00000", "2008-12-31": "8425.00000", "2007-12-31": "8695.00000", "2006-12-31": "8287.00000", "2005-12-31": "8378.00000"}, "Total Assets": {"2019-12-31": "17564.00000", "2018-12-31": "17780.00000", "2017-12-31": "16351.00000", "2016-12-31": "15111.00000", "2015-12-31": "15251.00000", "2014-12-31": "15153.00000", "2013-12-31": "15474.00000", "2012-12-31": "15169.00000", "2011-12-31": "11943.00000", "2010-12-31": "11847.00000", "2009-12-31": "11200.00000", "2008-12-31": "10946.00000", "2007-12-31": "11397.00000", "2006-12-31": "10714.00000", "2005-12-31": "10574.50000"}, "Total Current Liabilities": {"2019-12-31": "4778.00000", "2018-12-31": "4529.00000", "2017-12-31": "4522.00000", "2016-12-31": "4474.00000", "2015-12-31": "5739.00000", "2014-12-31": "4364.00000", "2013-12-31": "3835.00000", "2012-12-31": "4523.00000", "2011-12-31": "3313.00000", "2010-12-31": "3184.00000", "2009-12-31": "2288.00000", "2008-12-31": "3552.00000", "2007-12-31": "4044.00000", "2006-12-31": "4020.00000", "2005-12-31": "3162.80000"}, "Long Term Debt": {"2019-12-31": "7195.00000", "2018-12-31": "8207.00000", "2017-12-31": "7836.00000", "2016-12-31": "6698.00000", "2015-12-31": "5275.00000", "2014-12-31": "5935.00000", "2013-12-31": "6330.00000", "2012-12-31": "6082.00000", "2011-12-31": "5037.00000", "2010-12-31": "4908.00000", "2009-12-31": "4835.00000", "2008-12-31": "4068.00000", "2007-12-31": "3270.00000", "2006-12-31": "3053.00000", "2005-12-31": "3702.60000"}, "Other Non-Current Liabilities": {"2019-12-31": "543.00000", "2018-12-31": "504.00000", "2017-12-31": "605.00000", "2016-12-31": "464.00000", "2015-12-31": "468.00000", "2014-12-31": "500.00000", "2013-12-31": "497.00000", "2012-12-31": "690.00000", "2011-12-31": "592.00000", "2010-12-31": "639.00000", "2009-12-31": "947.00000", "2008-12-31": "940.00000", "2007-12-31": "739.00000", "2006-12-31": "1572.00000", "2005-12-31": "1425.40000"}, "Total Long Term Liabilities": {"2019-12-31": "9472.00000", "2018-12-31": "10092.00000", "2017-12-31": "9635.00000", "2016-12-31": "8711.00000", "2015-12-31": "7374.00000", "2014-12-31": "7938.00000", "2013-12-31": "8032.00000", "2012-12-31": "8181.00000", "2011-12-31": "6832.00000", "2010-12-31": "6509.00000", "2009-12-31": "6637.00000", "2008-12-31": "5939.00000", "2007-12-31": "4827.00000", "2006-12-31": "4625.00000", "2005-12-31": "5128.00000"}, "Total Liabilities": {"2019-12-31": "14250.00000", "2018-12-31": "14621.00000", "2017-12-31": "14157.00000", "2016-12-31": "13185.00000", "2015-12-31": "13113.00000", "2014-12-31": "12302.00000", "2013-12-31": "11867.00000", "2012-12-31": "12704.00000", "2011-12-31": "10145.00000", "2010-12-31": "9693.00000", "2009-12-31": "8925.00000", "2008-12-31": "9491.00000", "2007-12-31": "8871.00000", "2006-12-31": "8645.00000", "2005-12-31": "8290.80000"}, "Common Stock Net": {"2019-12-31": "105.00000", "2018-12-31": "105.00000", "2017-12-31": "105.00000", "2016-12-31": "105.00000", "2015-12-31": "105.00000", "2014-12-31": "105.00000", "2013-12-31": "105.00000", "2012-12-31": "105.00000", "2011-12-31": "105.00000", "2010-12-31": "105.00000", "2009-12-31": "105.00000", "2008-12-31": "105.00000", "2007-12-31": "105.00000", "2006-12-31": "105.00000", "2005-12-31": "104.60000"}, "Retained Earnings (Accumulated Deficit)": {"2019-12-31": "7859.00000", "2018-12-31": "7652.00000", "2017-12-31": "7069.00000", "2016-12-31": "6571.00000", "2015-12-31": "6597.00000", "2014-12-31": "6689.00000", "2013-12-31": "6749.00000", "2012-12-31": "5615.00000", "2011-12-31": "5305.00000", "2010-12-31": "6122.00000", "2009-12-31": "5481.00000", "2008-12-31": "4836.00000", "2007-12-31": "4217.00000", "2006-12-31": "3630.00000", "2005-12-31": "3266.10000"}, "Comprehensive Income": {"2019-12-31": "-1448.00000", "2018-12-31": "-1500.00000", "2017-12-31": "-1457.00000", "2016-12-31": "-1575.00000", "2015-12-31": "-1376.00000", "2014-12-31": "-1213.00000", "2013-12-31": "-936.00000", "2012-12-31": "-946.00000", "2011-12-31": "-1006.00000", "2010-12-31": "-1914.00000", "2009-12-31": "-1966.00000", "2008-12-31": "-2141.00000", "2007-12-31": "-827.00000", "2006-12-31": "-1046.00000", "2005-12-31": "-576.10000"}, "Other Share Holders Equity": {"2019-12-31": "", "2018-12-31": "", "2017-12-31": "", "2016-12-31": "", "2015-12-31": "", "2014-12-31": "", "2013-12-31": "", "2012-12-31": "", "2011-12-31": "", "2010-12-31": "", "2009-12-31": "", "2008-12-31": "", "2007-12-31": "", "2006-12-31": "", "2005-12-31": ""}, "Share Holder Equity": {"2019-12-31": "3314.00000", "2018-12-31": "3159.00000", "2017-12-31": "2194.00000", "2016-12-31": "1926.00000", "2015-12-31": "2138.00000", "2014-12-31": "2851.00000", "2013-12-31": "3607.00000", "2012-12-31": "2465.00000", "2011-12-31": "1798.00000", "2010-12-31": "2154.00000", "2009-12-31": "2275.00000", "2008-12-31": "1455.00000", "2007-12-31": "2526.00000", "2006-12-31": "2069.00000", "2005-12-31": "2283.70000"}, "Total Liabilities And Share Holders Equity": {"2019-12-31": "17564.00000", "2018-12-31": "17780.00000", "2017-12-31": "16351.00000", "2016-12-31": "15111.00000", "2015-12-31": "15251.00000", "2014-12-31": "15153.00000", "2013-12-31": "15474.00000", "2012-12-31": "15169.00000", "2011-12-31": "11943.00000", "2010-12-31": "11847.00000", "2009-12-31": "11200.00000", "2008-12-31": "10946.00000", "2007-12-31": "11397.00000", "2006-12-31": "10714.00000", "2005-12-31": "10574.50000"}}, "balance sheet, quarterly": {"Cash On Hand": {"2020-09-30": "1579.00000", "2020-06-30": "1247.00000", "2020-03-31": "1016.00000", "2019-12-31": "397.00000", "2019-09-30": "453.00000", "2019-06-30": "340.00000", "2019-03-31": "272.00000", "2018-12-31": "321.00000", "2018-09-30": "309.00000", "2018-06-30": "257.00000", "2018-03-31": "370.00000", "2017-12-31": "281.00000", "2017-09-30": "267.00000", "2017-06-30": "334.00000", "2017-03-31": "298.00000", "2016-12-31": "280.00000", "2016-09-30": "346.00000", "2016-06-30": "531.00000", "2016-03-31": "310.00000", "2015-12-31": "251.00000", "2015-09-30": "299.00000", "2015-06-30": "294.00000", "2015-03-31": "349.00000", "2014-12-31": "443.00000", "2014-09-30": "426.00000", "2014-06-30": "290.00000", "2014-03-31": "284.00000", "2013-12-31": "273.00000", "2013-09-30": "300.00000", "2013-06-30": "262.00000", "2013-03-31": "252.00000", "2012-12-31": "281.00000", "2012-09-30": "305.00000", "2012-06-30": "230.00000", "2012-03-31": "404.00000", "2011-12-31": "460.00000", "2011-09-30": "582.00000", "2011-06-30": "457.00000", "2011-03-31": "404.00000", "2010-12-31": "444.00000", "2010-09-30": "559.00000", "2010-06-30": "471.00000", "2010-03-31": "387.00000", "2009-12-31": "334.00000", "2009-09-30": "527.00000", "2009-06-30": "424.00000", "2009-03-31": "304.00000", "2008-12-31": "255.00000", "2008-09-30": "684.00000", "2008-06-30": "556.00000", "2008-03-31": "532.00000", "2007-12-31": "524.00000", "2007-09-30": "576.00000", "2007-06-30": "574.00000", "2007-03-31": "236.00000", "2006-12-31": "411.00000", "2006-09-30": "462.70000", "2006-06-30": "315.10000", "2006-03-31": "260.60000", "2005-12-31": "219.10000", "2005-09-30": "463.50000", "2005-06-30": "303.20000", "2005-03-31": "265.30000"}, "Receivables": {"2020-09-30": "1626.00000", "2020-06-30": "1692.00000", "2020-03-31": "1748.00000", "2019-12-31": "1576.00000", "2019-09-30": "1643.00000", "2019-06-30": "1643.00000", "2019-03-31": "1633.00000", "2018-12-31": "1375.00000", "2018-09-30": "1612.00000", "2018-06-30": "1530.00000", "2018-03-31": "1601.00000", "2017-12-31": "1389.00000", "2017-09-30": "1512.00000", "2017-06-30": "1427.00000", "2017-03-31": "1464.00000", "2016-12-31": "1231.00000", "2016-09-30": "1523.00000", "2016-06-30": "1473.00000", "2016-03-31": "1505.00000", "2015-12-31": "1344.00000", "2015-09-30": "1457.00000", "2015-06-30": "1420.00000", "2015-03-31": "1503.00000", "2014-12-31": "1276.00000", "2014-09-30": "1565.00000", "2014-06-30": "1544.00000", "2014-03-31": "1605.00000", "2013-12-31": "1424.00000", "2013-09-30": "1474.00000", "2013-06-30": "1512.00000", "2013-03-31": "1588.00000", "2012-12-31": "1454.00000", "2012-09-30": "1414.00000", "2012-06-30": "1420.00000", "2012-03-31": "1304.00000", "2011-12-31": "1188.00000", "2011-09-30": "1302.00000", "2011-06-30": "1364.00000", "2011-03-31": "1367.00000", "2010-12-31": "1190.00000", "2010-09-30": "1211.00000", "2010-06-30": "1144.00000", "2010-03-31": "1284.00000", "2009-12-31": "1093.00000", "2009-09-30": "1254.00000", "2009-06-30": "1191.00000", "2009-03-31": "1170.00000", "2008-12-31": "1100.00000", "2008-09-30": "1243.00000", "2008-06-30": "1285.00000", "2008-03-31": "1360.00000", "2007-12-31": "1011.00000", "2007-09-30": "1157.00000", "2007-06-30": "1118.00000", "2007-03-31": "1147.00000", "2006-12-31": "945.00000", "2006-09-30": "1076.30000", "2006-06-30": "1057.40000", "2006-03-31": "1028.10000", "2005-12-31": "879.10000", "2005-09-30": "1026.00000", "2005-06-30": "938.80000", "2005-03-31": "949.30000"}, "Inventory": {"2020-09-30": "1263.00000", "2020-06-30": "1230.00000", "2020-03-31": "1189.00000", "2019-12-31": "1226.00000", "2019-09-30": "1200.00000", "2019-06-30": "1234.00000", "2019-03-31": "1319.00000", "2018-12-31": "1330.00000", "2018-09-30": "1319.00000", "2018-06-30": "1291.00000", "2018-03-31": "1214.00000", "2017-12-31": "1217.00000", "2017-09-30": "1195.00000", "2017-06-30": "1201.00000", "2017-03-31": "1195.00000", "2016-12-31": "1238.00000", "2016-09-30": "1220.00000", "2016-06-30": "1216.00000", "2016-03-31": "1198.00000", "2015-12-31": "1250.00000", "2015-09-30": "1210.00000", "2015-06-30": "1211.00000", "2015-03-31": "1199.00000", "2014-12-31": "1279.00000", "2014-09-30": "1208.00000", "2014-06-30": "1303.00000", "2014-03-31": "1277.00000", "2013-12-31": "1248.00000", "2013-09-30": "1312.00000", "2013-06-30": "1274.00000", "2013-03-31": "1284.00000", "2012-12-31": "1365.00000", "2012-09-30": "1279.00000", "2012-06-30": "1235.00000", "2012-03-31": "1144.00000", "2011-12-31": "1174.00000", "2011-09-30": "1013.00000", "2011-06-30": "1017.00000", "2011-03-31": "975.00000", "2010-12-31": "1056.00000", "2010-09-30": "952.00000", "2010-06-30": "885.00000", "2010-03-31": "817.00000", "2009-12-31": "910.00000", "2009-09-30": "863.00000", "2009-06-30": "833.00000", "2009-03-31": "821.00000", "2008-12-31": "897.00000", "2008-09-30": "907.00000", "2008-06-30": "942.00000", "2008-03-31": "893.00000", "2007-12-31": "924.00000", "2007-09-30": "835.00000", "2007-06-30": "815.00000", "2007-03-31": "779.00000", "2006-12-31": "824.00000", "2006-09-30": "755.40000", "2006-06-30": "719.70000", "2006-03-31": "706.10000", "2005-12-31": "717.00000", "2005-09-30": "676.70000", "2005-06-30": "680.30000", "2005-03-31": "643.50000"}, "Pre-Paid Expenses": {"2020-09-30": "", "2020-06-30": "", "2020-03-31": "", "2019-12-31": "", "2019-09-30": "", "2019-06-30": "", "2019-03-31": "", "2018-12-31": "", "2018-09-30": "", "2018-06-30": "", "2018-03-31": "", "2017-12-31": "", "2017-09-30": "", "2017-06-30": "", "2017-03-31": "", "2016-12-31": "", "2016-09-30": "", "2016-06-30": "", "2016-03-31": "", "2015-12-31": "", "2015-09-30": "", "2015-06-30": "", "2015-03-31": "", "2014-12-31": "", "2014-09-30": "", "2014-06-30": "", "2014-03-31": "", "2013-12-31": "", "2013-09-30": "", "2013-06-30": "", "2013-03-31": "", "2012-12-31": "", "2012-09-30": "", "2012-06-30": "", "2012-03-31": "", "2011-12-31": "", "2011-09-30": "", "2011-06-30": "", "2011-03-31": "", "2010-12-31": "", "2010-09-30": "", "2010-06-30": "", "2010-03-31": "", "2009-12-31": "", "2009-09-30": "", "2009-06-30": "", "2009-03-31": "", "2008-12-31": "", "2008-09-30": "", "2008-06-30": "", "2008-03-31": "", "2007-12-31": "", "2007-09-30": "", "2007-06-30": "", "2007-03-31": "", "2006-12-31": "", "2006-09-30": "", "2006-06-30": "", "2006-03-31": "", "2005-12-31": "", "2005-09-30": "", "2005-06-30": "", "2005-03-31": ""}, "Other Current Assets": {"2020-09-30": "285.00000", "2020-06-30": "323.00000", "2020-03-31": "337.00000", "2019-12-31": "232.00000", "2019-09-30": "196.00000", "2019-06-30": "287.00000", "2019-03-31": "149.00000", "2018-12-31": "131.00000", "2018-09-30": "163.00000", "2018-06-30": "189.00000", "2018-03-31": "135.00000", "2017-12-31": "149.00000", "2017-09-30": "198.00000", "2017-06-30": "205.00000", "2017-03-31": "189.00000", "2016-12-31": "191.00000", "2016-09-30": "207.00000", "2016-06-30": "201.00000", "2016-03-31": "206.00000", "2015-12-31": "391.00000", "2015-09-30": "194.00000", "2015-06-30": "240.00000", "2015-03-31": "220.00000", "2014-12-31": "342.00000", "2014-09-30": "166.00000", "2014-06-30": "185.00000", "2014-03-31": "183.00000", "2013-12-31": "322.00000", "2013-09-30": "163.00000", "2013-06-30": "198.00000", "2013-03-31": "170.00000", "2012-12-31": "280.00000", "2012-09-30": "136.00000", "2012-06-30": "150.00000", "2012-03-31": "143.00000", "2011-12-31": "247.00000", "2011-09-30": "122.00000", "2011-06-30": "137.00000", "2011-03-31": "171.00000", "2010-12-31": "225.00000", "2010-09-30": "135.00000", "2010-06-30": "151.00000", "2010-03-31": "139.00000", "2009-12-31": "221.00000", "2009-09-30": "126.00000", "2009-06-30": "162.00000", "2009-03-31": "161.00000", "2008-12-31": "269.00000", "2008-09-30": "128.00000", "2008-06-30": "169.00000", "2008-03-31": "174.00000", "2007-12-31": "243.00000", "2007-09-30": "141.00000", "2007-06-30": "125.00000", "2007-03-31": "121.00000", "2006-12-31": "247.00000", "2006-09-30": "182.90000", "2006-06-30": "204.20000", "2006-03-31": "213.70000", "2005-12-31": "381.30000", "2005-09-30": "254.20000", "2005-06-30": "308.50000", "2005-03-31": "259.00000"}, "Total Current Assets": {"2020-09-30": "4753.00000", "2020-06-30": "4492.00000", "2020-03-31": "4290.00000", "2019-12-31": "3431.00000", "2019-09-30": "3492.00000", "2019-06-30": "3504.00000", "2019-03-31": "3373.00000", "2018-12-31": "3157.00000", "2018-09-30": "3403.00000", "2018-06-30": "3267.00000", "2018-03-31": "3320.00000", "2017-12-31": "3036.00000", "2017-09-30": "3172.00000", "2017-06-30": "3167.00000", "2017-03-31": "3146.00000", "2016-12-31": "2940.00000", "2016-09-30": "3296.00000", "2016-06-30": "3421.00000", "2016-03-31": "3219.00000", "2015-12-31": "3236.00000", "2015-09-30": "3353.00000", "2015-06-30": "3326.00000", "2015-03-31": "3441.00000", "2014-12-31": "3340.00000", "2014-09-30": "3572.00000", "2014-06-30": "3491.00000", "2014-03-31": "3504.00000", "2013-12-31": "3267.00000", "2013-09-30": "3434.00000", "2013-06-30": "3407.00000", "2013-03-31": "3462.00000", "2012-12-31": "3380.00000", "2012-09-30": "3306.00000", "2012-06-30": "3211.00000", "2012-03-31": "3192.00000", "2011-12-31": "3069.00000", "2011-09-30": "3178.00000", "2011-06-30": "3136.00000", "2011-03-31": "3051.00000", "2010-12-31": "2915.00000", "2010-09-30": "3005.00000", "2010-06-30": "2792.00000", "2010-03-31": "2754.00000", "2009-12-31": "2558.00000", "2009-09-30": "2898.00000", "2009-06-30": "2715.00000", "2009-03-31": "2572.00000", "2008-12-31": "2521.00000", "2008-09-30": "3107.00000", "2008-06-30": "3037.00000", "2008-03-31": "3070.00000", "2007-12-31": "2702.00000", "2007-09-30": "2872.00000", "2007-06-30": "2781.00000", "2007-03-31": "2397.00000", "2006-12-31": "2427.00000", "2006-09-30": "2644.30000", "2006-06-30": "2479.30000", "2006-03-31": "2410.30000", "2005-12-31": "2196.50000", "2005-09-30": "2420.40000", "2005-06-30": "2230.80000", "2005-03-31": "2117.10000"}, "Property, Plant, And Equipment": {"2020-09-30": "3484.00000", "2020-06-30": "3436.00000", "2020-03-31": "3440.00000", "2019-12-31": "3612.00000", "2019-09-30": "3493.00000", "2019-06-30": "3526.00000", "2019-03-31": "3733.00000", "2018-12-31": "3731.00000", "2018-09-30": "3639.00000", "2018-06-30": "3638.00000", "2018-03-31": "3713.00000", "2017-12-31": "3716.00000", "2017-09-30": "3629.00000", "2017-06-30": "3613.00000", "2017-03-31": "3576.00000", "2016-12-31": "3569.00000", "2016-09-30": "3558.00000", "2016-06-30": "3543.00000", "2016-03-31": "3617.00000", "2015-12-31": "3621.00000", "2015-09-30": "3594.00000", "2015-06-30": "3624.00000", "2015-03-31": "3719.00000", "2014-12-31": "3769.00000", "2014-09-30": "3790.00000", "2014-06-30": "3879.00000", "2014-03-31": "3851.00000", "2013-12-31": "3856.00000", "2013-09-30": "3777.00000", "2013-06-30": "3719.00000", "2013-03-31": "3745.00000", "2012-12-31": "3782.00000", "2012-09-30": "3599.00000", "2012-06-30": "3561.00000", "2012-03-31": "3295.00000", "2011-12-31": "3281.00000", "2011-09-30": "3193.00000", "2011-06-30": "3246.00000", "2011-03-31": "3183.00000", "2010-12-31": "3128.00000", "2010-09-30": "3015.00000", "2010-06-30": "2916.00000", "2010-03-31": "2977.00000", "2009-12-31": "3010.00000", "2009-09-30": "3000.00000", "2009-06-30": "2977.00000", "2009-03-31": "2884.00000", "2008-12-31": "2933.00000", "2008-09-30": "3067.00000", "2008-06-30": "3071.00000", "2008-03-31": "3052.00000", "2007-12-31": "2990.00000", "2007-09-30": "2894.00000", "2007-06-30": "2845.00000", "2007-03-31": "2799.00000", "2006-12-31": "2816.00000", "2006-09-30": "2697.00000", "2006-06-30": "2661.60000", "2006-03-31": "2630.60000", "2005-12-31": "2648.40000", "2005-09-30": "2606.40000", "2005-06-30": "2604.80000", "2005-03-31": "2637.00000"}, "Long-Term Investments": {"2020-09-30": "398.00000", "2020-06-30": "399.00000", "2020-03-31": "402.00000", "2019-12-31": "404.00000", "2019-09-30": "405.00000", "2019-06-30": "407.00000", "2019-03-31": "410.00000", "2018-12-31": "413.00000", "2018-09-30": "422.00000", "2018-06-30": "421.00000", "2018-03-31": "425.00000", "2017-12-31": "429.00000", "2017-09-30": "432.00000", "2017-06-30": "435.00000", "2017-03-31": "440.00000", "2016-12-31": "438.00000", "2016-09-30": "438.00000", "2016-06-30": "435.00000", "2016-03-31": "465.00000", "2015-12-31": "456.00000", "2015-09-30": "454.00000", "2015-06-30": "", "2015-03-31": "", "2014-12-31": "1.00000", "2014-09-30": "", "2014-06-30": "", "2014-03-31": "", "2013-12-31": "", "2013-09-30": "", "2013-06-30": "", "2013-03-31": "", "2012-12-31": "", "2012-09-30": "", "2012-06-30": "", "2012-03-31": "", "2011-12-31": "", "2011-09-30": "", "2011-06-30": "", "2011-03-31": "", "2010-12-31": "", "2010-09-30": "", "2010-06-30": "", "2010-03-31": "", "2009-12-31": "", "2009-09-30": "", "2009-06-30": "", "2009-03-31": "", "2008-12-31": "", "2008-09-30": "", "2008-06-30": "", "2008-03-31": "", "2007-12-31": "", "2007-09-30": "", "2007-06-30": "", "2007-03-31": "", "2006-12-31": "", "2006-09-30": "", "2006-06-30": "", "2006-03-31": "", "2005-12-31": "", "2005-09-30": "", "2005-06-30": "", "2005-03-31": ""}, "Goodwill And Intangible Assets": {"2020-09-30": "8278.00000", "2020-06-30": "8254.00000", "2020-03-31": "8275.00000", "2019-12-31": "8437.00000", "2019-09-30": "8414.00000", "2019-06-30": "8458.00000", "2019-03-31": "9403.00000", "2018-12-31": "9411.00000", "2018-09-30": "9427.00000", "2018-06-30": "9463.00000", "2018-03-31": "8164.00000", "2017-12-31": "8143.00000", "2017-09-30": "7577.00000", "2017-06-30": "7550.00000", "2017-03-31": "7526.00000", "2016-12-31": "7535.00000", "2016-09-30": "7258.00000", "2016-06-30": "7245.00000", "2016-03-31": "7267.00000", "2015-12-31": "7236.00000", "2015-09-30": "7269.00000", "2015-06-30": "7244.00000", "2015-03-31": "7275.00000", "2014-12-31": "7266.00000", "2014-09-30": "7348.00000", "2014-06-30": "7416.00000", "2014-03-31": "7418.00000", "2013-12-31": "7418.00000", "2013-09-30": "7416.00000", "2013-06-30": "7366.00000", "2013-03-31": "7404.00000", "2012-12-31": "7397.00000", "2012-09-30": "7280.00000", "2012-06-30": "7237.00000", "2012-03-31": "5082.00000", "2011-12-31": "5077.00000", "2011-09-30": "5077.00000", "2011-06-30": "5087.00000", "2011-03-31": "5086.00000", "2010-12-31": "5084.00000", "2010-09-30": "5101.00000", "2010-06-30": "5096.00000", "2010-03-31": "5103.00000", "2009-12-31": "5101.00000", "2009-09-30": "5103.00000", "2009-06-30": "5099.00000", "2009-03-31": "5091.00000", "2008-12-31": "5098.00000", "2008-09-30": "5101.00000", "2008-06-30": "5046.00000", "2008-03-31": "5047.00000", "2007-12-31": "4965.00000", "2007-09-30": "4860.00000", "2007-06-30": "4860.00000", "2007-03-31": "4868.00000", "2006-12-31": "4868.00000", "2006-09-30": "4885.30000", "2006-06-30": "4886.00000", "2006-03-31": "4893.60000", "2005-12-31": "", "2005-09-30": "4885.80000", "2005-06-30": "4886.40000", "2005-03-31": "4886.90000"}, "Other Long-Term Assets": {"2020-09-30": "1352.00000", "2020-06-30": "1308.00000", "2020-03-31": "1237.00000", "2019-12-31": "1139.00000", "2019-09-30": "1231.00000", "2019-06-30": "2359.00000", "2019-03-31": "1108.00000", "2018-12-31": "1068.00000", "2018-09-30": "1223.00000", "2018-06-30": "1112.00000", "2018-03-31": "1080.00000", "2017-12-31": "1027.00000", "2017-09-30": "831.00000", "2017-06-30": "770.00000", "2017-03-31": "739.00000", "2016-12-31": "629.00000", "2016-09-30": "513.00000", "2016-06-30": "497.00000", "2016-03-31": "481.00000", "2015-12-31": "702.00000", "2015-09-30": "565.00000", "2015-06-30": "489.00000", "2015-03-31": "519.00000", "2014-12-31": "777.00000", "2014-09-30": "550.00000", "2014-06-30": "526.00000", "2014-03-31": "440.00000", "2013-12-31": "933.00000", "2013-09-30": "406.00000", "2013-06-30": "413.00000", "2013-03-31": "450.00000", "2012-12-31": "610.00000", "2012-09-30": "436.00000", "2012-06-30": "436.00000", "2012-03-31": "375.00000", "2011-12-31": "516.00000", "2011-09-30": "335.00000", "2011-06-30": "413.00000", "2011-03-31": "405.00000", "2010-12-31": "720.00000", "2010-09-30": "395.00000", "2010-06-30": "396.00000", "2010-03-31": "380.00000", "2009-12-31": "531.00000", "2009-09-30": "347.00000", "2009-06-30": "302.00000", "2009-03-31": "286.00000", "2008-12-31": "394.00000", "2008-09-30": "252.00000", "2008-06-30": "321.00000", "2008-03-31": "238.00000", "2007-12-31": "740.00000", "2007-09-30": "255.00000", "2007-06-30": "254.00000", "2007-03-31": "245.00000", "2006-12-31": "603.00000", "2006-09-30": "230.20000", "2006-06-30": "236.40000", "2006-03-31": "227.40000", "2005-12-31": "5729.60000", "2005-09-30": "794.30000", "2005-06-30": "812.80000", "2005-03-31": "844.50000"}, "Total Long-Term Assets": {"2020-09-30": "14169.00000", "2020-06-30": "14059.00000", "2020-03-31": "13950.00000", "2019-12-31": "14133.00000", "2019-09-30": "14007.00000", "2019-06-30": "15165.00000", "2019-03-31": "15092.00000", "2018-12-31": "14623.00000", "2018-09-30": "14711.00000", "2018-06-30": "14634.00000", "2018-03-31": "13382.00000", "2017-12-31": "13315.00000", "2017-09-30": "12469.00000", "2017-06-30": "12368.00000", "2017-03-31": "12281.00000", "2016-12-31": "12171.00000", "2016-09-30": "12023.00000", "2016-06-30": "11966.00000", "2016-03-31": "12078.00000", "2015-12-31": "12015.00000", "2015-09-30": "12165.00000", "2015-06-30": "11636.00000", "2015-03-31": "11767.00000", "2014-12-31": "11813.00000", "2014-09-30": "12200.00000", "2014-06-30": "12322.00000", "2014-03-31": "12224.00000", "2013-12-31": "12207.00000", "2013-09-30": "11786.00000", "2013-06-30": "11669.00000", "2013-03-31": "11762.00000", "2012-12-31": "11789.00000", "2012-09-30": "11548.00000", "2012-06-30": "11429.00000", "2012-03-31": "8942.00000", "2011-12-31": "8874.00000", "2011-09-30": "9085.00000", "2011-06-30": "9220.00000", "2011-03-31": "9137.00000", "2010-12-31": "8932.00000", "2010-09-30": "8719.00000", "2010-06-30": "8593.00000", "2010-03-31": "8635.00000", "2009-12-31": "8642.00000", "2009-09-30": "8622.00000", "2009-06-30": "8547.00000", "2009-03-31": "8402.00000", "2008-12-31": "8425.00000", "2008-09-30": "8931.00000", "2008-06-30": "8956.00000", "2008-03-31": "8862.00000", "2007-12-31": "8695.00000", "2007-09-30": "8400.00000", "2007-06-30": "8342.00000", "2007-03-31": "8288.00000", "2006-12-31": "8287.00000", "2006-09-30": "8444.90000", "2006-06-30": "8415.80000", "2006-03-31": "8377.50000", "2005-12-31": "8378.00000", "2005-09-30": "8286.50000", "2005-06-30": "8304.00000", "2005-03-31": "8368.40000"}, "Total Assets": {"2020-09-30": "18922.00000", "2020-06-30": "18551.00000", "2020-03-31": "18240.00000", "2019-12-31": "17564.00000", "2019-09-30": "17499.00000", "2019-06-30": "18669.00000", "2019-03-31": "18465.00000", "2018-12-31": "17780.00000", "2018-09-30": "18114.00000", "2018-06-30": "17901.00000", "2018-03-31": "16702.00000", "2017-12-31": "16351.00000", "2017-09-30": "15641.00000", "2017-06-30": "15535.00000", "2017-03-31": "15427.00000", "2016-12-31": "15111.00000", "2016-09-30": "15319.00000", "2016-06-30": "15387.00000", "2016-03-31": "15297.00000", "2015-12-31": "15251.00000", "2015-09-30": "15518.00000", "2015-06-30": "14962.00000", "2015-03-31": "15208.00000", "2014-12-31": "15153.00000", "2014-09-30": "15772.00000", "2014-06-30": "15813.00000", "2014-03-31": "15728.00000", "2013-12-31": "15474.00000", "2013-09-30": "15220.00000", "2013-06-30": "15076.00000", "2013-03-31": "15224.00000", "2012-12-31": "15169.00000", "2012-09-30": "14854.00000", "2012-06-30": "14640.00000", "2012-03-31": "12134.00000", "2011-12-31": "11943.00000", "2011-09-30": "12263.00000", "2011-06-30": "12356.00000", "2011-03-31": "12188.00000", "2010-12-31": "11847.00000", "2010-09-30": "11724.00000", "2010-06-30": "11385.00000", "2010-03-31": "11389.00000", "2009-12-31": "11200.00000", "2009-09-30": "11520.00000", "2009-06-30": "11262.00000", "2009-03-31": "10974.00000", "2008-12-31": "10946.00000", "2008-09-30": "12038.00000", "2008-06-30": "11993.00000", "2008-03-31": "11932.00000", "2007-12-31": "11397.00000", "2007-09-30": "11272.00000", "2007-06-30": "11123.00000", "2007-03-31": "10685.00000", "2006-12-31": "10714.00000", "2006-09-30": "11089.20000", "2006-06-30": "10895.10000", "2006-03-31": "10787.80000", "2005-12-31": "10574.50000", "2005-09-30": "10706.90000", "2005-06-30": "10534.80000", "2005-03-31": "10485.50000"}, "Total Current Liabilities": {"2020-09-30": "6034.00000", "2020-06-30": "5856.00000", "2020-03-31": "5595.00000", "2019-12-31": "4778.00000", "2019-09-30": "4389.00000", "2019-06-30": "4989.00000", "2019-03-31": "4978.00000", "2018-12-31": "4529.00000", "2018-09-30": "4030.00000", "2018-06-30": "3966.00000", "2018-03-31": "4515.00000", "2017-12-31": "4522.00000", "2017-09-30": "4647.00000", "2017-06-30": "4688.00000", "2017-03-31": "4732.00000", "2016-12-31": "4474.00000", "2016-09-30": "5001.00000", "2016-06-30": "5271.00000", "2016-03-31": "5162.00000", "2015-12-31": "5739.00000", "2015-09-30": "5072.00000", "2015-06-30": "4519.00000", "2015-03-31": "4000.00000", "2014-12-31": "4364.00000", "2014-09-30": "4662.00000", "2014-06-30": "4295.00000", "2014-03-31": "5073.00000", "2013-12-31": "3835.00000", "2013-09-30": "3834.00000", "2013-06-30": "3969.00000", "2013-03-31": "3568.00000", "2012-12-31": "4523.00000", "2012-09-30": "4514.00000", "2012-06-30": "4606.00000", "2012-03-31": "4011.00000", "2011-12-31": "3313.00000", "2011-09-30": "3101.00000", "2011-06-30": "3026.00000", "2011-03-31": "3418.00000", "2010-12-31": "3184.00000", "2010-09-30": "3779.00000", "2010-06-30": "3264.00000", "2010-03-31": "3229.00000", "2009-12-31": "2288.00000", "2009-09-30": "2733.00000", "2009-06-30": "2576.00000", "2009-03-31": "3453.00000", "2008-12-31": "3552.00000", "2008-09-30": "3772.00000", "2008-06-30": "3883.00000", "2008-03-31": "4091.00000", "2007-12-31": "4044.00000", "2007-09-30": "4491.00000", "2007-06-30": "4462.00000", "2007-03-31": "3716.00000", "2006-12-31": "4020.00000", "2006-09-30": "4116.70000", "2006-06-30": "4219.10000", "2006-03-31": "3714.70000", "2005-12-31": "3162.80000", "2005-09-30": "3353.80000", "2005-06-30": "3352.40000", "2005-03-31": "2738.90000"}, "Long Term Debt": {"2020-09-30": "7000.00000", "2020-06-30": "6929.00000", "2020-03-31": "7163.00000", "2019-12-31": "7195.00000", "2019-09-30": "7683.00000", "2019-06-30": "8262.00000", "2019-03-31": "8183.00000", "2018-12-31": "8207.00000", "2018-09-30": "8715.00000", "2018-06-30": "8737.00000", "2018-03-31": "7881.00000", "2017-12-31": "7836.00000", "2017-09-30": "7216.00000", "2017-06-30": "7123.00000", "2017-03-31": "6715.00000", "2016-12-31": "6698.00000", "2016-09-30": "6296.00000", "2016-06-30": "6277.00000", "2016-03-31": "6256.00000", "2015-12-31": "5275.00000", "2015-09-30": "5830.00000", "2015-06-30": "5800.00000", "2015-03-31": "6561.00000", "2014-12-31": "5935.00000", "2014-09-30": "5963.00000", "2014-06-30": "6029.00000", "2014-03-31": "5413.00000", "2013-12-31": "6330.00000", "2013-09-30": "6348.00000", "2013-06-30": "6337.00000", "2013-03-31": "6717.00000", "2012-12-31": "6082.00000", "2012-09-30": "6065.00000", "2012-06-30": "6030.00000", "2012-03-31": "4254.00000", "2011-12-31": "5037.00000", "2011-09-30": "5300.00000", "2011-06-30": "5308.00000", "2011-03-31": "4905.00000", "2010-12-31": "4908.00000", "2010-09-30": "3929.00000", "2010-06-30": "3915.00000", "2010-03-31": "3898.00000", "2009-12-31": "4835.00000", "2009-09-30": "4823.00000", "2009-06-30": "4808.00000", "2009-03-31": "4060.00000", "2008-12-31": "4068.00000", "2008-09-30": "4008.00000", "2008-06-30": "4008.00000", "2008-03-31": "4018.00000", "2007-12-31": "3270.00000", "2007-09-30": "2588.00000", "2007-06-30": "2588.00000", "2007-03-31": "3052.00000", "2006-12-31": "3053.00000", "2006-09-30": "3053.20000", "2006-06-30": "3053.50000", "2006-03-31": "3714.40000", "2005-12-31": "3702.60000", "2005-09-30": "3162.70000", "2005-06-30": "3169.80000", "2005-03-31": "3892.20000"}, "Other Non-Current Liabilities": {"2020-09-30": "520.00000", "2020-06-30": "534.00000", "2020-03-31": "515.00000", "2019-12-31": "543.00000", "2019-09-30": "579.00000", "2019-06-30": "488.00000", "2019-03-31": "483.00000", "2018-12-31": "504.00000", "2018-09-30": "489.00000", "2018-06-30": "548.00000", "2018-03-31": "583.00000", "2017-12-31": "605.00000", "2017-09-30": "491.00000", "2017-06-30": "476.00000", "2017-03-31": "494.00000", "2016-12-31": "464.00000", "2016-09-30": "385.00000", "2016-06-30": "382.00000", "2016-03-31": "384.00000", "2015-12-31": "468.00000", "2015-09-30": "391.00000", "2015-06-30": "425.00000", "2015-03-31": "396.00000", "2014-12-31": "500.00000", "2014-09-30": "430.00000", "2014-06-30": "421.00000", "2014-03-31": "419.00000", "2013-12-31": "497.00000", "2013-09-30": "425.00000", "2013-06-30": "440.00000", "2013-03-31": "384.00000", "2012-12-31": "690.00000", "2012-09-30": "431.00000", "2012-06-30": "431.00000", "2012-03-31": "419.00000", "2011-12-31": "592.00000", "2011-09-30": "401.00000", "2011-06-30": "416.00000", "2011-03-31": "636.00000", "2010-12-31": "639.00000", "2010-09-30": "926.00000", "2010-06-30": "954.00000", "2010-03-31": "951.00000", "2009-12-31": "947.00000", "2009-09-30": "993.00000", "2009-06-30": "955.00000", "2009-03-31": "945.00000", "2008-12-31": "940.00000", "2008-09-30": "931.00000", "2008-06-30": "936.00000", "2008-03-31": "923.00000", "2007-12-31": "739.00000", "2007-09-30": "1105.00000", "2007-06-30": "1100.00000", "2007-03-31": "1043.00000", "2006-12-31": "1572.00000", "2006-09-30": "541.90000", "2006-06-30": "524.50000", "2006-03-31": "494.90000", "2005-12-31": "1425.40000", "2005-09-30": "148.00000", "2005-06-30": "144.60000", "2005-03-31": "150.20000"}, "Total Long Term Liabilities": {"2020-09-30": "9302.00000", "2020-06-30": "9289.00000", "2020-03-31": "9433.00000", "2019-12-31": "9472.00000", "2019-09-30": "9822.00000", "2019-06-30": "10468.00000", "2019-03-31": "10390.00000", "2018-12-31": "10092.00000", "2018-09-30": "10469.00000", "2018-06-30": "10531.00000", "2018-03-31": "9633.00000", "2017-12-31": "9635.00000", "2017-09-30": "9051.00000", "2017-06-30": "8997.00000", "2017-03-31": "8673.00000", "2016-12-31": "8711.00000", "2016-09-30": "8118.00000", "2016-06-30": "8116.00000", "2016-03-31": "8094.00000", "2015-12-31": "7374.00000", "2015-09-30": "7773.00000", "2015-06-30": "7769.00000", "2015-03-31": "8556.00000", "2014-12-31": "7938.00000", "2014-09-30": "7665.00000", "2014-06-30": "7705.00000", "2014-03-31": "7083.00000", "2013-12-31": "8032.00000", "2013-09-30": "8490.00000", "2013-06-30": "8488.00000", "2013-03-31": "8814.00000", "2012-12-31": "8181.00000", "2012-09-30": "7902.00000", "2012-06-30": "7881.00000", "2012-03-31": "6059.00000", "2011-12-31": "6832.00000", "2011-09-30": "6877.00000", "2011-06-30": "6862.00000", "2011-03-31": "6466.00000", "2010-12-31": "6509.00000", "2010-09-30": "5727.00000", "2010-06-30": "5737.00000", "2010-03-31": "5719.00000", "2009-12-31": "6637.00000", "2009-09-30": "6757.00000", "2009-06-30": "6714.00000", "2009-03-31": "5896.00000", "2008-12-31": "5939.00000", "2008-09-30": "5647.00000", "2008-06-30": "5606.00000", "2008-03-31": "5607.00000", "2007-12-31": "4827.00000", "2007-09-30": "4274.00000", "2007-06-30": "4260.00000", "2007-03-31": "4694.00000", "2006-12-31": "4625.00000", "2006-09-30": "4505.80000", "2006-06-30": "4507.00000", "2006-03-31": "5150.40000", "2005-12-31": "5128.00000", "2005-09-30": "4692.90000", "2005-06-30": "4705.00000", "2005-03-31": "5456.00000"}, "Total Liabilities": {"2020-09-30": "15336.00000", "2020-06-30": "15145.00000", "2020-03-31": "15028.00000", "2019-12-31": "14250.00000", "2019-09-30": "14211.00000", "2019-06-30": "15457.00000", "2019-03-31": "15368.00000", "2018-12-31": "14621.00000", "2018-09-30": "14499.00000", "2018-06-30": "14497.00000", "2018-03-31": "14148.00000", "2017-12-31": "14157.00000", "2017-09-30": "13698.00000", "2017-06-30": "13685.00000", "2017-03-31": "13405.00000", "2016-12-31": "13185.00000", "2016-09-30": "13119.00000", "2016-06-30": "13387.00000", "2016-03-31": "13256.00000", "2015-12-31": "13113.00000", "2015-09-30": "12845.00000", "2015-06-30": "12288.00000", "2015-03-31": "12556.00000", "2014-12-31": "12302.00000", "2014-09-30": "12327.00000", "2014-06-30": "12000.00000", "2014-03-31": "12156.00000", "2013-12-31": "11867.00000", "2013-09-30": "12324.00000", "2013-06-30": "12457.00000", "2013-03-31": "12382.00000", "2012-12-31": "12704.00000", "2012-09-30": "12416.00000", "2012-06-30": "12487.00000", "2012-03-31": "10070.00000", "2011-12-31": "10145.00000", "2011-09-30": "9978.00000", "2011-06-30": "9888.00000", "2011-03-31": "9884.00000", "2010-12-31": "9693.00000", "2010-09-30": "9506.00000", "2010-06-30": "9001.00000", "2010-03-31": "8948.00000", "2009-12-31": "8925.00000", "2009-09-30": "9490.00000", "2009-06-30": "9290.00000", "2009-03-31": "9349.00000", "2008-12-31": "9491.00000", "2008-09-30": "9419.00000", "2008-06-30": "9489.00000", "2008-03-31": "9698.00000", "2007-12-31": "8871.00000", "2007-09-30": "8765.00000", "2007-06-30": "8722.00000", "2007-03-31": "8410.00000", "2006-12-31": "8645.00000", "2006-09-30": "8622.50000", "2006-06-30": "8726.10000", "2006-03-31": "8865.10000", "2005-12-31": "8290.80000", "2005-09-30": "8046.70000", "2005-06-30": "8057.40000", "2005-03-31": "8194.90000"}, "Common Stock Net": {"2020-09-30": "105.00000", "2020-06-30": "105.00000", "2020-03-31": "105.00000", "2019-12-31": "105.00000", "2019-09-30": "105.00000", "2019-06-30": "105.00000", "2019-03-31": "105.00000", "2018-12-31": "105.00000", "2018-09-30": "105.00000", "2018-06-30": "105.00000", "2018-03-31": "105.00000", "2017-12-31": "105.00000", "2017-09-30": "105.00000", "2017-06-30": "105.00000", "2017-03-31": "105.00000", "2016-12-31": "105.00000", "2016-09-30": "105.00000", "2016-06-30": "105.00000", "2016-03-31": "105.00000", "2015-12-31": "105.00000", "2015-09-30": "105.00000", "2015-06-30": "105.00000", "2015-03-31": "105.00000", "2014-12-31": "105.00000", "2014-09-30": "105.00000", "2014-06-30": "105.00000", "2014-03-31": "105.00000", "2013-12-31": "105.00000", "2013-09-30": "105.00000", "2013-06-30": "105.00000", "2013-03-31": "105.00000", "2012-12-31": "105.00000", "2012-09-30": "105.00000", "2012-06-30": "105.00000", "2012-03-31": "105.00000", "2011-12-31": "105.00000", "2011-09-30": "105.00000", "2011-06-30": "105.00000", "2011-03-31": "105.00000", "2010-12-31": "105.00000", "2010-09-30": "105.00000", "2010-06-30": "105.00000", "2010-03-31": "105.00000", "2009-12-31": "105.00000", "2009-09-30": "105.00000", "2009-06-30": "105.00000", "2009-03-31": "105.00000", "2008-12-31": "105.00000", "2008-09-30": "105.00000", "2008-06-30": "105.00000", "2008-03-31": "105.00000", "2007-12-31": "105.00000", "2007-09-30": "105.00000", "2007-06-30": "105.00000", "2007-03-31": "105.00000", "2006-12-31": "105.00000", "2006-09-30": "104.60000", "2006-06-30": "104.60000", "2006-03-31": "104.60000", "2005-12-31": "104.60000", "2005-09-30": "104.60000", "2005-06-30": "104.50000", "2005-03-31": "103.80000"}, "Retained Earnings (Accumulated Deficit)": {"2020-09-30": "8318.00000", "2020-06-30": "8166.00000", "2020-03-31": "8010.00000", "2019-12-31": "7859.00000", "2019-09-30": "7910.00000", "2019-06-30": "7858.00000", "2019-03-31": "7762.00000", "2018-12-31": "7652.00000", "2018-09-30": "7929.00000", "2018-06-30": "7743.00000", "2018-03-31": "7334.00000", "2017-12-31": "7069.00000", "2017-09-30": "6862.00000", "2017-06-30": "6752.00000", "2017-03-31": "6650.00000", "2016-12-31": "6571.00000", "2016-09-30": "6807.00000", "2016-06-30": "6701.00000", "2016-03-31": "6595.00000", "2015-12-31": "6597.00000", "2015-09-30": "6815.00000", "2015-06-30": "6789.00000", "2015-03-31": "6739.00000", "2014-12-31": "6689.00000", "2014-09-30": "7161.00000", "2014-06-30": "7113.00000", "2014-03-31": "6985.00000", "2013-12-31": "6749.00000", "2013-09-30": "6098.00000", "2013-06-30": "5939.00000", "2013-03-31": "5749.00000", "2012-12-31": "5615.00000", "2012-09-30": "7196.00000", "2012-06-30": "7061.00000", "2012-03-31": "6917.00000", "2011-12-31": "5305.00000", "2011-09-30": "6644.00000", "2011-06-30": "6511.00000", "2011-03-31": "6325.00000", "2010-12-31": "6122.00000", "2010-09-30": "6087.00000", "2010-06-30": "5903.00000", "2010-03-31": "5750.00000", "2009-12-31": "5481.00000", "2009-09-30": "5461.00000", "2009-06-30": "5246.00000", "2009-03-31": "5027.00000", "2008-12-31": "4836.00000", "2008-09-30": "4790.00000", "2008-06-30": "4590.00000", "2008-03-31": "4399.00000", "2007-12-31": "4217.00000", "2007-09-30": "4190.00000", "2007-06-30": "4011.00000", "2007-03-31": "3831.00000", "2006-12-31": "3630.00000", "2006-09-30": "3753.70000", "2006-06-30": "3588.30000", "2006-03-31": "3431.30000", "2005-12-31": "3266.10000", "2005-09-30": "3186.10000", "2005-06-30": "3026.70000", "2005-03-31": "2846.20000"}, "Comprehensive Income": {"2020-09-30": "-1757.00000", "2020-06-30": "-1717.00000", "2020-03-31": "-1727.00000", "2019-12-31": "-1448.00000", "2019-09-30": "-1483.00000", "2019-06-30": "-1469.00000", "2019-03-31": "-1467.00000", "2018-12-31": "-1500.00000", "2018-09-30": "-1512.00000", "2018-06-30": "-1501.00000", "2018-03-31": "-1407.00000", "2017-12-31": "-1457.00000", "2017-09-30": "-1466.00000", "2017-06-30": "-1495.00000", "2017-03-31": "-1488.00000", "2016-12-31": "-1575.00000", "2016-09-30": "-1505.00000", "2016-06-30": "-1494.00000", "2016-03-31": "-1434.00000", "2015-12-31": "-1376.00000", "2015-09-30": "-1322.00000", "2015-06-30": "-1281.00000", "2015-03-31": "-1291.00000", "2014-12-31": "-1213.00000", "2014-09-30": "-1016.00000", "2014-06-30": "-928.00000", "2014-03-31": "-939.00000", "2013-12-31": "-936.00000", "2013-09-30": "-963.00000", "2013-06-30": "-1023.00000", "2013-03-31": "-947.00000", "2012-12-31": "-946.00000", "2012-09-30": "-2323.00000", "2012-06-30": "-2438.00000", "2012-03-31": "-2348.00000", "2011-12-31": "-1006.00000", "2011-09-30": "-1926.00000", "2011-06-30": "-1765.00000", "2011-03-31": "-1789.00000", "2010-12-31": "-1914.00000", "2010-09-30": "-1931.00000", "2010-06-30": "-2096.00000", "2010-03-31": "-2011.00000", "2009-12-31": "-1966.00000", "2009-09-30": "-2066.00000", "2009-06-30": "-2069.00000", "2009-03-31": "-2173.00000", "2008-12-31": "-2141.00000", "2008-09-30": "-888.00000", "2008-06-30": "-683.00000", "2008-03-31": "-725.00000", "2007-12-31": "-827.00000", "2007-09-30": "-984.00000", "2007-06-30": "-1000.00000", "2007-03-31": "-1024.00000", "2006-12-31": "-1046.00000", "2006-09-30": "-587.40000", "2006-06-30": "-607.60000", "2006-03-31": "-586.70000", "2005-12-31": "-576.10000", "2005-09-30": "-491.50000", "2005-06-30": "-485.10000", "2005-03-31": "-461.90000"}, "Other Share Holders Equity": {"2020-09-30": "", "2020-06-30": "", "2020-03-31": "", "2019-12-31": "", "2019-09-30": "", "2019-06-30": "", "2019-03-31": "", "2018-12-31": "", "2018-09-30": "", "2018-06-30": "", "2018-03-31": "", "2017-12-31": "", "2017-09-30": "", "2017-06-30": "", "2017-03-31": "", "2016-12-31": "", "2016-09-30": "", "2016-06-30": "", "2016-03-31": "", "2015-12-31": "", "2015-09-30": "", "2015-06-30": "", "2015-03-31": "", "2014-12-31": "", "2014-09-30": "", "2014-06-30": "", "2014-03-31": "", "2013-12-31": "", "2013-09-30": "", "2013-06-30": "", "2013-03-31": "", "2012-12-31": "", "2012-09-30": "", "2012-06-30": "", "2012-03-31": "", "2011-12-31": "", "2011-09-30": "", "2011-06-30": "", "2011-03-31": "", "2010-12-31": "", "2010-09-30": "", "2010-06-30": "", "2010-03-31": "", "2009-12-31": "", "2009-09-30": "", "2009-06-30": "", "2009-03-31": "", "2008-12-31": "", "2008-09-30": "", "2008-06-30": "", "2008-03-31": "", "2007-12-31": "", "2007-09-30": "", "2007-06-30": "", "2007-03-31": "", "2006-12-31": "", "2006-09-30": "", "2006-06-30": "", "2006-03-31": "", "2005-12-31": "", "2005-09-30": "", "2005-06-30": "", "2005-03-31": ""}, "Share Holder Equity": {"2020-09-30": "3586.00000", "2020-06-30": "3406.00000", "2020-03-31": "3212.00000", "2019-12-31": "3314.00000", "2019-09-30": "3288.00000", "2019-06-30": "3212.00000", "2019-03-31": "3097.00000", "2018-12-31": "3159.00000", "2018-09-30": "3615.00000", "2018-06-30": "3404.00000", "2018-03-31": "2554.00000", "2017-12-31": "2194.00000", "2017-09-30": "1943.00000", "2017-06-30": "1850.00000", "2017-03-31": "2022.00000", "2016-12-31": "1926.00000", "2016-09-30": "2200.00000", "2016-06-30": "2000.00000", "2016-03-31": "2041.00000", "2015-12-31": "2138.00000", "2015-09-30": "2673.00000", "2015-06-30": "2674.00000", "2015-03-31": "2652.00000", "2014-12-31": "2851.00000", "2014-09-30": "3445.00000", "2014-06-30": "3813.00000", "2014-03-31": "3572.00000", "2013-12-31": "3607.00000", "2013-09-30": "2896.00000", "2013-06-30": "2619.00000", "2013-03-31": "2842.00000", "2012-12-31": "2465.00000", "2012-09-30": "2438.00000", "2012-06-30": "2153.00000", "2012-03-31": "2064.00000", "2011-12-31": "1798.00000", "2011-09-30": "2285.00000", "2011-06-30": "2468.00000", "2011-03-31": "2304.00000", "2010-12-31": "2154.00000", "2010-09-30": "2218.00000", "2010-06-30": "2384.00000", "2010-03-31": "2441.00000", "2009-12-31": "2275.00000", "2009-09-30": "2030.00000", "2009-06-30": "1972.00000", "2009-03-31": "1625.00000", "2008-12-31": "1455.00000", "2008-09-30": "2619.00000", "2008-06-30": "2504.00000", "2008-03-31": "2234.00000", "2007-12-31": "2526.00000", "2007-09-30": "2507.00000", "2007-06-30": "2401.00000", "2007-03-31": "2275.00000", "2006-12-31": "2069.00000", "2006-09-30": "2466.70000", "2006-06-30": "2169.00000", "2006-03-31": "1922.70000", "2005-12-31": "2283.70000", "2005-09-30": "2660.20000", "2005-06-30": "2477.40000", "2005-03-31": "2290.60000"}, "Total Liabilities And Share Holders Equity": {"2020-09-30": "18922.00000", "2020-06-30": "18551.00000", "2020-03-31": "18240.00000", "2019-12-31": "17564.00000", "2019-09-30": "17499.00000", "2019-06-30": "18669.00000", "2019-03-31": "18465.00000", "2018-12-31": "17780.00000", "2018-09-30": "18114.00000", "2018-06-30": "17901.00000", "2018-03-31": "16702.00000", "2017-12-31": "16351.00000", "2017-09-30": "15641.00000", "2017-06-30": "15535.00000", "2017-03-31": "15427.00000", "2016-12-31": "15111.00000", "2016-09-30": "15319.00000", "2016-06-30": "15387.00000", "2016-03-31": "15297.00000", "2015-12-31": "15251.00000", "2015-09-30": "15518.00000", "2015-06-30": "14962.00000", "2015-03-31": "15208.00000", "2014-12-31": "15153.00000", "2014-09-30": "15772.00000", "2014-06-30": "15813.00000", "2014-03-31": "15728.00000", "2013-12-31": "15474.00000", "2013-09-30": "15220.00000", "2013-06-30": "15076.00000", "2013-03-31": "15224.00000", "2012-12-31": "15169.00000", "2012-09-30": "14854.00000", "2012-06-30": "14640.00000", "2012-03-31": "12134.00000", "2011-12-31": "11943.00000", "2011-09-30": "12263.00000", "2011-06-30": "12356.00000", "2011-03-31": "12188.00000", "2010-12-31": "11847.00000", "2010-09-30": "11724.00000", "2010-06-30": "11385.00000", "2010-03-31": "11389.00000", "2009-12-31": "11200.00000", "2009-09-30": "11520.00000", "2009-06-30": "11262.00000", "2009-03-31": "10974.00000", "2008-12-31": "10946.00000", "2008-09-30": "12038.00000", "2008-06-30": "11993.00000", "2008-03-31": "11932.00000", "2007-12-31": "11397.00000", "2007-09-30": "11272.00000", "2007-06-30": "11123.00000", "2007-03-31": "10685.00000", "2006-12-31": "10714.00000", "2006-09-30": "11089.20000", "2006-06-30": "10895.10000", "2006-03-31": "10787.80000", "2005-12-31": "10574.50000", "2005-09-30": "10706.90000", "2005-06-30": "10534.80000", "2005-03-31": "10485.50000"}}, "cash flow statement": {"Net Income/Loss": {"2019-12-31": "977.00000", "2018-12-31": "1344.00000", "2017-12-31": "1254.00000", "2016-12-31": "700.00000", "2015-12-31": "614.00000", "2014-12-31": "633.00000", "2013-12-31": "1808.00000", "2012-12-31": "961.00000", "2011-12-31": "864.00000", "2010-12-31": "1280.00000", "2009-12-31": "1208.00000", "2008-12-31": "1146.00000", "2007-12-31": "1102.00000", "2006-12-31": "1004.00000", "2005-12-31": "980.00000"}, "Total Depreciation And Amortization - Cash Flow": {"2019-12-31": "484.00000", "2018-12-31": "516.00000", "2017-12-31": "481.00000", "2016-12-31": "517.00000", "2015-12-31": "534.00000", "2014-12-31": "503.00000", "2013-12-31": "532.00000", "2012-12-31": "448.00000", "2011-12-31": "369.00000", "2010-12-31": "392.00000", "2009-12-31": "384.00000", "2008-12-31": "375.00000", "2007-12-31": "372.00000", "2006-12-31": "353.00000", "2005-12-31": "392.00000"}, "Other Non-Cash Items": {"2019-12-31": "-138.00000", "2018-12-31": "-252.00000", "2017-12-31": "-436.00000", "2016-12-31": "369.00000", "2015-12-31": "297.00000", "2014-12-31": "408.00000", "2013-12-31": "-775.00000", "2012-12-31": "188.00000", "2011-12-31": "284.00000", "2010-12-31": "-307.00000", "2009-12-31": "-127.00000", "2008-12-31": "-173.00000", "2007-12-31": "19.00000", "2006-12-31": "92.00000", "2005-12-31": "-257.00000"}, "Total Non-Cash Items": {"2019-12-31": "346.00000", "2018-12-31": "264.00000", "2017-12-31": "45.00000", "2016-12-31": "886.00000", "2015-12-31": "831.00000", "2014-12-31": "911.00000", "2013-12-31": "-243.00000", "2012-12-31": "636.00000", "2011-12-31": "653.00000", "2010-12-31": "85.00000", "2009-12-31": "257.00000", "2008-12-31": "202.00000", "2007-12-31": "391.00000", "2006-12-31": "445.00000", "2005-12-31": "135.00000"}, "Change In Accounts Receivable": {"2019-12-31": "-145.00000", "2018-12-31": "76.00000", "2017-12-31": "-1300.00000", "2016-12-31": "-480.00000", "2015-12-31": "-127.00000", "2014-12-31": "131.00000", "2013-12-31": "-50.00000", "2012-12-31": "-65.00000", "2011-12-31": "-100.00000", "2010-12-31": "59.00000", "2009-12-31": "-75.00000", "2008-12-31": "48.00000", "2007-12-31": "-63.00000", "2006-12-31": "-58.00000", "2005-12-31": "-112.00000"}, "Change In Inventories": {"2019-12-31": "2.00000", "2018-12-31": "-86.00000", "2017-12-31": "80.00000", "2016-12-31": "7.00000", "2015-12-31": "-42.00000", "2014-12-31": "-30.00000", "2013-12-31": "112.00000", "2012-12-31": "-80.00000", "2011-12-31": "-125.00000", "2010-12-31": "-159.00000", "2009-12-31": "-13.00000", "2008-12-31": "41.00000", "2007-12-31": "-88.00000", "2006-12-31": "-107.00000", "2005-12-31": "-25.00000"}, "Change In Accounts Payable": {"2019-12-31": "-9.00000", "2018-12-31": "115.00000", "2017-12-31": "193.00000", "2016-12-31": "124.00000", "2015-12-31": "427.00000", "2014-12-31": "96.00000", "2013-12-31": "31.00000", "2012-12-31": "208.00000", "2011-12-31": "40.00000", "2010-12-31": "72.00000", "2009-12-31": "-59.00000", "2008-12-31": "32.00000", "2007-12-31": "167.00000", "2006-12-31": "27.00000", "2005-12-31": "156.00000"}, "Change In Assets/Liabilities": {"2019-12-31": "40.00000", "2018-12-31": "-154.00000", "2017-12-31": "-13.00000", "2016-12-31": "46.00000", "2015-12-31": "-52.00000", "2014-12-31": "-5.00000", "2013-12-31": "125.00000", "2012-12-31": "-38.00000", "2011-12-31": "45.00000", "2010-12-31": "35.00000", "2009-12-31": "85.00000", "2008-12-31": "-63.00000", "2007-12-31": "21.00000", "2006-12-31": "-17.00000", "2005-12-31": "-60.00000"}, "Total Change In Assets/Liabilities": {"2019-12-31": "-147.00000", "2018-12-31": "-72.00000", "2017-12-31": "-896.00000", "2016-12-31": "-315.00000", "2015-12-31": "246.00000", "2014-12-31": "249.00000", "2013-12-31": "242.00000", "2012-12-31": "161.00000", "2011-12-31": "78.00000", "2010-12-31": "-357.00000", "2009-12-31": "178.00000", "2008-12-31": "-81.00000", "2007-12-31": "10.00000", "2006-12-31": "-39.00000", "2005-12-31": "28.00000"}, "Cash Flow From Operating Activities": {"2019-12-31": "1176.00000", "2018-12-31": "1536.00000", "2017-12-31": "403.00000", "2016-12-31": "1271.00000", "2015-12-31": "1691.00000", "2014-12-31": "1793.00000", "2013-12-31": "1807.00000", "2012-12-31": "1758.00000", "2011-12-31": "1595.00000", "2010-12-31": "1008.00000", "2009-12-31": "1643.00000", "2008-12-31": "1267.00000", "2007-12-31": "1503.00000", "2006-12-31": "1410.00000", "2005-12-31": "1143.00000"}, "Net Change In Property, Plant, And Equipment": {"2019-12-31": "-586.00000", "2018-12-31": "-578.00000", "2017-12-31": "-501.00000", "2016-12-31": "-507.00000", "2015-12-31": "-553.00000", "2014-12-31": "-582.00000", "2013-12-31": "-637.00000", "2012-12-31": "-533.00000", "2011-12-31": "-594.00000", "2010-12-31": "-474.00000", "2009-12-31": "-377.00000", "2008-12-31": "-461.00000", "2007-12-31": "-472.00000", "2006-12-31": "-444.00000", "2005-12-31": "-365.00000"}, "Net Change In Intangible Assets": {"2019-12-31": "", "2018-12-31": "", "2017-12-31": "", "2016-12-31": "", "2015-12-31": "", "2014-12-31": "", "2013-12-31": "", "2012-12-31": "", "2011-12-31": "", "2010-12-31": "", "2009-12-31": "", "2008-12-31": "", "2007-12-31": "", "2006-12-31": "", "2005-12-31": ""}, "Net Acquisitions/Divestitures": {"2019-12-31": "1324.00000", "2018-12-31": "-28.00000", "2017-12-31": "-592.00000", "2016-12-31": "-398.00000", "2015-12-31": "-161.00000", "2014-12-31": "", "2013-12-31": "", "2012-12-31": "-2668.00000", "2011-12-31": "", "2010-12-31": "", "2009-12-31": "", "2008-12-31": "-213.00000", "2007-12-31": "-128.00000", "2006-12-31": "", "2005-12-31": "-50.00000"}, "Net Change In Short-term Investments": {"2019-12-31": "65.00000", "2018-12-31": "", "2017-12-31": "", "2016-12-31": "", "2015-12-31": "", "2014-12-31": "", "2013-12-31": "", "2012-12-31": "", "2011-12-31": "", "2010-12-31": "", "2009-12-31": "", "2008-12-31": "", "2007-12-31": "", "2006-12-31": "", "2005-12-31": ""}, "Net Change In Long-Term Investments": {"2019-12-31": "-1.00000", "2018-12-31": "-397.00000", "2017-12-31": "-7.00000", "2016-12-31": "25.00000", "2015-12-31": "-456.00000", "2014-12-31": "-6.00000", "2013-12-31": "-6.00000", "2012-12-31": "", "2011-12-31": "", "2010-12-31": "", "2009-12-31": "", "2008-12-31": "", "2007-12-31": "", "2006-12-31": "", "2005-12-31": ""}, "Net Change In Investments - Total": {"2019-12-31": "64.00000", "2018-12-31": "-397.00000", "2017-12-31": "-7.00000", "2016-12-31": "25.00000", "2015-12-31": "-456.00000", "2014-12-31": "-6.00000", "2013-12-31": "-6.00000", "2012-12-31": "", "2011-12-31": "", "2010-12-31": "", "2009-12-31": "", "2008-12-31": "", "2007-12-31": "", "2006-12-31": "", "2005-12-31": ""}, "Investing Activities - Other": {"2019-12-31": "-28.00000", "2018-12-31": "55.00000", "2017-12-31": "1249.00000", "2016-12-31": "488.00000", "2015-12-31": "43.00000", "2014-12-31": "15.00000", "2013-12-31": "2.00000", "2012-12-31": "-44.00000", "2011-12-31": "7.00000", "2010-12-31": "9.00000", "2009-12-31": "7.00000", "2008-12-31": "-7.00000", "2007-12-31": "-1.00000", "2006-12-31": "-1.00000", "2005-12-31": ""}, "Cash Flow From Investing Activities": {"2019-12-31": "774.00000", "2018-12-31": "-948.00000", "2017-12-31": "149.00000", "2016-12-31": "-392.00000", "2015-12-31": "-1127.00000", "2014-12-31": "-573.00000", "2013-12-31": "-641.00000", "2012-12-31": "-3245.00000", "2011-12-31": "-587.00000", "2010-12-31": "-465.00000", "2009-12-31": "-370.00000", "2008-12-31": "-681.00000", "2007-12-31": "-601.00000", "2006-12-31": "-445.00000", "2005-12-31": "-415.00000"}, "Net Long-Term Debt": {"2019-12-31": "-929.00000", "2018-12-31": "585.00000", "2017-12-31": "619.00000", "2016-12-31": "920.00000", "2015-12-31": "90.00000", "2014-12-31": "-8.00000", "2013-12-31": "-117.00000", "2012-12-31": "977.00000", "2011-12-31": "-50.00000", "2010-12-31": "986.00000", "2009-12-31": "759.00000", "2008-12-31": "288.00000", "2007-12-31": "-52.00000", "2006-12-31": "-85.00000", "2005-12-31": "-394.00000"}, "Net Current Debt": {"2019-12-31": "-25.00000", "2018-12-31": "-225.00000", "2017-12-31": "-68.00000", "2016-12-31": "-788.00000", "2015-12-31": "374.00000", "2014-12-31": "89.00000", "2013-12-31": "-326.00000", "2012-12-31": "796.00000", "2011-12-31": "189.00000", "2010-12-31": "-1.00000", "2009-12-31": "-1344.00000", "2008-12-31": "-103.00000", "2007-12-31": "220.00000", "2006-12-31": "156.00000", "2005-12-31": "360.00000"}, "Debt Issuance/Retirement Net - Total": {"2019-12-31": "-954.00000", "2018-12-31": "360.00000", "2017-12-31": "551.00000", "2016-12-31": "132.00000", "2015-12-31": "464.00000", "2014-12-31": "81.00000", "2013-12-31": "-443.00000", "2012-12-31": "1773.00000", "2011-12-31": "139.00000", "2010-12-31": "985.00000", "2009-12-31": "-585.00000", "2008-12-31": "185.00000", "2007-12-31": "168.00000", "2006-12-31": "71.00000", "2005-12-31": "-34.00000"}, "Net Common Equity Issued/Repurchased": {"2019-12-31": "-156.00000", "2018-12-31": "-153.00000", "2017-12-31": "-419.00000", "2016-12-31": "-58.00000", "2015-12-31": "-470.00000", "2014-12-31": "-473.00000", "2013-12-31": "-69.00000", "2012-12-31": "166.00000", "2011-12-31": "-507.00000", "2010-12-31": "-848.00000", "2009-12-31": "-56.00000", "2008-12-31": "-475.00000", "2007-12-31": "-487.00000", "2006-12-31": "-432.00000", "2005-12-31": "-442.00000"}, "Net Total Equity Issued/Repurchased": {"2019-12-31": "-156.00000", "2018-12-31": "-153.00000", "2017-12-31": "-419.00000", "2016-12-31": "-58.00000", "2015-12-31": "-470.00000", "2014-12-31": "-473.00000", "2013-12-31": "-69.00000", "2012-12-31": "166.00000", "2011-12-31": "-507.00000", "2010-12-31": "-848.00000", "2009-12-31": "-56.00000", "2008-12-31": "-475.00000", "2007-12-31": "-487.00000", "2006-12-31": "-432.00000", "2005-12-31": "-442.00000"}, "Total Common And Preferred Stock Dividends Paid": {"2019-12-31": "-769.00000", "2018-12-31": "-762.00000", "2017-12-31": "-736.00000", "2016-12-31": "-716.00000", "2015-12-31": "-700.00000", "2014-12-31": "-680.00000", "2013-12-31": "-653.00000", "2012-12-31": "-622.00000", "2011-12-31": "-604.00000", "2010-12-31": "-584.00000", "2009-12-31": "-546.00000", "2008-12-31": "-495.00000", "2007-12-31": "-475.00000", "2006-12-31": "-450.00000", "2005-12-31": "-435.00000"}, "Financial Activities - Other": {"2019-12-31": "-26.00000", "2018-12-31": "-11.00000", "2017-12-31": "", "2016-12-31": "-144.00000", "2015-12-31": "", "2014-12-31": "9.00000", "2013-12-31": "24.00000", "2012-12-31": "", "2011-12-31": "15.00000", "2010-12-31": "8.00000", "2009-12-31": "5.00000", "2008-12-31": "5.00000", "2007-12-31": "6.00000", "2006-12-31": "22.00000", "2005-12-31": "6.00000"}, "Cash Flow From Financial Activities": {"2019-12-31": "-1905.00000", "2018-12-31": "-566.00000", "2017-12-31": "-604.00000", "2016-12-31": "-786.00000", "2015-12-31": "-706.00000", "2014-12-31": "-1063.00000", "2013-12-31": "-1141.00000", "2012-12-31": "1317.00000", "2011-12-31": "-957.00000", "2010-12-31": "-439.00000", "2009-12-31": "-1182.00000", "2008-12-31": "-780.00000", "2007-12-31": "-788.00000", "2006-12-31": "-789.00000", "2005-12-31": "-905.00000"}, "Net Cash Flow": {"2019-12-31": "76.00000", "2018-12-31": "40.00000", "2017-12-31": "1.00000", "2016-12-31": "29.00000", "2015-12-31": "-192.00000", "2014-12-31": "170.00000", "2013-12-31": "-8.00000", "2012-12-31": "-179.00000", "2011-12-31": "16.00000", "2010-12-31": "110.00000", "2009-12-31": "79.00000", "2008-12-31": "-269.00000", "2007-12-31": "113.00000", "2006-12-31": "192.00000", "2005-12-31": "-198.00000"}, "Stock-Based Compensation": {"2019-12-31": "56.00000", "2018-12-31": "59.00000", "2017-12-31": "66.00000", "2016-12-31": "63.00000", "2015-12-31": "51.00000", "2014-12-31": "37.00000", "2013-12-31": "34.00000", "2012-12-31": "", "2011-12-31": "", "2010-12-31": "", "2009-12-31": "", "2008-12-31": "", "2007-12-31": "", "2006-12-31": "", "2005-12-31": ""}, "Common Stock Dividends Paid": {"2019-12-31": "-769.00000", "2018-12-31": "-762.00000", "2017-12-31": "-736.00000", "2016-12-31": "-716.00000", "2015-12-31": "-700.00000", "2014-12-31": "-680.00000", "2013-12-31": "-653.00000", "2012-12-31": "-622.00000", "2011-12-31": "-604.00000", "2010-12-31": "-584.00000", "2009-12-31": "-546.00000", "2008-12-31": "-495.00000", "2007-12-31": "-475.00000", "2006-12-31": "-450.00000", "2005-12-31": "-435.00000"}}, "cash flow statement, quarterly": {"Net Income/Loss": {"2020-09-30": 352, "2020-06-30": 354, "2020-03-31": "350.00000", "2019-12-31": 152, "2019-09-30": 248, "2019-06-30": 292, "2019-03-31": "285.00000", "2018-12-31": -82, "2018-09-30": 383, "2018-06-30": 599, "2018-03-31": "444.00000", "2017-12-31": 417, "2017-09-30": 288, "2017-06-30": 283, "2017-03-31": "266.00000", "2016-12-31": -47, "2016-09-30": 292, "2016-06-30": 280, "2016-03-31": "175.00000", "2015-12-31": -40, "2015-09-30": 205, "2015-06-30": 222, "2015-03-31": "227.00000", "2014-12-31": -293, "2014-09-30": 225, "2014-06-30": 295, "2014-03-31": "406.00000", "2013-12-31": 819, "2013-09-30": 326, "2013-06-30": 352, "2013-03-31": "311.00000", "2012-12-31": -32, "2012-09-30": 318, "2012-06-30": 324, "2012-03-31": "351.00000", "2011-12-31": -133, "2011-09-30": 290, "2011-06-30": 342, "2011-03-31": "365.00000", "2010-12-31": 225, "2010-09-30": 337, "2010-06-30": 301, "2010-03-31": "417.00000", "2009-12-31": 176, "2009-09-30": 360, "2009-06-30": 353, "2009-03-31": "319.00000", "2008-12-31": 178, "2008-09-30": 341, "2008-06-30": 312, "2008-03-31": "315.00000", "2007-12-31": 175, "2007-09-30": 305, "2007-06-30": 301, "2007-03-31": "321.00000", "2006-12-31": 182, "2006-09-30": 281, "2006-06-30": 267, "2006-03-31": "274.00000", "2005-12-31": 192, "2005-09-30": 274.3, "2005-06-30": 259, "2005-03-31": "254.70000"}, "Total Depreciation And Amortization - Cash Flow": {"2020-09-30": 121, "2020-06-30": 117, "2020-03-31": "117.00000", "2019-12-31": 124, "2019-09-30": 117, "2019-06-30": 119, "2019-03-31": "124.00000", "2018-12-31": 142, "2018-09-30": 140, "2018-06-30": 112, "2018-03-31": "122.00000", "2017-12-31": 115, "2017-09-30": 126, "2017-06-30": 119, "2017-03-31": "121.00000", "2016-12-31": 160, "2016-09-30": 106, "2016-06-30": 136, "2016-03-31": "115.00000", "2015-12-31": 147, "2015-09-30": 118, "2015-06-30": 138, "2015-03-31": "131.00000", "2014-12-31": 128, "2014-09-30": 140, "2014-06-30": 119, "2014-03-31": "116.00000", "2013-12-31": 192, "2013-09-30": 114, "2013-06-30": 113, "2013-03-31": "113.00000", "2012-12-31": 146, "2012-09-30": 108, "2012-06-30": 99, "2012-03-31": "95.00000", "2011-12-31": 99, "2011-09-30": 95, "2011-06-30": 86, "2011-03-31": "89.00000", "2010-12-31": 127, "2010-09-30": 87, "2010-06-30": 91, "2010-03-31": "87.00000", "2009-12-31": 102, "2009-09-30": 93, "2009-06-30": 105, "2009-03-31": "84.00000", "2008-12-31": 101, "2008-09-30": 92, "2008-06-30": 88, "2008-03-31": "94.00000", "2007-12-31": 97, "2007-09-30": 90, "2007-06-30": 98, "2007-03-31": "87.00000", "2006-12-31": 95, "2006-09-30": 85, "2006-06-30": 92, "2006-03-31": "81.00000", "2005-12-31": 100.2, "2005-09-30": 97, "2005-06-30": 93.2, "2005-03-31": "101.60000"}, "Other Non-Cash Items": {"2020-09-30": -32, "2020-06-30": 2, "2020-03-31": "-29.00000", "2019-12-31": 141, "2019-09-30": -255, "2019-06-30": 7, "2019-03-31": "-31.00000", "2018-12-31": 365, "2018-09-30": -89, "2018-06-30": -447, "2018-03-31": "-81.00000", "2017-12-31": -290, "2017-09-30": -28, "2017-06-30": -19, "2017-03-31": "-99.00000", "2016-12-31": 435, "2016-09-30": -35, "2016-06-30": 26, "2016-03-31": "-57.00000", "2015-12-31": 264, "2015-09-30": -57, "2015-06-30": 68, "2015-03-31": "22.00000", "2014-12-31": 523, "2014-09-30": -69, "2014-06-30": -47, "2014-03-31": "1.00000", "2013-12-31": -769, "2013-09-30": -31, "2013-06-30": 44, "2013-03-31": "-19.00000", "2012-12-31": 294, "2012-09-30": -12, "2012-06-30": -9, "2012-03-31": "-85.00000", "2011-12-31": 340, "2011-09-30": 103, "2011-06-30": 7, "2011-03-31": "-166.00000", "2010-12-31": -325, "2010-09-30": 33, "2010-06-30": -26, "2010-03-31": "11.00000", "2009-12-31": -7, "2009-09-30": -58, "2009-06-30": 22, "2009-03-31": "-84.00000", "2008-12-31": -224, "2008-09-30": 31, "2008-06-30": 2, "2008-03-31": "18.00000", "2007-12-31": 37, "2007-09-30": 29, "2007-06-30": -12, "2007-03-31": "-35.00000", "2006-12-31": -12, "2006-09-30": 62, "2006-06-30": 29, "2006-03-31": "13.00000", "2005-12-31": -277.5, "2005-09-30": 40.1, "2005-06-30": 3.7, "2005-03-31": "-23.30000"}, "Total Non-Cash Items": {"2020-09-30": 89, "2020-06-30": 119, "2020-03-31": "88.00000", "2019-12-31": 265, "2019-09-30": -138, "2019-06-30": 126, "2019-03-31": "93.00000", "2018-12-31": 507, "2018-09-30": 51, "2018-06-30": -335, "2018-03-31": "41.00000", "2017-12-31": -175, "2017-09-30": 98, "2017-06-30": 100, "2017-03-31": "22.00000", "2016-12-31": 595, "2016-09-30": 71, "2016-06-30": 162, "2016-03-31": "58.00000", "2015-12-31": 411, "2015-09-30": 61, "2015-06-30": 206, "2015-03-31": "153.00000", "2014-12-31": 651, "2014-09-30": 71, "2014-06-30": 72, "2014-03-31": "117.00000", "2013-12-31": -577, "2013-09-30": 83, "2013-06-30": 157, "2013-03-31": "94.00000", "2012-12-31": 440, "2012-09-30": 96, "2012-06-30": 90, "2012-03-31": "10.00000", "2011-12-31": 439, "2011-09-30": 198, "2011-06-30": 93, "2011-03-31": "-77.00000", "2010-12-31": -198, "2010-09-30": 120, "2010-06-30": 65, "2010-03-31": "98.00000", "2009-12-31": 95, "2009-09-30": 35, "2009-06-30": 127, "2009-03-31": "", "2008-12-31": -123, "2008-09-30": 123, "2008-06-30": 90, "2008-03-31": "112.00000", "2007-12-31": 134, "2007-09-30": 119, "2007-06-30": 86, "2007-03-31": "52.00000", "2006-12-31": 83, "2006-09-30": 147, "2006-06-30": 121, "2006-03-31": "94.00000", "2005-12-31": -177.3, "2005-09-30": 137.1, "2005-06-30": 96.9, "2005-03-31": "78.30000"}, "Change In Accounts Receivable": {"2020-09-30": 52, "2020-06-30": 29, "2020-03-31": "-194.00000", "2019-12-31": 108, "2019-09-30": -14, "2019-06-30": -10, "2019-03-31": "-229.00000", "2018-12-31": 215, "2018-09-30": -56, "2018-06-30": 92, "2018-03-31": "-175.00000", "2017-12-31": -132, "2017-09-30": -452, "2017-06-30": -279, "2017-03-31": "-437.00000", "2016-12-31": -272, "2016-09-30": -49, "2016-06-30": 42, "2016-03-31": "-201.00000", "2015-12-31": 87, "2015-09-30": -7, "2015-06-30": 33, "2015-03-31": "-240.00000", "2014-12-31": 253, "2014-09-30": 14, "2014-06-30": 59, "2014-03-31": "-195.00000", "2013-12-31": 63, "2013-09-30": -1, "2013-06-30": 30, "2013-03-31": "-142.00000", "2012-12-31": 30, "2012-09-30": -26, "2012-06-30": 99, "2012-03-31": "-168.00000", "2011-12-31": 124, "2011-09-30": 61, "2011-06-30": 16, "2011-03-31": "-301.00000", "2010-12-31": 184, "2010-09-30": -41, "2010-06-30": 119, "2010-03-31": "-203.00000", "2009-12-31": 165, "2009-09-30": -48, "2009-06-30": -10, "2009-03-31": "-182.00000", "2008-12-31": 230, "2008-09-30": 25, "2008-06-30": 35, "2008-03-31": "-242.00000", "2007-12-31": 147, "2007-09-30": -21, "2007-06-30": 10, "2007-03-31": "-199.00000", "2006-12-31": 130, "2006-09-30": -18, "2006-06-30": -170, "2006-03-31": "", "2005-12-31": -112, "2005-09-30": 0, "2005-06-30": 0, "2005-03-31": ""}, "Change In Inventories": {"2020-09-30": -24, "2020-06-30": -34, "2020-03-31": "1.00000", "2019-12-31": -14, "2019-09-30": 22, "2019-06-30": -18, "2019-03-31": "12.00000", "2018-12-31": -19, "2018-09-30": -29, "2018-06-30": -51, "2018-03-31": "13.00000", "2017-12-31": 2, "2017-09-30": 15, "2017-06-30": 5, "2017-03-31": "58.00000", "2016-12-31": -18, "2016-09-30": 8, "2016-06-30": -32, "2016-03-31": "49.00000", "2015-12-31": -43, "2015-09-30": -4, "2015-06-30": -65, "2015-03-31": "70.00000", "2014-12-31": -70, "2014-09-30": 95, "2014-06-30": -26, "2014-03-31": "-29.00000", "2013-12-31": 60, "2013-09-30": -39, "2013-06-30": 11, "2013-03-31": "80.00000", "2012-12-31": -75, "2012-09-30": -45, "2012-06-30": 12, "2012-03-31": "28.00000", "2011-12-31": -168, "2011-09-30": 4, "2011-06-30": -42, "2011-03-31": "81.00000", "2010-12-31": -116, "2010-09-30": -68, "2010-06-30": -68, "2010-03-31": "93.00000", "2009-12-31": -48, "2009-09-30": -29, "2009-06-30": -11, "2009-03-31": "75.00000", "2008-12-31": 8, "2008-09-30": 43, "2008-06-30": -49, "2008-03-31": "39.00000", "2007-12-31": -77, "2007-09-30": -20, "2007-06-30": -36, "2007-03-31": "45.00000", "2006-12-31": -68, "2006-09-30": -36, "2006-06-30": -3, "2006-03-31": "", "2005-12-31": -25, "2005-09-30": 0, "2005-06-30": 0, "2005-03-31": ""}, "Change In Accounts Payable": {"2020-09-30": 3, "2020-06-30": 61, "2020-03-31": "44.00000", "2019-12-31": -9, "2019-09-30": -29, "2019-06-30": 45, "2019-03-31": "-16.00000", "2018-12-31": 12, "2018-09-30": 39, "2018-06-30": 68, "2018-03-31": "-4.00000", "2017-12-31": 58, "2017-09-30": 65, "2017-06-30": 59, "2017-03-31": "11.00000", "2016-12-31": -15, "2016-09-30": -18, "2016-06-30": 68, "2016-03-31": "89.00000", "2015-12-31": 265, "2015-09-30": 8, "2015-06-30": 62, "2015-03-31": "92.00000", "2014-12-31": 62, "2014-09-30": 4, "2014-06-30": 79, "2014-03-31": "-49.00000", "2013-12-31": 33, "2013-09-30": 36, "2013-06-30": -83, "2013-03-31": "45.00000", "2012-12-31": 63, "2012-09-30": 113, "2012-06-30": 31, "2012-03-31": "1.00000", "2011-12-31": -11, "2011-09-30": -8, "2011-06-30": 9, "2011-03-31": "50.00000", "2010-12-31": 4, "2010-09-30": 69, "2010-06-30": 47, "2010-03-31": "-48.00000", "2009-12-31": -5, "2009-09-30": 30, "2009-06-30": -6, "2009-03-31": "-78.00000", "2008-12-31": 1, "2008-09-30": -75, "2008-06-30": 58, "2008-03-31": "48.00000", "2007-12-31": 64, "2007-09-30": 42, "2007-06-30": 30, "2007-03-31": "31.00000", "2006-12-31": -6, "2006-09-30": 38, "2006-06-30": -5, "2006-03-31": "", "2005-12-31": 156, "2005-09-30": 0, "2005-06-30": 0, "2005-03-31": ""}, "Change In Assets/Liabilities": {"2020-09-30": 150, "2020-06-30": 51, "2020-03-31": "102.00000", "2019-12-31": -216, "2019-09-30": 316, "2019-06-30": 15, "2019-03-31": "-75.00000", "2018-12-31": 0, "2018-09-30": 91, "2018-06-30": -154, "2018-03-31": "-91.00000", "2017-12-31": -101, "2017-09-30": 84, "2017-06-30": -42, "2017-03-31": "46.00000", "2016-12-31": 103, "2016-09-30": -40, "2016-06-30": 46, "2016-03-31": "-63.00000", "2015-12-31": 63, "2015-09-30": -24, "2015-06-30": 1, "2015-03-31": "-92.00000", "2014-12-31": 0, "2014-09-30": 18, "2014-06-30": -13, "2014-03-31": "-10.00000", "2013-12-31": 68, "2013-09-30": 104, "2013-06-30": -34, "2013-03-31": "-13.00000", "2012-12-31": -17, "2012-09-30": 76, "2012-06-30": -50, "2012-03-31": "-47.00000", "2011-12-31": 67, "2011-09-30": 29, "2011-06-30": -23, "2011-03-31": "-28.00000", "2010-12-31": 111, "2010-09-30": -37, "2010-06-30": 24, "2010-03-31": "-63.00000", "2009-12-31": 1, "2009-09-30": 46, "2009-06-30": 16, "2009-03-31": "22.00000", "2008-12-31": -23, "2008-09-30": -101, "2008-06-30": 104, "2008-03-31": "-43.00000", "2007-12-31": -44, "2007-09-30": -18, "2007-06-30": 48, "2007-03-31": "35.00000", "2006-12-31": 1, "2006-09-30": -17, "2006-06-30": 203, "2006-03-31": "-204.00000", "2005-12-31": -94.4, "2005-09-30": 135.9, "2005-06-30": 21.5, "2005-03-31": "-123.00000"}, "Total Change In Assets/Liabilities": {"2020-09-30": 181, "2020-06-30": 107, "2020-03-31": "-47.00000", "2019-12-31": -166, "2019-09-30": 295, "2019-06-30": 32, "2019-03-31": "-308.00000", "2018-12-31": 185, "2018-09-30": 45, "2018-06-30": -45, "2018-03-31": "-257.00000", "2017-12-31": -29, "2017-09-30": -288, "2017-06-30": -257, "2017-03-31": "-322.00000", "2016-12-31": -298, "2016-09-30": 10, "2016-06-30": 201, "2016-03-31": "-228.00000", "2015-12-31": 351, "2015-09-30": 122, "2015-06-30": -7, "2015-03-31": "-220.00000", "2014-12-31": 258, "2014-09-30": 227, "2014-06-30": 19, "2014-03-31": "-255.00000", "2013-12-31": 176, "2013-09-30": 275, "2013-06-30": -142, "2013-03-31": "-67.00000", "2012-12-31": -25, "2012-09-30": 281, "2012-06-30": -74, "2012-03-31": "-21.00000", "2011-12-31": 20, "2011-09-30": 135, "2011-06-30": -99, "2011-03-31": "22.00000", "2010-12-31": -98, "2010-09-30": 29, "2010-06-30": -23, "2010-03-31": "-265.00000", "2009-12-31": 142, "2009-09-30": 139, "2009-06-30": -29, "2009-03-31": "-74.00000", "2008-12-31": 24, "2008-09-30": 35, "2008-06-30": 39, "2008-03-31": "-179.00000", "2007-12-31": -59, "2007-09-30": 79, "2007-06-30": 8, "2007-03-31": "-18.00000", "2006-12-31": 33, "2006-09-30": 182, "2006-06-30": -50, "2006-03-31": "-204.00000", "2005-12-31": -6.4, "2005-09-30": 135.9, "2005-06-30": 21.5, "2005-03-31": "-123.00000"}, "Cash Flow From Operating Activities": {"2020-09-30": 622, "2020-06-30": 580, "2020-03-31": "391.00000", "2019-12-31": 251, "2019-09-30": 405, "2019-06-30": 450, "2019-03-31": "70.00000", "2018-12-31": 610, "2018-09-30": 479, "2018-06-30": 219, "2018-03-31": "228.00000", "2017-12-31": 213, "2017-09-30": 98, "2017-06-30": 126, "2017-03-31": "-34.00000", "2016-12-31": 250, "2016-09-30": 373, "2016-06-30": 643, "2016-03-31": "5.00000", "2015-12-31": 722, "2015-09-30": 388, "2015-06-30": 421, "2015-03-31": "160.00000", "2014-12-31": 616, "2014-09-30": 523, "2014-06-30": 386, "2014-03-31": "268.00000", "2013-12-31": 418, "2013-09-30": 684, "2013-06-30": 367, "2013-03-31": "338.00000", "2012-12-31": 383, "2012-09-30": 695, "2012-06-30": 340, "2012-03-31": "340.00000", "2011-12-31": 326, "2011-09-30": 623, "2011-06-30": 336, "2011-03-31": "310.00000", "2010-12-31": -71, "2010-09-30": 486, "2010-06-30": 343, "2010-03-31": "250.00000", "2009-12-31": 413, "2009-09-30": 534, "2009-06-30": 451, "2009-03-31": "245.00000", "2008-12-31": 79, "2008-09-30": 499, "2008-06-30": 441, "2008-03-31": "248.00000", "2007-12-31": 250, "2007-09-30": 503, "2007-06-30": 395, "2007-03-31": "355.00000", "2006-12-31": 298, "2006-09-30": 610, "2006-06-30": 338, "2006-03-31": "164.00000", "2005-12-31": 8.3, "2005-09-30": 547.3, "2005-06-30": 377.4, "2005-03-31": "210.00000"}, "Net Change In Property, Plant, And Equipment": {"2020-09-30": -108, "2020-06-30": -106, "2020-03-31": "-112.00000", "2019-12-31": -150, "2019-09-30": -142, "2019-06-30": -146, "2019-03-31": "-148.00000", "2018-12-31": -189, "2018-09-30": -119, "2018-06-30": -138, "2018-03-31": "-132.00000", "2017-12-31": -127, "2017-09-30": -106, "2017-06-30": -138, "2017-03-31": "-130.00000", "2016-12-31": -131, "2016-09-30": -127, "2016-06-30": -105, "2016-03-31": "-144.00000", "2015-12-31": -164, "2015-09-30": -131, "2015-06-30": -110, "2015-03-31": "-148.00000", "2014-12-31": -227, "2014-09-30": -129, "2014-06-30": -129, "2014-03-31": "-97.00000", "2013-12-31": -274, "2013-09-30": -125, "2013-06-30": -136, "2013-03-31": "-102.00000", "2012-12-31": -271, "2012-09-30": -107, "2012-06-30": -92, "2012-03-31": "-63.00000", "2011-12-31": -202, "2011-09-30": -149, "2011-06-30": -140, "2011-03-31": "-103.00000", "2010-12-31": -222, "2010-09-30": -105, "2010-06-30": -87, "2010-03-31": "-60.00000", "2009-12-31": -125, "2009-09-30": -91, "2009-06-30": -88, "2009-03-31": "-73.00000", "2008-12-31": -177, "2008-09-30": -115, "2008-06-30": -102, "2008-03-31": "-67.00000", "2007-12-31": -180, "2007-09-30": -111, "2007-06-30": -115, "2007-03-31": "-66.00000", "2006-12-31": -182, "2006-09-30": -100, "2006-06-30": -99, "2006-03-31": "-63.00000", "2005-12-31": -145, "2005-09-30": -107, "2005-06-30": -72.4, "2005-03-31": "-40.60000"}, "Net Change In Intangible Assets": {"2020-09-30": 0, "2020-06-30": 0, "2020-03-31": "", "2019-12-31": 0, "2019-09-30": 0, "2019-06-30": 0, "2019-03-31": "", "2018-12-31": 0, "2018-09-30": 0, "2018-06-30": 0, "2018-03-31": "", "2017-12-31": 0, "2017-09-30": 0, "2017-06-30": 0, "2017-03-31": "", "2016-12-31": 0, "2016-09-30": 0, "2016-06-30": 0, "2016-03-31": "", "2015-12-31": 0, "2015-09-30": 0, "2015-06-30": 0, "2015-03-31": "", "2014-12-31": 0, "2014-09-30": 0, "2014-06-30": 0, "2014-03-31": "", "2013-12-31": 0, "2013-09-30": 0, "2013-06-30": 0, "2013-03-31": "", "2012-12-31": 0, "2012-09-30": 0, "2012-06-30": 0, "2012-03-31": "", "2011-12-31": 0, "2011-09-30": 0, "2011-06-30": 0, "2011-03-31": "", "2010-12-31": 0, "2010-09-30": 0, "2010-06-30": 0, "2010-03-31": "", "2009-12-31": 0, "2009-09-30": 0, "2009-06-30": 0, "2009-03-31": "", "2008-12-31": 0, "2008-09-30": 0, "2008-06-30": 0, "2008-03-31": "", "2007-12-31": 0, "2007-09-30": 0, "2007-06-30": 0, "2007-03-31": "", "2006-12-31": 0, "2006-09-30": 0, "2006-06-30": 0, "2006-03-31": "", "2005-12-31": 0, "2005-09-30": 0, "2005-06-30": 0, "2005-03-31": ""}, "Net Acquisitions/Divestitures": {"2020-09-30": 0, "2020-06-30": 0, "2020-03-31": "", "2019-12-31": 0, "2019-09-30": 1332, "2019-06-30": -8, "2019-03-31": "", "2018-12-31": 0, "2018-09-30": 0, "2018-06-30": -28, "2018-03-31": "", "2017-12-31": -596, "2017-09-30": 0, "2017-06-30": 4, "2017-03-31": "", "2016-12-31": -377, "2016-09-30": -6, "2016-06-30": 3, "2016-03-31": "-18.00000", "2015-12-31": 0, "2015-09-30": -44, "2015-06-30": 0, "2015-03-31": "-117.00000", "2014-12-31": 0, "2014-09-30": 0, "2014-06-30": 0, "2014-03-31": "", "2013-12-31": 0, "2013-09-30": 0, "2013-06-30": 0, "2013-03-31": "", "2012-12-31": 6, "2012-09-30": 0, "2012-06-30": -2674, "2012-03-31": "", "2011-12-31": 0, "2011-09-30": 0, "2011-06-30": 0, "2011-03-31": "", "2010-12-31": 0, "2010-09-30": 0, "2010-06-30": 0, "2010-03-31": "", "2009-12-31": 0, "2009-09-30": 0, "2009-06-30": 0, "2009-03-31": "", "2008-12-31": -1, "2008-09-30": -79, "2008-06-30": -28, "2008-03-31": "-105.00000", "2007-12-31": -128, "2007-09-30": 4, "2007-06-30": -4, "2007-03-31": "", "2006-12-31": -5, "2006-09-30": 6, "2006-06-30": -1, "2006-03-31": "", "2005-12-31": -19.8, "2005-09-30": -0.2, "2005-06-30": -30, "2005-03-31": ""}, "Net Change In Short-term Investments": {"2020-09-30": -49, "2020-06-30": -203, "2020-03-31": "-60.00000", "2019-12-31": 0, "2019-09-30": 65, "2019-06-30": 0, "2019-03-31": "0.00000", "2018-12-31": 0, "2018-09-30": 0, "2018-06-30": 0, "2018-03-31": "", "2017-12-31": 0, "2017-09-30": 0, "2017-06-30": 0, "2017-03-31": "", "2016-12-31": 0, "2016-09-30": 0, "2016-06-30": 0, "2016-03-31": "", "2015-12-31": 0, "2015-09-30": 0, "2015-06-30": 0, "2015-03-31": "", "2014-12-31": 0, "2014-09-30": 0, "2014-06-30": 0, "2014-03-31": "", "2013-12-31": 0, "2013-09-30": 0, "2013-06-30": 0, "2013-03-31": "", "2012-12-31": 0, "2012-09-30": 0, "2012-06-30": 0, "2012-03-31": "", "2011-12-31": 0, "2011-09-30": 0, "2011-06-30": 0, "2011-03-31": "", "2010-12-31": 0, "2010-09-30": 0, "2010-06-30": 0, "2010-03-31": "", "2009-12-31": 0, "2009-09-30": 0, "2009-06-30": 0, "2009-03-31": "", "2008-12-31": 0, "2008-09-30": 0, "2008-06-30": 0, "2008-03-31": "", "2007-12-31": 0, "2007-09-30": 0, "2007-06-30": 0, "2007-03-31": "", "2006-12-31": 0, "2006-09-30": 0, "2006-06-30": 0, "2006-03-31": "", "2005-12-31": 0, "2005-09-30": 0, "2005-06-30": 0, "2005-03-31": ""}, "Net Change In Long-Term Investments": {"2020-09-30": 0, "2020-06-30": -1, "2020-03-31": "-3.00000", "2019-12-31": -1, "2019-09-30": 0, "2019-06-30": 0, "2019-03-31": "", "2018-12-31": -2, "2018-09-30": -3, "2018-06-30": -392, "2018-03-31": "", "2017-12-31": -1, "2017-09-30": -6, "2017-06-30": 0, "2017-03-31": "", "2016-12-31": -2, "2016-09-30": -2, "2016-06-30": 29, "2016-03-31": "", "2015-12-31": 0, "2015-09-30": -456, "2015-06-30": 0, "2015-03-31": "", "2014-12-31": 0, "2014-09-30": -6, "2014-06-30": 0, "2014-03-31": "", "2013-12-31": -6, "2013-09-30": 0, "2013-06-30": 0, "2013-03-31": "", "2012-12-31": 0, "2012-09-30": 0, "2012-06-30": 0, "2012-03-31": "", "2011-12-31": 0, "2011-09-30": 0, "2011-06-30": 0, "2011-03-31": "", "2010-12-31": 0, "2010-09-30": 0, "2010-06-30": 0, "2010-03-31": "", "2009-12-31": 0, "2009-09-30": 0, "2009-06-30": 0, "2009-03-31": "", "2008-12-31": 0, "2008-09-30": 0, "2008-06-30": 0, "2008-03-31": "", "2007-12-31": 0, "2007-09-30": 0, "2007-06-30": 0, "2007-03-31": "", "2006-12-31": 0, "2006-09-30": 0, "2006-06-30": 0, "2006-03-31": "", "2005-12-31": 0, "2005-09-30": 0, "2005-06-30": 0, "2005-03-31": ""}, "Net Change In Investments - Total": {"2020-09-30": -49, "2020-06-30": -204, "2020-03-31": "-63.00000", "2019-12-31": -1, "2019-09-30": 65, "2019-06-30": 0, "2019-03-31": "", "2018-12-31": -2, "2018-09-30": -3, "2018-06-30": -392, "2018-03-31": "", "2017-12-31": -1, "2017-09-30": -6, "2017-06-30": 0, "2017-03-31": "", "2016-12-31": -2, "2016-09-30": -2, "2016-06-30": 29, "2016-03-31": "", "2015-12-31": 0, "2015-09-30": -456, "2015-06-30": 0, "2015-03-31": "", "2014-12-31": 0, "2014-09-30": -6, "2014-06-30": 0, "2014-03-31": "", "2013-12-31": -6, "2013-09-30": 0, "2013-06-30": 0, "2013-03-31": "", "2012-12-31": 0, "2012-09-30": 0, "2012-06-30": 0, "2012-03-31": "", "2011-12-31": 0, "2011-09-30": 0, "2011-06-30": 0, "2011-03-31": "", "2010-12-31": 0, "2010-09-30": 0, "2010-06-30": 0, "2010-03-31": "", "2009-12-31": 0, "2009-09-30": 0, "2009-06-30": 0, "2009-03-31": "", "2008-12-31": 0, "2008-09-30": 0, "2008-06-30": 0, "2008-03-31": "", "2007-12-31": 0, "2007-09-30": 0, "2007-06-30": 0, "2007-03-31": "", "2006-12-31": 0, "2006-09-30": 0, "2006-06-30": 0, "2006-03-31": "", "2005-12-31": 0, "2005-09-30": 0, "2005-06-30": 0, "2005-03-31": ""}, "Investing Activities - Other": {"2020-09-30": 23, "2020-06-30": -3, "2020-03-31": "-27.00000", "2019-12-31": -6, "2019-09-30": 3, "2019-06-30": -10, "2019-03-31": "-15.00000", "2018-12-31": 28, "2018-09-30": -2, "2018-06-30": 28, "2018-03-31": "1.00000", "2017-12-31": 305, "2017-09-30": 380, "2017-06-30": 320, "2017-03-31": "244.00000", "2016-12-31": 499, "2016-09-30": 4, "2016-06-30": -22, "2016-03-31": "7.00000", "2015-12-31": 0, "2015-09-30": 1, "2015-06-30": 39, "2015-03-31": "3.00000", "2014-12-31": 2, "2014-09-30": 13, "2014-06-30": 2, "2014-03-31": "-2.00000", "2013-12-31": 3, "2013-09-30": 0, "2013-06-30": -1, "2013-03-31": "", "2012-12-31": -52, "2012-09-30": 2, "2012-06-30": 0, "2012-03-31": "6.00000", "2011-12-31": -4, "2011-09-30": 6, "2011-06-30": 1, "2011-03-31": "4.00000", "2010-12-31": 7, "2010-09-30": 0, "2010-06-30": 1, "2010-03-31": "1.00000", "2009-12-31": 6, "2009-09-30": 0, "2009-06-30": 1, "2009-03-31": "", "2008-12-31": -7, "2008-09-30": 0, "2008-06-30": 0, "2008-03-31": "", "2007-12-31": 3, "2007-09-30": -4, "2007-06-30": 0, "2007-03-31": "", "2006-12-31": -1, "2006-09-30": 0, "2006-06-30": 0, "2006-03-31": "", "2005-12-31": -7.4, "2005-09-30": 6.1, "2005-06-30": -0.4, "2005-03-31": "1.70000"}, "Cash Flow From Investing Activities": {"2020-09-30": -134, "2020-06-30": -313, "2020-03-31": "-202.00000", "2019-12-31": -157, "2019-09-30": 1258, "2019-06-30": -164, "2019-03-31": "-163.00000", "2018-12-31": -163, "2018-09-30": -124, "2018-06-30": -530, "2018-03-31": "-131.00000", "2017-12-31": -419, "2017-09-30": 268, "2017-06-30": 186, "2017-03-31": "114.00000", "2016-12-31": -11, "2016-09-30": -131, "2016-06-30": -95, "2016-03-31": "-155.00000", "2015-12-31": -164, "2015-09-30": -630, "2015-06-30": -71, "2015-03-31": "-262.00000", "2014-12-31": -225, "2014-09-30": -122, "2014-06-30": -127, "2014-03-31": "-99.00000", "2013-12-31": -277, "2013-09-30": -125, "2013-06-30": -137, "2013-03-31": "-102.00000", "2012-12-31": -317, "2012-09-30": -105, "2012-06-30": -2766, "2012-03-31": "-57.00000", "2011-12-31": -206, "2011-09-30": -143, "2011-06-30": -139, "2011-03-31": "-99.00000", "2010-12-31": -215, "2010-09-30": -105, "2010-06-30": -86, "2010-03-31": "-59.00000", "2009-12-31": -119, "2009-09-30": -91, "2009-06-30": -87, "2009-03-31": "-73.00000", "2008-12-31": -185, "2008-09-30": -194, "2008-06-30": -130, "2008-03-31": "-172.00000", "2007-12-31": -305, "2007-09-30": -111, "2007-06-30": -119, "2007-03-31": "-66.00000", "2006-12-31": -188, "2006-09-30": -94, "2006-06-30": -100, "2006-03-31": "-63.00000", "2005-12-31": -172.2, "2005-09-30": -101.1, "2005-06-30": -102.8, "2005-03-31": "-38.90000"}, "Net Long-Term Debt": {"2020-09-30": -5, "2020-06-30": 517, "2020-03-31": "-3.00000", "2019-12-31": 31, "2019-09-30": -988, "2019-06-30": 28, "2019-03-31": "", "2018-12-31": -7, "2018-09-30": 0, "2018-06-30": 592, "2018-03-31": "", "2017-12-31": 589, "2017-09-30": 1, "2017-06-30": 30, "2017-03-31": "-1.00000", "2016-12-31": 89, "2016-09-30": -3, "2016-06-30": -75, "2016-03-31": "909.00000", "2015-12-31": 22, "2015-09-30": 2, "2015-06-30": -363, "2015-03-31": "429.00000", "2014-12-31": -1, "2014-09-30": -2, "2014-06-30": 677, "2014-03-31": "-682.00000", "2013-12-31": -1, "2013-09-30": -1, "2013-06-30": -11, "2013-03-31": "-104.00000", "2012-12-31": -750, "2012-09-30": 0, "2012-06-30": 1727, "2012-03-31": "", "2011-12-31": 499, "2011-09-30": 0, "2011-06-30": 397, "2011-03-31": "-946.00000", "2010-12-31": 987, "2010-09-30": 0, "2010-06-30": -1, "2010-03-31": "", "2009-12-31": 14, "2009-09-30": 0, "2009-06-30": 744, "2009-03-31": "1.00000", "2008-12-31": 599, "2008-09-30": -602, "2008-06-30": -454, "2008-03-31": "745.00000", "2007-12-31": 678, "2007-09-30": -1, "2007-06-30": -1, "2007-03-31": "-728.00000", "2006-12-31": -78, "2006-09-30": -7, "2006-06-30": 0, "2006-03-31": "", "2005-12-31": 332.9, "2005-09-30": -1, "2005-06-30": -723.6, "2005-03-31": "-2.30000"}, "Net Current Debt": {"2020-09-30": -4, "2020-06-30": -536, "2020-03-31": "549.00000", "2019-12-31": -34, "2019-09-30": -382, "2019-06-30": -38, "2019-03-31": "429.00000", "2018-12-31": -27, "2018-09-30": -122, "2018-06-30": -175, "2018-03-31": "99.00000", "2017-12-31": -202, "2017-09-30": -153, "2017-06-30": 96, "2017-03-31": "191.00000", "2016-12-31": -39, "2016-09-30": -325, "2016-06-30": 61, "2016-03-31": "-485.00000", "2015-12-31": -159, "2015-09-30": 419, "2015-06-30": 133, "2015-03-31": "-19.00000", "2014-12-31": -250, "2014-09-30": 221, "2014-06-30": -868, "2014-03-31": "986.00000", "2013-12-31": -17, "2013-09-30": -380, "2013-06-30": 297, "2013-03-31": "-226.00000", "2012-12-31": 684, "2012-09-30": -388, "2012-06-30": 678, "2012-03-31": "-178.00000", "2011-12-31": -500, "2011-09-30": 2, "2011-06-30": -344, "2011-03-31": "1031.00000", "2010-12-31": -548, "2010-09-30": 437, "2010-06-30": 30, "2010-03-31": "80.00000", "2009-12-31": -429, "2009-09-30": -33, "2009-06-30": -882, "2009-03-31": "", "2008-12-31": -151, "2008-09-30": -104, "2008-06-30": 269, "2008-03-31": "-117.00000", "2007-12-31": -346, "2007-09-30": -133, "2007-06-30": 281, "2007-03-31": "418.00000", "2006-12-31": 62, "2006-09-30": -339, "2006-06-30": -154, "2006-03-31": "587.00000", "2005-12-31": 84.5, "2005-09-30": -193.9, "2005-06-30": 558.9, "2005-03-31": "-89.50000"}, "Debt Issuance/Retirement Net - Total": {"2020-09-30": -9, "2020-06-30": -19, "2020-03-31": "546.00000", "2019-12-31": -3, "2019-09-30": -1370, "2019-06-30": -10, "2019-03-31": "429.00000", "2018-12-31": -34, "2018-09-30": -122, "2018-06-30": 417, "2018-03-31": "99.00000", "2017-12-31": 387, "2017-09-30": -152, "2017-06-30": 126, "2017-03-31": "190.00000", "2016-12-31": 50, "2016-09-30": -328, "2016-06-30": -14, "2016-03-31": "424.00000", "2015-12-31": -137, "2015-09-30": 421, "2015-06-30": -230, "2015-03-31": "410.00000", "2014-12-31": -251, "2014-09-30": 219, "2014-06-30": -191, "2014-03-31": "304.00000", "2013-12-31": -18, "2013-09-30": -381, "2013-06-30": 286, "2013-03-31": "-330.00000", "2012-12-31": -66, "2012-09-30": -388, "2012-06-30": 2405, "2012-03-31": "-178.00000", "2011-12-31": -1, "2011-09-30": 2, "2011-06-30": 53, "2011-03-31": "85.00000", "2010-12-31": 439, "2010-09-30": 437, "2010-06-30": 29, "2010-03-31": "80.00000", "2009-12-31": -415, "2009-09-30": -33, "2009-06-30": -138, "2009-03-31": "1.00000", "2008-12-31": 448, "2008-09-30": -706, "2008-06-30": -185, "2008-03-31": "628.00000", "2007-12-31": 332, "2007-09-30": -134, "2007-06-30": 280, "2007-03-31": "-310.00000", "2006-12-31": -16, "2006-09-30": -346, "2006-06-30": -154, "2006-03-31": "587.00000", "2005-12-31": 417.4, "2005-09-30": -194.9, "2005-06-30": -164.7, "2005-03-31": "-91.80000"}, "Net Common Equity Issued/Repurchased": {"2020-09-30": 45, "2020-06-30": 14, "2020-03-31": "46.00000", "2019-12-31": 24, "2019-09-30": 28, "2019-06-30": 5, "2019-03-31": "-213.00000", "2018-12-31": -193, "2018-09-30": 20, "2018-06-30": -30, "2018-03-31": "50.00000", "2017-12-31": 10, "2017-09-30": -104, "2017-06-30": -240, "2017-03-31": "-85.00000", "2016-12-31": 12, "2016-09-30": 83, "2016-06-30": -119, "2016-03-31": "-34.00000", "2015-12-31": -285, "2015-09-30": 10, "2015-06-30": 33, "2015-03-31": "-228.00000", "2014-12-31": 53, "2014-09-30": -330, "2014-06-30": 88, "2014-03-31": "-284.00000", "2013-12-31": 25, "2013-09-30": 42, "2013-06-30": -357, "2013-03-31": "221.00000", "2012-12-31": 142, "2012-09-30": 22, "2012-06-30": 24, "2012-03-31": "-22.00000", "2011-12-31": -79, "2011-09-30": -159, "2011-06-30": -62, "2011-03-31": "-207.00000", "2010-12-31": -119, "2010-09-30": -611, "2010-06-30": -44, "2010-03-31": "-74.00000", "2009-12-31": 97, "2009-09-30": -171, "2009-06-30": 11, "2009-03-31": "7.00000", "2008-12-31": -581, "2008-09-30": 695, "2008-06-30": 13, "2008-03-31": "-602.00000", "2007-12-31": -211, "2007-09-30": -112, "2007-06-30": -112, "2007-03-31": "-52.00000", "2006-12-31": -49, "2006-09-30": 81, "2006-06-30": 78, "2006-03-31": "-542.00000", "2005-12-31": -385.6, "2005-09-30": 22.5, "2005-06-30": 36, "2005-03-31": "-114.90000"}, "Net Total Equity Issued/Repurchased": {"2020-09-30": 45, "2020-06-30": 14, "2020-03-31": "46.00000", "2019-12-31": 24, "2019-09-30": 28, "2019-06-30": 5, "2019-03-31": "-213.00000", "2018-12-31": -193, "2018-09-30": 20, "2018-06-30": -30, "2018-03-31": "50.00000", "2017-12-31": 10, "2017-09-30": -104, "2017-06-30": -240, "2017-03-31": "-85.00000", "2016-12-31": 12, "2016-09-30": 83, "2016-06-30": -119, "2016-03-31": "-34.00000", "2015-12-31": -285, "2015-09-30": 10, "2015-06-30": 33, "2015-03-31": "-228.00000", "2014-12-31": 53, "2014-09-30": -330, "2014-06-30": 88, "2014-03-31": "-284.00000", "2013-12-31": 25, "2013-09-30": 42, "2013-06-30": -357, "2013-03-31": "221.00000", "2012-12-31": 142, "2012-09-30": 22, "2012-06-30": 24, "2012-03-31": "-22.00000", "2011-12-31": -79, "2011-09-30": -159, "2011-06-30": -62, "2011-03-31": "-207.00000", "2010-12-31": -119, "2010-09-30": -611, "2010-06-30": -44, "2010-03-31": "-74.00000", "2009-12-31": 97, "2009-09-30": -171, "2009-06-30": 11, "2009-03-31": "7.00000", "2008-12-31": -581, "2008-09-30": 695, "2008-06-30": 13, "2008-03-31": "-602.00000", "2007-12-31": -211, "2007-09-30": -112, "2007-06-30": -112, "2007-03-31": "-52.00000", "2006-12-31": -49, "2006-09-30": 81, "2006-06-30": 78, "2006-03-31": "-542.00000", "2005-12-31": -385.6, "2005-09-30": 22.5, "2005-06-30": 36, "2005-03-31": "-114.90000"}, "Total Common And Preferred Stock Dividends Paid": {"2020-09-30": -196, "2020-06-30": -195, "2020-03-31": "-195.00000", "2019-12-31": -195, "2019-09-30": -194, "2019-06-30": -188, "2019-03-31": "-192.00000", "2018-12-31": -194, "2018-09-30": -194, "2018-06-30": -187, "2018-03-31": "-187.00000", "2017-12-31": -186, "2017-09-30": -187, "2017-06-30": -181, "2017-03-31": "-182.00000", "2016-12-31": -183, "2016-09-30": -182, "2016-06-30": -175, "2016-03-31": "-176.00000", "2015-12-31": -177, "2015-09-30": -176, "2015-06-30": -173, "2015-03-31": "-174.00000", "2014-12-31": -174, "2014-09-30": -175, "2014-06-30": -165, "2014-03-31": "-166.00000", "2013-12-31": -167, "2013-09-30": -166, "2013-06-30": -160, "2013-03-31": "-160.00000", "2012-12-31": -158, "2012-09-30": -158, "2012-06-30": -153, "2012-03-31": "-153.00000", "2011-12-31": -152, "2011-09-30": -156, "2011-06-30": -148, "2011-03-31": "-148.00000", "2010-12-31": -149, "2010-09-30": -149, "2010-06-30": -144, "2010-03-31": "-142.00000", "2009-12-31": -143, "2009-09-30": -143, "2009-06-30": -130, "2009-03-31": "-130.00000", "2008-12-31": -130, "2008-09-30": -129, "2008-06-30": -117, "2008-03-31": "-119.00000", "2007-12-31": -121, "2007-09-30": -122, "2007-06-30": -116, "2007-03-31": "-116.00000", "2006-12-31": -116, "2006-09-30": -116, "2006-06-30": -109, "2006-03-31": "-109.00000", "2005-12-31": -112.2, "2005-09-30": -114.8, "2005-06-30": -104, "2005-03-31": "-104.00000"}, "Financial Activities - Other": {"2020-09-30": -53, "2020-06-30": -43, "2020-03-31": "80.00000", "2019-12-31": 0, "2019-09-30": -18, "2019-06-30": -8, "2019-03-31": "", "2018-12-31": -9, "2018-09-30": -2, "2018-06-30": 0, "2018-03-31": "", "2017-12-31": 0, "2017-09-30": 0, "2017-06-30": 0, "2017-03-31": "", "2016-12-31": -144, "2016-09-30": 0, "2016-06-30": 0, "2016-03-31": "", "2015-12-31": 3, "2015-09-30": -8, "2015-06-30": 0, "2015-03-31": "5.00000", "2014-12-31": -3, "2014-09-30": 6, "2014-06-30": 7, "2014-03-31": "-1.00000", "2013-12-31": 1, "2013-09-30": 3, "2013-06-30": 11, "2013-03-31": "9.00000", "2012-12-31": 2, "2012-09-30": 1, "2012-06-30": -1, "2012-03-31": "-2.00000", "2011-12-31": 5, "2011-09-30": 0, "2011-06-30": 6, "2011-03-31": "4.00000", "2010-12-31": 1, "2010-09-30": 1, "2010-06-30": 4, "2010-03-31": "2.00000", "2009-12-31": 3, "2009-09-30": 0, "2009-06-30": 0, "2009-03-31": "2.00000", "2008-12-31": -9, "2008-09-30": 5, "2008-06-30": 1, "2008-03-31": "8.00000", "2007-12-31": -2, "2007-09-30": -2, "2007-06-30": 6, "2007-03-31": "4.00000", "2006-12-31": 6, "2006-09-30": 9, "2006-06-30": 5, "2006-03-31": "2.00000", "2005-12-31": 0.7, "2005-09-30": 2.2, "2005-06-30": 3.8, "2005-03-31": "-0.70000"}, "Cash Flow From Financial Activities": {"2020-09-30": -213, "2020-06-30": -243, "2020-03-31": "477.00000", "2019-12-31": -174, "2019-09-30": -1554, "2019-06-30": -201, "2019-03-31": "24.00000", "2018-12-31": -430, "2018-09-30": -298, "2018-06-30": 200, "2018-03-31": "-38.00000", "2017-12-31": 211, "2017-09-30": -443, "2017-06-30": -295, "2017-03-31": "-77.00000", "2016-12-31": -265, "2016-09-30": -427, "2016-06-30": -308, "2016-03-31": "214.00000", "2015-12-31": -596, "2015-09-30": 247, "2015-06-30": -370, "2015-03-31": "13.00000", "2014-12-31": -375, "2014-09-30": -280, "2014-06-30": -261, "2014-03-31": "-147.00000", "2013-12-31": -159, "2013-09-30": -502, "2013-06-30": -220, "2013-03-31": "-260.00000", "2012-12-31": -80, "2012-09-30": -523, "2012-06-30": 2275, "2012-03-31": "-355.00000", "2011-12-31": -227, "2011-09-30": -313, "2011-06-30": -151, "2011-03-31": "-266.00000", "2010-12-31": 172, "2010-09-30": -322, "2010-06-30": -155, "2010-03-31": "-134.00000", "2009-12-31": -458, "2009-09-30": -347, "2009-06-30": -257, "2009-03-31": "-120.00000", "2008-12-31": -272, "2008-09-30": -135, "2008-06-30": -288, "2008-03-31": "-85.00000", "2007-12-31": -2, "2007-09-30": -370, "2007-06-30": 58, "2007-03-31": "-474.00000", "2006-12-31": -175, "2006-09-30": -372, "2006-06-30": -180, "2006-03-31": "-62.00000", "2005-12-31": -79.7, "2005-09-30": -285, "2005-06-30": -228.9, "2005-03-31": "-311.40000"}, "Net Cash Flow": {"2020-09-30": 282, "2020-06-30": 31, "2020-03-31": "619.00000", "2019-12-31": -56, "2019-09-30": 113, "2019-06-30": 68, "2019-03-31": "-49.00000", "2018-12-31": 12, "2018-09-30": 52, "2018-06-30": -113, "2018-03-31": "89.00000", "2017-12-31": 14, "2017-09-30": -67, "2017-06-30": 36, "2017-03-31": "18.00000", "2016-12-31": -66, "2016-09-30": -185, "2016-06-30": 221, "2016-03-31": "59.00000", "2015-12-31": -48, "2015-09-30": 5, "2015-06-30": -55, "2015-03-31": "-94.00000", "2014-12-31": 17, "2014-09-30": 136, "2014-06-30": 6, "2014-03-31": "11.00000", "2013-12-31": -27, "2013-09-30": 38, "2013-06-30": 10, "2013-03-31": "-29.00000", "2012-12-31": -24, "2012-09-30": 75, "2012-06-30": -174, "2012-03-31": "-56.00000", "2011-12-31": -122, "2011-09-30": 125, "2011-06-30": 53, "2011-03-31": "-40.00000", "2010-12-31": -115, "2010-09-30": 88, "2010-06-30": 84, "2010-03-31": "53.00000", "2009-12-31": -193, "2009-09-30": 103, "2009-06-30": 120, "2009-03-31": "49.00000", "2008-12-31": -429, "2008-09-30": 128, "2008-06-30": 24, "2008-03-31": "8.00000", "2007-12-31": -52, "2007-09-30": 2, "2007-06-30": 338, "2007-03-31": "-175.00000", "2006-12-31": -52, "2006-09-30": 148, "2006-06-30": 54, "2006-03-31": "42.00000", "2005-12-31": -244.1, "2005-09-30": 160.3, "2005-06-30": 37.9, "2005-03-31": "-152.10000"}, "Stock-Based Compensation": {"2020-09-30": 18, "2020-06-30": 18, "2020-03-31": "19.00000", "2019-12-31": 14, "2019-09-30": 13, "2019-06-30": 16, "2019-03-31": "13.00000", "2018-12-31": 17, "2018-09-30": 12, "2018-06-30": 14, "2018-03-31": "16.00000", "2017-12-31": 13, "2017-09-30": 17, "2017-06-30": 19, "2017-03-31": "17.00000", "2016-12-31": 18, "2016-09-30": 15, "2016-06-30": 15, "2016-03-31": "15.00000", "2015-12-31": 19, "2015-09-30": 11, "2015-06-30": 11, "2015-03-31": "10.00000", "2014-12-31": 37, "2014-09-30": 0, "2014-06-30": 0, "2014-03-31": "", "2013-12-31": 34, "2013-09-30": 0, "2013-06-30": 0, "2013-03-31": "", "2012-12-31": 0, "2012-09-30": 0, "2012-06-30": 0, "2012-03-31": "", "2011-12-31": 0, "2011-09-30": 0, "2011-06-30": 0, "2011-03-31": "", "2010-12-31": 0, "2010-09-30": 0, "2010-06-30": 0, "2010-03-31": "", "2009-12-31": 0, "2009-09-30": 0, "2009-06-30": 0, "2009-03-31": "", "2008-12-31": 0, "2008-09-30": 0, "2008-06-30": 0, "2008-03-31": "", "2007-12-31": 0, "2007-09-30": 0, "2007-06-30": 0, "2007-03-31": "", "2006-12-31": 0, "2006-09-30": 0, "2006-06-30": 0, "2006-03-31": "", "2005-12-31": 0, "2005-09-30": 0, "2005-06-30": 0, "2005-03-31": ""}, "Common Stock Dividends Paid": {"2020-09-30": -196, "2020-06-30": -195, "2020-03-31": "-195.00000", "2019-12-31": -195, "2019-09-30": -194, "2019-06-30": -188, "2019-03-31": "-192.00000", "2018-12-31": -194, "2018-09-30": -194, "2018-06-30": -187, "2018-03-31": "-187.00000", "2017-12-31": -186, "2017-09-30": -187, "2017-06-30": -181, "2017-03-31": "-182.00000", "2016-12-31": -183, "2016-09-30": -182, "2016-06-30": -175, "2016-03-31": "-176.00000", "2015-12-31": -177, "2015-09-30": -176, "2015-06-30": -173, "2015-03-31": "-174.00000", "2014-12-31": -174, "2014-09-30": -175, "2014-06-30": -165, "2014-03-31": "-166.00000", "2013-12-31": -167, "2013-09-30": -166, "2013-06-30": -160, "2013-03-31": "-160.00000", "2012-12-31": -158, "2012-09-30": -158, "2012-06-30": -153, "2012-03-31": "-153.00000", "2011-12-31": -152, "2011-09-30": -156, "2011-06-30": -148, "2011-03-31": "-148.00000", "2010-12-31": -149, "2010-09-30": -149, "2010-06-30": -144, "2010-03-31": "-142.00000", "2009-12-31": -143, "2009-09-30": -143, "2009-06-30": -130, "2009-03-31": "-130.00000", "2008-12-31": -130, "2008-09-30": -129, "2008-06-30": -117, "2008-03-31": "-119.00000", "2007-12-31": -121, "2007-09-30": -122, "2007-06-30": -116, "2007-03-31": "-116.00000", "2006-12-31": -116, "2006-09-30": -116, "2006-06-30": -109, "2006-03-31": "-109.00000", "2005-12-31": -112.2, "2005-09-30": -114.8, "2005-06-30": -104, "2005-03-31": "-104.00000"}}, "financial ratios": {"Current Ratio": {"2019-12-31": "0.71810", "2018-12-31": "0.69710", "2017-12-31": "0.67140", "2016-12-31": "0.65710", "2015-12-31": "0.56390", "2014-12-31": "0.76540", "2013-12-31": "0.85190", "2012-12-31": "0.74730", "2011-12-31": "0.92640", "2010-12-31": "0.91550", "2009-12-31": "1.11800", "2008-12-31": "0.70970", "2007-12-31": "0.66820", "2006-12-31": "0.60370", "2005-12-31": "0.69450"}, "Long-term Debt / Capital": {"2019-12-31": "0.68470", "2018-12-31": "0.72210", "2017-12-31": "0.78130", "2016-12-31": "0.77670", "2015-12-31": "0.71160", "2014-12-31": "0.67550", "2013-12-31": "0.63700", "2012-12-31": "0.71160", "2011-12-31": "0.73690", "2010-12-31": "0.69500", "2009-12-31": "0.68000", "2008-12-31": "0.73660", "2007-12-31": "0.56420", "2006-12-31": "0.59610", "2005-12-31": "0.61850"}, "Debt/Equity Ratio": {"2019-12-31": "2.39050", "2018-12-31": "2.81510", "2017-12-31": "3.92660", "2016-12-31": "4.03270", "2015-12-31": "3.62250", "2014-12-31": "2.58510", "2013-12-31": "2.03990", "2012-12-31": "3.20570", "2011-12-31": "3.35480", "2010-12-31": "2.74090", "2009-12-31": "2.14510", "2008-12-31": "3.74980", "2007-12-31": "2.06850", "2006-12-31": "2.43790", "2005-12-31": "2.14450"}, "Gross Margin": {"2019-12-31": "32.26540", "2018-12-31": "34.88600", "2017-12-31": "36.55670", "2016-12-31": "37.28500", "2015-12-31": "34.61000", "2014-12-31": "34.72570", "2013-12-31": "41.25880", "2012-12-31": "38.27570", "2011-12-31": "39.03620", "2010-12-31": "43.09110", "2009-12-31": "42.87080", "2008-12-31": "41.85770", "2007-12-31": "43.97930", "2006-12-31": "44.23770", "2005-12-31": "44.85610"}, "Operating Margin": {"2019-12-31": "10.31820", "2018-12-31": "12.59320", "2017-12-31": "10.79040", "2016-12-31": "11.43850", "2015-12-31": "8.06650", "2014-12-31": "7.02330", "2013-12-31": "19.17930", "2012-12-31": "11.00230", "2011-12-31": "10.81220", "2010-12-31": "16.43140", "2009-12-31": "15.91250", "2008-12-31": "15.23160", "2007-12-31": "15.86280", "2006-12-31": "16.19140", "2005-12-31": "17.19560"}, "EBIT Margin": {"2019-12-31": "10.31820", "2018-12-31": "12.59320", "2017-12-31": "10.79040", "2016-12-31": "11.43850", "2015-12-31": "8.06650", "2014-12-31": "7.02330", "2013-12-31": "19.17930", "2012-12-31": "11.00230", "2011-12-31": "10.81220", "2010-12-31": "16.43140", "2009-12-31": "15.91250", "2008-12-31": "15.23160", "2007-12-31": "15.86280", "2006-12-31": "16.19140", "2005-12-31": "17.19560"}, "EBITDA Margin": {"2019-12-31": "13.88280", "2018-12-31": "16.40220", "2017-12-31": "14.53240", "2016-12-31": "15.42620", "2015-12-31": "12.01480", "2014-12-31": "10.47330", "2013-12-31": "22.77580", "2012-12-31": "14.15790", "2011-12-31": "13.60810", "2010-12-31": "19.59350", "2009-12-31": "18.96620", "2008-12-31": "18.15630", "2007-12-31": "19.02170", "2006-12-31": "19.42790", "2005-12-31": "21.04750"}, "Pre-Tax Profit Margin": {"2019-12-31": "9.61110", "2018-12-31": "9.81030", "2017-12-31": "12.89090", "2016-12-31": "7.20400", "2015-12-31": "5.71530", "2014-12-31": "5.65840", "2013-12-31": "17.61760", "2012-12-31": "9.33300", "2011-12-31": "8.97110", "2010-12-31": "14.43900", "2009-12-31": "13.39170", "2008-12-31": "12.72030", "2007-12-31": "13.12840", "2006-12-31": "13.49590", "2005-12-31": "14.00220"}, "Net Profit Margin": {"2019-12-31": "7.07030", "2018-12-31": "9.86200", "2017-12-31": "9.75570", "2016-12-31": "5.39140", "2015-12-31": "4.53970", "2014-12-31": "4.33470", "2013-12-31": "12.21610", "2012-12-31": "6.76900", "2011-12-31": "6.56160", "2010-12-31": "10.38150", "2009-12-31": "9.63820", "2008-12-31": "8.95340", "2007-12-31": "9.36650", "2006-12-31": "9.20510", "2005-12-31": "9.62960"}, "Asset Turnover": {"2019-12-31": "0.77310", "2018-12-31": "0.76190", "2017-12-31": "0.78610", "2016-12-31": "0.85800", "2015-12-31": "0.88680", "2014-12-31": "0.96220", "2013-12-31": "0.95590", "2012-12-31": "0.93590", "2011-12-31": "1.10510", "2010-12-31": "1.04640", "2009-12-31": "1.12280", "2008-12-31": "1.17140", "2007-12-31": "1.03330", "2006-12-31": "1.01800", "2005-12-31": "0.96240"}, "Inventory Turnover Ratio": {"2019-12-31": "7.50160", "2018-12-31": "6.63230", "2017-12-31": "6.70090", "2016-12-31": "6.56790", "2015-12-31": "7.07520", "2014-12-31": "7.44100", "2013-12-31": "6.96230", "2012-12-31": "6.41980", "2011-12-31": "6.85350", "2010-12-31": "6.68090", "2009-12-31": "7.89450", "2008-12-31": "8.31100", "2007-12-31": "7.13960", "2006-12-31": "7.38110", "2005-12-31": "7.82710"}, "Receiveable Turnover": {"2019-12-31": "8.61550", "2018-12-31": "9.85240", "2017-12-31": "9.25410", "2016-12-31": "10.53210", "2015-12-31": "10.06320", "2014-12-31": "11.42630", "2013-12-31": "10.38760", "2012-12-31": "9.76410", "2011-12-31": "11.10940", "2010-12-31": "10.41770", "2009-12-31": "11.50500", "2008-12-31": "11.65640", "2007-12-31": "11.64790", "2006-12-31": "11.54180", "2005-12-31": "11.57660"}, "Days Sales In Receivables": {"2019-12-31": "42.36560", "2018-12-31": "37.04700", "2017-12-31": "39.44180", "2016-12-31": "34.65600", "2015-12-31": "36.27060", "2014-12-31": "31.94380", "2013-12-31": "35.13790", "2012-12-31": "37.38180", "2011-12-31": "32.85500", "2010-12-31": "35.03670", "2009-12-31": "31.72530", "2008-12-31": "31.31340", "2007-12-31": "31.33620", "2006-12-31": "31.62420", "2005-12-31": "31.52910"}, "ROE - Return On Equity": {"2019-12-31": "29.48100", "2018-12-31": "42.54510", "2017-12-31": "57.15590", "2016-12-31": "36.34480", "2015-12-31": "28.71840", "2014-12-31": "22.20270", "2013-12-31": "50.12480", "2012-12-31": "38.98580", "2011-12-31": "48.05340", "2010-12-31": "59.42430", "2009-12-31": "53.09890", "2008-12-31": "78.76290", "2007-12-31": "43.62630", "2006-12-31": "48.52590", "2005-12-31": "42.91280"}, "Return On Tangible Equity": {"2019-12-31": "-19.07090", "2018-12-31": "-21.49710", "2017-12-31": "-21.07920", "2016-12-31": "-12.47990", "2015-12-31": "-12.04390", "2014-12-31": "-14.33750", "2013-12-31": "-47.44160", "2012-12-31": "-19.48500", "2011-12-31": "-26.34950", "2010-12-31": "-43.68600", "2009-12-31": "-42.74590", "2008-12-31": "-31.45760", "2007-12-31": "-45.18250", "2006-12-31": "-35.87000", "2005-12-31": "42.91280"}, "ROA - Return On Assets": {"2019-12-31": "5.56250", "2018-12-31": "7.55910", "2017-12-31": "7.66930", "2016-12-31": "4.63240", "2015-12-31": "4.02600", "2014-12-31": "4.17740", "2013-12-31": "11.68410", "2012-12-31": "6.33530", "2011-12-31": "7.23440", "2010-12-31": "10.80440", "2009-12-31": "10.78570", "2008-12-31": "10.46960", "2007-12-31": "9.66920", "2006-12-31": "9.37090", "2005-12-31": "9.26760"}, "ROI - Return On Investment": {"2019-12-31": "9.29680", "2018-12-31": "11.82470", "2017-12-31": "12.50250", "2016-12-31": "8.11690", "2015-12-31": "8.28270", "2014-12-31": "7.20460", "2013-12-31": "18.19460", "2012-12-31": "11.24370", "2011-12-31": "12.64080", "2010-12-31": "18.12520", "2009-12-31": "16.99020", "2008-12-31": "20.74960", "2007-12-31": "19.01310", "2006-12-31": "19.60170", "2005-12-31": "16.37070"}, "Book Value Per Share": {"2019-12-31": "9.70300", "2018-12-31": "9.18670", "2017-12-31": "6.34830", "2016-12-31": "5.48610", "2015-12-31": "6.10820", "2014-12-31": "8.00840", "2013-12-31": "9.94210", "2012-12-31": "6.82320", "2011-12-31": "5.03220", "2010-12-31": "5.89160", "2009-12-31": "5.96520", "2008-12-31": "3.81030", "2007-12-31": "6.47610", "2006-12-31": "5.20250", "2005-12-31": "5.63420"}, "Operating Cash Flow Per Share": {"2019-12-31": -0.9852, "2018-12-31": 3.2624, "2017-12-31": -2.439, "2016-12-31": -1.1596, "2015-12-31": -0.2306, "2014-12-31": 0.0299, "2013-12-31": 0.0674, "2012-12-31": 0.5014, "2011-12-31": 1.7152, "2010-12-31": -1.6119, "2009-12-31": 0.9877, "2008-12-31": -0.4666, "2007-12-31": 0.2325, "2006-12-31": 0.7774, "2005-12-31": 2.7476}, "Free Cash Flow Per Share": {"2019-12-31": -1.0328, "2018-12-31": 3.0329, "2017-12-31": -2.4382, "2016-12-31": -1.0384, "2015-12-31": -0.1673, "2014-12-31": 0.1584, "2013-12-31": -0.1973, "2012-12-31": 0.6528, "2011-12-31": 1.3373, "2010-12-31": -1.8842, "2009-12-31": 1.2034, "2008-12-31": -0.484, "2007-12-31": 0.1625, "2006-12-31": 0.5448, "2005-12-31": 1.8702}}, "financial ratios, quarterly": {"Current Ratio": {"2020-09-30": "0.78770", "2020-06-30": "0.76710", "2020-03-31": "0.76680", "2019-12-31": "0.71810", "2019-09-30": "0.79560", "2019-06-30": "0.70230", "2019-03-31": "0.67760", "2018-12-31": "0.69710", "2018-09-30": "0.84440", "2018-06-30": "0.82380", "2018-03-31": "0.73530", "2017-12-31": "0.67140", "2017-09-30": "0.68260", "2017-06-30": "0.67560", "2017-03-31": "0.66480", "2016-12-31": "0.65710", "2016-09-30": "0.65910", "2016-06-30": "0.64900", "2016-03-31": "0.62360", "2015-12-31": "0.56390", "2015-09-30": "0.66110", "2015-06-30": "0.73600", "2015-03-31": "0.86030", "2014-12-31": "0.76540", "2014-09-30": "0.76620", "2014-06-30": "0.81280", "2014-03-31": "0.69070", "2013-12-31": "0.85190", "2013-09-30": "0.89570", "2013-06-30": "0.85840", "2013-03-31": "0.97030", "2012-12-31": "0.74730", "2012-09-30": "0.73240", "2012-06-30": "0.69710", "2012-03-31": "0.79580", "2011-12-31": "0.92640", "2011-09-30": "1.02480", "2011-06-30": "1.03640", "2011-03-31": "0.89260", "2010-12-31": "0.91550", "2010-09-30": "0.79520", "2010-06-30": "0.85540", "2010-03-31": "0.85290", "2009-12-31": "1.11800", "2009-09-30": "1.06040", "2009-06-30": "1.05400", "2009-03-31": "0.74490", "2008-12-31": "0.70970", "2008-09-30": "0.82370", "2008-06-30": "0.78210", "2008-03-31": "0.75040", "2007-12-31": "0.66820", "2007-09-30": "0.63950", "2007-06-30": "0.62330", "2007-03-31": "0.64500", "2006-12-31": "0.60370", "2006-09-30": "0.64230", "2006-06-30": "0.58760", "2006-03-31": "0.64890", "2005-12-31": "0.69450", "2005-09-30": "0.72170", "2005-06-30": "0.66540", "2005-03-31": "0.77300"}, "Long-term Debt / Capital": {"2020-09-30": "0.66130", "2020-06-30": "0.67040", "2020-03-31": "0.69040", "2019-12-31": "0.68470", "2019-09-30": "0.70030", "2019-06-30": "0.72010", "2019-03-31": "0.72540", "2018-12-31": "0.72210", "2018-09-30": "0.70680", "2018-06-30": "0.71960", "2018-03-31": "0.75520", "2017-12-31": "0.78130", "2017-09-30": "0.78790", "2017-06-30": "0.79380", "2017-03-31": "0.76860", "2016-12-31": "0.77670", "2016-09-30": "0.74110", "2016-06-30": "0.75840", "2016-03-31": "0.75400", "2015-12-31": "0.71160", "2015-09-30": "0.68560", "2015-06-30": "0.68440", "2015-03-31": "0.71210", "2014-12-31": "0.67550", "2014-09-30": "0.63380", "2014-06-30": "0.61260", "2014-03-31": "0.60240", "2013-12-31": "0.63700", "2013-09-30": "0.68670", "2013-06-30": "0.70760", "2013-03-31": "0.70270", "2012-12-31": "0.71160", "2012-09-30": "0.71330", "2012-06-30": "0.73690", "2012-03-31": "0.67330", "2011-12-31": "0.73690", "2011-09-30": "0.69870", "2011-06-30": "0.68260", "2011-03-31": "0.68040", "2010-12-31": "0.69500", "2010-09-30": "0.63920", "2010-06-30": "0.62150", "2010-03-31": "0.61490", "2009-12-31": "0.68000", "2009-09-30": "0.70380", "2009-06-30": "0.70910", "2009-03-31": "0.71420", "2008-12-31": "0.73660", "2008-09-30": "0.60480", "2008-06-30": "0.61550", "2008-03-31": "0.64270", "2007-12-31": "0.56420", "2007-09-30": "0.50790", "2007-06-30": "0.51870", "2007-03-31": "0.57290", "2006-12-31": "0.59610", "2006-09-30": "0.55310", "2006-06-30": "0.58470", "2006-03-31": "0.65890", "2005-12-31": "0.61850", "2005-09-30": "0.54310", "2005-06-30": "0.56130", "2005-03-31": "0.62950"}, "Debt/Equity Ratio": {"2020-09-30": "2.37950", "2020-06-30": "2.47970", "2020-03-31": "2.62950", "2019-12-31": "2.39050", "2019-09-30": "2.39480", "2019-06-30": "2.90720", "2019-03-31": "3.00190", "2018-12-31": "2.81510", "2018-09-30": "2.46830", "2018-06-30": "2.66390", "2018-03-31": "3.42910", "2017-12-31": "3.92660", "2017-09-30": "4.21920", "2017-06-30": "4.46380", "2017-03-31": "3.94460", "2016-12-31": "4.03270", "2016-09-30": "3.58550", "2016-06-30": "4.10050", "2016-03-31": "4.03630", "2015-12-31": "3.62250", "2015-09-30": "2.97380", "2015-06-30": "2.80220", "2015-03-31": "2.91480", "2014-12-31": "2.58510", "2014-09-30": "2.22030", "2014-06-30": "1.96540", "2014-03-31": "2.14590", "2013-12-31": "2.03990", "2013-09-30": "2.55590", "2013-06-30": "2.96530", "2013-03-31": "2.65870", "2012-12-31": "3.20570", "2012-09-30": "3.25550", "2012-06-30": "3.84900", "2012-03-31": "2.82850", "2011-12-31": "3.35480", "2011-09-30": "2.64200", "2011-06-30": "2.44810", "2011-03-31": "2.59680", "2010-12-31": "2.74090", "2010-09-30": "2.46660", "2010-06-30": "2.10860", "2010-03-31": "2.03770", "2009-12-31": "2.14510", "2009-09-30": "2.61030", "2009-06-30": "2.69620", "2009-03-31": "3.35570", "2008-12-31": "3.74980", "2008-09-30": "2.11870", "2008-06-30": "2.25760", "2008-03-31": "2.62220", "2007-12-31": "2.06850", "2007-09-30": "1.95050", "2007-06-30": "2.09200", "2007-03-31": "2.08440", "2006-12-31": "2.43790", "2006-09-30": "2.04120", "2006-06-30": "2.47640", "2006-03-31": "2.85860", "2005-12-31": "2.14450", "2005-09-30": "1.68150", "2005-06-30": "1.88400", "2005-03-31": "2.10890"}, "Gross Margin": {"2020-09-30": "35.02480", "2020-06-30": "34.54550", "2020-03-31": "33.52870", "2019-12-31": "33.75740", "2019-09-30": "29.65600", "2019-06-30": "34.26760", "2019-03-31": "31.43100", "2018-12-31": "32.83090", "2018-09-30": "33.90030", "2018-06-30": "35.98210", "2018-03-31": "36.81270", "2017-12-31": "35.85560", "2017-09-30": "36.10600", "2017-06-30": "38.58270", "2017-03-31": "35.71430", "2016-12-31": "34.61290", "2016-09-30": "38.84450", "2016-06-30": "38.86170", "2016-03-31": "36.67160", "2015-12-31": "30.61740", "2015-09-30": "37.03820", "2015-06-30": "35.47740", "2015-03-31": "35.01130", "2014-12-31": "24.35970", "2014-09-30": "35.50430", "2014-06-30": "38.29040", "2014-03-31": "40.19240", "2013-12-31": "50.92830", "2013-09-30": "39.02050", "2013-06-30": "39.76840", "2013-03-31": "36.07870", "2012-12-31": "33.00590", "2012-09-30": "39.40860", "2012-06-30": "41.42200", "2012-03-31": "39.33140", "2011-12-31": "31.11110", "2011-09-30": "40.76090", "2011-06-30": "42.61670", "2011-03-31": "40.77480", "2010-12-31": "43.46150", "2010-09-30": "43.36400", "2010-06-30": "42.61920", "2010-03-31": "42.94760", "2009-12-31": "42.93100", "2009-09-30": "43.94260", "2009-06-30": "43.48100", "2009-03-31": "41.08550", "2008-12-31": "39.41360", "2008-09-30": "42.67030", "2008-06-30": "43.19470", "2008-03-31": "41.86620", "2007-12-31": "42.80600", "2007-09-30": "44.67380", "2007-06-30": "45.67160", "2007-03-31": "42.65950", "2006-12-31": "43.30500", "2006-09-30": "45.12930", "2006-06-30": "44.53660", "2006-03-31": "43.89440", "2005-12-31": "43.62810", "2005-09-30": "45.20850", "2005-06-30": "46.32810", "2005-03-31": "44.15890"}, "Operating Margin": {"2020-09-30": "11.98600", "2020-06-30": "14.60320", "2020-03-31": "13.45250", "2019-12-31": "11.16970", "2019-09-30": "7.79950", "2019-06-30": "11.47070", "2019-03-31": "10.81770", "2018-12-31": "9.82820", "2018-09-30": "11.41540", "2018-06-30": "14.10710", "2018-03-31": "14.99560", "2017-12-31": "12.21350", "2017-09-30": "10.25880", "2017-06-30": "12.12600", "2017-03-31": "8.62070", "2016-12-31": "6.10240", "2016-09-30": "12.59990", "2016-06-30": "13.73930", "2016-03-31": "12.90130", "2015-12-31": "-1.24120", "2015-09-30": "10.03300", "2015-06-30": "11.77820", "2015-03-31": "10.79870", "2014-12-31": "-12.00910", "2014-09-30": "10.03020", "2014-06-30": "12.67300", "2014-03-31": "16.40830", "2013-12-31": "35.98970", "2013-09-30": "13.56300", "2013-06-30": "15.34730", "2013-03-31": "13.02770", "2012-12-31": "0.08420", "2012-09-30": "13.79030", "2012-06-30": "14.93960", "2012-03-31": "15.31980", "2011-12-31": "-5.04150", "2011-09-30": "14.00970", "2011-06-30": "16.03660", "2011-03-31": "16.41320", "2010-12-31": "13.14690", "2010-09-30": "17.13650", "2010-06-30": "15.77400", "2010-03-31": "19.19830", "2009-12-31": "12.13790", "2009-09-30": "17.30240", "2009-06-30": "17.12610", "2009-03-31": "16.69300", "2008-12-31": "11.76270", "2008-09-30": "16.21050", "2008-06-30": "15.85400", "2008-03-31": "16.72810", "2007-12-31": "12.84900", "2007-09-30": "16.37820", "2007-06-30": "17.18080", "2007-03-31": "16.84100", "2006-12-31": "13.35140", "2006-09-30": "17.25120", "2006-06-30": "16.62460", "2006-03-31": "17.34510", "2005-12-31": "14.36870", "2005-09-30": "17.75180", "2005-06-30": "18.26300", "2005-03-31": "18.18610"}, "EBIT Margin": {"2020-09-30": "11.98600", "2020-06-30": "14.60320", "2020-03-31": "13.45250", "2019-12-31": "11.16970", "2019-09-30": "7.79950", "2019-06-30": "11.47070", "2019-03-31": "10.81770", "2018-12-31": "9.82820", "2018-09-30": "11.41540", "2018-06-30": "14.10710", "2018-03-31": "14.99560", "2017-12-31": "12.21350", "2017-09-30": "10.25880", "2017-06-30": "12.12600", "2017-03-31": "8.62070", "2016-12-31": "6.10240", "2016-09-30": "12.59990", "2016-06-30": "13.73930", "2016-03-31": "12.90130", "2015-12-31": "-1.24120", "2015-09-30": "10.03300", "2015-06-30": "11.77820", "2015-03-31": "10.79870", "2014-12-31": "-12.00910", "2014-09-30": "10.03020", "2014-06-30": "12.67300", "2014-03-31": "16.40830", "2013-12-31": "35.98970", "2013-09-30": "13.56300", "2013-06-30": "15.34730", "2013-03-31": "13.02770", "2012-12-31": "0.08420", "2012-09-30": "13.79030", "2012-06-30": "14.93960", "2012-03-31": "15.31980", "2011-12-31": "-5.04150", "2011-09-30": "14.00970", "2011-06-30": "16.03660", "2011-03-31": "16.41320", "2010-12-31": "13.14690", "2010-09-30": "17.13650", "2010-06-30": "15.77400", "2010-03-31": "19.19830", "2009-12-31": "12.13790", "2009-09-30": "17.30240", "2009-06-30": "17.12610", "2009-03-31": "16.69300", "2008-12-31": "11.76270", "2008-09-30": "16.21050", "2008-06-30": "15.85400", "2008-03-31": "16.72810", "2007-12-31": "12.84900", "2007-09-30": "16.37820", "2007-06-30": "17.18080", "2007-03-31": "16.84100", "2006-12-31": "13.35140", "2006-09-30": "17.25120", "2006-06-30": "16.62460", "2006-03-31": "17.34510", "2005-12-31": "14.36870", "2005-09-30": "17.75180", "2005-06-30": "18.26300", "2005-03-31": "18.18610"}, "EBITDA Margin": {"2020-09-30": "", "2020-06-30": "", "2020-03-31": "", "2019-12-31": "", "2019-09-30": "", "2019-06-30": "", "2019-03-31": "", "2018-12-31": "", "2018-09-30": "", "2018-06-30": "", "2018-03-31": "", "2017-12-31": "", "2017-09-30": "", "2017-06-30": "", "2017-03-31": "", "2016-12-31": "", "2016-09-30": "", "2016-06-30": "", "2016-03-31": "", "2015-12-31": "", "2015-09-30": "", "2015-06-30": "", "2015-03-31": "", "2014-12-31": "", "2014-09-30": "", "2014-06-30": "", "2014-03-31": "", "2013-12-31": "", "2013-09-30": "", "2013-06-30": "", "2013-03-31": "", "2012-12-31": "", "2012-09-30": "", "2012-06-30": "", "2012-03-31": "", "2011-12-31": "", "2011-09-30": "", "2011-06-30": "", "2011-03-31": "", "2010-12-31": "", "2010-09-30": "", "2010-06-30": "", "2010-03-31": "", "2009-12-31": "", "2009-09-30": "", "2009-06-30": "", "2009-03-31": "", "2008-12-31": "", "2008-09-30": "", "2008-06-30": "", "2008-03-31": "", "2007-12-31": "", "2007-09-30": "", "2007-06-30": "", "2007-03-31": "", "2006-12-31": "", "2006-09-30": "", "2006-06-30": "", "2006-03-31": "", "2005-12-31": "", "2005-09-30": "", "2005-06-30": "", "2005-03-31": ""}, "Pre-Tax Profit Margin": {"2020-09-30": "12.19010", "2020-06-30": "13.47760", "2020-03-31": "13.07150", "2019-12-31": "7.38440", "2019-09-30": "10.11270", "2019-06-30": "10.60390", "2019-03-31": "10.19310", "2018-12-31": "-3.22580", "2018-09-30": "13.08740", "2018-06-30": "14.01790", "2018-03-31": "15.02500", "2017-12-31": "18.17900", "2017-09-30": "11.89160", "2017-06-30": "12.12600", "2017-03-31": "9.45200", "2016-12-31": "-0.88580", "2016-09-30": "10.90970", "2016-06-30": "11.78090", "2016-03-31": "6.50960", "2015-12-31": "-3.53280", "2015-09-30": "8.17060", "2015-06-30": "8.80500", "2015-03-31": "8.54890", "2014-12-31": "-13.63120", "2014-09-30": "8.57380", "2014-06-30": "11.39760", "2014-03-31": "15.28590", "2013-12-31": "34.67580", "2013-09-30": "12.16360", "2013-06-30": "13.57030", "2013-03-31": "11.29240", "2012-12-31": "-1.93660", "2012-09-30": "12.09680", "2012-06-30": "12.57920", "2012-03-31": "14.73840", "2011-12-31": "-6.86570", "2011-09-30": "11.98670", "2011-06-30": "14.44180", "2011-03-31": "14.49070", "2010-12-31": "10.76920", "2010-09-30": "15.20430", "2010-06-30": "14.01050", "2010-03-31": "17.26940", "2009-12-31": "8.10340", "2009-09-30": "15.01370", "2009-06-30": "15.32980", "2009-03-31": "14.57870", "2008-12-31": "8.86460", "2008-09-30": "14.41610", "2008-06-30": "13.31140", "2008-03-31": "13.87350", "2007-12-31": "9.48460", "2007-09-30": "13.84820", "2007-06-30": "14.66000", "2007-03-31": "14.27610", "2006-12-31": "10.33280", "2006-09-30": "14.66530", "2006-06-30": "13.99210", "2006-03-31": "14.77810", "2005-12-31": "11.33200", "2005-09-30": "14.94240", "2005-06-30": "14.96600", "2005-03-31": "14.55900"}, "Net Profit Margin": {"2020-09-30": "10.14870", "2020-06-30": "10.12990", "2020-03-31": "10.17000", "2019-12-31": "4.49890", "2019-09-30": "7.32500", "2019-06-30": "8.26350", "2019-03-31": "8.00680", "2018-12-31": "-2.53240", "2018-09-30": "10.95420", "2018-06-30": "17.73810", "2018-03-31": "13.05500", "2017-12-31": "13.09260", "2017-09-30": "8.87250", "2017-06-30": "8.91340", "2017-03-31": "8.18970", "2016-12-31": "-1.57480", "2016-09-30": "8.97360", "2016-06-30": "8.56790", "2016-03-31": "5.15460", "2015-12-31": "-1.30490", "2015-09-30": "6.15800", "2015-06-30": "6.37510", "2015-03-31": "6.38360", "2014-12-31": "-8.33810", "2014-09-30": "6.15550", "2014-06-30": "8.00540", "2014-03-31": "10.84980", "2013-12-31": "23.36480", "2013-09-30": "8.77290", "2013-06-30": "9.47770", "2013-03-31": "8.05490", "2012-12-31": "-0.89810", "2012-09-30": "8.54840", "2012-06-30": "9.32640", "2012-03-31": "10.20350", "2011-12-31": "-4.41130", "2011-09-30": "8.75600", "2011-06-30": "10.13000", "2011-03-31": "10.50220", "2010-12-31": "8.00700", "2010-09-30": "10.70640", "2010-06-30": "9.86280", "2010-03-31": "12.59800", "2009-12-31": "6.06900", "2009-09-30": "11.01620", "2009-06-30": "10.96320", "2009-03-31": "10.12940", "2008-12-31": "6.10300", "2008-09-30": "10.40150", "2008-06-30": "9.33290", "2008-03-31": "9.66850", "2007-12-31": "6.29920", "2007-09-30": "10.15310", "2007-06-30": "9.98340", "2007-03-31": "10.83360", "2006-12-31": "7.04330", "2006-09-30": "9.95400", "2006-06-30": "9.62860", "2006-03-31": "10.04770", "2005-12-31": "8.01970", "2005-09-30": "10.45590", "2005-06-30": "10.01080", "2005-03-31": "9.90160"}, "Asset Turnover": {"2020-09-30": "0.18120", "2020-06-30": "0.18680", "2020-03-31": "0.18710", "2019-12-31": "0.18350", "2019-09-30": "0.19270", "2019-06-30": "0.18540", "2019-03-31": "0.19070", "2018-12-31": "0.18660", "2018-09-30": "0.19150", "2018-06-30": "0.18770", "2018-03-31": "0.20360", "2017-12-31": "0.19480", "2017-09-30": "0.20750", "2017-06-30": "0.20440", "2017-03-31": "0.21050", "2016-12-31": "0.20170", "2016-09-30": "0.21240", "2016-06-30": "0.21240", "2016-03-31": "0.22190", "2015-12-31": "0.20600", "2015-09-30": "0.21450", "2015-06-30": "0.23380", "2015-03-31": "0.23380", "2014-12-31": "0.23190", "2014-09-30": "0.23070", "2014-06-30": "0.23300", "2014-03-31": "0.23790", "2013-12-31": "0.22630", "2013-09-30": "0.24420", "2013-06-30": "0.24640", "2013-03-31": "0.25360", "2012-12-31": "0.23490", "2012-09-30": "0.25040", "2012-06-30": "0.23730", "2012-03-31": "0.28350", "2011-12-31": "0.25240", "2011-09-30": "0.27010", "2011-06-30": "0.27400", "2011-03-31": "0.28590", "2010-12-31": "0.24140", "2010-09-30": "0.26930", "2010-06-30": "0.26900", "2010-03-31": "0.29130", "2009-12-31": "0.25890", "2009-09-30": "0.28450", "2009-06-30": "0.28670", "2009-03-31": "0.28880", "2008-12-31": "0.26800", "2008-09-30": "0.27310", "2008-06-30": "0.27870", "2008-03-31": "0.27300", "2007-12-31": "0.24520", "2007-09-30": "0.26650", "2007-06-30": "0.27110", "2007-03-31": "0.27730", "2006-12-31": "0.24120", "2006-09-30": "0.25460", "2006-06-30": "0.25450", "2006-03-31": "0.25280", "2005-12-31": "0.22640", "2005-09-30": "0.24500", "2005-06-30": "0.24560", "2005-03-31": "0.24530"}, "Inventory Turnover Ratio": {"2020-09-30": "1.76410", "2020-06-30": "1.84390", "2020-03-31": "1.90750", "2019-12-31": "1.74140", "2019-09-30": "1.97670", "2019-06-30": "1.84360", "2019-03-31": "1.83090", "2018-12-31": "1.67520", "2018-09-30": "1.73840", "2018-06-30": "1.66620", "2018-03-31": "1.77020", "2017-12-31": "1.67870", "2017-09-30": "1.73560", "2017-06-30": "1.62360", "2017-03-31": "1.74730", "2016-12-31": "1.60990", "2016-09-30": "1.63110", "2016-06-30": "1.64310", "2016-03-31": "1.79470", "2015-12-31": "1.74400", "2015-09-30": "1.73220", "2015-06-30": "1.86370", "2015-03-31": "1.92740", "2014-12-31": "2.07820", "2014-09-30": "1.94290", "2014-06-30": "1.74520", "2014-03-31": "1.75250", "2013-12-31": "1.37660", "2013-09-30": "1.72710", "2013-06-30": "1.75590", "2013-03-31": "1.92210", "2012-12-31": "1.74870", "2012-09-30": "1.76230", "2012-06-30": "1.64780", "2012-03-31": "1.82430", "2011-12-31": "1.76920", "2011-09-30": "1.93680", "2011-06-30": "1.91050", "2011-03-31": "2.11690", "2010-12-31": "1.53130", "2010-09-30": "1.87820", "2010-06-30": "1.98530", "2010-03-31": "2.31700", "2009-12-31": "1.81870", "2009-09-30": "2.12860", "2009-06-30": "2.19090", "2009-03-31": "2.27410", "2008-12-31": "1.98100", "2008-09-30": "2.07830", "2008-06-30": "2.01590", "2008-03-31": "2.12090", "2007-12-31": "1.72940", "2007-09-30": "1.99040", "2007-06-30": "2.00980", "2007-03-31": "2.18100", "2006-12-31": "1.77790", "2006-09-30": "2.05060", "2006-06-30": "2.13700", "2006-03-31": "2.16680", "2005-12-31": "1.88230", "2005-09-30": "2.12410", "2005-06-30": "2.04120", "2005-03-31": "2.23220"}, "Receiveable Turnover": {"2020-09-30": "2.10890", "2020-06-30": "2.04790", "2020-03-31": "1.95190", "2019-12-31": "2.04510", "2019-09-30": "2.05230", "2019-06-30": "2.10650", "2019-03-31": "2.15680", "2018-12-31": "2.41240", "2018-09-30": "2.15200", "2018-06-30": "2.19610", "2018-03-31": "2.12430", "2017-12-31": "2.29300", "2017-09-30": "2.14680", "2017-06-30": "2.22490", "2017-03-31": "2.21860", "2016-12-31": "2.47600", "2016-09-30": "2.13660", "2016-06-30": "2.21860", "2016-03-31": "2.25580", "2015-12-31": "2.33780", "2015-09-30": "2.28480", "2015-06-30": "2.46340", "2015-03-31": "2.36590", "2014-12-31": "2.75390", "2014-09-30": "2.32520", "2014-06-30": "2.38670", "2014-03-31": "2.33150", "2013-12-31": "2.45860", "2013-09-30": "2.52100", "2013-06-30": "2.45630", "2013-03-31": "2.43140", "2012-12-31": "2.45050", "2012-09-30": "2.63080", "2012-06-30": "2.44650", "2012-03-31": "2.63800", "2011-12-31": "2.53790", "2011-09-30": "2.54380", "2011-06-30": "2.48240", "2011-03-31": "2.54940", "2010-12-31": "2.40340", "2010-09-30": "2.60690", "2010-06-30": "2.67660", "2010-03-31": "2.58410", "2009-12-31": "2.65320", "2009-09-30": "2.61320", "2009-06-30": "2.71120", "2009-03-31": "2.70850", "2008-12-31": "2.66640", "2008-09-30": "2.64520", "2008-06-30": "2.60160", "2008-03-31": "2.39560", "2007-12-31": "2.76360", "2007-09-30": "2.59640", "2007-06-30": "2.69680", "2007-03-31": "2.58330", "2006-12-31": "2.73440", "2006-09-30": "2.62290", "2006-06-30": "2.62250", "2006-03-31": "2.65250", "2005-12-31": "2.72340", "2005-09-30": "2.55690", "2005-06-30": "2.75590", "2005-03-31": "2.70970"}, "Days Sales In Receivables": {"2020-09-30": "42.67720", "2020-06-30": "43.94810", "2020-03-31": "46.10790", "2019-12-31": "44.00870", "2019-09-30": "43.85230", "2019-06-30": "42.72460", "2019-03-31": "41.72910", "2018-12-31": "37.30780", "2018-09-30": "41.82190", "2018-06-30": "40.98210", "2018-03-31": "42.36700", "2017-12-31": "39.24960", "2017-09-30": "41.92240", "2017-06-30": "40.45040", "2017-03-31": "40.56650", "2016-12-31": "36.34840", "2016-09-30": "42.12350", "2016-06-30": "40.56610", "2016-03-31": "39.89690", "2015-12-31": "38.49780", "2015-09-30": "39.39020", "2015-06-30": "36.53520", "2015-03-31": "38.03990", "2014-12-31": "32.68070", "2014-09-30": "38.70570", "2014-06-30": "37.70960", "2014-03-31": "38.60240", "2013-12-31": "36.60670", "2013-09-30": "35.69970", "2013-06-30": "36.63970", "2013-03-31": "37.01630", "2012-12-31": "36.72750", "2012-09-30": "34.20970", "2012-06-30": "36.78760", "2012-03-31": "34.11630", "2011-12-31": "35.46270", "2011-09-30": "35.38040", "2011-06-30": "36.25520", "2011-03-31": "35.30270", "2010-12-31": "37.44760", "2010-09-30": "34.52330", "2010-06-30": "33.62510", "2010-03-31": "34.82820", "2009-12-31": "33.92070", "2009-09-30": "34.44000", "2009-06-30": "33.19600", "2009-03-31": "33.22820", "2008-12-31": "33.75380", "2008-09-30": "34.02370", "2008-06-30": "34.59470", "2008-03-31": "37.56910", "2007-12-31": "32.56620", "2007-09-30": "34.66380", "2007-06-30": "33.37310", "2007-03-31": "34.83970", "2006-12-31": "32.91410", "2006-09-30": "34.31350", "2006-06-30": "34.31880", "2006-03-31": "33.93070", "2005-12-31": "33.04750", "2005-09-30": "35.19860", "2005-06-30": "32.65770", "2005-03-31": "33.21420"}, "ROE - Return On Equity": {"2020-09-30": "9.81600", "2020-06-30": "10.39340", "2020-03-31": "10.89660", "2019-12-31": "4.58660", "2019-09-30": "7.54260", "2019-06-30": "9.09090", "2019-03-31": "9.20250", "2018-12-31": "-2.59580", "2018-09-30": "10.59470", "2018-06-30": "17.59690", "2018-03-31": "17.38450", "2017-12-31": "19.00640", "2017-09-30": "14.82240", "2017-06-30": "15.29730", "2017-03-31": "13.15530", "2016-12-31": "-2.44030", "2016-09-30": "13.27270", "2016-06-30": "14.00000", "2016-03-31": "8.57420", "2015-12-31": "-1.87090", "2015-09-30": "7.66930", "2015-06-30": "8.30220", "2015-03-31": "8.55960", "2014-12-31": "-10.27710", "2014-09-30": "6.53120", "2014-06-30": "7.73670", "2014-03-31": "11.36620", "2013-12-31": "22.70590", "2013-09-30": "11.25690", "2013-06-30": "13.44020", "2013-03-31": "10.94300", "2012-12-31": "-1.29820", "2012-09-30": "13.04350", "2012-06-30": "15.04880", "2012-03-31": "17.00580", "2011-12-31": "-7.39710", "2011-09-30": "12.69150", "2011-06-30": "13.85740", "2011-03-31": "15.84200", "2010-12-31": "10.44570", "2010-09-30": "15.19390", "2010-06-30": "12.62580", "2010-03-31": "17.08320", "2009-12-31": "7.73630", "2009-09-30": "17.73400", "2009-06-30": "17.90060", "2009-03-31": "19.63080", "2008-12-31": "12.23370", "2008-09-30": "13.02020", "2008-06-30": "12.46010", "2008-03-31": "14.10030", "2007-12-31": "6.92790", "2007-09-30": "12.16590", "2007-06-30": "12.53640", "2007-03-31": "14.10990", "2006-12-31": "8.79650", "2006-09-30": "11.39170", "2006-06-30": "12.30980", "2006-03-31": "14.25080", "2005-12-31": "8.40740", "2005-09-30": "10.31130", "2005-06-30": "10.45450", "2005-03-31": "11.11940"}, "Return On Tangible Equity": {"2020-09-30": "-7.50210", "2020-06-30": "-7.30200", "2020-03-31": "-6.91290", "2019-12-31": "-2.96700", "2019-09-30": "-4.83810", "2019-06-30": "-5.56610", "2019-03-31": "-4.51950", "2018-12-31": "1.31160", "2018-09-30": "-6.58980", "2018-06-30": "-9.88610", "2018-03-31": "-7.91440", "2017-12-31": "-7.00960", "2017-09-30": "-5.11180", "2017-06-30": "-4.96490", "2017-03-31": "-4.83280", "2016-12-31": "0.83790", "2016-09-30": "-5.77300", "2016-06-30": "-5.33840", "2016-03-31": "-3.34860", "2015-12-31": "0.78460", "2015-09-30": "-4.46040", "2015-06-30": "-4.85780", "2015-03-31": "-4.91020", "2014-12-31": "6.63650", "2014-09-30": "-5.76480", "2014-06-30": "-8.18760", "2014-03-31": "-10.55640", "2013-12-31": "-21.49040", "2013-09-30": "-7.21240", "2013-06-30": "-7.41520", "2013-03-31": "-6.81720", "2012-12-31": "0.64880", "2012-09-30": "-6.56750", "2012-06-30": "-6.37290", "2012-03-31": "-11.63020", "2011-12-31": "4.05610", "2011-09-30": "-10.38680", "2011-06-30": "-13.05840", "2011-03-31": "-13.12010", "2010-12-31": "-7.67920", "2010-09-30": "-11.68920", "2010-06-30": "-11.09880", "2010-03-31": "-15.66490", "2009-12-31": "-6.22790", "2009-09-30": "-11.71490", "2009-06-30": "-11.28880", "2009-03-31": "-9.20370", "2008-12-31": "-4.88610", "2008-09-30": "-13.73890", "2008-06-30": "-12.27380", "2008-03-31": "-11.19800", "2007-12-31": "-7.17510", "2007-09-30": "-12.96220", "2007-06-30": "-12.24080", "2007-03-31": "-12.37950", "2006-12-31": "-6.50230", "2006-09-30": "-11.61830", "2006-06-30": "-9.82700", "2006-03-31": "-9.22280", "2005-12-31": "8.40740", "2005-09-30": "-12.32480", "2005-06-30": "-10.75140", "2005-03-31": "-9.81010"}, "ROA - Return On Assets": {"2020-09-30": "1.86030", "2020-06-30": "1.90830", "2020-03-31": "1.91890", "2019-12-31": "0.86540", "2019-09-30": "1.41720", "2019-06-30": "1.56410", "2019-03-31": "1.54350", "2018-12-31": "-0.46120", "2018-09-30": "2.11440", "2018-06-30": "3.34620", "2018-03-31": "2.65840", "2017-12-31": "2.55030", "2017-09-30": "1.84130", "2017-06-30": "1.82170", "2017-03-31": "1.72430", "2016-12-31": "-0.31100", "2016-09-30": "1.90610", "2016-06-30": "1.81970", "2016-03-31": "1.14400", "2015-12-31": "-0.26230", "2015-09-30": "1.32100", "2015-06-30": "1.48380", "2015-03-31": "1.49260", "2014-12-31": "-1.93360", "2014-09-30": "1.42660", "2014-06-30": "1.86560", "2014-03-31": "2.58140", "2013-12-31": "5.29270", "2013-09-30": "2.14190", "2013-06-30": "2.33480", "2013-03-31": "2.04280", "2012-12-31": "-0.21100", "2012-09-30": "2.14080", "2012-06-30": "2.21310", "2012-03-31": "2.89270", "2011-12-31": "-1.11360", "2011-09-30": "2.36480", "2011-06-30": "2.76790", "2011-03-31": "2.99470", "2010-12-31": "1.89920", "2010-09-30": "2.87440", "2010-06-30": "2.64380", "2010-03-31": "3.66140", "2009-12-31": "1.57140", "2009-09-30": "3.12500", "2009-06-30": "3.13440", "2009-03-31": "2.90690", "2008-12-31": "1.62620", "2008-09-30": "2.83270", "2008-06-30": "2.60150", "2008-03-31": "2.64000", "2007-12-31": "1.53550", "2007-09-30": "2.70580", "2007-06-30": "2.70610", "2007-03-31": "3.00420", "2006-12-31": "1.69870", "2006-09-30": "2.53400", "2006-06-30": "2.45060", "2006-03-31": "2.53990", "2005-12-31": "1.81570", "2005-09-30": "2.56190", "2005-06-30": "2.45850", "2005-03-31": "2.42910"}, "ROI - Return On Investment": {"2020-09-30": "3.32510", "2020-06-30": "3.42530", "2020-03-31": "3.37350", "2019-12-31": "1.44640", "2019-09-30": "2.26050", "2019-06-30": "2.54490", "2019-03-31": "2.52660", "2018-12-31": "-0.72140", "2018-09-30": "3.10620", "2018-06-30": "4.93370", "2018-03-31": "4.25490", "2017-12-31": "4.15750", "2017-09-30": "3.14440", "2017-06-30": "3.15390", "2017-03-31": "3.04450", "2016-12-31": "-0.54500", "2016-09-30": "3.43690", "2016-06-30": "3.38290", "2016-03-31": "2.10920", "2015-12-31": "-0.53960", "2015-09-30": "2.41090", "2015-06-30": "2.61980", "2015-03-31": "2.46390", "2014-12-31": "-3.33490", "2014-09-30": "2.39160", "2014-06-30": "2.99740", "2014-03-31": "4.51860", "2013-12-31": "8.24190", "2013-09-30": "3.52660", "2013-06-30": "3.93030", "2013-03-31": "3.25350", "2012-12-31": "-0.37440", "2012-09-30": "3.73990", "2012-06-30": "3.95940", "2012-03-31": "5.55560", "2011-12-31": "-1.94590", "2011-09-30": "3.82330", "2011-06-30": "4.39810", "2011-03-31": "5.06310", "2010-12-31": "3.18610", "2010-09-30": "5.48230", "2010-06-30": "4.77850", "2010-03-31": "6.57830", "2009-12-31": "2.47540", "2009-09-30": "5.25320", "2009-06-30": "5.20650", "2009-03-31": "5.61130", "2008-12-31": "3.22290", "2008-09-30": "5.14560", "2008-06-30": "4.79120", "2008-03-31": "5.03840", "2007-12-31": "3.01930", "2007-09-30": "5.98630", "2007-06-30": "6.03330", "2007-03-31": "6.02590", "2006-12-31": "3.55330", "2006-09-30": "5.09070", "2006-06-30": "5.11250", "2006-03-31": "4.86070", "2005-12-31": "3.20730", "2005-09-30": "4.71070", "2005-06-30": "4.58630", "2005-03-31": "4.11950"}, "Book Value Per Share": {"2020-09-30": "10.42440", "2020-06-30": "9.93000", "2020-03-31": "9.36440", "2019-12-31": "9.69010", "2019-09-30": "9.64220", "2019-06-30": "9.41940", "2019-03-31": "9.08210", "2018-12-31": "9.18670", "2018-09-30": "10.41790", "2018-06-30": "9.80980", "2018-03-31": "7.36020", "2017-12-31": "6.34830", "2017-09-30": "5.63190", "2017-06-30": "5.34680", "2017-03-31": "5.77710", "2016-12-31": "5.48610", "2016-09-30": "6.28570", "2016-06-30": "5.73070", "2016-03-31": "5.83140", "2015-12-31": "6.10820", "2015-09-30": "7.55080", "2015-06-30": "7.57510", "2015-03-31": "7.51270", "2014-12-31": "8.00840", "2014-09-30": "9.70420", "2014-06-30": "10.59170", "2014-03-31": "9.94990", "2013-12-31": "9.94210", "2013-09-30": "8.00000", "2013-06-30": "7.23480", "2013-03-31": "7.76500", "2012-12-31": "6.82320", "2012-09-30": "6.81010", "2012-06-30": "6.01400", "2012-03-31": "5.76540", "2011-12-31": "5.03220", "2011-09-30": "6.38270", "2011-06-30": "6.83660", "2011-03-31": "6.36460", "2010-12-31": "5.89160", "2010-09-30": "6.02720", "2010-06-30": "6.30690", "2010-03-31": "6.42370", "2009-12-31": "5.96520", "2009-09-30": "5.35620", "2009-06-30": "5.14880", "2009-03-31": "4.25390", "2008-12-31": "3.81030", "2008-09-30": "6.86140", "2008-06-30": "6.59980", "2008-03-31": "5.89720", "2007-12-31": "6.47610", "2007-09-30": "6.36440", "2007-06-30": "6.06720", "2007-03-31": "5.72160", "2006-12-31": "5.20250", "2006-09-30": "6.19250", "2006-06-30": "5.46750", "2006-03-31": "4.88840", "2005-12-31": "5.63420", "2005-09-30": "6.42190", "2005-06-30": "5.99600", "2005-03-31": "5.56880"}, "Operating Cash Flow Per Share": {"2020-09-30": 1.7895, "2020-06-30": 1.6779, "2020-03-31": "1.13660", "2019-12-31": 0.7239, "2019-09-30": 1.1798, "2019-06-30": 1.3208, "2019-03-31": "0.20410", "2018-12-31": 1.7605, "2018-09-30": 1.3688, "2018-06-30": 0.6293, "2018-03-31": "0.65520", "2017-12-31": 0.6054, "2017-09-30": 0.2846, "2017-06-30": 0.3574, "2017-03-31": "-0.09600", "2016-12-31": 0.7062, "2016-09-30": 1.0537, "2016-06-30": 1.8164, "2016-03-31": "0.01410", "2015-12-31": 2.0281, "2015-09-30": 1.0853, "2015-06-30": 1.1884, "2015-03-31": "0.44820", "2014-12-31": 1.7112, "2014-09-30": 1.4628, "2014-06-30": 1.0663, "2014-03-31": "0.74030", "2013-12-31": 1.1348, "2013-09-30": 1.8949, "2013-06-30": 0.9975, "2013-03-31": "0.92350", "2012-12-31": 1.0532, "2012-09-30": 1.9359, "2012-06-30": 0.9471, "2012-03-31": "0.94710", "2011-12-31": 0.886, "2011-09-30": 1.7309, "2011-06-30": 0.9226, "2011-03-31": "0.84240", "2010-12-31": -0.203, "2010-09-30": 1.3254, "2010-06-30": 0.8933, "2010-03-31": "0.65100", "2009-12-31": 1.0755, "2009-09-30": 1.3859, "2009-06-30": 1.1775, "2009-03-31": "0.63970", "2008-12-31": 0.1971, "2008-09-30": 1.2901, "2008-06-30": 1.1662, "2008-03-31": "0.63750", "2007-12-31": 0.6171, "2007-09-30": 1.2701, "2007-06-30": 0.985, "2007-03-31": "0.88530", "2006-12-31": 0.745, "2006-09-30": 1.5155, "2006-06-30": 0.8565, "2006-03-31": "0.40800", "2005-12-31": 0.0245, "2005-09-30": 1.3104, "2005-06-30": 0.9093, "2005-03-31": "0.50340"}, "Free Cash Flow Per Share": {"2020-09-30": 1.4793, "2020-06-30": 1.3716, "2020-03-31": "0.81100", "2019-12-31": 0.2903, "2019-09-30": 0.767, "2019-06-30": 0.8902, "2019-03-31": "-0.22740", "2018-12-31": 1.2142, "2018-09-30": 1.0301, "2018-06-30": 0.2327, "2018-03-31": "0.27590", "2017-12-31": 0.2487, "2017-09-30": -0.0287, "2017-06-30": -0.0367, "2017-03-31": "-0.46330", "2016-12-31": 0.3362, "2016-09-30": 0.6949, "2016-06-30": 1.5186, "2016-03-31": "-0.39150", "2015-12-31": 1.5674, "2015-09-30": 0.7193, "2015-06-30": 0.8763, "2015-03-31": "0.03360", "2014-12-31": 1.0806, "2014-09-30": 1.101, "2014-06-30": 0.7099, "2014-03-31": "0.47240", "2013-12-31": 0.3868, "2013-09-30": 1.5462, "2013-06-30": 0.6277, "2013-03-31": "0.64480", "2012-12-31": 0.3025, "2012-09-30": 1.6379, "2012-06-30": 0.6908, "2012-03-31": "0.77160", "2011-12-31": 0.334, "2011-09-30": 1.3149, "2011-06-30": 0.5386, "2011-03-31": "0.56250", "2010-12-31": -0.7868, "2010-09-30": 1.038, "2010-06-30": 0.6667, "2010-03-31": "0.49480", "2009-12-31": 0.75, "2009-09-30": 1.15, "2009-06-30": 0.9478, "2009-03-31": "0.44910", "2008-12-31": -0.2607, "2008-09-30": 0.9929, "2008-06-30": 0.896, "2008-03-31": "0.46530", "2007-12-31": 0.169, "2007-09-30": 0.9895, "2007-06-30": 0.6983, "2007-03-31": "0.72070", "2006-12-31": 0.29, "2006-09-30": 1.2686, "2006-06-30": 0.6052, "2006-03-31": "0.25120", "2005-12-31": -0.3249, "2005-09-30": 1.0542, "2005-06-30": 0.7349, "2005-03-31": "0.40600"}}, "revenue": {"Kellogg Annual Revenue (Millions of US $)": {"2019": "$13,578", "2018": "$13,547", "2017": "$12,854", "2016": "$12,965", "2015": "$13,525", "2014": "$14,580", "2013": "$14,792", "2012": "$14,197", "2011": "$13,198", "2010": "$12,397", "2009": "$12,575", "2008": "$12,822", "2007": "$11,776", "2006": "$10,907", "2005": "$10,177"}, "Kellogg Quarterly Revenue (Millions of US $)": {"2020-09-30": "$3,429", "2020-06-30": "$3,465", "2020-03-31": "$3,412", "2019-12-31": "$3,223", "2019-09-30": "$3,372", "2019-06-30": "$3,461", "2019-03-31": "$3,522", "2018-12-31": "$3,317", "2018-09-30": "$3,469", "2018-06-30": "$3,360", "2018-03-31": "$3,401", "2017-12-31": "$3,185", "2017-09-30": "$3,246", "2017-06-30": "$3,175", "2017-03-31": "$3,248", "2016-12-31": "$3,048", "2016-09-30": "$3,254", "2016-06-30": "$3,268", "2016-03-31": "$3,395", "2015-12-31": "$3,142", "2015-09-30": "$3,329", "2015-06-30": "$3,498", "2015-03-31": "$3,556", "2014-12-31": "$3,514", "2014-09-30": "$3,639", "2014-06-30": "$3,685", "2014-03-31": "$3,742", "2013-12-31": "$3,501", "2013-09-30": "$3,716", "2013-06-30": "$3,714", "2013-03-31": "$3,861", "2012-12-31": "$3,563", "2012-09-30": "$3,720", "2012-06-30": "$3,474", "2012-03-31": "$3,440", "2011-12-31": "$3,015", "2011-09-30": "$3,312", "2011-06-30": "$3,386", "2011-03-31": "$3,485", "2010-12-31": "$2,860", "2010-09-30": "$3,157", "2010-06-30": "$3,062", "2010-03-31": "$3,318", "2009-12-31": "$2,900", "2009-09-30": "$3,277", "2009-06-30": "$3,229", "2009-03-31": "$3,169", "2008-12-31": "$2,933", "2008-09-30": "$3,288", "2008-06-30": "$3,343", "2008-03-31": "$3,258", "2007-12-31": "$2,794", "2007-09-30": "$3,004", "2007-06-30": "$3,015", "2007-03-31": "$2,963", "2006-12-31": "$2,584", "2006-09-30": "$2,823", "2006-06-30": "$2,773", "2006-03-31": "$2,727", "2005-12-31": "$2,394", "2005-09-30": "$2,623", "2005-06-30": "$2,587", "2005-03-31": "$2,572"}}, "gross-profit": {"Kellogg Annual Gross Profit (Millions of US $)": {"2019": "$4,381", "2018": "$4,726", "2017": "$4,699", "2016": "$4,834", "2015": "$4,681", "2014": "$5,063", "2013": "$6,103", "2012": "$5,434", "2011": "$5,152", "2010": "$5,342", "2009": "$5,391", "2008": "$5,367", "2007": "$5,179", "2006": "$4,825", "2005": "$4,565"}, "Kellogg Quarterly Gross Profit (Millions of US $)": {"2020-09-30": "$1,201", "2020-06-30": "$1,197", "2020-03-31": "$1,144", "2019-12-31": "$1,088", "2019-09-30": "$1,000", "2019-06-30": "$1,186", "2019-03-31": "$1,107", "2018-12-31": "$1,089", "2018-09-30": "$1,176", "2018-06-30": "$1,209", "2018-03-31": "$1,252", "2017-12-31": "$1,142", "2017-09-30": "$1,172", "2017-06-30": "$1,225", "2017-03-31": "$1,160", "2016-12-31": "$1,055", "2016-09-30": "$1,264", "2016-06-30": "$1,270", "2016-03-31": "$1,245", "2015-12-31": "$962", "2015-09-30": "$1,233", "2015-06-30": "$1,241", "2015-03-31": "$1,245", "2014-12-31": "$856", "2014-09-30": "$1,292", "2014-06-30": "$1,411", "2014-03-31": "$1,504", "2013-12-31": "$1,783", "2013-09-30": "$1,450", "2013-06-30": "$1,477", "2013-03-31": "$1,393", "2012-12-31": "$1,176", "2012-09-30": "$1,466", "2012-06-30": "$1,439", "2012-03-31": "$1,353", "2011-12-31": "$938", "2011-09-30": "$1,350", "2011-06-30": "$1,443", "2011-03-31": "$1,421", "2010-12-31": "$1,243", "2010-09-30": "$1,369", "2010-06-30": "$1,305", "2010-03-31": "$1,425", "2009-12-31": "$1,245", "2009-09-30": "$1,440", "2009-06-30": "$1,404", "2009-03-31": "$1,302", "2008-12-31": "$1,156", "2008-09-30": "$1,403", "2008-06-30": "$1,444", "2008-03-31": "$1,364", "2007-12-31": "$1,196", "2007-09-30": "$1,342", "2007-06-30": "$1,377", "2007-03-31": "$1,264", "2006-12-31": "$1,119", "2006-09-30": "$1,274", "2006-06-30": "$1,235", "2006-03-31": "$1,197", "2005-12-31": "$1,045", "2005-09-30": "$1,186", "2005-06-30": "$1,199", "2005-03-31": "$1,136"}}, "operating-income": {"Kellogg Annual Operating Income (Millions of US $)": {"2019": "$1,401", "2018": "$1,706", "2017": "$1,387", "2016": "$1,483", "2015": "$1,091", "2014": "$1,024", "2013": "$2,837", "2012": "$1,562", "2011": "$1,427", "2010": "$2,037", "2009": "$2,001", "2008": "$1,953", "2007": "$1,868", "2006": "$1,766", "2005": "$1,750"}, "Kellogg Quarterly Operating Income (Millions of US $)": {"2020-09-30": "$411", "2020-06-30": "$506", "2020-03-31": "$459", "2019-12-31": "$360", "2019-09-30": "$263", "2019-06-30": "$397", "2019-03-31": "$381", "2018-12-31": "$326", "2018-09-30": "$396", "2018-06-30": "$474", "2018-03-31": "$510", "2017-12-31": "$389", "2017-09-30": "$333", "2017-06-30": "$385", "2017-03-31": "$280", "2016-12-31": "$186", "2016-09-30": "$410", "2016-06-30": "$449", "2016-03-31": "$438", "2015-12-31": "$-39", "2015-09-30": "$334", "2015-06-30": "$412", "2015-03-31": "$384", "2014-12-31": "$-422", "2014-09-30": "$365", "2014-06-30": "$467", "2014-03-31": "$614", "2013-12-31": "$1,260", "2013-09-30": "$504", "2013-06-30": "$570", "2013-03-31": "$503", "2012-12-31": "$3", "2012-09-30": "$513", "2012-06-30": "$519", "2012-03-31": "$527", "2011-12-31": "$-152", "2011-09-30": "$464", "2011-06-30": "$543", "2011-03-31": "$572", "2010-12-31": "$376", "2010-09-30": "$541", "2010-06-30": "$483", "2010-03-31": "$637", "2009-12-31": "$352", "2009-09-30": "$567", "2009-06-30": "$553", "2009-03-31": "$529", "2008-12-31": "$345", "2008-09-30": "$533", "2008-06-30": "$530", "2008-03-31": "$545", "2007-12-31": "$359", "2007-09-30": "$492", "2007-06-30": "$518", "2007-03-31": "$499", "2006-12-31": "$345", "2006-09-30": "$487", "2006-06-30": "$461", "2006-03-31": "$473", "2005-12-31": "$344", "2005-09-30": "$466", "2005-06-30": "$473", "2005-03-31": "$468"}}, "ebitda": {"Kellogg Annual EBITDA (Millions of US $)": {"2019": "$1,885", "2018": "$2,222", "2017": "$1,868", "2016": "$2,000", "2015": "$1,625", "2014": "$1,527", "2013": "$3,369", "2012": "$2,010", "2011": "$1,796", "2010": "$2,429", "2009": "$2,385", "2008": "$2,328", "2007": "$2,240", "2006": "$2,119", "2005": "$2,142"}, "Kellogg Quarterly EBITDA (Millions of US $)": {"2020-09-30": "$532", "2020-06-30": "$623", "2020-03-31": "$576", "2019-12-31": "$484", "2019-09-30": "$380", "2019-06-30": "$516", "2019-03-31": "$505", "2018-12-31": "$468", "2018-09-30": "$536", "2018-06-30": "$586", "2018-03-31": "$632", "2017-12-31": "$504", "2017-09-30": "$459", "2017-06-30": "$504", "2017-03-31": "$401", "2016-12-31": "$346", "2016-09-30": "$516", "2016-06-30": "$585", "2016-03-31": "$553", "2015-12-31": "$108", "2015-09-30": "$452", "2015-06-30": "$550", "2015-03-31": "$515", "2014-12-31": "$-294", "2014-09-30": "$505", "2014-06-30": "$586", "2014-03-31": "$730", "2013-12-31": "$1,452", "2013-09-30": "$618", "2013-06-30": "$683", "2013-03-31": "$616", "2012-12-31": "$149", "2012-09-30": "$621", "2012-06-30": "$618", "2012-03-31": "$622", "2011-12-31": "$-53", "2011-09-30": "$559", "2011-06-30": "$629", "2011-03-31": "$661", "2010-12-31": "$503", "2010-09-30": "$628", "2010-06-30": "$574", "2010-03-31": "$724", "2009-12-31": "$454", "2009-09-30": "$660", "2009-06-30": "$658", "2009-03-31": "$613", "2008-12-31": "$446", "2008-09-30": "$625", "2008-06-30": "$618", "2008-03-31": "$639", "2007-12-31": "$456", "2007-09-30": "$582", "2007-06-30": "$616", "2007-03-31": "$586", "2006-12-31": "$440", "2006-09-30": "$572", "2006-06-30": "$553", "2006-03-31": "$554", "2005-12-31": "$444", "2005-09-30": "$563", "2005-06-30": "$566", "2005-03-31": "$569"}}, "net-income": {"Kellogg Annual Net Income (Millions of US $)": {"2019": "$960", "2018": "$1,336", "2017": "$1,254", "2016": "$699", "2015": "$614", "2014": "$632", "2013": "$1,807", "2012": "$961", "2011": "$866", "2010": "$1,287", "2009": "$1,212", "2008": "$1,148", "2007": "$1,103", "2006": "$1,004", "2005": "$980"}, "Kellogg Quarterly Net Income (Millions of US $)": {"2020-09-30": "$348", "2020-06-30": "$351", "2020-03-31": "$347", "2019-12-31": "$145", "2019-09-30": "$247", "2019-06-30": "$286", "2019-03-31": "$282", "2018-12-31": "$-84", "2018-09-30": "$380", "2018-06-30": "$596", "2018-03-31": "$444", "2017-12-31": "$417", "2017-09-30": "$288", "2017-06-30": "$283", "2017-03-31": "$266", "2016-12-31": "$-48", "2016-09-30": "$292", "2016-06-30": "$280", "2016-03-31": "$175", "2015-12-31": "$-41", "2015-09-30": "$205", "2015-06-30": "$223", "2015-03-31": "$227", "2014-12-31": "$-293", "2014-09-30": "$224", "2014-06-30": "$295", "2014-03-31": "$406", "2013-12-31": "$818", "2013-09-30": "$326", "2013-06-30": "$352", "2013-03-31": "$311", "2012-12-31": "$-32", "2012-09-30": "$318", "2012-06-30": "$324", "2012-03-31": "$351", "2011-12-31": "$-133", "2011-09-30": "$290", "2011-06-30": "$343", "2011-03-31": "$366", "2010-12-31": "$229", "2010-09-30": "$338", "2010-06-30": "$302", "2010-03-31": "$418", "2009-12-31": "$176", "2009-09-30": "$361", "2009-06-30": "$354", "2009-03-31": "$321", "2008-12-31": "$179", "2008-09-30": "$342", "2008-06-30": "$312", "2008-03-31": "$315", "2007-12-31": "$176", "2007-09-30": "$305", "2007-06-30": "$301", "2007-03-31": "$321", "2006-12-31": "$182", "2006-09-30": "$281", "2006-06-30": "$267", "2006-03-31": "$274", "2005-12-31": "$192", "2005-09-30": "$274", "2005-06-30": "$259", "2005-03-31": "$255"}}, "eps-earnings-per-share-diluted": {"Kellogg Annual EPS": {"2019": "$2.80", "2018": "$3.83", "2017": "$3.58", "2016": "$1.97", "2015": "$1.72", "2014": "$1.75", "2013": "$4.94", "2012": "$2.67", "2011": "$2.38", "2010": "$3.40", "2009": "$3.16", "2008": "$2.99", "2007": "$2.76", "2006": "$2.51", "2005": "$2.36"}, "Kellogg Quarterly EPS": {"2020-09-30": "$1.01", "2020-06-30": "$1.02", "2020-03-31": "$1.01", "2019-12-31": "$0.42", "2019-09-30": "$0.72", "2019-06-30": "$0.84", "2019-03-31": "$0.82", "2018-12-31": "$-0.24", "2018-09-30": "$1.09", "2018-06-30": "$1.71", "2018-03-31": "$1.27", "2017-12-31": "$1.20", "2017-09-30": "$0.83", "2017-06-30": "$0.80", "2017-03-31": "$0.75", "2016-12-31": "$-0.13", "2016-09-30": "$0.82", "2016-06-30": "$0.79", "2016-03-31": "$0.49", "2015-12-31": "$-0.13", "2015-09-30": "$0.58", "2015-06-30": "$0.63", "2015-03-31": "$0.64", "2014-12-31": "$-0.81", "2014-09-30": "$0.62", "2014-06-30": "$0.82", "2014-03-31": "$1.12", "2013-12-31": "$2.23", "2013-09-30": "$0.90", "2013-06-30": "$0.96", "2013-03-31": "$0.85", "2012-12-31": "$-0.10", "2012-09-30": "$0.89", "2012-06-30": "$0.90", "2012-03-31": "$0.98", "2011-12-31": "$-0.36", "2011-09-30": "$0.80", "2011-06-30": "$0.94", "2011-03-31": "$1.00", "2010-12-31": "$0.62", "2010-09-30": "$0.90", "2010-06-30": "$0.79", "2010-03-31": "$1.09", "2009-12-31": "$0.46", "2009-09-30": "$0.94", "2009-06-30": "$0.92", "2009-03-31": "$0.84", "2008-12-31": "$0.47", "2008-09-30": "$0.89", "2008-06-30": "$0.82", "2008-03-31": "$0.81", "2007-12-31": "$0.45", "2007-09-30": "$0.76", "2007-06-30": "$0.75", "2007-03-31": "$0.80", "2006-12-31": "$0.46", "2006-09-30": "$0.70", "2006-06-30": "$0.67", "2006-03-31": "$0.68", "2005-12-31": "$0.47", "2005-09-30": "$0.66", "2005-06-30": "$0.62", "2005-03-31": "$0.61"}}, "shares-outstanding": {"Kellogg Annual Shares Outstanding (Millions of Shares)": {"2019": "343", "2018": "348", "2017": "350", "2016": "354", "2015": "356", "2014": "360", "2013": "365", "2012": "360", "2011": "364", "2010": "378", "2009": "384", "2008": "385", "2007": "400", "2006": "400", "2005": "416"}, "Kellogg Quarterly Shares Outstanding (Millions of Shares)": {"2020-09-30": "346", "2020-06-30": "345", "2020-03-31": "344", "2019-12-31": "343", "2019-09-30": "342", "2019-06-30": "341", "2019-03-31": "343", "2018-12-31": "348", "2018-09-30": "349", "2018-06-30": "348", "2018-03-31": "348", "2017-12-31": "350", "2017-09-30": "348", "2017-06-30": "352", "2017-03-31": "354", "2016-12-31": "354", "2016-09-30": "354", "2016-06-30": "354", "2016-03-31": "355", "2015-12-31": "356", "2015-09-30": "356", "2015-06-30": "355", "2015-03-31": "357", "2014-12-31": "360", "2014-09-30": "360", "2014-06-30": "362", "2014-03-31": "362", "2013-12-31": "365", "2013-09-30": "364", "2013-06-30": "367", "2013-03-31": "366", "2012-12-31": "360", "2012-09-30": "359", "2012-06-30": "359", "2012-03-31": "359", "2011-12-31": "364", "2011-09-30": "363", "2011-06-30": "366", "2011-03-31": "368", "2010-12-31": "378", "2010-09-30": "376", "2010-06-30": "384", "2010-03-31": "384", "2009-12-31": "384", "2009-09-30": "384", "2009-06-30": "383", "2009-03-31": "383", "2008-12-31": "385", "2008-09-30": "384", "2008-06-30": "382", "2008-03-31": "389", "2007-12-31": "400", "2007-09-30": "399", "2007-06-30": "401", "2007-03-31": "401", "2006-12-31": "400", "2006-09-30": "400", "2006-06-30": "397", "2006-03-31": "402", "2005-12-31": "416", "2005-09-30": "417", "2005-06-30": "416", "2005-03-31": "417"}}, "total-assets": {"Kellogg Annual Total Assets (Millions of US $)": {"2019": "$17,564", "2018": "$17,780", "2017": "$16,351", "2016": "$15,111", "2015": "$15,251", "2014": "$15,153", "2013": "$15,474", "2012": "$15,169", "2011": "$11,943", "2010": "$11,847", "2009": "$11,200", "2008": "$10,946", "2007": "$11,397", "2006": "$10,714", "2005": "$10,575"}, "Kellogg Quarterly Total Assets (Millions of US $)": {"2020-09-30": "$18,922", "2020-06-30": "$18,551", "2020-03-31": "$18,240", "2019-12-31": "$17,564", "2019-09-30": "$17,499", "2019-06-30": "$18,669", "2019-03-31": "$18,465", "2018-12-31": "$17,780", "2018-09-30": "$18,114", "2018-06-30": "$17,901", "2018-03-31": "$16,702", "2017-12-31": "$16,351", "2017-09-30": "$15,641", "2017-06-30": "$15,535", "2017-03-31": "$15,427", "2016-12-31": "$15,111", "2016-09-30": "$15,319", "2016-06-30": "$15,387", "2016-03-31": "$15,297", "2015-12-31": "$15,251", "2015-09-30": "$15,518", "2015-06-30": "$14,962", "2015-03-31": "$15,208", "2014-12-31": "$15,153", "2014-09-30": "$15,772", "2014-06-30": "$15,813", "2014-03-31": "$15,728", "2013-12-31": "$15,474", "2013-09-30": "$15,220", "2013-06-30": "$15,076", "2013-03-31": "$15,224", "2012-12-31": "$15,169", "2012-09-30": "$14,854", "2012-06-30": "$14,640", "2012-03-31": "$12,134", "2011-12-31": "$11,943", "2011-09-30": "$12,263", "2011-06-30": "$12,356", "2011-03-31": "$12,188", "2010-12-31": "$11,847", "2010-09-30": "$11,724", "2010-06-30": "$11,385", "2010-03-31": "$11,389", "2009-12-31": "$11,200", "2009-09-30": "$11,520", "2009-06-30": "$11,262", "2009-03-31": "$10,974", "2008-12-31": "$10,946", "2008-09-30": "$12,038", "2008-06-30": "$11,993", "2008-03-31": "$11,932", "2007-12-31": "$11,397", "2007-09-30": "$11,272", "2007-06-30": "$11,123", "2007-03-31": "$10,685", "2006-12-31": "$10,714", "2006-09-30": "$11,089", "2006-06-30": "$10,895", "2006-03-31": "$10,788", "2005-12-31": "$10,575", "2005-09-30": "$10,707", "2005-06-30": "$10,535", "2005-03-31": "$10,486"}}, "cash-on-hand": {"Kellogg Annual Cash on Hand (Millions of US $)": {"2019": "$397", "2018": "$321", "2017": "$281", "2016": "$280", "2015": "$251", "2014": "$443", "2013": "$273", "2012": "$281", "2011": "$460", "2010": "$444", "2009": "$334", "2008": "$255", "2007": "$524", "2006": "$411", "2005": "$219"}, "Kellogg Quarterly Cash on Hand (Millions of US $)": {"2020-09-30": "$1,579", "2020-06-30": "$1,247", "2020-03-31": "$1,016", "2019-12-31": "$397", "2019-09-30": "$453", "2019-06-30": "$340", "2019-03-31": "$272", "2018-12-31": "$321", "2018-09-30": "$309", "2018-06-30": "$257", "2018-03-31": "$370", "2017-12-31": "$281", "2017-09-30": "$267", "2017-06-30": "$334", "2017-03-31": "$298", "2016-12-31": "$280", "2016-09-30": "$346", "2016-06-30": "$531", "2016-03-31": "$310", "2015-12-31": "$251", "2015-09-30": "$299", "2015-06-30": "$294", "2015-03-31": "$349", "2014-12-31": "$443", "2014-09-30": "$426", "2014-06-30": "$290", "2014-03-31": "$284", "2013-12-31": "$273", "2013-09-30": "$300", "2013-06-30": "$262", "2013-03-31": "$252", "2012-12-31": "$281", "2012-09-30": "$305", "2012-06-30": "$230", "2012-03-31": "$404", "2011-12-31": "$460", "2011-09-30": "$582", "2011-06-30": "$457", "2011-03-31": "$404", "2010-12-31": "$444", "2010-09-30": "$559", "2010-06-30": "$471", "2010-03-31": "$387", "2009-12-31": "$334", "2009-09-30": "$527", "2009-06-30": "$424", "2009-03-31": "$304", "2008-12-31": "$255", "2008-09-30": "$684", "2008-06-30": "$556", "2008-03-31": "$532", "2007-12-31": "$524", "2007-09-30": "$576", "2007-06-30": "$574", "2007-03-31": "$236", "2006-12-31": "$411", "2006-09-30": "$463", "2006-06-30": "$315", "2006-03-31": "$261", "2005-12-31": "$219", "2005-09-30": "$464", "2005-06-30": "$303", "2005-03-31": "$265"}}, "long-term-debt": {"Kellogg Annual Long Term Debt (Millions of US $)": {"2019": "$7,195", "2018": "$8,207", "2017": "$7,836", "2016": "$6,698", "2015": "$5,275", "2014": "$5,935", "2013": "$6,330", "2012": "$6,082", "2011": "$5,037", "2010": "$4,908", "2009": "$4,835", "2008": "$4,068", "2007": "$3,270", "2006": "$3,053", "2005": "$3,703"}, "Kellogg Quarterly Long Term Debt (Millions of US $)": {"2020-09-30": "$7,000", "2020-06-30": "$6,929", "2020-03-31": "$7,163", "2019-12-31": "$7,195", "2019-09-30": "$7,683", "2019-06-30": "$8,262", "2019-03-31": "$8,183", "2018-12-31": "$8,207", "2018-09-30": "$8,715", "2018-06-30": "$8,737", "2018-03-31": "$7,881", "2017-12-31": "$7,836", "2017-09-30": "$7,216", "2017-06-30": "$7,123", "2017-03-31": "$6,715", "2016-12-31": "$6,698", "2016-09-30": "$6,296", "2016-06-30": "$6,277", "2016-03-31": "$6,256", "2015-12-31": "$5,275", "2015-09-30": "$5,830", "2015-06-30": "$5,800", "2015-03-31": "$6,561", "2014-12-31": "$5,935", "2014-09-30": "$5,963", "2014-06-30": "$6,029", "2014-03-31": "$5,413", "2013-12-31": "$6,330", "2013-09-30": "$6,348", "2013-06-30": "$6,337", "2013-03-31": "$6,717", "2012-12-31": "$6,082", "2012-09-30": "$6,065", "2012-06-30": "$6,030", "2012-03-31": "$4,254", "2011-12-31": "$5,037", "2011-09-30": "$5,300", "2011-06-30": "$5,308", "2011-03-31": "$4,905", "2010-12-31": "$4,908", "2010-09-30": "$3,929", "2010-06-30": "$3,915", "2010-03-31": "$3,898", "2009-12-31": "$4,835", "2009-09-30": "$4,823", "2009-06-30": "$4,808", "2009-03-31": "$4,060", "2008-12-31": "$4,068", "2008-09-30": "$4,008", "2008-06-30": "$4,008", "2008-03-31": "$4,018", "2007-12-31": "$3,270", "2007-09-30": "$2,588", "2007-06-30": "$2,588", "2007-03-31": "$3,052", "2006-12-31": "$3,053", "2006-09-30": "$3,053", "2006-06-30": "$3,054", "2006-03-31": "$3,714", "2005-12-31": "$3,703", "2005-09-30": "$3,163", "2005-06-30": "$3,170", "2005-03-31": "$3,892"}}, "total-liabilities": {"Kellogg Annual Total Liabilities (Millions of US $)": {"2019": "$14,250", "2018": "$14,621", "2017": "$14,157", "2016": "$13,185", "2015": "$13,113", "2014": "$12,302", "2013": "$11,867", "2012": "$12,704", "2011": "$10,145", "2010": "$9,693", "2009": "$8,925", "2008": "$9,491", "2007": "$8,871", "2006": "$8,645", "2005": "$8,291"}, "Kellogg Quarterly Total Liabilities (Millions of US $)": {"2020-09-30": "$15,336", "2020-06-30": "$15,145", "2020-03-31": "$15,028", "2019-12-31": "$14,250", "2019-09-30": "$14,211", "2019-06-30": "$15,457", "2019-03-31": "$15,368", "2018-12-31": "$14,621", "2018-09-30": "$14,499", "2018-06-30": "$14,497", "2018-03-31": "$14,148", "2017-12-31": "$14,157", "2017-09-30": "$13,698", "2017-06-30": "$13,685", "2017-03-31": "$13,405", "2016-12-31": "$13,185", "2016-09-30": "$13,119", "2016-06-30": "$13,387", "2016-03-31": "$13,256", "2015-12-31": "$13,113", "2015-09-30": "$12,845", "2015-06-30": "$12,288", "2015-03-31": "$12,556", "2014-12-31": "$12,302", "2014-09-30": "$12,327", "2014-06-30": "$12,000", "2014-03-31": "$12,156", "2013-12-31": "$11,867", "2013-09-30": "$12,324", "2013-06-30": "$12,457", "2013-03-31": "$12,382", "2012-12-31": "$12,704", "2012-09-30": "$12,416", "2012-06-30": "$12,487", "2012-03-31": "$10,070", "2011-12-31": "$10,145", "2011-09-30": "$9,978", "2011-06-30": "$9,888", "2011-03-31": "$9,884", "2010-12-31": "$9,693", "2010-09-30": "$9,506", "2010-06-30": "$9,001", "2010-03-31": "$8,948", "2009-12-31": "$8,925", "2009-09-30": "$9,490", "2009-06-30": "$9,290", "2009-03-31": "$9,349", "2008-12-31": "$9,491", "2008-09-30": "$9,419", "2008-06-30": "$9,489", "2008-03-31": "$9,698", "2007-12-31": "$8,871", "2007-09-30": "$8,765", "2007-06-30": "$8,722", "2007-03-31": "$8,410", "2006-12-31": "$8,645", "2006-09-30": "$8,623", "2006-06-30": "$8,726", "2006-03-31": "$8,865", "2005-12-31": "$8,291", "2005-09-30": "$8,047", "2005-06-30": "$8,057", "2005-03-31": "$8,195"}}, "total-share-holder-equity": {"Kellogg Annual Share Holder Equity (Millions of US $)": {"2019": "$3,314", "2018": "$3,159", "2017": "$2,194", "2016": "$1,926", "2015": "$2,138", "2014": "$2,851", "2013": "$3,607", "2012": "$2,465", "2011": "$1,798", "2010": "$2,154", "2009": "$2,275", "2008": "$1,455", "2007": "$2,526", "2006": "$2,069", "2005": "$2,284"}, "Kellogg Quarterly Share Holder Equity (Millions of US $)": {"2020-09-30": "$3,586", "2020-06-30": "$3,406", "2020-03-31": "$3,212", "2019-12-31": "$3,314", "2019-09-30": "$3,288", "2019-06-30": "$3,212", "2019-03-31": "$3,097", "2018-12-31": "$3,159", "2018-09-30": "$3,615", "2018-06-30": "$3,404", "2018-03-31": "$2,554", "2017-12-31": "$2,194", "2017-09-30": "$1,943", "2017-06-30": "$1,850", "2017-03-31": "$2,022", "2016-12-31": "$1,926", "2016-09-30": "$2,200", "2016-06-30": "$2,000", "2016-03-31": "$2,041", "2015-12-31": "$2,138", "2015-09-30": "$2,673", "2015-06-30": "$2,674", "2015-03-31": "$2,652", "2014-12-31": "$2,851", "2014-09-30": "$3,445", "2014-06-30": "$3,813", "2014-03-31": "$3,572", "2013-12-31": "$3,607", "2013-09-30": "$2,896", "2013-06-30": "$2,619", "2013-03-31": "$2,842", "2012-12-31": "$2,465", "2012-09-30": "$2,438", "2012-06-30": "$2,153", "2012-03-31": "$2,064", "2011-12-31": "$1,798", "2011-09-30": "$2,285", "2011-06-30": "$2,468", "2011-03-31": "$2,304", "2010-12-31": "$2,154", "2010-09-30": "$2,218", "2010-06-30": "$2,384", "2010-03-31": "$2,441", "2009-12-31": "$2,275", "2009-09-30": "$2,030", "2009-06-30": "$1,972", "2009-03-31": "$1,625", "2008-12-31": "$1,455", "2008-09-30": "$2,619", "2008-06-30": "$2,504", "2008-03-31": "$2,234", "2007-12-31": "$2,526", "2007-09-30": "$2,507", "2007-06-30": "$2,401", "2007-03-31": "$2,275", "2006-12-31": "$2,069", "2006-09-30": "$2,467", "2006-06-30": "$2,169", "2006-03-31": "$1,923", "2005-12-31": "$2,284", "2005-09-30": "$2,660", "2005-06-30": "$2,477", "2005-03-31": "$2,291"}}, "profit-margins": {"current": "8.8%"}, "gross margin": {"2020-09-30": "34.22%", "2020-06-30": "32.88%", "2020-03-31": "32.80%", "2019-12-31": "32.27%", "2019-09-30": "32.05%", "2019-06-30": "33.10%", "2019-03-31": "33.52%", "2018-12-31": "34.89%", "2018-09-30": "35.62%", "2018-06-30": "36.20%", "2018-03-31": "36.83%", "2017-12-31": "36.56%", "2017-09-30": "36.27%", "2017-06-30": "36.97%", "2017-03-31": "37.05%", "2016-12-31": "37.28%", "2016-09-30": "36.30%", "2016-06-30": "35.86%", "2016-03-31": "35.03%", "2015-12-31": "34.61%", "2015-09-30": "32.92%", "2015-06-30": "32.62%", "2015-03-31": "33.38%", "2014-12-31": "34.73%", "2014-09-30": "41.12%", "2014-06-30": "41.98%", "2014-03-31": "42.35%", "2013-12-31": "41.26%", "2013-09-30": "37.00%", "2013-06-30": "37.10%", "2013-03-31": "37.45%", "2012-12-31": "38.28%", "2012-09-30": "38.07%", "2012-06-30": "38.37%", "2012-03-31": "38.65%", "2011-12-31": "39.04%", "2011-09-30": "41.84%", "2011-06-30": "42.49%", "2011-03-31": "42.49%", "2010-12-31": "43.09%", "2010-09-30": "42.97%", "2010-06-30": "43.12%", "2010-03-31": "43.34%", "2009-12-31": "42.87%", "2009-09-30": "42.05%", "2009-06-30": "41.72%", "2009-03-31": "41.66%", "2008-12-31": "41.86%", "2008-09-30": "42.63%", "2008-06-30": "43.12%", "2008-03-31": "43.73%", "2007-12-31": "43.98%", "2007-09-30": "44.11%", "2007-06-30": "44.22%", "2007-03-31": "43.90%", "2006-12-31": "44.24%", "2006-09-30": "44.33%", "2006-06-30": "44.34%", "2006-03-31": "44.79%", "2005-12-31": "44.87%"}, "operating margin": {"2020-09-30": "12.83%", "2020-06-30": "11.79%", "2020-03-31": "10.98%", "2019-12-31": "10.32%", "2019-09-30": "10.00%", "2019-06-30": "10.89%", "2019-03-31": "11.54%", "2018-12-31": "12.59%", "2018-09-30": "13.19%", "2018-06-30": "12.93%", "2018-03-31": "12.43%", "2017-12-31": "10.79%", "2017-09-30": "9.31%", "2017-06-30": "9.91%", "2017-03-31": "10.34%", "2016-12-31": "11.44%", "2016-09-30": "9.63%", "2016-06-30": "9.00%", "2016-03-31": "8.57%", "2015-12-31": "8.07%", "2015-09-30": "5.09%", "2015-06-30": "5.20%", "2015-03-31": "5.52%", "2014-12-31": "7.02%", "2014-09-30": "18.58%", "2014-06-30": "19.43%", "2014-03-31": "20.09%", "2013-12-31": "19.18%", "2013-09-30": "10.64%", "2013-06-30": "10.69%", "2013-03-31": "10.52%", "2012-12-31": "11.00%", "2012-09-30": "10.31%", "2012-06-30": "10.26%", "2012-03-31": "10.51%", "2011-12-31": "10.81%", "2011-09-30": "14.99%", "2011-06-30": "15.77%", "2011-03-31": "15.70%", "2010-12-31": "16.43%", "2010-09-30": "16.19%", "2010-06-30": "16.24%", "2010-03-31": "16.57%", "2009-12-31": "15.91%", "2009-09-30": "15.82%", "2009-06-30": "15.53%", "2009-03-31": "15.21%", "2008-12-31": "15.23%", "2008-09-30": "15.51%", "2008-06-30": "15.53%", "2008-03-31": "15.86%", "2007-12-31": "15.86%", "2007-09-30": "16.03%", "2007-06-30": "16.24%", "2007-03-31": "16.08%", "2006-12-31": "16.19%", "2006-09-30": "16.47%", "2006-06-30": "16.58%", "2006-03-31": "17.00%", "2005-12-31": "17.21%"}, "ebitda margin": {"2020-09-30": "16.37%", "2020-06-30": "15.31%", "2020-03-31": "14.52%", "2019-12-31": "13.88%", "2019-09-30": "13.67%", "2019-06-30": "14.71%", "2019-03-31": "15.33%", "2018-12-31": "16.40%", "2018-09-30": "16.83%", "2018-06-30": "16.53%", "2018-03-31": "16.14%", "2017-12-31": "14.53%", "2017-09-30": "13.45%", "2017-06-30": "13.89%", "2017-03-31": "14.42%", "2016-12-31": "15.43%", "2016-09-30": "13.49%", "2016-06-30": "12.93%", "2016-03-31": "12.44%", "2015-12-31": "12.01%", "2015-09-30": "8.80%", "2015-06-30": "8.98%", "2015-03-31": "9.11%", "2014-12-31": "10.47%", "2014-09-30": "22.47%", "2014-06-30": "23.12%", "2014-03-31": "23.74%", "2013-12-31": "22.78%", "2013-09-30": "13.91%", "2013-06-30": "13.93%", "2013-03-31": "13.71%", "2012-12-31": "14.16%", "2012-09-30": "13.25%", "2012-06-30": "13.19%", "2012-03-31": "13.36%", "2011-12-31": "13.61%", "2011-09-30": "18.03%", "2011-06-30": "18.78%", "2011-03-31": "18.83%", "2010-12-31": "19.59%", "2010-09-30": "19.14%", "2010-06-30": "19.21%", "2010-03-31": "19.62%", "2009-12-31": "18.97%", "2009-09-30": "18.85%", "2009-06-30": "18.56%", "2009-03-31": "18.08%", "2008-12-31": "18.16%", "2008-09-30": "18.43%", "2008-06-30": "18.51%", "2008-03-31": "19.00%", "2007-12-31": "19.02%", "2007-09-30": "19.23%", "2007-06-30": "19.45%", "2007-03-31": "19.30%", "2006-12-31": "19.43%", "2006-09-30": "19.81%", "2006-06-30": "20.10%", "2006-03-31": "20.59%", "2005-12-31": "21.05%"}, "pre tax profit margin": {"2020-09-30": "11.60%", "2020-06-30": "11.07%", "2020-03-31": "10.34%", "2019-12-31": "9.61%", "2019-09-30": "7.02%", "2019-06-30": "7.79%", "2019-03-31": "8.61%", "2018-12-31": "9.81%", "2018-09-30": "15.02%", "2018-06-30": "14.76%", "2018-03-31": "14.31%", "2017-12-31": "12.89%", "2017-09-30": "8.26%", "2017-06-30": "8.02%", "2017-03-31": "7.96%", "2016-12-31": "7.20%", "2016-09-30": "6.51%", "2016-06-30": "5.84%", "2016-03-31": "5.16%", "2015-12-31": "5.72%", "2015-09-30": "2.91%", "2015-06-30": "3.13%", "2015-03-31": "3.87%", "2014-12-31": "5.66%", "2014-09-30": "17.29%", "2014-06-30": "18.15%", "2014-03-31": "18.69%", "2013-12-31": "17.62%", "2013-09-30": "8.91%", "2013-06-30": "8.89%", "2013-03-31": "8.58%", "2012-12-31": "9.33%", "2012-09-30": "8.70%", "2012-06-30": "8.56%", "2012-03-31": "9.02%", "2011-12-31": "8.97%", "2011-09-30": "13.03%", "2011-06-30": "13.83%", "2011-03-31": "13.71%", "2010-12-31": "14.44%", "2010-09-30": "13.81%", "2010-06-30": "13.77%", "2010-03-31": "14.11%", "2009-12-31": "13.39%", "2009-09-30": "13.55%", "2009-06-30": "13.40%", "2009-03-31": "12.89%", "2008-12-31": "12.72%", "2008-09-30": "12.90%", "2008-06-30": "12.73%", "2008-03-31": "13.05%", "2007-12-31": "13.13%", "2007-09-30": "13.38%", "2007-06-30": "13.58%", "2007-03-31": "13.39%", "2006-12-31": "13.50%", "2006-09-30": "13.77%", "2006-06-30": "13.83%", "2006-03-31": "14.06%", "2005-12-31": "14.00%"}, "net profit margin": {"2020-09-30": "8.80%", "2020-06-30": "8.09%", "2020-03-31": "7.61%", "2019-12-31": "7.07%", "2019-09-30": "5.35%", "2019-06-30": "6.27%", "2019-03-31": "8.59%", "2018-12-31": "9.86%", "2018-09-30": "13.69%", "2018-06-30": "13.23%", "2018-03-31": "11.01%", "2017-12-31": "9.76%", "2017-09-30": "6.20%", "2017-06-30": "6.23%", "2017-03-31": "6.16%", "2016-12-31": "5.39%", "2016-09-30": "5.41%", "2016-06-30": "4.71%", "2016-03-31": "4.21%", "2015-12-31": "4.54%", "2015-09-30": "2.60%", "2015-06-30": "2.68%", "2015-03-31": "3.15%", "2014-12-31": "4.33%", "2014-09-30": "11.97%", "2014-06-30": "12.60%", "2014-03-31": "12.96%", "2013-12-31": "12.22%", "2013-09-30": "6.44%", "2013-06-30": "6.39%", "2013-03-31": "6.30%", "2012-12-31": "6.77%", "2012-09-30": "6.30%", "2012-06-30": "6.28%", "2012-03-31": "6.47%", "2011-12-31": "6.56%", "2011-09-30": "9.42%", "2011-06-30": "9.90%", "2011-03-31": "9.83%", "2010-12-31": "10.38%", "2010-09-30": "9.92%", "2010-06-30": "10.01%", "2010-03-31": "10.29%", "2009-12-31": "9.64%", "2009-09-30": "9.64%", "2009-06-30": "9.48%", "2009-03-31": "9.06%", "2008-12-31": "8.95%", "2008-09-30": "9.03%", "2008-06-30": "8.94%", "2008-03-31": "9.09%", "2007-12-31": "9.37%", "2007-09-30": "9.59%", "2007-06-30": "9.53%", "2007-03-31": "9.43%", "2006-12-31": "9.21%", "2006-09-30": "9.46%", "2006-06-30": "9.57%", "2006-03-31": "9.67%", "2005-12-31": "9.63%"}, "pe ratio": {"current": "14.33", "2021-02-05": "16.77", "2020-09-30": "18.50", "2020-06-30": "20.49", "2020-03-31": "19.56", "2019-12-31": "23.86", "2019-09-30": "28.80", "2019-06-30": "20.25", "2019-03-31": "15.94", "2018-12-31": "13.84", "2018-09-30": "12.17", "2018-06-30": "12.62", "2018-03-31": "14.20", "2017-12-31": "16.89", "2017-09-30": "24.84", "2017-06-30": "27.81", "2017-03-31": "29.00", "2016-12-31": "32.98", "2016-09-30": "33.90", "2016-06-30": "40.40", "2016-03-31": "41.43", "2015-12-31": "35.48", "2015-09-30": "54.48", "2015-06-30": "49.05", "2015-03-31": "43.47", "2014-12-31": "31.00", "2014-09-30": "10.50", "2014-06-30": "10.50", "2014-03-31": "9.69", "2013-12-31": "9.88", "2013-09-30": "17.81", "2013-06-30": "19.94", "2013-03-31": "20.85", "2012-12-31": "16.89", "2012-09-30": "12.07", "2012-06-30": "11.50", "2012-03-31": "12.03", "2011-12-31": "11.25", "2011-09-30": "12.20", "2011-06-30": "12.21", "2011-03-31": "12.38", "2010-12-31": "11.31", "2010-09-30": "11.26", "2010-06-30": "10.99", "2010-03-31": "11.15", "2009-12-31": "11.90", "2009-09-30": "10.90", "2009-06-30": "10.39", "2009-03-31": "8.38", "2008-12-31": "10.04", "2008-09-30": "12.87", "2008-06-30": "11.45", "2008-03-31": "12.77", "2007-12-31": "12.71", "2007-09-30": "13.45", "2007-06-30": "12.64", "2007-03-31": "12.87", "2006-12-31": "13.05"}, "price sales": {"2021-02-05": "1.48", "2020-09-30": "1.63", "2020-06-30": "1.66", "2020-03-31": "1.49", "2019-12-31": "1.68", "2019-09-30": "1.55", "2019-06-30": "1.27", "2019-03-31": "1.37", "2018-12-31": "1.36", "2018-09-30": "1.68", "2018-06-30": "1.69", "2018-03-31": "1.58", "2017-12-31": "1.67", "2017-09-30": "1.54", "2017-06-30": "1.71", "2017-03-31": "1.76", "2016-12-31": "1.76", "2016-09-30": "1.82", "2016-06-30": "1.90", "2016-03-31": "1.74", "2015-12-31": "1.62", "2015-09-30": "1.44", "2015-06-30": "1.32", "2015-03-31": "1.37", "2014-12-31": "1.34", "2014-09-30": "1.25", "2014-06-30": "1.32", "2014-03-31": "1.26", "2013-12-31": "1.21", "2013-09-30": "1.14", "2013-06-30": "1.24", "2013-03-31": "1.25", "2012-12-31": "1.10", "2012-09-30": "1.05", "2012-06-30": "1.03", "2012-03-31": "1.12", "2011-12-31": "1.05", "2011-09-30": "1.12", "2011-06-30": "1.18", "2011-03-31": "1.19", "2010-12-31": "1.14", "2010-09-30": "1.12", "2010-06-30": "1.10", "2010-03-31": "1.15", "2009-12-31": "1.15", "2009-09-30": "1.05", "2009-06-30": "0.99", "2009-03-31": "0.76", "2008-12-31": "0.90", "2008-09-30": "1.17", "2008-06-30": "1.02", "2008-03-31": "1.16", "2007-12-31": "1.19", "2007-09-30": "1.28", "2007-06-30": "1.20", "2007-03-31": "1.21", "2006-12-31": "1.20"}, "price book": {"current": "5.56", "2021-02-05": "5.57", "2020-09-30": "6.14", "2020-06-30": "6.54", "2020-03-31": "6.24", "2019-12-31": "6.89", "2019-09-30": "6.39", "2019-06-30": "5.40", "2019-03-31": "5.93", "2018-12-31": "5.77", "2018-09-30": "6.19", "2018-06-30": "6.51", "2018-03-31": "8.01", "2017-12-31": "9.63", "2017-09-30": "9.88", "2017-06-30": "11.50", "2017-03-31": "11.04", "2016-12-31": "11.72", "2016-09-30": "10.68", "2016-06-30": "12.27", "2016-03-31": "11.23", "2015-12-31": "10.05", "2015-09-30": "7.43", "2015-06-30": "6.93", "2015-03-31": "7.29", "2014-12-31": "6.74", "2014-09-30": "5.19", "2014-06-30": "5.04", "2014-03-31": "5.08", "2013-12-31": "4.92", "2013-09-30": "5.83", "2013-06-30": "7.00", "2013-03-31": "6.50", "2012-12-31": "6.36", "2012-09-30": "5.85", "2012-06-30": "6.27", "2012-03-31": "7.05", "2011-12-31": "7.56", "2011-09-30": "6.21", "2011-06-30": "5.98", "2011-03-31": "6.23", "2010-12-31": "6.32", "2010-09-30": "6.06", "2010-06-30": "5.72", "2010-03-31": "5.92", "2009-12-31": "6.30", "2009-09-30": "6.45", "2009-06-30": "6.30", "2009-03-31": "5.95", "2008-12-31": "7.88", "2008-09-30": "5.55", "2008-06-30": "4.91", "2008-03-31": "5.98", "2007-12-31": "5.40", "2007-09-30": "5.83", "2007-06-30": "5.63", "2007-03-31": "5.89", "2006-12-31": "6.27", "2006-09-30": "5.18", "2006-06-30": "5.71", "2006-03-31": "5.77"}, "price fcf": {"2021-02-05": "", "2020-09-30": "$3.95", "2020-06-30": "$3.24", "2020-03-31": "$2.76", "2019-12-31": "$1.72", "2019-09-30": "$2.64", "2019-06-30": "$2.91", "2019-03-31": "$2.25", "2018-12-31": "$2.75", "2018-09-30": "$1.79", "2018-06-30": "$0.73", "2018-03-31": "$0.46", "2017-12-31": "$-0.28", "2017-09-30": "$-0.19", "2017-06-30": "$0.53", "2017-03-31": "$2.09", "2016-12-31": "$2.16", "2016-09-30": "$3.39", "2016-06-30": "$3.41", "2016-03-31": "$2.77", "2015-12-31": "$3.20", "2015-09-30": "$2.71", "2015-06-30": "$3.09", "2015-03-31": "$2.93", "2014-12-31": "$3.36", "2014-09-30": "$2.67", "2014-06-30": "$3.12", "2014-03-31": "$3.03", "2013-12-31": "$3.21", "2013-09-30": "$3.12", "2013-06-30": "$3.21", "2013-03-31": "$3.28", "2012-12-31": "$3.40", "2012-09-30": "$3.43", "2012-06-30": "$3.11", "2012-03-31": "$2.96", "2011-12-31": "$2.75", "2011-09-30": "$1.63", "2011-06-30": "$1.35", "2011-03-31": "$1.48", "2010-12-31": "$1.41", "2010-09-30": "$2.95", "2010-06-30": "$3.06", "2010-03-31": "$3.34", "2009-12-31": "$3.30", "2009-09-30": "$2.29", "2009-06-30": "$2.13", "2009-03-31": "$2.08", "2008-12-31": "$2.09", "2008-09-30": "$2.52", "2008-06-30": "$2.52", "2008-03-31": "$2.32", "2007-12-31": "$2.58", "2007-09-30": "$2.70", "2007-06-30": "$2.98", "2007-03-31": "$2.88", "2006-12-31": "$2.42"}, "net worth": {"value": "$19.95B"}, "current ratio": {"current": "0.79", "2020-09-30": "0.79", "2020-06-30": "0.77", "2020-03-31": "0.77", "2019-12-31": "0.72", "2019-09-30": "0.80", "2019-06-30": "0.70", "2019-03-31": "0.68", "2018-12-31": "0.70", "2018-09-30": "0.84", "2018-06-30": "0.82", "2018-03-31": "0.74", "2017-12-31": "0.67", "2017-09-30": "0.68", "2017-06-30": "0.68", "2017-03-31": "0.67", "2016-12-31": "0.66", "2016-09-30": "0.66", "2016-06-30": "0.65", "2016-03-31": "0.62", "2015-12-31": "0.56", "2015-09-30": "0.66", "2015-06-30": "0.74", "2015-03-31": "0.86", "2014-12-31": "0.77", "2014-09-30": "0.77", "2014-06-30": "0.81", "2014-03-31": "0.69", "2013-12-31": "0.85", "2013-09-30": "0.90", "2013-06-30": "0.86", "2013-03-31": "0.97", "2012-12-31": "0.75", "2012-09-30": "0.73", "2012-06-30": "0.70", "2012-03-31": "0.80", "2011-12-31": "0.93", "2011-09-30": "1.03", "2011-06-30": "1.04", "2011-03-31": "0.89", "2010-12-31": "0.92", "2010-09-30": "0.80", "2010-06-30": "0.86", "2010-03-31": "0.85", "2009-12-31": "1.12", "2009-09-30": "1.06", "2009-06-30": "1.05", "2009-03-31": "0.75", "2008-12-31": "0.71", "2008-09-30": "0.82", "2008-06-30": "0.78", "2008-03-31": "0.75", "2007-12-31": "0.67", "2007-09-30": "0.64", "2007-06-30": "0.62", "2007-03-31": "0.65", "2006-12-31": "0.60", "2006-09-30": "0.64", "2006-06-30": "0.59", "2006-03-31": "0.65", "2005-12-31": "0.69", "2005-09-30": "0.72", "2005-06-30": "0.67", "2005-03-31": "0.77"}, "quick ratio": {"2020-09-30": "0.58", "2020-06-30": "0.56", "2020-03-31": "0.55", "2019-12-31": "0.46", "2019-09-30": "0.52", "2019-06-30": "0.46", "2019-03-31": "0.41", "2018-12-31": "0.40", "2018-09-30": "0.52", "2018-06-30": "0.50", "2018-03-31": "0.47", "2017-12-31": "0.40", "2017-09-30": "0.43", "2017-06-30": "0.42", "2017-03-31": "0.41", "2016-12-31": "0.38", "2016-09-30": "0.42", "2016-06-30": "0.42", "2016-03-31": "0.39", "2015-12-31": "0.35", "2015-09-30": "0.42", "2015-06-30": "0.47", "2015-03-31": "0.56", "2014-12-31": "0.47", "2014-09-30": "0.51", "2014-06-30": "0.51", "2014-03-31": "0.44", "2013-12-31": "0.53", "2013-09-30": "0.55", "2013-06-30": "0.54", "2013-03-31": "0.61", "2012-12-31": "0.45", "2012-09-30": "0.45", "2012-06-30": "0.43", "2012-03-31": "0.51", "2011-12-31": "0.57", "2011-09-30": "0.70", "2011-06-30": "0.70", "2011-03-31": "0.61", "2010-12-31": "0.58", "2010-09-30": "0.54", "2010-06-30": "0.58", "2010-03-31": "0.60", "2009-12-31": "0.72", "2009-09-30": "0.75", "2009-06-30": "0.73", "2009-03-31": "0.51", "2008-12-31": "0.46", "2008-09-30": "0.58", "2008-06-30": "0.54", "2008-03-31": "0.53", "2007-12-31": "0.44", "2007-09-30": "0.45", "2007-06-30": "0.44", "2007-03-31": "0.44", "2006-12-31": "0.40", "2006-09-30": "0.46", "2006-06-30": "0.42", "2006-03-31": "0.46", "2005-12-31": "0.47", "2005-09-30": "0.52", "2005-06-30": "0.46", "2005-03-31": "0.54"}, "debt equity ratio": {"current": "1.95", "2020-09-30": "4.28", "2020-06-30": "4.45", "2020-03-31": "4.68", "2019-12-31": "4.30", "2019-09-30": "4.32", "2019-06-30": "4.81", "2019-03-31": "4.96", "2018-12-31": "4.63", "2018-09-30": "4.01", "2018-06-30": "4.26", "2018-03-31": "5.54", "2017-12-31": "6.45", "2017-09-30": "7.05", "2017-06-30": "7.40", "2017-03-31": "6.63", "2016-12-31": "6.85", "2016-09-30": "5.96", "2016-06-30": "6.69", "2016-03-31": "6.50", "2015-12-31": "6.13", "2015-09-30": "4.81", "2015-06-30": "4.60", "2015-03-31": "4.74", "2014-12-31": "4.32", "2014-09-30": "3.58", "2014-06-30": "3.15", "2014-03-31": "3.40", "2013-12-31": "3.29", "2013-09-30": "4.26", "2013-06-30": "4.76", "2013-03-31": "4.36", "2012-12-31": "5.15", "2012-09-30": "5.09", "2012-06-30": "5.80", "2012-03-31": "4.88", "2011-12-31": "5.64", "2011-09-30": "4.37", "2011-06-30": "4.01", "2011-03-31": "4.29", "2010-12-31": "4.50", "2010-09-30": "4.29", "2010-06-30": "3.78", "2010-03-31": "3.67", "2009-12-31": "3.92", "2009-09-30": "4.68", "2009-06-30": "4.71", "2009-03-31": "5.75", "2008-12-31": "6.52", "2008-09-30": "3.60", "2008-06-30": "3.79", "2008-03-31": "4.34", "2007-12-31": "3.51", "2007-09-30": "3.50", "2007-06-30": "3.63", "2007-03-31": "3.70", "2006-12-31": "4.18", "2006-09-30": "3.50", "2006-06-30": "4.02", "2006-03-31": "4.61", "2005-12-31": "3.63", "2005-09-30": "3.03", "2005-06-30": "3.25", "2005-03-31": "3.58"}, "return on equity": {"2020-09-30": "35.24%", "2020-06-30": "32.98%", "2020-03-31": "31.48%", "2019-12-31": "29.74%", "2019-09-30": "22.92%", "2019-06-30": "26.42%", "2019-03-31": "35.37%", "2018-12-31": "41.97%", "2018-09-30": "62.45%", "2018-06-30": "69.14%", "2018-03-31": "67.06%", "2017-12-31": "62.63%", "2017-09-30": "40.77%", "2017-06-30": "39.66%", "2017-03-31": "38.78%", "2016-12-31": "34.24%", "2016-09-30": "33.70%", "2016-06-30": "27.97%", "2016-03-31": "23.60%", "2015-12-31": "24.23%", "2015-09-30": "13.35%", "2015-06-30": "13.11%", "2015-03-31": "14.20%", "2014-12-31": "18.48%", "2014-09-30": "48.29%", "2014-06-30": "53.14%", "2014-03-31": "59.93%", "2013-12-31": "60.41%", "2013-09-30": "35.37%", "2013-06-30": "36.63%", "2013-03-31": "37.22%", "2012-12-31": "42.15%", "2012-09-30": "40.70%", "2012-06-30": "40.10%", "2012-03-31": "39.51%", "2011-12-31": "39.12%", "2011-09-30": "53.33%", "2011-06-30": "55.82%", "2011-03-31": "54.53%", "2010-12-31": "55.97%", "2010-09-30": "52.97%", "2010-06-30": "55.07%", "2010-03-31": "60.06%", "2009-12-31": "61.35%", "2009-09-30": "68.62%", "2009-06-30": "62.36%", "2009-03-31": "56.27%", "2008-12-31": "52.11%", "2008-09-30": "46.34%", "2008-06-30": "45.36%", "2008-03-31": "45.39%", "2007-12-31": "45.44%", "2007-09-30": "47.95%", "2007-06-30": "47.11%", "2007-03-31": "46.82%", "2006-12-31": "46.55%", "2006-09-30": "45.87%", "2006-06-30": "44.58%", "2006-03-31": "42.77%", "2005-12-31": "40.36%"}, "return on assets": {"2020-09-30": "6.50%", "2020-06-30": "6.07%", "2020-03-31": "5.70%", "2019-12-31": "5.32%", "2019-09-30": "4.04%", "2019-06-30": "4.73%", "2019-03-31": "6.50%", "2018-12-31": "7.58%", "2018-09-30": "10.64%", "2018-06-30": "10.48%", "2018-03-31": "8.92%", "2017-12-31": "7.97%", "2017-09-30": "5.11%", "2017-06-30": "5.17%", "2017-03-31": "5.16%", "2016-12-31": "4.58%", "2016-09-30": "4.61%", "2016-06-30": "4.03%", "2016-03-31": "3.68%", "2015-12-31": "4.03%", "2015-09-30": "2.38%", "2015-06-30": "2.49%", "2015-03-31": "2.93%", "2014-12-31": "4.05%", "2014-09-30": "11.10%", "2014-06-30": "11.86%", "2014-03-31": "12.37%", "2013-12-31": "11.85%", "2013-09-30": "6.31%", "2013-06-30": "6.29%", "2013-03-31": "6.15%", "2012-12-31": "6.77%", "2012-09-30": "6.42%", "2012-06-30": "6.53%", "2012-03-31": "6.99%", "2011-12-31": "7.11%", "2011-09-30": "10.10%", "2011-06-30": "10.61%", "2011-03-31": "10.48%", "2010-12-31": "11.11%", "2010-09-30": "10.80%", "2010-06-30": "11.05%", "2010-03-31": "11.54%", "2009-12-31": "10.78%", "2009-09-30": "10.87%", "2009-06-30": "10.58%", "2009-03-31": "10.05%", "2008-12-31": "9.79%", "2008-09-30": "9.67%", "2008-06-30": "9.51%", "2008-03-31": "9.60%", "2007-12-31": "9.92%", "2007-09-30": "10.13%", "2007-06-30": "9.95%", "2007-03-31": "9.69%", "2006-12-31": "9.24%", "2006-09-30": "9.36%", "2006-06-30": "9.38%", "2006-03-31": "9.38%", "2005-12-31": "9.27%"}, "return on investments": {"2020-09-30": "16.61%", "2020-06-30": "15.06%", "2020-03-31": "13.65%", "2019-12-31": "12.67%", "2019-09-30": "12.13%", "2019-06-30": "12.92%", "2019-03-31": "13.39%", "2018-12-31": "14.75%", "2018-09-30": "15.75%", "2018-06-30": "16.34%", "2018-03-31": "16.76%", "2017-12-31": "15.04%", "2017-09-30": "13.34%", "2017-06-30": "14.48%", "2017-03-31": "15.53%", "2016-12-31": "17.61%", "2016-09-30": "15.49%", "2016-06-30": "14.55%", "2016-03-31": "14.01%", "2015-12-31": "12.99%", "2015-09-30": "8.10%", "2015-06-30": "8.24%", "2015-03-31": "8.53%", "2014-12-31": "11.06%", "2014-09-30": "28.36%", "2014-06-30": "29.94%", "2014-03-31": "31.77%", "2013-12-31": "30.10%", "2013-09-30": "17.41%", "2013-06-30": "17.87%", "2013-03-31": "17.68%", "2012-12-31": "19.80%", "2012-09-30": "18.86%", "2012-06-30": "18.78%", "2012-03-31": "19.39%", "2011-12-31": "19.41%", "2011-09-30": "26.39%", "2011-06-30": "28.83%", "2011-03-31": "29.52%", "2010-12-31": "31.52%", "2010-09-30": "31.09%", "2010-06-30": "30.66%", "2010-03-31": "31.15%", "2009-12-31": "30.29%", "2009-09-30": "32.11%", "2009-06-30": "31.85%", "2009-03-31": "31.82%", "2008-12-31": "31.36%", "2008-09-30": "31.24%", "2008-06-30": "32.57%", "2008-03-31": "34.59%", "2007-12-31": "35.23%", "2007-09-30": "36.12%", "2007-06-30": "35.29%", "2007-03-31": "33.82%", "2006-12-31": "32.85%", "2006-09-30": "31.57%", "2006-06-30": "30.77%", "2006-03-31": "30.42%", "2005-12-31": "29.63%"}, "return on tangible equity": {"2020-09-30": "-24.15%", "2020-06-30": "-21.63%", "2020-03-31": "-19.94%", "2019-12-31": "-17.61%", "2019-09-30": "-12.75%", "2019-06-30": "-14.63%", "2019-03-31": "-19.22%", "2018-12-31": "-22.52%", "2018-09-30": "-31.36%", "2018-06-30": "-30.02%", "2018-03-31": "-25.02%", "2017-12-31": "-22.01%", "2017-09-30": "-14.06%", "2017-06-30": "-14.50%", "2017-03-31": "-14.76%", "2016-12-31": "-13.23%", "2016-09-30": "-13.69%", "2016-06-30": "-12.28%", "2016-03-31": "-11.53%", "2015-12-31": "-13.00%", "2015-09-30": "-7.95%", "2015-06-30": "-8.70%", "2015-03-31": "-10.95%", "2014-12-31": "-16.03%", "2014-09-30": "-45.98%", "2014-06-30": "-46.77%", "2014-03-31": "-44.95%", "2013-12-31": "-40.98%", "2013-09-30": "-20.40%", "2013-06-30": "-19.89%", "2013-03-31": "-18.97%", "2012-12-31": "-21.50%", "2012-09-30": "-21.20%", "2012-06-30": "-23.48%", "2012-03-31": "-29.07%", "2011-12-31": "-30.20%", "2011-09-30": "-44.16%", "2011-06-30": "-45.51%", "2011-03-31": "-43.69%", "2010-12-31": "-46.02%", "2010-09-30": "-44.54%", "2010-06-30": "-44.60%", "2010-03-31": "-44.80%", "2009-12-31": "-38.81%", "2009-09-30": "-36.52%", "2009-06-30": "-37.62%", "2009-03-31": "-38.05%", "2008-12-31": "-40.00%", "2008-09-30": "-44.57%", "2008-06-30": "-43.68%", "2008-03-31": "-43.60%", "2007-12-31": "-44.82%", "2007-09-30": "-43.47%", "2007-06-30": "-42.26%", "2007-03-31": "-39.93%", "2006-12-31": "-36.82%", "2006-09-30": "-69.65%", "2006-06-30": "-71.55%", "2006-03-31": "-75.08%", "2005-12-31": "-79.24%"}, "dividend yield history": {"last payout": "$2.28", "last yield": "3.93%"}}