{"ticker": "KEY", "price": {"title": "KeyCorp Historical Annual Stock Price Data", "value": 18.83, "historical": {"2021": {"Average Stock Price": "18.0836", "Year Open": "16.2900", "Year High": "18.9600", "Year Low": "16.2900", "Year Close": "18.8300", "Annual % Change": "14.75%"}, "2020": {"Average Stock Price": "13.7391", "Year Open": "20.2600", "Year High": "20.2600", "Year Low": "8.1600", "Year Close": "16.4100", "Annual % Change": "-18.92%"}, "2019": {"Average Stock Price": "17.4493", "Year Open": "15.0200", "Year High": "20.4000", "Year Low": "14.9700", "Year Close": "20.2400", "Annual % Change": "36.94%"}, "2018": {"Average Stock Price": "19.8136", "Year Open": "20.1700", "Year High": "22.1500", "Year Low": "13.8200", "Year Close": "14.7800", "Annual % Change": "-26.72%"}, "2017": {"Average Stock Price": "18.3364", "Year Open": "18.2600", "Year High": "20.4400", "Year Low": "16.4700", "Year Close": "20.1700", "Annual % Change": "10.40%"}, "2016": {"Average Stock Price": "12.7144", "Year Open": "12.9600", "Year High": "18.5400", "Year Low": "10.0000", "Year Close": "18.2700", "Annual % Change": "38.51%"}, "2015": {"Average Stock Price": "13.9462", "Year Open": "13.8600", "Year High": "15.6500", "Year Low": "12.1600", "Year Close": "13.1900", "Annual % Change": "-5.11%"}, "2014": {"Average Stock Price": "13.5487", "Year Open": "13.2900", "Year High": "14.5100", "Year Low": "12.1400", "Year Close": "13.9000", "Annual % Change": "3.58%"}, "2013": {"Average Stock Price": "11.1156", "Year Open": "8.7800", "Year High": "13.4600", "Year Low": "8.7800", "Year Close": "13.4200", "Annual % Change": "59.38%"}, "2012": {"Average Stock Price": "8.1226", "Year Open": "7.7700", "Year High": "9.0400", "Year Low": "6.8900", "Year Close": "8.4200", "Annual % Change": "9.49%"}, "2011": {"Average Stock Price": "7.8740", "Year Open": "9.0600", "Year High": "9.7100", "Year Low": "5.7100", "Year Close": "7.6900", "Annual % Change": "-13.11%"}, "2010": {"Average Stock Price": "7.9003", "Year Open": "5.9400", "Year High": "9.1900", "Year Low": "5.9400", "Year Close": "8.8500", "Annual % Change": "59.46%"}, "2009": {"Average Stock Price": "6.3849", "Year Open": "8.8700", "Year High": "9.2300", "Year Low": "4.6000", "Year Close": "5.5500", "Annual % Change": "-34.86%"}, "2008": {"Average Stock Price": "16.1260", "Year Open": "22.8000", "Year High": "26.4200", "Year Low": "6.2700", "Year Close": "8.5200", "Annual % Change": "-63.67%"}, "2007": {"Average Stock Price": "33.8298", "Year Open": "38.0300", "Year High": "39.7900", "Year Low": "21.9100", "Year Close": "23.4500", "Annual % Change": "-38.34%"}, "2006": {"Average Stock Price": "36.5296", "Year Open": "33.6700", "Year High": "38.6000", "Year Low": "33.1300", "Year Close": "38.0300", "Annual % Change": "15.49%"}, "2005": {"Average Stock Price": "32.9594", "Year Open": "33.4400", "Year High": "34.8300", "Year Low": "30.8100", "Year Close": "32.9300", "Annual % Change": "-2.86%"}, "2004": {"Average Stock Price": "31.2376", "Year Open": "29.0300", "Year High": "34.4600", "Year Low": "28.4300", "Year Close": "33.9000", "Annual % Change": "15.62%"}, "2003": {"Average Stock Price": "25.8854", "Year Open": "25.9200", "Year High": "29.3200", "Year Low": "22.5200", "Year Close": "29.3200", "Annual % Change": "16.63%"}, "2002": {"Average Stock Price": "25.7546", "Year Open": "24.5000", "Year High": "29.0000", "Year Low": "21.3000", "Year Close": "25.1400", "Annual % Change": "3.29%"}, "2001": {"Average Stock Price": "24.8510", "Year Open": "27.1300", "Year High": "28.4400", "Year Low": "20.7500", "Year Close": "24.3400", "Annual % Change": "-13.07%"}, "2000": {"Average Stock Price": "20.8909", "Year Open": "20.7500", "Year High": "28.2500", "Year Low": "15.6900", "Year Close": "28.0000", "Annual % Change": "26.53%"}, "1999": {"Average Stock Price": "29.8754", "Year Open": "31.7500", "Year High": "36.9400", "Year Low": "21.1900", "Year Close": "22.1300", "Annual % Change": "-30.84%"}, "1998": {"Average Stock Price": "33.9860", "Year Open": "35.1550", "Year High": "43.1300", "Year Low": "24.9400", "Year Close": "32.0000", "Annual % Change": "-9.62%"}, "1997": {"Average Stock Price": "29.1805", "Year Open": "24.9400", "Year High": "36.4400", "Year Low": "24.1900", "Year Close": "35.4050", "Annual % Change": "40.22%"}, "1996": {"Average Stock Price": "20.4770", "Year Open": "18.1250", "Year High": "26.5600", "Year Low": "16.8100", "Year Close": "25.2500", "Annual % Change": "39.31%"}, "1995": {"Average Stock Price": "15.5562", "Year Open": "12.5000", "Year High": "18.6250", "Year Low": "12.5000", "Year Close": "18.1250", "Annual % Change": "45.70%"}, "1994": {"Average Stock Price": "15.6789", "Year Open": "17.5650", "Year High": "19.0000", "Year Low": "12.0000", "Year Close": "12.4400", "Annual % Change": "-29.68%"}, "1993": {"Average Stock Price": "17.3125", "Year Open": "9.6875", "Year High": "22.5000", "Year Low": "9.3450", "Year Close": "17.6900", "Annual % Change": "83.22%"}, "1992": {"Average Stock Price": "9.2337", "Year Open": "10.8450", "Year High": "12.5000", "Year Low": "7.4375", "Year Close": "9.6550", "Annual % Change": "-13.21%"}, "1991": {"Average Stock Price": "8.6183", "Year Open": "5.7825", "Year High": "11.1250", "Year Low": "5.2500", "Year Close": "11.1250", "Annual % Change": "91.40%"}, "1990": {"Average Stock Price": "6.0085", "Year Open": "6.5000", "Year High": "7.1575", "Year Low": "4.3125", "Year Close": "5.8125", "Annual % Change": "-11.87%"}, "1989": {"Average Stock Price": "6.3842", "Year Open": "5.0000", "Year High": "7.3750", "Year Low": "4.9700", "Year Close": "6.5950", "Annual % Change": "32.70%"}, "1988": {"Average Stock Price": "5.2645", "Year Open": "5.4700", "Year High": "5.7175", "Year Low": "4.9075", "Year Close": "4.9700", "Annual % Change": "-6.45%"}}}, "market cap": {"value": "$18.49B"}, "income statement": {"Revenue": {"2020-12-31": "7337.00000", "2019-12-31": "7694.00000", "2018-12-31": "7393.00000", "2017-12-31": "6868.00000", "2016-12-31": "5390.00000", "2015-12-31": "4502.00000", "2014-12-31": "4351.00000", "2013-12-31": "4386.00000", "2012-12-31": "4561.00000", "2011-12-31": "4577.00000", "2010-12-31": "5362.00000", "2009-12-31": "5830.00000", "2008-12-31": "6200.00000", "2007-12-31": "7577.00000", "2006-12-31": "7507.00000", "2005-12-31": "6450.00000"}, "Cost Of Goods Sold": {"2020-12-31": "651.00000", "2019-12-31": "1326.00000", "2018-12-31": "969.00000", "2017-12-31": "613.00000", "2016-12-31": "400.00000", "2015-12-31": "274.00000", "2014-12-31": "261.00000", "2013-12-31": "295.00000", "2012-12-31": "441.00000", "2011-12-31": "622.00000", "2010-12-31": "897.00000", "2009-12-31": "1415.00000", "2008-12-31": "2037.00000", "2007-12-31": "2650.00000", "2006-12-31": "2565.00000", "2005-12-31": "1727.00000"}, "Gross Profit": {"2020-12-31": "6686.00000", "2019-12-31": "6368.00000", "2018-12-31": "6424.00000", "2017-12-31": "6255.00000", "2016-12-31": "4990.00000", "2015-12-31": "4228.00000", "2014-12-31": "4090.00000", "2013-12-31": "4091.00000", "2012-12-31": "4120.00000", "2011-12-31": "3955.00000", "2010-12-31": "4465.00000", "2009-12-31": "4415.00000", "2008-12-31": "4163.00000", "2007-12-31": "4927.00000", "2006-12-31": "4942.00000", "2005-12-31": "4723.00000"}, "Research And Development Expenses": {"2020-12-31": "", "2019-12-31": "", "2018-12-31": "", "2017-12-31": "", "2016-12-31": "", "2015-12-31": "", "2014-12-31": "", "2013-12-31": "", "2012-12-31": "", "2011-12-31": "", "2010-12-31": "", "2009-12-31": "", "2008-12-31": "", "2007-12-31": "", "2006-12-31": "", "2005-12-31": ""}, "SG&A Expenses": {"2020-12-31": "5065.00000", "2019-12-31": "4257.00000", "2018-12-31": "4122.00000", "2017-12-31": "4232.00000", "2016-12-31": "3967.00000", "2015-12-31": "2970.00000", "2014-12-31": "2779.00000", "2013-12-31": "2906.00000", "2012-12-31": "3040.00000", "2011-12-31": "2648.00000", "2010-12-31": "3706.00000", "2009-12-31": "6405.00000", "2008-12-31": "4570.00000", "2007-12-31": "3649.00000", "2006-12-31": "3299.00000", "2005-12-31": "3197.00000"}, "Other Operating Income Or Expenses": {"2020-12-31": "", "2019-12-31": "", "2018-12-31": "", "2017-12-31": "", "2016-12-31": "", "2015-12-31": "", "2014-12-31": "", "2013-12-31": "", "2012-12-31": "", "2011-12-31": "", "2010-12-31": "", "2009-12-31": "", "2008-12-31": "", "2007-12-31": "", "2006-12-31": "", "2005-12-31": ""}, "Operating Expenses": {"2020-12-31": "5781.00000", "2019-12-31": "5672.00000", "2018-12-31": "5190.00000", "2017-12-31": "4940.00000", "2016-12-31": "4422.00000", "2015-12-31": "3280.00000", "2014-12-31": "3079.00000", "2013-12-31": "3245.00000", "2012-12-31": "3481.00000", "2011-12-31": "3274.00000", "2010-12-31": "4617.00000", "2009-12-31": "7820.00000", "2008-12-31": "6607.00000", "2007-12-31": "6299.00000", "2006-12-31": "5864.00000", "2005-12-31": "4924.00000"}, "Operating Income": {"2020-12-31": "1556.00000", "2019-12-31": "2022.00000", "2018-12-31": "2203.00000", "2017-12-31": "1928.00000", "2016-12-31": "968.00000", "2015-12-31": "1222.00000", "2014-12-31": "1272.00000", "2013-12-31": "1141.00000", "2012-12-31": "1080.00000", "2011-12-31": "1303.00000", "2010-12-31": "745.00000", "2009-12-31": "-1990.00000", "2008-12-31": "-407.00000", "2007-12-31": "1278.00000", "2006-12-31": "1643.00000", "2005-12-31": "1526.00000"}, "Total Non-Operating Income/Expense": {"2020-12-31": "", "2019-12-31": "", "2018-12-31": "", "2017-12-31": "", "2016-12-31": "", "2015-12-31": "", "2014-12-31": "", "2013-12-31": "", "2012-12-31": "-7.00000", "2011-12-31": "28.00000", "2010-12-31": "48.00000", "2009-12-31": "-308.00000", "2008-12-31": "-443.00000", "2007-12-31": "-34.00000", "2006-12-31": "", "2005-12-31": ""}, "Pre-Tax Income": {"2020-12-31": "1556.00000", "2019-12-31": "2022.00000", "2018-12-31": "2203.00000", "2017-12-31": "1928.00000", "2016-12-31": "968.00000", "2015-12-31": "1222.00000", "2014-12-31": "1272.00000", "2013-12-31": "1141.00000", "2012-12-31": "1073.00000", "2011-12-31": "1331.00000", "2010-12-31": "793.00000", "2009-12-31": "-2298.00000", "2008-12-31": "-850.00000", "2007-12-31": "1244.00000", "2006-12-31": "1643.00000", "2005-12-31": "1526.00000"}, "Income Taxes": {"2020-12-31": "227.00000", "2019-12-31": "314.00000", "2018-12-31": "344.00000", "2017-12-31": "637.00000", "2016-12-31": "179.00000", "2015-12-31": "303.00000", "2014-12-31": "326.00000", "2013-12-31": "271.00000", "2012-12-31": "231.00000", "2011-12-31": "364.00000", "2010-12-31": "186.00000", "2009-12-31": "-1035.00000", "2008-12-31": "437.00000", "2007-12-31": "277.00000", "2006-12-31": "450.00000", "2005-12-31": "436.00000"}, "Income After Taxes": {"2020-12-31": "1329.00000", "2019-12-31": "1708.00000", "2018-12-31": "1859.00000", "2017-12-31": "1291.00000", "2016-12-31": "789.00000", "2015-12-31": "919.00000", "2014-12-31": "946.00000", "2013-12-31": "870.00000", "2012-12-31": "842.00000", "2011-12-31": "967.00000", "2010-12-31": "607.00000", "2009-12-31": "-1263.00000", "2008-12-31": "-1287.00000", "2007-12-31": "967.00000", "2006-12-31": "1193.00000", "2005-12-31": "1090.00000"}, "Other Income": {"2020-12-31": "", "2019-12-31": "", "2018-12-31": "", "2017-12-31": "", "2016-12-31": "", "2015-12-31": "", "2014-12-31": "", "2013-12-31": "", "2012-12-31": "", "2011-12-31": "", "2010-12-31": "", "2009-12-31": "", "2008-12-31": "", "2007-12-31": "", "2006-12-31": "", "2005-12-31": ""}, "Income From Continuous Operations": {"2020-12-31": "1329.00000", "2019-12-31": "1708.00000", "2018-12-31": "1859.00000", "2017-12-31": "1291.00000", "2016-12-31": "789.00000", "2015-12-31": "919.00000", "2014-12-31": "946.00000", "2013-12-31": "870.00000", "2012-12-31": "842.00000", "2011-12-31": "967.00000", "2010-12-31": "607.00000", "2009-12-31": "-1263.00000", "2008-12-31": "-1287.00000", "2007-12-31": "967.00000", "2006-12-31": "1193.00000", "2005-12-31": "1090.00000"}, "Income From Discontinued Operations": {"2020-12-31": "14.00000", "2019-12-31": "9.00000", "2018-12-31": "7.00000", "2017-12-31": "7.00000", "2016-12-31": "1.00000", "2015-12-31": "1.00000", "2014-12-31": "-39.00000", "2013-12-31": "40.00000", "2012-12-31": "23.00000", "2011-12-31": "-35.00000", "2010-12-31": "-23.00000", "2009-12-31": "-48.00000", "2008-12-31": "-173.00000", "2007-12-31": "-16.00000", "2006-12-31": "-143.00000", "2005-12-31": "39.00000"}, "Net Income": {"2020-12-31": "1237.00000", "2019-12-31": "1620.00000", "2018-12-31": "1800.00000", "2017-12-31": "1226.00000", "2016-12-31": "754.00000", "2015-12-31": "893.00000", "2014-12-31": "878.00000", "2013-12-31": "887.00000", "2012-12-31": "836.00000", "2011-12-31": "813.00000", "2010-12-31": "390.00000", "2009-12-31": "-1629.00000", "2008-12-31": "-1510.00000", "2007-12-31": "919.00000", "2006-12-31": "1055.00000", "2005-12-31": "1129.00000"}, "EBITDA": {"2020-12-31": "", "2019-12-31": "", "2018-12-31": "", "2017-12-31": "", "2016-12-31": "", "2015-12-31": "", "2014-12-31": "", "2013-12-31": "", "2012-12-31": "", "2011-12-31": "", "2010-12-31": "", "2009-12-31": "", "2008-12-31": "", "2007-12-31": "", "2006-12-31": "", "2005-12-31": ""}, "EBIT": {"2020-12-31": "", "2019-12-31": "", "2018-12-31": "", "2017-12-31": "", "2016-12-31": "", "2015-12-31": "", "2014-12-31": "", "2013-12-31": "", "2012-12-31": "", "2011-12-31": "", "2010-12-31": "", "2009-12-31": "", "2008-12-31": "", "2007-12-31": "", "2006-12-31": "", "2005-12-31": ""}, "Basic Shares Outstanding": {"2020-12-31": "967.78300", "2019-12-31": "992.09100", "2018-12-31": "1040.89000", "2017-12-31": "1072.07800", "2016-12-31": "927.81600", "2015-12-31": "836.84600", "2014-12-31": "871.46400", "2013-12-31": "906.52400", "2012-12-31": "938.94100", "2011-12-31": "931.93400", "2010-12-31": "874.74800", "2009-12-31": "697.15500", "2008-12-31": "450.03900", "2007-12-31": "392.01300", "2006-12-31": "404.49000", "2005-12-31": "408.98100"}, "Shares Outstanding": {"2020-12-31": "974.80700", "2019-12-31": "1002.25400", "2018-12-31": "1054.68200", "2017-12-31": "1088.59300", "2016-12-31": "938.53600", "2015-12-31": "844.48900", "2014-12-31": "878.19900", "2013-12-31": "912.57100", "2012-12-31": "943.25900", "2011-12-31": "935.80100", "2010-12-31": "878.15300", "2009-12-31": "697.15500", "2008-12-31": "450.03900", "2007-12-31": "395.82300", "2006-12-31": "410.22200", "2005-12-31": "414.01400"}, "Basic EPS": {"2020-12-31": "1.28000", "2019-12-31": "1.63000", "2018-12-31": "1.73000", "2017-12-31": "1.14000", "2016-12-31": "0.81000", "2015-12-31": "1.06000", "2014-12-31": "1.01000", "2013-12-31": "0.98000", "2012-12-31": "0.89000", "2011-12-31": "0.87000", "2010-12-31": "0.45000", "2009-12-31": "-2.34000", "2008-12-31": "-3.36000", "2007-12-31": "2.35000", "2006-12-31": "2.61000", "2005-12-31": "2.76000"}, "EPS - Earnings Per Share": {"2020-12-31": "1.27000", "2019-12-31": "1.62000", "2018-12-31": "1.71000", "2017-12-31": "1.13000", "2016-12-31": "0.80000", "2015-12-31": "1.05000", "2014-12-31": "0.99000", "2013-12-31": "0.97000", "2012-12-31": "0.89000", "2011-12-31": "0.87000", "2010-12-31": "0.44000", "2009-12-31": "-2.34000", "2008-12-31": "-3.36000", "2007-12-31": "2.32000", "2006-12-31": "2.57000", "2005-12-31": "2.73000"}}, "income statement, quarterly": {"Revenue": {"2020-12-31": "1927.00000", "2020-09-30": "1800.00000", "2020-06-30": "1882.00000", "2020-03-31": "1728.00000", "2019-12-31": "1936.00000", "2019-09-30": "1967.00000", "2019-06-30": "1951.00000", "2019-03-31": "1840.00000", "2018-12-31": "1942.00000", "2018-09-30": "1848.00000", "2018-06-30": "1865.00000", "2018-03-31": "1738.00000", "2017-12-31": "1770.00000", "2017-09-30": "1701.00000", "2017-06-30": "1770.00000", "2017-03-31": "1627.00000", "2016-12-31": "1680.00000", "2016-09-30": "1439.00000", "2016-06-30": "1157.00000", "2016-03-31": "1114.00000", "2015-12-31": "1158.00000", "2015-09-30": "1131.00000", "2015-06-30": "1140.00000", "2015-03-31": "1073.00000", "2014-12-31": "1136.00000", "2014-09-30": "1056.00000", "2014-06-30": "1094.00000", "2014-03-31": "1065.00000", "2013-12-31": "1102.00000", "2013-09-30": "1106.00000", "2013-06-30": "1086.00000", "2013-03-31": "1092.00000", "2012-12-31": "1127.00000", "2012-09-30": "1189.00000", "2012-06-30": "1119.00000", "2012-03-31": "1126.00000", "2011-12-31": "992.00000", "2011-09-30": "1188.00000", "2011-06-30": "1180.00000", "2011-03-31": "1217.00000", "2010-12-31": "1337.00000", "2010-09-30": "1330.00000", "2010-06-30": "1353.00000", "2010-03-31": "1342.00000", "2009-12-31": "1402.00000", "2009-09-30": "1322.00000", "2009-06-30": "1651.00000", "2009-03-31": "1455.00000", "2008-12-31": "1332.00000", "2008-09-30": "1557.00000", "2008-06-30": "1427.00000", "2008-03-31": "1884.00000", "2007-12-31": "1639.00000", "2007-09-30": "1872.00000", "2007-06-30": "2044.00000", "2007-03-31": "2022.00000", "2006-12-31": "1971.00000", "2006-09-30": "1932.00000", "2006-06-30": "1872.00000", "2006-03-31": "1732.00000", "2005-12-31": "1578.00000", "2005-09-30": "1705.00000", "2005-06-30": "1602.00000", "2005-03-31": "1565.00000"}, "Cost Of Goods Sold": {"2020-12-31": "90.00000", "2020-09-30": "119.00000", "2020-06-30": "172.00000", "2020-03-31": "270.00000", "2019-12-31": "306.00000", "2019-09-30": "345.00000", "2019-06-30": "348.00000", "2019-03-31": "327.00000", "2018-12-31": "297.00000", "2018-09-30": "253.00000", "2018-06-30": "226.00000", "2018-03-31": "193.00000", "2017-12-31": "176.00000", "2017-09-30": "161.00000", "2017-06-30": "144.00000", "2017-03-31": "132.00000", "2016-12-31": "124.00000", "2016-09-30": "110.00000", "2016-06-30": "87.00000", "2016-03-31": "79.00000", "2015-12-31": "71.00000", "2015-09-30": "70.00000", "2015-06-30": "68.00000", "2015-03-31": "65.00000", "2014-12-31": "64.00000", "2014-09-30": "64.00000", "2014-06-30": "66.00000", "2014-03-31": "67.00000", "2013-12-31": "66.00000", "2013-09-30": "69.00000", "2013-06-30": "76.00000", "2013-03-31": "84.00000", "2012-12-31": "87.00000", "2012-09-30": "99.00000", "2012-06-30": "124.00000", "2012-03-31": "131.00000", "2011-12-31": "141.00000", "2011-09-30": "156.00000", "2011-06-30": "162.00000", "2011-03-31": "163.00000", "2010-12-31": "182.00000", "2010-09-30": "204.00000", "2010-06-30": "244.00000", "2010-03-31": "267.00000", "2009-12-31": "303.00000", "2009-09-30": "348.00000", "2009-06-30": "376.00000", "2009-03-31": "388.00000", "2008-12-31": "385.00000", "2008-09-30": "489.00000", "2008-06-30": "522.00000", "2008-03-31": "641.00000", "2007-12-31": "512.00000", "2007-09-30": "740.00000", "2007-06-30": "709.00000", "2007-03-31": "689.00000", "2006-12-31": "701.00000", "2006-09-30": "684.00000", "2006-06-30": "623.00000", "2006-03-31": "557.00000", "2005-12-31": "444.00000", "2005-09-30": "481.00000", "2005-06-30": "423.00000", "2005-03-31": "379.00000"}, "Gross Profit": {"2020-12-31": "1837.00000", "2020-09-30": "1681.00000", "2020-06-30": "1710.00000", "2020-03-31": "1458.00000", "2019-12-31": "1630.00000", "2019-09-30": "1622.00000", "2019-06-30": "1603.00000", "2019-03-31": "1513.00000", "2018-12-31": "1645.00000", "2018-09-30": "1595.00000", "2018-06-30": "1639.00000", "2018-03-31": "1545.00000", "2017-12-31": "1594.00000", "2017-09-30": "1540.00000", "2017-06-30": "1626.00000", "2017-03-31": "1495.00000", "2016-12-31": "1556.00000", "2016-09-30": "1329.00000", "2016-06-30": "1070.00000", "2016-03-31": "1035.00000", "2015-12-31": "1087.00000", "2015-09-30": "1061.00000", "2015-06-30": "1072.00000", "2015-03-31": "1008.00000", "2014-12-31": "1072.00000", "2014-09-30": "992.00000", "2014-06-30": "1028.00000", "2014-03-31": "998.00000", "2013-12-31": "1036.00000", "2013-09-30": "1037.00000", "2013-06-30": "1010.00000", "2013-03-31": "1008.00000", "2012-12-31": "1040.00000", "2012-09-30": "1090.00000", "2012-06-30": "995.00000", "2012-03-31": "995.00000", "2011-12-31": "851.00000", "2011-09-30": "1032.00000", "2011-06-30": "1018.00000", "2011-03-31": "1054.00000", "2010-12-31": "1155.00000", "2010-09-30": "1126.00000", "2010-06-30": "1109.00000", "2010-03-31": "1075.00000", "2009-12-31": "1099.00000", "2009-09-30": "974.00000", "2009-06-30": "1275.00000", "2009-03-31": "1067.00000", "2008-12-31": "947.00000", "2008-09-30": "1068.00000", "2008-06-30": "905.00000", "2008-03-31": "1243.00000", "2007-12-31": "1127.00000", "2007-09-30": "1132.00000", "2007-06-30": "1335.00000", "2007-03-31": "1333.00000", "2006-12-31": "1270.00000", "2006-09-30": "1248.00000", "2006-06-30": "1249.00000", "2006-03-31": "1175.00000", "2005-12-31": "1134.00000", "2005-09-30": "1224.00000", "2005-06-30": "1179.00000", "2005-03-31": "1186.00000"}, "Research And Development Expenses": {"2020-12-31": "", "2020-09-30": "", "2020-06-30": "", "2020-03-31": "", "2019-12-31": "", "2019-09-30": "", "2019-06-30": "", "2019-03-31": "", "2018-12-31": "", "2018-09-30": "", "2018-06-30": "", "2018-03-31": "", "2017-12-31": "", "2017-09-30": "", "2017-06-30": "", "2017-03-31": "", "2016-12-31": "", "2016-09-30": "", "2016-06-30": "", "2016-03-31": "", "2015-12-31": "", "2015-09-30": "", "2015-06-30": "", "2015-03-31": "", "2014-12-31": "", "2014-09-30": "", "2014-06-30": "", "2014-03-31": "", "2013-12-31": "", "2013-09-30": "", "2013-06-30": "", "2013-03-31": "", "2012-12-31": "", "2012-09-30": "", "2012-06-30": "", "2012-03-31": "", "2011-12-31": "", "2011-09-30": "", "2011-06-30": "", "2011-03-31": "", "2010-12-31": "", "2010-09-30": "", "2010-06-30": "", "2010-03-31": "", "2009-12-31": "", "2009-09-30": "", "2009-06-30": "", "2009-03-31": "", "2008-12-31": "", "2008-09-30": "", "2008-06-30": "", "2008-03-31": "", "2007-12-31": "", "2007-09-30": "", "2007-06-30": "", "2007-03-31": "", "2006-12-31": "", "2006-09-30": "", "2006-06-30": "", "2006-03-31": "", "2005-12-31": "", "2005-09-30": "", "2005-06-30": "", "2005-03-31": ""}, "SG&A Expenses": {"2020-12-31": "1133.00000", "2020-09-30": "1182.00000", "2020-06-30": "1477.00000", "2020-03-31": "1273.00000", "2019-12-31": "1070.00000", "2019-09-30": "1113.00000", "2019-06-30": "1071.00000", "2019-03-31": "1003.00000", "2018-12-31": "1049.00000", "2018-09-30": "1003.00000", "2018-06-30": "1032.00000", "2018-03-31": "1038.00000", "2017-12-31": "1121.00000", "2017-09-30": "1018.00000", "2017-06-30": "1039.00000", "2017-03-31": "1054.00000", "2016-12-31": "1259.00000", "2016-09-30": "1128.00000", "2016-06-30": "796.00000", "2016-03-31": "784.00000", "2015-12-31": "772.00000", "2015-09-30": "760.00000", "2015-06-30": "743.00000", "2015-03-31": "695.00000", "2014-12-31": "716.00000", "2014-09-30": "715.00000", "2014-06-30": "690.00000", "2014-03-31": "658.00000", "2013-12-31": "732.00000", "2013-09-30": "729.00000", "2013-06-30": "724.00000", "2013-03-31": "721.00000", "2012-12-31": "793.00000", "2012-09-30": "820.00000", "2012-06-30": "707.00000", "2012-03-31": "720.00000", "2011-12-31": "597.00000", "2011-09-30": "702.00000", "2011-06-30": "684.00000", "2011-03-31": "665.00000", "2010-12-31": "659.00000", "2010-09-30": "840.00000", "2010-06-30": "1007.00000", "2010-03-31": "1200.00000", "2009-12-31": "1600.00000", "2009-09-30": "1560.00000", "2009-06-30": "1667.00000", "2009-03-31": "1578.00000", "2008-12-31": "1138.00000", "2008-09-30": "1072.00000", "2008-06-30": "1424.00000", "2008-03-31": "920.00000", "2007-12-31": "1117.00000", "2007-09-30": "822.00000", "2007-06-30": "868.00000", "2007-03-31": "828.00000", "2006-12-31": "862.00000", "2006-09-30": "825.00000", "2006-06-30": "821.00000", "2006-03-31": "791.00000", "2005-12-31": "787.00000", "2005-09-30": "824.00000", "2005-06-30": "773.00000", "2005-03-31": "813.00000"}, "Other Operating Income Or Expenses": {"2020-12-31": "", "2020-09-30": "", "2020-06-30": "", "2020-03-31": "", "2019-12-31": "", "2019-09-30": "", "2019-06-30": "", "2019-03-31": "", "2018-12-31": "", "2018-09-30": "", "2018-06-30": "", "2018-03-31": "", "2017-12-31": "", "2017-09-30": "", "2017-06-30": "", "2017-03-31": "", "2016-12-31": "", "2016-09-30": "", "2016-06-30": "", "2016-03-31": "", "2015-12-31": "", "2015-09-30": "", "2015-06-30": "", "2015-03-31": "", "2014-12-31": "", "2014-09-30": "", "2014-06-30": "", "2014-03-31": "", "2013-12-31": "", "2013-09-30": "", "2013-06-30": "", "2013-03-31": "", "2012-12-31": "", "2012-09-30": "", "2012-06-30": "", "2012-03-31": "", "2011-12-31": "", "2011-09-30": "", "2011-06-30": "", "2011-03-31": "", "2010-12-31": "", "2010-09-30": "", "2010-06-30": "", "2010-03-31": "", "2009-12-31": "", "2009-09-30": "", "2009-06-30": "", "2009-03-31": "", "2008-12-31": "", "2008-09-30": "", "2008-06-30": "", "2008-03-31": "", "2007-12-31": "", "2007-09-30": "", "2007-06-30": "", "2007-03-31": "", "2006-12-31": "", "2006-09-30": "", "2006-06-30": "", "2006-03-31": "", "2005-12-31": "", "2005-09-30": "", "2005-06-30": "", "2005-03-31": ""}, "Operating Expenses": {"2020-12-31": "1238.00000", "2020-09-30": "1316.00000", "2020-06-30": "1667.00000", "2020-03-31": "1560.00000", "2019-12-31": "1395.00000", "2019-09-30": "1484.00000", "2019-06-30": "1441.00000", "2019-03-31": "1352.00000", "2018-12-31": "1368.00000", "2018-09-30": "1279.00000", "2018-06-30": "1283.00000", "2018-03-31": "1260.00000", "2017-12-31": "1323.00000", "2017-09-30": "1204.00000", "2017-06-30": "1205.00000", "2017-03-31": "1208.00000", "2016-12-31": "1410.00000", "2016-09-30": "1251.00000", "2016-06-30": "890.00000", "2016-03-31": "871.00000", "2015-12-31": "861.00000", "2015-09-30": "830.00000", "2015-06-30": "820.00000", "2015-03-31": "769.00000", "2014-12-31": "800.00000", "2014-09-30": "789.00000", "2014-06-30": "765.00000", "2014-03-31": "725.00000", "2013-12-31": "808.00000", "2013-09-30": "810.00000", "2013-06-30": "810.00000", "2013-03-31": "817.00000", "2012-12-31": "880.00000", "2012-09-30": "922.00000", "2012-06-30": "832.00000", "2012-03-31": "852.00000", "2011-12-31": "741.00000", "2011-09-30": "859.00000", "2011-06-30": "846.00000", "2011-03-31": "828.00000", "2010-12-31": "841.00000", "2010-09-30": "1044.00000", "2010-06-30": "1251.00000", "2010-03-31": "1467.00000", "2009-12-31": "1903.00000", "2009-09-30": "1908.00000", "2009-06-30": "2043.00000", "2009-03-31": "1966.00000", "2008-12-31": "1523.00000", "2008-09-30": "1561.00000", "2008-06-30": "1946.00000", "2008-03-31": "1561.00000", "2007-12-31": "1629.00000", "2007-09-30": "1562.00000", "2007-06-30": "1577.00000", "2007-03-31": "1517.00000", "2006-12-31": "1563.00000", "2006-09-30": "1509.00000", "2006-06-30": "1444.00000", "2006-03-31": "1348.00000", "2005-12-31": "1231.00000", "2005-09-30": "1305.00000", "2005-06-30": "1196.00000", "2005-03-31": "1192.00000"}, "Operating Income": {"2020-12-31": "689.00000", "2020-09-30": "484.00000", "2020-06-30": "215.00000", "2020-03-31": "168.00000", "2019-12-31": "541.00000", "2019-09-30": "483.00000", "2019-06-30": "510.00000", "2019-03-31": "488.00000", "2018-12-31": "574.00000", "2018-09-30": "569.00000", "2018-06-30": "582.00000", "2018-03-31": "478.00000", "2017-12-31": "447.00000", "2017-09-30": "497.00000", "2017-06-30": "565.00000", "2017-03-31": "419.00000", "2016-12-31": "270.00000", "2016-09-30": "188.00000", "2016-06-30": "267.00000", "2016-03-31": "243.00000", "2015-12-31": "297.00000", "2015-09-30": "301.00000", "2015-06-30": "320.00000", "2015-03-31": "304.00000", "2014-12-31": "336.00000", "2014-09-30": "267.00000", "2014-06-30": "329.00000", "2014-03-31": "340.00000", "2013-12-31": "294.00000", "2013-09-30": "296.00000", "2013-06-30": "276.00000", "2013-03-31": "275.00000", "2012-12-31": "247.00000", "2012-09-30": "267.00000", "2012-06-30": "287.00000", "2012-03-31": "274.00000", "2011-12-31": "251.00000", "2011-09-30": "329.00000", "2011-06-30": "334.00000", "2011-03-31": "389.00000", "2010-12-31": "496.00000", "2010-09-30": "286.00000", "2010-06-30": "102.00000", "2010-03-31": "-125.00000", "2009-12-31": "-501.00000", "2009-09-30": "-586.00000", "2009-06-30": "-392.00000", "2009-03-31": "-511.00000", "2008-12-31": "-191.00000", "2008-09-30": "-4.00000", "2008-06-30": "-519.00000", "2008-03-31": "323.00000", "2007-12-31": "10.00000", "2007-09-30": "310.00000", "2007-06-30": "467.00000", "2007-03-31": "505.00000", "2006-12-31": "408.00000", "2006-09-30": "423.00000", "2006-06-30": "428.00000", "2006-03-31": "384.00000", "2005-12-31": "347.00000", "2005-09-30": "400.00000", "2005-06-30": "406.00000", "2005-03-31": "373.00000"}, "Total Non-Operating Income/Expense": {"2020-12-31": "", "2020-09-30": "", "2020-06-30": "", "2020-03-31": "", "2019-12-31": "", "2019-09-30": "", "2019-06-30": "", "2019-03-31": "", "2018-12-31": "", "2018-09-30": "", "2018-06-30": "", "2018-03-31": "", "2017-12-31": "", "2017-09-30": "", "2017-06-30": "", "2017-03-31": "", "2016-12-31": "", "2016-09-30": "", "2016-06-30": "", "2016-03-31": "", "2015-12-31": "", "2015-09-30": "-9.00000", "2015-06-30": "", "2015-03-31": "", "2014-12-31": "", "2014-09-30": "", "2014-06-30": "", "2014-03-31": "-10.00000", "2013-12-31": "", "2013-09-30": "-3.00000", "2013-06-30": "-5.00000", "2013-03-31": "-3.00000", "2012-12-31": "-3.00000", "2012-09-30": "2.00000", "2012-06-30": "-6.00000", "2012-03-31": "", "2011-12-31": "11.00000", "2011-09-30": "1.00000", "2011-06-30": "12.00000", "2011-03-31": "4.00000", "2010-12-31": "26.00000", "2010-09-30": "10.00000", "2010-06-30": "10.00000", "2010-03-31": "2.00000", "2009-12-31": "-27.00000", "2009-09-30": "-74.00000", "2009-06-30": "-11.00000", "2009-03-31": "-196.00000", "2008-12-31": "-439.00000", "2008-09-30": "-4.00000", "2008-06-30": "", "2008-03-31": "", "2007-12-31": "", "2007-09-30": "", "2007-06-30": "", "2007-03-31": "", "2006-12-31": "", "2006-09-30": "", "2006-06-30": "", "2006-03-31": "", "2005-12-31": "", "2005-09-30": "", "2005-06-30": "", "2005-03-31": ""}, "Pre-Tax Income": {"2020-12-31": "689.00000", "2020-09-30": "484.00000", "2020-06-30": "215.00000", "2020-03-31": "168.00000", "2019-12-31": "541.00000", "2019-09-30": "483.00000", "2019-06-30": "510.00000", "2019-03-31": "488.00000", "2018-12-31": "574.00000", "2018-09-30": "569.00000", "2018-06-30": "582.00000", "2018-03-31": "478.00000", "2017-12-31": "447.00000", "2017-09-30": "497.00000", "2017-06-30": "565.00000", "2017-03-31": "419.00000", "2016-12-31": "270.00000", "2016-09-30": "188.00000", "2016-06-30": "267.00000", "2016-03-31": "243.00000", "2015-12-31": "306.00000", "2015-09-30": "292.00000", "2015-06-30": "320.00000", "2015-03-31": "304.00000", "2014-12-31": "346.00000", "2014-09-30": "267.00000", "2014-06-30": "329.00000", "2014-03-31": "330.00000", "2013-12-31": "305.00000", "2013-09-30": "293.00000", "2013-06-30": "271.00000", "2013-03-31": "272.00000", "2012-12-31": "249.00000", "2012-09-30": "269.00000", "2012-06-30": "281.00000", "2012-03-31": "274.00000", "2011-12-31": "262.00000", "2011-09-30": "330.00000", "2011-06-30": "346.00000", "2011-03-31": "393.00000", "2010-12-31": "508.00000", "2010-09-30": "296.00000", "2010-06-30": "112.00000", "2010-03-31": "-123.00000", "2009-12-31": "-528.00000", "2009-09-30": "-660.00000", "2009-06-30": "-403.00000", "2009-03-31": "-707.00000", "2008-12-31": "-646.00000", "2008-09-30": "-8.00000", "2008-06-30": "-519.00000", "2008-03-31": "323.00000", "2007-12-31": "-38.00000", "2007-09-30": "310.00000", "2007-06-30": "467.00000", "2007-03-31": "505.00000", "2006-12-31": "408.00000", "2006-09-30": "423.00000", "2006-06-30": "428.00000", "2006-03-31": "384.00000", "2005-12-31": "347.00000", "2005-09-30": "400.00000", "2005-06-30": "406.00000", "2005-03-31": "373.00000"}, "Income Taxes": {"2020-12-31": "114.00000", "2020-09-30": "60.00000", "2020-06-30": "30.00000", "2020-03-31": "23.00000", "2019-12-31": "75.00000", "2019-09-30": "70.00000", "2019-06-30": "87.00000", "2019-03-31": "82.00000", "2018-12-31": "92.00000", "2018-09-30": "87.00000", "2018-06-30": "103.00000", "2018-03-31": "62.00000", "2017-12-31": "251.00000", "2017-09-30": "134.00000", "2017-06-30": "158.00000", "2017-03-31": "94.00000", "2016-12-31": "38.00000", "2016-09-30": "16.00000", "2016-06-30": "69.00000", "2016-03-31": "56.00000", "2015-12-31": "73.00000", "2015-09-30": "72.00000", "2015-06-30": "84.00000", "2015-03-31": "74.00000", "2014-12-31": "94.00000", "2014-09-30": "64.00000", "2014-06-30": "76.00000", "2014-03-31": "92.00000", "2013-12-31": "70.00000", "2013-09-30": "59.00000", "2013-06-30": "72.00000", "2013-03-31": "70.00000", "2012-12-31": "53.00000", "2012-09-30": "51.00000", "2012-06-30": "54.00000", "2012-03-31": "73.00000", "2011-12-31": "64.00000", "2011-09-30": "95.00000", "2011-06-30": "94.00000", "2011-03-31": "111.00000", "2010-12-31": "172.00000", "2010-09-30": "85.00000", "2010-06-30": "11.00000", "2010-03-31": "-82.00000", "2009-12-31": "-347.00000", "2009-09-30": "-274.00000", "2009-06-30": "-176.00000", "2009-03-31": "-238.00000", "2008-12-31": "-255.00000", "2008-09-30": "-22.00000", "2008-06-30": "610.00000", "2008-03-31": "104.00000", "2007-12-31": "-86.00000", "2007-09-30": "86.00000", "2007-06-30": "130.00000", "2007-03-31": "147.00000", "2006-12-31": "97.00000", "2006-09-30": "118.00000", "2006-06-30": "125.00000", "2006-03-31": "110.00000", "2005-12-31": "90.00000", "2005-09-30": "122.00000", "2005-06-30": "115.00000", "2005-03-31": "109.00000"}, "Income After Taxes": {"2020-12-31": "575.00000", "2020-09-30": "424.00000", "2020-06-30": "185.00000", "2020-03-31": "145.00000", "2019-12-31": "466.00000", "2019-09-30": "413.00000", "2019-06-30": "423.00000", "2019-03-31": "406.00000", "2018-12-31": "482.00000", "2018-09-30": "482.00000", "2018-06-30": "479.00000", "2018-03-31": "416.00000", "2017-12-31": "196.00000", "2017-09-30": "363.00000", "2017-06-30": "407.00000", "2017-03-31": "325.00000", "2016-12-31": "232.00000", "2016-09-30": "172.00000", "2016-06-30": "198.00000", "2016-03-31": "187.00000", "2015-12-31": "233.00000", "2015-09-30": "220.00000", "2015-06-30": "236.00000", "2015-03-31": "230.00000", "2014-12-31": "252.00000", "2014-09-30": "203.00000", "2014-06-30": "253.00000", "2014-03-31": "238.00000", "2013-12-31": "235.00000", "2013-09-30": "234.00000", "2013-06-30": "199.00000", "2013-03-31": "202.00000", "2012-12-31": "196.00000", "2012-09-30": "218.00000", "2012-06-30": "227.00000", "2012-03-31": "201.00000", "2011-12-31": "198.00000", "2011-09-30": "235.00000", "2011-06-30": "252.00000", "2011-03-31": "282.00000", "2010-12-31": "336.00000", "2010-09-30": "211.00000", "2010-06-30": "101.00000", "2010-03-31": "-41.00000", "2009-12-31": "-181.00000", "2009-09-30": "-386.00000", "2009-06-30": "-227.00000", "2009-03-31": "-469.00000", "2008-12-31": "-391.00000", "2008-09-30": "14.00000", "2008-06-30": "-1129.00000", "2008-03-31": "219.00000", "2007-12-31": "48.00000", "2007-09-30": "224.00000", "2007-06-30": "337.00000", "2007-03-31": "358.00000", "2006-12-31": "311.00000", "2006-09-30": "305.00000", "2006-06-30": "303.00000", "2006-03-31": "274.00000", "2005-12-31": "257.00000", "2005-09-30": "278.00000", "2005-06-30": "291.00000", "2005-03-31": "264.00000"}, "Other Income": {"2020-12-31": "", "2020-09-30": "", "2020-06-30": "", "2020-03-31": "", "2019-12-31": "", "2019-09-30": "", "2019-06-30": "", "2019-03-31": "", "2018-12-31": "", "2018-09-30": "", "2018-06-30": "", "2018-03-31": "", "2017-12-31": "", "2017-09-30": "", "2017-06-30": "", "2017-03-31": "", "2016-12-31": "", "2016-09-30": "", "2016-06-30": "", "2016-03-31": "", "2015-12-31": "", "2015-09-30": "", "2015-06-30": "", "2015-03-31": "", "2014-12-31": "", "2014-09-30": "", "2014-06-30": "", "2014-03-31": "", "2013-12-31": "", "2013-09-30": "", "2013-06-30": "", "2013-03-31": "", "2012-12-31": "", "2012-09-30": "", "2012-06-30": "", "2012-03-31": "", "2011-12-31": "", "2011-09-30": "", "2011-06-30": "", "2011-03-31": "", "2010-12-31": "", "2010-09-30": "", "2010-06-30": "", "2010-03-31": "", "2009-12-31": "", "2009-09-30": "", "2009-06-30": "", "2009-03-31": "", "2008-12-31": "", "2008-09-30": "", "2008-06-30": "", "2008-03-31": "", "2007-12-31": "", "2007-09-30": "", "2007-06-30": "", "2007-03-31": "", "2006-12-31": "", "2006-09-30": "", "2006-06-30": "", "2006-03-31": "", "2005-12-31": "", "2005-09-30": "", "2005-06-30": "", "2005-03-31": ""}, "Income From Continuous Operations": {"2020-12-31": "575.00000", "2020-09-30": "424.00000", "2020-06-30": "185.00000", "2020-03-31": "145.00000", "2019-12-31": "466.00000", "2019-09-30": "413.00000", "2019-06-30": "423.00000", "2019-03-31": "406.00000", "2018-12-31": "482.00000", "2018-09-30": "482.00000", "2018-06-30": "479.00000", "2018-03-31": "416.00000", "2017-12-31": "196.00000", "2017-09-30": "363.00000", "2017-06-30": "407.00000", "2017-03-31": "325.00000", "2016-12-31": "232.00000", "2016-09-30": "172.00000", "2016-06-30": "198.00000", "2016-03-31": "187.00000", "2015-12-31": "233.00000", "2015-09-30": "220.00000", "2015-06-30": "236.00000", "2015-03-31": "230.00000", "2014-12-31": "252.00000", "2014-09-30": "203.00000", "2014-06-30": "253.00000", "2014-03-31": "238.00000", "2013-12-31": "235.00000", "2013-09-30": "234.00000", "2013-06-30": "199.00000", "2013-03-31": "202.00000", "2012-12-31": "196.00000", "2012-09-30": "218.00000", "2012-06-30": "227.00000", "2012-03-31": "201.00000", "2011-12-31": "198.00000", "2011-09-30": "235.00000", "2011-06-30": "252.00000", "2011-03-31": "282.00000", "2010-12-31": "336.00000", "2010-09-30": "211.00000", "2010-06-30": "101.00000", "2010-03-31": "-41.00000", "2009-12-31": "-181.00000", "2009-09-30": "-386.00000", "2009-06-30": "-227.00000", "2009-03-31": "-469.00000", "2008-12-31": "-391.00000", "2008-09-30": "14.00000", "2008-06-30": "-1129.00000", "2008-03-31": "219.00000", "2007-12-31": "48.00000", "2007-09-30": "224.00000", "2007-06-30": "337.00000", "2007-03-31": "358.00000", "2006-12-31": "311.00000", "2006-09-30": "305.00000", "2006-06-30": "303.00000", "2006-03-31": "274.00000", "2005-12-31": "257.00000", "2005-09-30": "278.00000", "2005-06-30": "291.00000", "2005-03-31": "264.00000"}, "Income From Discontinued Operations": {"2020-12-31": "7.00000", "2020-09-30": "4.00000", "2020-06-30": "2.00000", "2020-03-31": "1.00000", "2019-12-31": "3.00000", "2019-09-30": "3.00000", "2019-06-30": "2.00000", "2019-03-31": "1.00000", "2018-12-31": "2.00000", "2018-09-30": "", "2018-06-30": "3.00000", "2018-03-31": "2.00000", "2017-12-31": "1.00000", "2017-09-30": "1.00000", "2017-06-30": "5.00000", "2017-03-31": "", "2016-12-31": "-4.00000", "2016-09-30": "1.00000", "2016-06-30": "3.00000", "2016-03-31": "1.00000", "2015-12-31": "-4.00000", "2015-09-30": "-3.00000", "2015-06-30": "3.00000", "2015-03-31": "5.00000", "2014-12-31": "2.00000", "2014-09-30": "-17.00000", "2014-06-30": "-28.00000", "2014-03-31": "4.00000", "2013-12-31": "-5.00000", "2013-09-30": "37.00000", "2013-06-30": "5.00000", "2013-03-31": "3.00000", "2012-12-31": "7.00000", "2012-09-30": "3.00000", "2012-06-30": "14.00000", "2012-03-31": "-1.00000", "2011-12-31": "2.00000", "2011-09-30": "-17.00000", "2011-06-30": "-9.00000", "2011-03-31": "-11.00000", "2010-12-31": "-13.00000", "2010-09-30": "15.00000", "2010-06-30": "-27.00000", "2010-03-31": "2.00000", "2009-12-31": "-7.00000", "2009-09-30": "-16.00000", "2009-06-30": "4.00000", "2009-03-31": "-29.00000", "2008-12-31": "-136.00000", "2008-09-30": "-39.00000", "2008-06-30": "2.00000", "2008-03-31": "", "2007-12-31": "9.00000", "2007-09-30": "-14.00000", "2007-06-30": "-3.00000", "2007-03-31": "-8.00000", "2006-12-31": "-165.00000", "2006-09-30": "7.00000", "2006-06-30": "5.00000", "2006-03-31": "10.00000", "2005-12-31": "", "2005-09-30": "", "2005-06-30": "", "2005-03-31": ""}, "Net Income": {"2020-12-31": "556.00000", "2020-09-30": "401.00000", "2020-06-30": "161.00000", "2020-03-31": "119.00000", "2019-12-31": "442.00000", "2019-09-30": "386.00000", "2019-06-30": "405.00000", "2019-03-31": "387.00000", "2018-12-31": "461.00000", "2018-09-30": "468.00000", "2018-06-30": "467.00000", "2018-03-31": "404.00000", "2017-12-31": "182.00000", "2017-09-30": "350.00000", "2017-06-30": "398.00000", "2017-03-31": "296.00000", "2016-12-31": "209.00000", "2016-09-30": "166.00000", "2016-06-30": "196.00000", "2016-03-31": "183.00000", "2015-12-31": "220.00000", "2015-09-30": "213.00000", "2015-06-30": "233.00000", "2015-03-31": "227.00000", "2014-12-31": "248.00000", "2014-09-30": "180.00000", "2014-06-30": "214.00000", "2014-03-31": "236.00000", "2013-12-31": "224.00000", "2013-09-30": "266.00000", "2013-06-30": "198.00000", "2013-03-31": "199.00000", "2012-12-31": "192.00000", "2012-09-30": "219.00000", "2012-06-30": "231.00000", "2012-03-31": "194.00000", "2011-12-31": "194.00000", "2011-09-30": "212.00000", "2011-06-30": "234.00000", "2011-03-31": "173.00000", "2010-12-31": "279.00000", "2010-09-30": "178.00000", "2010-06-30": "29.00000", "2010-03-31": "-96.00000", "2009-12-31": "-265.00000", "2009-09-30": "-438.00000", "2009-06-30": "-390.00000", "2009-03-31": "-536.00000", "2008-12-31": "-554.00000", "2008-09-30": "-48.00000", "2008-06-30": "-1126.00000", "2008-03-31": "218.00000", "2007-12-31": "25.00000", "2007-09-30": "210.00000", "2007-06-30": "334.00000", "2007-03-31": "350.00000", "2006-12-31": "146.00000", "2006-09-30": "312.00000", "2006-06-30": "308.00000", "2006-03-31": "289.00000", "2005-12-31": "296.00000", "2005-09-30": "278.00000", "2005-06-30": "291.00000", "2005-03-31": "264.00000"}, "EBITDA": {"2020-12-31": "", "2020-09-30": "", "2020-06-30": "", "2020-03-31": "", "2019-12-31": "", "2019-09-30": "", "2019-06-30": "", "2019-03-31": "", "2018-12-31": "", "2018-09-30": "", "2018-06-30": "", "2018-03-31": "", "2017-12-31": "", "2017-09-30": "", "2017-06-30": "", "2017-03-31": "", "2016-12-31": "", "2016-09-30": "", "2016-06-30": "", "2016-03-31": "", "2015-12-31": "", "2015-09-30": "", "2015-06-30": "", "2015-03-31": "", "2014-12-31": "", "2014-09-30": "", "2014-06-30": "", "2014-03-31": "", "2013-12-31": "", "2013-09-30": "", "2013-06-30": "", "2013-03-31": "", "2012-12-31": "", "2012-09-30": "", "2012-06-30": "", "2012-03-31": "", "2011-12-31": "", "2011-09-30": "", "2011-06-30": "", "2011-03-31": "", "2010-12-31": "", "2010-09-30": "", "2010-06-30": "", "2010-03-31": "", "2009-12-31": "", "2009-09-30": "", "2009-06-30": "", "2009-03-31": "", "2008-12-31": "", "2008-09-30": "", "2008-06-30": "", "2008-03-31": "", "2007-12-31": "", "2007-09-30": "", "2007-06-30": "", "2007-03-31": "", "2006-12-31": "", "2006-09-30": "", "2006-06-30": "", "2006-03-31": "", "2005-12-31": "", "2005-09-30": "", "2005-06-30": "", "2005-03-31": ""}, "EBIT": {"2020-12-31": "", "2020-09-30": "", "2020-06-30": "", "2020-03-31": "", "2019-12-31": "", "2019-09-30": "", "2019-06-30": "", "2019-03-31": "", "2018-12-31": "", "2018-09-30": "", "2018-06-30": "", "2018-03-31": "", "2017-12-31": "", "2017-09-30": "", "2017-06-30": "", "2017-03-31": "", "2016-12-31": "", "2016-09-30": "", "2016-06-30": "", "2016-03-31": "", "2015-12-31": "", "2015-09-30": "", "2015-06-30": "", "2015-03-31": "", "2014-12-31": "", "2014-09-30": "", "2014-06-30": "", "2014-03-31": "", "2013-12-31": "", "2013-09-30": "", "2013-06-30": "", "2013-03-31": "", "2012-12-31": "", "2012-09-30": "", "2012-06-30": "", "2012-03-31": "", "2011-12-31": "", "2011-09-30": "", "2011-06-30": "", "2011-03-31": "", "2010-12-31": "", "2010-09-30": "", "2010-06-30": "", "2010-03-31": "", "2009-12-31": "", "2009-09-30": "", "2009-06-30": "", "2009-03-31": "", "2008-12-31": "", "2008-09-30": "", "2008-06-30": "", "2008-03-31": "", "2007-12-31": "", "2007-09-30": "", "2007-06-30": "", "2007-03-31": "", "2006-12-31": "", "2006-09-30": "", "2006-06-30": "", "2006-03-31": "", "2005-12-31": "", "2005-09-30": "", "2005-06-30": "", "2005-03-31": ""}, "Basic Shares Outstanding": {"2020-12-31": "967.98700", "2020-09-30": "967.80400", "2020-06-30": "967.14700", "2020-03-31": "967.44600", "2019-12-31": "992.09100", "2019-09-30": "988.31900", "2019-06-30": "999.16300", "2019-03-31": "1006.71700", "2018-12-31": "1040.89000", "2018-09-30": "1036.47900", "2018-06-30": "1052.65200", "2018-03-31": "1056.03700", "2017-12-31": "1072.07800", "2017-09-30": "1073.39000", "2017-06-30": "1076.20300", "2017-03-31": "1068.60900", "2016-12-31": "927.81600", "2016-09-30": "982.08000", "2016-06-30": "831.89900", "2016-03-31": "827.38100", "2015-12-31": "836.84600", "2015-09-30": "831.43000", "2015-06-30": "839.45400", "2015-03-31": "848.58000", "2014-12-31": "871.46400", "2014-09-30": "867.35000", "2014-06-30": "875.29800", "2014-03-31": "884.72700", "2013-12-31": "906.52400", "2013-09-30": "901.90400", "2013-06-30": "913.73600", "2013-03-31": "920.31600", "2012-12-31": "938.94100", "2012-09-30": "936.22300", "2012-06-30": "944.64800", "2012-03-31": "949.34200", "2011-12-31": "931.93400", "2011-09-30": "948.70200", "2011-06-30": "947.56500", "2011-03-31": "881.89400", "2010-12-31": "874.74800", "2010-09-30": "874.43300", "2010-06-30": "874.66400", "2010-03-31": "874.38600", "2009-12-31": "697.15500", "2009-09-30": "839.90600", "2009-06-30": "576.88300", "2009-03-31": "492.81300", "2008-12-31": "450.03900", "2008-09-30": "491.17900", "2008-06-30": "416.62900", "2008-03-31": "399.12100", "2007-12-31": "392.01300", "2007-09-30": "389.31900", "2007-06-30": "392.04500", "2007-03-31": "397.87500", "2006-12-31": "404.49000", "2006-09-30": "403.78000", "2006-06-30": "404.52800", "2006-03-31": "407.38600", "2005-12-31": "408.98100", "2005-09-30": "410.45600", "2005-06-30": "408.75400", "2005-03-31": "408.26400"}, "Shares Outstanding": {"2020-12-31": "976.46000", "2020-09-30": "973.98800", "2020-06-30": "972.14100", "2020-03-31": "976.11000", "2019-12-31": "1002.25400", "2019-09-30": "998.32800", "2019-06-30": "1007.96400", "2019-03-31": "1016.50400", "2018-12-31": "1054.68200", "2018-09-30": "1049.97600", "2018-06-30": "1065.79300", "2018-03-31": "1071.78600", "2017-12-31": "1088.59300", "2017-09-30": "1088.84100", "2017-06-30": "1093.03900", "2017-03-31": "1086.54000", "2016-12-31": "938.53600", "2016-09-30": "994.66000", "2016-06-30": "838.49600", "2016-03-31": "835.06000", "2015-12-31": "844.48900", "2015-09-30": "838.88000", "2015-06-30": "846.31200", "2015-03-31": "857.12200", "2014-12-31": "878.19900", "2014-09-30": "874.12200", "2014-06-30": "902.13700", "2014-03-31": "891.89000", "2013-12-31": "912.57100", "2013-09-30": "908.25300", "2013-06-30": "918.62800", "2013-03-31": "926.05100", "2012-12-31": "943.25900", "2012-09-30": "940.76400", "2012-06-30": "948.08700", "2012-03-31": "953.97100", "2011-12-31": "935.80100", "2011-09-30": "950.68600", "2011-06-30": "952.13300", "2011-03-31": "887.83600", "2010-12-31": "878.15300", "2010-09-30": "874.43300", "2010-06-30": "874.66400", "2010-03-31": "874.38600", "2009-12-31": "697.15500", "2009-09-30": "839.90600", "2009-06-30": "576.88300", "2009-03-31": "492.81300", "2008-12-31": "450.03900", "2008-09-30": "491.17900", "2008-06-30": "416.62900", "2008-03-31": "399.76900", "2007-12-31": "395.82300", "2007-09-30": "393.16400", "2007-06-30": "396.91800", "2007-03-31": "403.47800", "2006-12-31": "410.22200", "2006-09-30": "409.42800", "2006-06-30": "410.55900", "2006-03-31": "413.14000", "2005-12-31": "414.01400", "2005-09-30": "415.44100", "2005-06-30": "414.30900", "2005-03-31": "413.76200"}, "Basic EPS": {"2020-12-31": "0.57000", "2020-09-30": "0.41000", "2020-06-30": "0.17000", "2020-03-31": "0.12000", "2019-12-31": "0.46000", "2019-09-30": "0.39000", "2019-06-30": "0.40000", "2019-03-31": "0.38000", "2018-12-31": "0.46000", "2018-09-30": "0.45000", "2018-06-30": "0.44000", "2018-03-31": "0.38000", "2017-12-31": "0.17000", "2017-09-30": "0.32000", "2017-06-30": "0.37000", "2017-03-31": "0.28000", "2016-12-31": "0.19000", "2016-09-30": "0.17000", "2016-06-30": "0.23000", "2016-03-31": "0.22000", "2015-12-31": "0.25000", "2015-09-30": "0.26000", "2015-06-30": "0.28000", "2015-03-31": "0.27000", "2014-12-31": "0.29000", "2014-09-30": "0.21000", "2014-06-30": "0.24000", "2014-03-31": "0.27000", "2013-12-31": "0.25000", "2013-09-30": "0.29000", "2013-06-30": "0.22000", "2013-03-31": "0.22000", "2012-12-31": "0.22000", "2012-09-30": "0.23000", "2012-06-30": "0.24000", "2012-03-31": "0.20000", "2011-12-31": "0.20000", "2011-09-30": "0.22000", "2011-06-30": "0.25000", "2011-03-31": "0.20000", "2010-12-31": "0.33000", "2010-09-30": "0.20000", "2010-06-30": "0.03000", "2010-03-31": "-0.11000", "2009-12-31": "-0.05000", "2009-09-30": "-0.52000", "2009-06-30": "-0.68000", "2009-03-31": "-1.09000", "2008-12-31": "-1.11000", "2008-09-30": "-0.10000", "2008-06-30": "-2.70000", "2008-03-31": "0.55000", "2007-12-31": "0.08000", "2007-09-30": "0.54000", "2007-06-30": "0.85000", "2007-03-31": "0.88000", "2006-12-31": "0.37000", "2006-09-30": "0.77000", "2006-06-30": "0.76000", "2006-03-31": "0.71000", "2005-12-31": "0.72000", "2005-09-30": "0.68000", "2005-06-30": "0.71000", "2005-03-31": "0.65000"}, "EPS - Earnings Per Share": {"2020-12-31": "0.57000", "2020-09-30": "0.41000", "2020-06-30": "0.17000", "2020-03-31": "0.12000", "2019-12-31": "0.45000", "2019-09-30": "0.39000", "2019-06-30": "0.40000", "2019-03-31": "0.38000", "2018-12-31": "0.44000", "2018-09-30": "0.45000", "2018-06-30": "0.44000", "2018-03-31": "0.38000", "2017-12-31": "0.18000", "2017-09-30": "0.32000", "2017-06-30": "0.36000", "2017-03-31": "0.27000", "2016-12-31": "0.18000", "2016-09-30": "0.17000", "2016-06-30": "0.23000", "2016-03-31": "0.22000", "2015-12-31": "0.27000", "2015-09-30": "0.25000", "2015-06-30": "0.27000", "2015-03-31": "0.26000", "2014-12-31": "0.28000", "2014-09-30": "0.21000", "2014-06-30": "0.24000", "2014-03-31": "0.26000", "2013-12-31": "0.25000", "2013-09-30": "0.29000", "2013-06-30": "0.22000", "2013-03-31": "0.21000", "2012-12-31": "0.22000", "2012-09-30": "0.23000", "2012-06-30": "0.24000", "2012-03-31": "0.20000", "2011-12-31": "0.21000", "2011-09-30": "0.22000", "2011-06-30": "0.25000", "2011-03-31": "0.19000", "2010-12-31": "0.32000", "2010-09-30": "0.20000", "2010-06-30": "0.03000", "2010-03-31": "-0.11000", "2009-12-31": "-0.05000", "2009-09-30": "-0.52000", "2009-06-30": "-0.68000", "2009-03-31": "-1.09000", "2008-12-31": "-1.10000", "2008-09-30": "-0.10000", "2008-06-30": "-2.70000", "2008-03-31": "0.54000", "2007-12-31": "0.07000", "2007-09-30": "0.54000", "2007-06-30": "0.84000", "2007-03-31": "0.87000", "2006-12-31": "0.36000", "2006-09-30": "0.76000", "2006-06-30": "0.75000", "2006-03-31": "0.70000", "2005-12-31": "0.72000", "2005-09-30": "0.67000", "2005-06-30": "0.70000", "2005-03-31": "0.64000"}}, "balance sheet": {"Cash On Hand": {"2020-12-31": "18020.00000", "2019-12-31": "3044.00000", "2018-12-31": "4089.00000", "2017-12-31": "5954.00000", "2016-12-31": "4319.00000", "2015-12-31": "4102.00000", "2014-12-31": "5672.00000", "2013-12-31": "6945.00000", "2012-12-31": "5129.00000", "2011-12-31": "4836.00000", "2010-12-31": "2607.00000", "2009-12-31": "3423.00000", "2008-12-31": "7746.00000", "2007-12-31": "3386.00000", "2006-12-31": "3671.00000", "2005-12-31": "4700.00000"}, "Receivables": {"2020-12-31": "", "2019-12-31": "", "2018-12-31": "", "2017-12-31": "", "2016-12-31": "", "2015-12-31": "", "2014-12-31": "", "2013-12-31": "", "2012-12-31": "", "2011-12-31": "", "2010-12-31": "", "2009-12-31": "", "2008-12-31": "", "2007-12-31": "", "2006-12-31": "", "2005-12-31": ""}, "Inventory": {"2020-12-31": "", "2019-12-31": "", "2018-12-31": "", "2017-12-31": "", "2016-12-31": "", "2015-12-31": "", "2014-12-31": "", "2013-12-31": "", "2012-12-31": "", "2011-12-31": "", "2010-12-31": "", "2009-12-31": "", "2008-12-31": "", "2007-12-31": "", "2006-12-31": "", "2005-12-31": ""}, "Pre-Paid Expenses": {"2020-12-31": "", "2019-12-31": "", "2018-12-31": "", "2017-12-31": "", "2016-12-31": "", "2015-12-31": "", "2014-12-31": "", "2013-12-31": "", "2012-12-31": "", "2011-12-31": "", "2010-12-31": "", "2009-12-31": "", "2008-12-31": "", "2007-12-31": "", "2006-12-31": "", "2005-12-31": ""}, "Other Current Assets": {"2020-12-31": "", "2019-12-31": "", "2018-12-31": "", "2017-12-31": "", "2016-12-31": "", "2015-12-31": "", "2014-12-31": "", "2013-12-31": "", "2012-12-31": "", "2011-12-31": "", "2010-12-31": "", "2009-12-31": "", "2008-12-31": "", "2007-12-31": "", "2006-12-31": "", "2005-12-31": ""}, "Total Current Assets": {"2020-12-31": "125974.00000", "2019-12-31": "103618.00000", "2018-12-31": "99015.00000", "2017-12-31": "96826.00000", "2016-12-31": "94467.00000", "2015-12-31": "67111.00000", "2014-12-31": "65945.00000", "2013-12-31": "64180.00000", "2012-12-31": "60436.00000", "2011-12-31": "57212.00000", "2010-12-31": "55453.00000", "2009-12-31": "64198.00000", "2008-12-31": "82396.00000", "2007-12-31": "81867.00000", "2006-12-31": "76203.00000", "2005-12-31": "77614.00000"}, "Property, Plant, And Equipment": {"2020-12-31": "753.00000", "2019-12-31": "814.00000", "2018-12-31": "882.00000", "2017-12-31": "930.00000", "2016-12-31": "978.00000", "2015-12-31": "779.00000", "2014-12-31": "841.00000", "2013-12-31": "885.00000", "2012-12-31": "965.00000", "2011-12-31": "944.00000", "2010-12-31": "908.00000", "2009-12-31": "880.00000", "2008-12-31": "840.00000", "2007-12-31": "681.00000", "2006-12-31": "595.00000", "2005-12-31": "656.00000"}, "Long-Term Investments": {"2020-12-31": "35772.00000", "2019-12-31": "32515.00000", "2018-12-31": "31613.00000", "2017-12-31": "30695.00000", "2016-12-31": "31182.00000", "2015-12-31": "19770.00000", "2014-12-31": "19135.00000", "2013-12-31": "18071.00000", "2012-12-31": "17089.00000", "2011-12-31": "19284.00000", "2010-12-31": "23308.00000", "2009-12-31": "18153.00000", "2008-12-31": "9797.00000", "2007-12-31": "9426.00000", "2006-12-31": "9220.00000", "2005-12-31": "8692.00000"}, "Goodwill And Intangible Assets": {"2020-12-31": "2852.00000", "2019-12-31": "2917.00000", "2018-12-31": "2832.00000", "2017-12-31": "2954.00000", "2016-12-31": "2830.00000", "2015-12-31": "1125.00000", "2014-12-31": "1158.00000", "2013-12-31": "1106.00000", "2012-12-31": "1150.00000", "2011-12-31": "934.00000", "2010-12-31": "938.00000", "2009-12-31": "967.00000", "2008-12-31": "1229.00000", "2007-12-31": "1375.00000", "2006-12-31": "1322.00000", "2005-12-31": "1480.00000"}, "Other Long-Term Assets": {"2020-12-31": "4286.00000", "2019-12-31": "4233.00000", "2018-12-31": "4171.00000", "2017-12-31": "4953.00000", "2016-12-31": "5411.00000", "2015-12-31": "4500.00000", "2014-12-31": "4418.00000", "2013-12-31": "4120.00000", "2012-12-31": "4314.00000", "2011-12-31": "4551.00000", "2010-12-31": "4682.00000", "2009-12-31": "4881.00000", "2008-12-31": "5856.00000", "2007-12-31": "4879.00000", "2006-12-31": "4997.00000", "2005-12-31": "4684.00000"}, "Total Long-Term Assets": {"2020-12-31": "44362.00000", "2019-12-31": "41370.00000", "2018-12-31": "40598.00000", "2017-12-31": "40872.00000", "2016-12-31": "41986.00000", "2015-12-31": "28020.00000", "2014-12-31": "27876.00000", "2013-12-31": "28754.00000", "2012-12-31": "28800.00000", "2011-12-31": "31573.00000", "2010-12-31": "36390.00000", "2009-12-31": "29089.00000", "2008-12-31": "22135.00000", "2007-12-31": "16361.00000", "2006-12-31": "16134.00000", "2005-12-31": "15512.00000"}, "Total Assets": {"2020-12-31": "170336.00000", "2019-12-31": "144988.00000", "2018-12-31": "139613.00000", "2017-12-31": "137698.00000", "2016-12-31": "136453.00000", "2015-12-31": "95131.00000", "2014-12-31": "93821.00000", "2013-12-31": "92934.00000", "2012-12-31": "89236.00000", "2011-12-31": "88785.00000", "2010-12-31": "91843.00000", "2009-12-31": "93287.00000", "2008-12-31": "104531.00000", "2007-12-31": "98228.00000", "2006-12-31": "92337.00000", "2005-12-31": "93126.00000"}, "Total Current Liabilities": {"2020-12-31": "138646.00000", "2019-12-31": "115502.00000", "2018-12-31": "110285.00000", "2017-12-31": "108340.00000", "2016-12-31": "108193.00000", "2015-12-31": "73556.00000", "2014-12-31": "74617.00000", "2013-12-31": "72696.00000", "2012-12-31": "69276.00000", "2011-12-31": "65767.00000", "2010-12-31": "65737.00000", "2009-12-31": "69660.00000", "2008-12-31": "77642.00000", "2007-12-31": "78273.00000", "2006-12-31": "69179.00000", "2005-12-31": "70529.00000"}, "Long Term Debt": {"2020-12-31": "13709.00000", "2019-12-31": "12448.00000", "2018-12-31": "13732.00000", "2017-12-31": "14333.00000", "2016-12-31": "12384.00000", "2015-12-31": "10184.00000", "2014-12-31": "7875.00000", "2013-12-31": "7650.00000", "2012-12-31": "6847.00000", "2011-12-31": "9520.00000", "2010-12-31": "10592.00000", "2009-12-31": "11558.00000", "2008-12-31": "14995.00000", "2007-12-31": "11957.00000", "2006-12-31": "14533.00000", "2005-12-31": "13939.00000"}, "Other Non-Current Liabilities": {"2020-12-31": "", "2019-12-31": "", "2018-12-31": "", "2017-12-31": "", "2016-12-31": "636.00000", "2015-12-31": "632.00000", "2014-12-31": "784.00000", "2013-12-31": "414.00000", "2012-12-31": "584.00000", "2011-12-31": "1026.00000", "2010-12-31": "1142.00000", "2009-12-31": "1012.00000", "2008-12-31": "1032.00000", "2007-12-31": "252.00000", "2006-12-31": "922.00000", "2005-12-31": "1060.00000"}, "Total Long Term Liabilities": {"2020-12-31": "13709.00000", "2019-12-31": "12448.00000", "2018-12-31": "13732.00000", "2017-12-31": "14333.00000", "2016-12-31": "13020.00000", "2015-12-31": "10816.00000", "2014-12-31": "8662.00000", "2013-12-31": "9918.00000", "2012-12-31": "9651.00000", "2011-12-31": "13096.00000", "2010-12-31": "14732.00000", "2009-12-31": "12694.00000", "2008-12-31": "16208.00000", "2007-12-31": "12209.00000", "2006-12-31": "15455.00000", "2005-12-31": "14999.00000"}, "Total Liabilities": {"2020-12-31": "152355.00000", "2019-12-31": "127950.00000", "2018-12-31": "124017.00000", "2017-12-31": "122673.00000", "2016-12-31": "121213.00000", "2015-12-31": "84372.00000", "2014-12-31": "83279.00000", "2013-12-31": "82614.00000", "2012-12-31": "78927.00000", "2011-12-31": "78863.00000", "2010-12-31": "80469.00000", "2009-12-31": "82354.00000", "2008-12-31": "93850.00000", "2007-12-31": "90482.00000", "2006-12-31": "84634.00000", "2005-12-31": "85528.00000"}, "Common Stock Net": {"2020-12-31": "1257.00000", "2019-12-31": "1257.00000", "2018-12-31": "1257.00000", "2017-12-31": "1257.00000", "2016-12-31": "1257.00000", "2015-12-31": "1017.00000", "2014-12-31": "1017.00000", "2013-12-31": "1017.00000", "2012-12-31": "1017.00000", "2011-12-31": "1017.00000", "2010-12-31": "946.00000", "2009-12-31": "946.00000", "2008-12-31": "584.00000", "2007-12-31": "492.00000", "2006-12-31": "492.00000", "2005-12-31": "492.00000"}, "Retained Earnings (Accumulated Deficit)": {"2020-12-31": "12751.00000", "2019-12-31": "12469.00000", "2018-12-31": "11556.00000", "2017-12-31": "10335.00000", "2016-12-31": "9378.00000", "2015-12-31": "8922.00000", "2014-12-31": "8273.00000", "2013-12-31": "7606.00000", "2012-12-31": "6913.00000", "2011-12-31": "6246.00000", "2010-12-31": "5557.00000", "2009-12-31": "5158.00000", "2008-12-31": "6727.00000", "2007-12-31": "8522.00000", "2006-12-31": "8377.00000", "2005-12-31": "7882.00000"}, "Comprehensive Income": {"2020-12-31": "738.00000", "2019-12-31": "26.00000", "2018-12-31": "-818.00000", "2017-12-31": "-779.00000", "2016-12-31": "-541.00000", "2015-12-31": "-405.00000", "2014-12-31": "-356.00000", "2013-12-31": "-352.00000", "2012-12-31": "-124.00000", "2011-12-31": "-28.00000", "2010-12-31": "-17.00000", "2009-12-31": "-3.00000", "2008-12-31": "65.00000", "2007-12-31": "130.00000", "2006-12-31": "-184.00000", "2005-12-31": "-106.00000"}, "Other Share Holders Equity": {"2020-12-31": "", "2019-12-31": "", "2018-12-31": "", "2017-12-31": "", "2016-12-31": "", "2015-12-31": "", "2014-12-31": "", "2013-12-31": "", "2012-12-31": "", "2011-12-31": "", "2010-12-31": "", "2009-12-31": "", "2008-12-31": "", "2007-12-31": "", "2006-12-31": "", "2005-12-31": ""}, "Share Holder Equity": {"2020-12-31": "17981.00000", "2019-12-31": "17038.00000", "2018-12-31": "15596.00000", "2017-12-31": "15025.00000", "2016-12-31": "15240.00000", "2015-12-31": "10759.00000", "2014-12-31": "10542.00000", "2013-12-31": "10320.00000", "2012-12-31": "10309.00000", "2011-12-31": "9922.00000", "2010-12-31": "11374.00000", "2009-12-31": "10933.00000", "2008-12-31": "10681.00000", "2007-12-31": "7746.00000", "2006-12-31": "7703.00000", "2005-12-31": "7598.00000"}, "Total Liabilities And Share Holders Equity": {"2020-12-31": "170336.00000", "2019-12-31": "144988.00000", "2018-12-31": "139613.00000", "2017-12-31": "137698.00000", "2016-12-31": "136453.00000", "2015-12-31": "95131.00000", "2014-12-31": "93821.00000", "2013-12-31": "92934.00000", "2012-12-31": "89236.00000", "2011-12-31": "88785.00000", "2010-12-31": "91843.00000", "2009-12-31": "93287.00000", "2008-12-31": "104531.00000", "2007-12-31": "98228.00000", "2006-12-31": "92337.00000", "2005-12-31": "93126.00000"}}, "balance sheet, quarterly": {"Cash On Hand": {"2020-12-31": "18020.00000", "2020-09-30": "15837.00000", "2020-06-30": "15740.00000", "2020-03-31": "5733.00000", "2019-12-31": "3044.00000", "2019-09-30": "4950.00000", "2019-06-30": "4055.00000", "2019-03-31": "4101.00000", "2018-12-31": "4089.00000", "2018-09-30": "3549.00000", "2018-06-30": "4263.00000", "2018-03-31": "3056.00000", "2017-12-31": "5954.00000", "2017-09-30": "5338.00000", "2017-06-30": "4204.00000", "2017-03-31": "3995.00000", "2016-12-31": "4319.00000", "2016-09-30": "4891.00000", "2016-06-30": "8060.00000", "2016-03-31": "6675.00000", "2015-12-31": "4102.00000", "2015-09-30": "3245.00000", "2015-06-30": "4589.00000", "2015-03-31": "4673.00000", "2014-12-31": "5672.00000", "2014-09-30": "3958.00000", "2014-06-30": "4670.00000", "2014-03-31": "4171.00000", "2013-12-31": "6945.00000", "2013-09-30": "5089.00000", "2013-06-30": "4870.00000", "2013-03-31": "4403.00000", "2012-12-31": "5129.00000", "2012-09-30": "3844.00000", "2012-06-30": "3611.00000", "2012-03-31": "4634.00000", "2011-12-31": "4836.00000", "2011-09-30": "6323.00000", "2011-06-30": "6185.00000", "2011-03-31": "5286.00000", "2010-12-31": "2607.00000", "2010-09-30": "3849.00000", "2010-06-30": "3589.00000", "2010-03-31": "5998.00000", "2009-12-31": "3423.00000", "2009-09-30": "5117.00000", "2009-06-30": "4964.00000", "2009-03-31": "4820.00000", "2008-12-31": "7746.00000", "2008-09-30": "4029.00000", "2008-06-30": "4221.00000", "2008-03-31": "3322.00000", "2007-12-31": "3386.00000", "2007-09-30": "3604.00000", "2007-06-30": "3283.00000", "2007-03-31": "4036.00000", "2006-12-31": "3671.00000", "2006-09-30": "4539.00000", "2006-06-30": "4391.00000", "2006-03-31": "4460.00000", "2005-12-31": "4700.00000", "2005-09-30": "5054.00000", "2005-06-30": "4813.00000", "2005-03-31": "4754.00000"}, "Receivables": {"2020-12-31": "", "2020-09-30": "", "2020-06-30": "", "2020-03-31": "", "2019-12-31": "", "2019-09-30": "", "2019-06-30": "", "2019-03-31": "", "2018-12-31": "", "2018-09-30": "", "2018-06-30": "", "2018-03-31": "", "2017-12-31": "", "2017-09-30": "", "2017-06-30": "", "2017-03-31": "", "2016-12-31": "", "2016-09-30": "", "2016-06-30": "", "2016-03-31": "", "2015-12-31": "", "2015-09-30": "", "2015-06-30": "", "2015-03-31": "", "2014-12-31": "", "2014-09-30": "", "2014-06-30": "", "2014-03-31": "", "2013-12-31": "", "2013-09-30": "", "2013-06-30": "", "2013-03-31": "", "2012-12-31": "", "2012-09-30": "", "2012-06-30": "", "2012-03-31": "", "2011-12-31": "", "2011-09-30": "", "2011-06-30": "", "2011-03-31": "", "2010-12-31": "", "2010-09-30": "", "2010-06-30": "", "2010-03-31": "", "2009-12-31": "", "2009-09-30": "", "2009-06-30": "", "2009-03-31": "", "2008-12-31": "", "2008-09-30": "", "2008-06-30": "", "2008-03-31": "", "2007-12-31": "", "2007-09-30": "", "2007-06-30": "", "2007-03-31": "", "2006-12-31": "", "2006-09-30": "", "2006-06-30": "", "2006-03-31": "", "2005-12-31": "", "2005-09-30": "", "2005-06-30": "", "2005-03-31": ""}, "Inventory": {"2020-12-31": "", "2020-09-30": "", "2020-06-30": "", "2020-03-31": "", "2019-12-31": "", "2019-09-30": "", "2019-06-30": "", "2019-03-31": "", "2018-12-31": "", "2018-09-30": "", "2018-06-30": "", "2018-03-31": "", "2017-12-31": "", "2017-09-30": "", "2017-06-30": "", "2017-03-31": "", "2016-12-31": "", "2016-09-30": "", "2016-06-30": "", "2016-03-31": "", "2015-12-31": "", "2015-09-30": "", "2015-06-30": "", "2015-03-31": "", "2014-12-31": "", "2014-09-30": "", "2014-06-30": "", "2014-03-31": "", "2013-12-31": "", "2013-09-30": "", "2013-06-30": "", "2013-03-31": "", "2012-12-31": "", "2012-09-30": "", "2012-06-30": "", "2012-03-31": "", "2011-12-31": "", "2011-09-30": "", "2011-06-30": "", "2011-03-31": "", "2010-12-31": "", "2010-09-30": "", "2010-06-30": "", "2010-03-31": "", "2009-12-31": "", "2009-09-30": "", "2009-06-30": "", "2009-03-31": "", "2008-12-31": "", "2008-09-30": "", "2008-06-30": "", "2008-03-31": "", "2007-12-31": "", "2007-09-30": "", "2007-06-30": "", "2007-03-31": "", "2006-12-31": "", "2006-09-30": "", "2006-06-30": "", "2006-03-31": "", "2005-12-31": "", "2005-09-30": "", "2005-06-30": "", "2005-03-31": ""}, "Pre-Paid Expenses": {"2020-12-31": "", "2020-09-30": "", "2020-06-30": "", "2020-03-31": "", "2019-12-31": "", "2019-09-30": "", "2019-06-30": "", "2019-03-31": "", "2018-12-31": "", "2018-09-30": "", "2018-06-30": "", "2018-03-31": "", "2017-12-31": "", "2017-09-30": "", "2017-06-30": "", "2017-03-31": "", "2016-12-31": "", "2016-09-30": "", "2016-06-30": "", "2016-03-31": "", "2015-12-31": "", "2015-09-30": "", "2015-06-30": "", "2015-03-31": "", "2014-12-31": "", "2014-09-30": "", "2014-06-30": "", "2014-03-31": "", "2013-12-31": "", "2013-09-30": "", "2013-06-30": "", "2013-03-31": "", "2012-12-31": "", "2012-09-30": "", "2012-06-30": "", "2012-03-31": "", "2011-12-31": "", "2011-09-30": "", "2011-06-30": "", "2011-03-31": "", "2010-12-31": "", "2010-09-30": "", "2010-06-30": "", "2010-03-31": "", "2009-12-31": "", "2009-09-30": "", "2009-06-30": "", "2009-03-31": "", "2008-12-31": "", "2008-09-30": "", "2008-06-30": "", "2008-03-31": "", "2007-12-31": "", "2007-09-30": "", "2007-06-30": "", "2007-03-31": "", "2006-12-31": "", "2006-09-30": "", "2006-06-30": "", "2006-03-31": "", "2005-12-31": "", "2005-09-30": "", "2005-06-30": "", "2005-03-31": ""}, "Other Current Assets": {"2020-12-31": "", "2020-09-30": "", "2020-06-30": "", "2020-03-31": "", "2019-12-31": "", "2019-09-30": "", "2019-06-30": "", "2019-03-31": "", "2018-12-31": "", "2018-09-30": "", "2018-06-30": "", "2018-03-31": "", "2017-12-31": "", "2017-09-30": "", "2017-06-30": "", "2017-03-31": "", "2016-12-31": "", "2016-09-30": "", "2016-06-30": "", "2016-03-31": "", "2015-12-31": "", "2015-09-30": "", "2015-06-30": "", "2015-03-31": "", "2014-12-31": "", "2014-09-30": "", "2014-06-30": "", "2014-03-31": "", "2013-12-31": "", "2013-09-30": "", "2013-06-30": "", "2013-03-31": "", "2012-12-31": "", "2012-09-30": "", "2012-06-30": "", "2012-03-31": "", "2011-12-31": "", "2011-09-30": "", "2011-06-30": "", "2011-03-31": "", "2010-12-31": "", "2010-09-30": "", "2010-06-30": "", "2010-03-31": "", "2009-12-31": "", "2009-09-30": "", "2009-06-30": "", "2009-03-31": "", "2008-12-31": "", "2008-09-30": "", "2008-06-30": "", "2008-03-31": "", "2007-12-31": "", "2007-09-30": "", "2007-06-30": "", "2007-03-31": "", "2006-12-31": "", "2006-09-30": "", "2006-06-30": "", "2006-03-31": "", "2005-12-31": "", "2005-09-30": "", "2005-06-30": "", "2005-03-31": ""}, "Total Current Assets": {"2020-12-31": "125974.00000", "2020-09-30": "125996.00000", "2020-06-30": "129174.00000", "2020-03-31": "116319.00000", "2019-12-31": "103618.00000", "2019-09-30": "104296.00000", "2019-06-30": "102525.00000", "2019-03-31": "99886.00000", "2018-12-31": "99015.00000", "2018-09-30": "97926.00000", "2018-06-30": "97398.00000", "2018-03-31": "96147.00000", "2017-12-31": "96826.00000", "2017-09-30": "96035.00000", "2017-06-30": "95727.00000", "2017-03-31": "94698.00000", "2016-12-31": "94467.00000", "2016-09-30": "94171.00000", "2016-06-30": "72419.00000", "2016-03-31": "69820.00000", "2015-12-31": "67111.00000", "2015-09-30": "66802.00000", "2015-06-30": "66204.00000", "2015-03-31": "66623.00000", "2014-12-31": "65945.00000", "2014-09-30": "63117.00000", "2014-06-30": "62981.00000", "2014-03-31": "62187.00000", "2013-12-31": "64180.00000", "2013-09-30": "61264.00000", "2013-06-30": "60361.00000", "2013-03-31": "59402.00000", "2012-12-31": "60436.00000", "2012-09-30": "57856.00000", "2012-06-30": "55951.00000", "2012-03-31": "56497.00000", "2011-12-31": "57212.00000", "2011-09-30": "56812.00000", "2011-06-30": "56144.00000", "2011-03-31": "56650.00000", "2010-12-31": "55453.00000", "2010-09-30": "57819.00000", "2010-06-30": "59464.00000", "2010-03-31": "64192.00000", "2009-12-31": "64198.00000", "2009-09-30": "68991.00000", "2009-06-30": "73328.00000", "2009-03-31": "76093.00000", "2008-12-31": "82396.00000", "2008-09-30": "79775.00000", "2008-06-30": "83457.00000", "2008-03-31": "83536.00000", "2007-12-31": "81867.00000", "2007-09-30": "80220.00000", "2007-06-30": "77291.00000", "2007-03-31": "76764.00000", "2006-12-31": "76203.00000", "2006-09-30": "80495.00000", "2006-06-30": "79379.00000", "2006-03-31": "78223.00000", "2005-12-31": "77614.00000", "2005-09-30": "77955.00000", "2005-06-30": "76170.00000", "2005-03-31": "75793.00000"}, "Property, Plant, And Equipment": {"2020-12-31": "753.00000", "2020-09-30": "765.00000", "2020-06-30": "776.00000", "2020-03-31": "791.00000", "2019-12-31": "814.00000", "2019-09-30": "815.00000", "2019-06-30": "829.00000", "2019-03-31": "849.00000", "2018-12-31": "882.00000", "2018-09-30": "891.00000", "2018-06-30": "892.00000", "2018-03-31": "916.00000", "2017-12-31": "930.00000", "2017-09-30": "916.00000", "2017-06-30": "919.00000", "2017-03-31": "935.00000", "2016-12-31": "978.00000", "2016-09-30": "1023.00000", "2016-06-30": "742.00000", "2016-03-31": "750.00000", "2015-12-31": "779.00000", "2015-09-30": "771.00000", "2015-06-30": "788.00000", "2015-03-31": "806.00000", "2014-12-31": "841.00000", "2014-09-30": "832.00000", "2014-06-30": "844.00000", "2014-03-31": "862.00000", "2013-12-31": "885.00000", "2013-09-30": "890.00000", "2013-06-30": "900.00000", "2013-03-31": "930.00000", "2012-12-31": "965.00000", "2012-09-30": "942.00000", "2012-06-30": "931.00000", "2012-03-31": "937.00000", "2011-12-31": "944.00000", "2011-09-30": "924.00000", "2011-06-30": "919.00000", "2011-03-31": "906.00000", "2010-12-31": "908.00000", "2010-09-30": "888.00000", "2010-06-30": "872.00000", "2010-03-31": "872.00000", "2009-12-31": "880.00000", "2009-09-30": "863.00000", "2009-06-30": "858.00000", "2009-03-31": "847.00000", "2008-12-31": "840.00000", "2008-09-30": "801.00000", "2008-06-30": "748.00000", "2008-03-31": "712.00000", "2007-12-31": "681.00000", "2007-09-30": "631.00000", "2007-06-30": "600.00000", "2007-03-31": "590.00000", "2006-12-31": "595.00000", "2006-09-30": "567.00000", "2006-06-30": "557.00000", "2006-03-31": "564.00000", "2005-12-31": "656.00000", "2005-09-30": "593.00000", "2005-06-30": "576.00000", "2005-03-31": "587.00000"}, "Long-Term Investments": {"2020-12-31": "35772.00000", "2020-09-30": "35899.00000", "2020-06-30": "33330.00000", "2020-03-31": "31124.00000", "2019-12-31": "32515.00000", "2019-09-30": "33488.00000", "2019-06-30": "33038.00000", "2019-03-31": "32734.00000", "2018-12-31": "31613.00000", "2018-09-30": "30891.00000", "2018-06-30": "30353.00000", "2018-03-31": "30792.00000", "2017-12-31": "30695.00000", "2017-09-30": "30016.00000", "2017-06-30": "29394.00000", "2017-03-31": "29306.00000", "2016-12-31": "31182.00000", "2016-09-30": "30282.00000", "2016-06-30": "19961.00000", "2016-03-31": "19950.00000", "2015-12-31": "19770.00000", "2015-09-30": "20003.00000", "2015-06-30": "19969.00000", "2015-03-31": "18855.00000", "2014-12-31": "19135.00000", "2014-09-30": "18064.00000", "2014-06-30": "18356.00000", "2014-03-31": "18084.00000", "2013-12-31": "18071.00000", "2013-09-30": "18448.00000", "2013-06-30": "19040.00000", "2013-03-31": "18276.00000", "2012-12-31": "17089.00000", "2012-09-30": "17221.00000", "2012-06-30": "18743.00000", "2012-03-31": "18840.00000", "2011-12-31": "19284.00000", "2011-09-30": "19998.00000", "2011-06-30": "19894.00000", "2011-03-31": "20869.00000", "2010-12-31": "23308.00000", "2010-09-30": "22664.00000", "2010-06-30": "21207.00000", "2010-03-31": "18100.00000", "2009-12-31": "18153.00000", "2009-09-30": "16885.00000", "2009-06-30": "13463.00000", "2009-03-31": "9852.00000", "2008-12-31": "9797.00000", "2008-09-30": "9780.00000", "2008-06-30": "9896.00000", "2008-03-31": "10009.00000", "2007-12-31": "9426.00000", "2007-09-30": "9460.00000", "2007-06-30": "9458.00000", "2007-03-31": "9293.00000", "2006-12-31": "9220.00000", "2006-09-30": "8849.00000", "2006-06-30": "8563.00000", "2006-03-31": "8502.00000", "2005-12-31": "8692.00000", "2005-09-30": "8532.00000", "2005-06-30": "8739.00000", "2005-03-31": "8625.00000"}, "Goodwill And Intangible Assets": {"2020-12-31": "2852.00000", "2020-09-30": "2867.00000", "2020-06-30": "2882.00000", "2020-03-31": "2900.00000", "2019-12-31": "2917.00000", "2019-09-30": "2936.00000", "2019-06-30": "2962.00000", "2019-03-31": "2816.00000", "2018-12-31": "2832.00000", "2018-09-30": "2854.00000", "2018-06-30": "2877.00000", "2018-03-31": "2925.00000", "2017-12-31": "2954.00000", "2017-09-30": "2899.00000", "2017-06-30": "2899.00000", "2017-03-31": "2789.00000", "2016-12-31": "2830.00000", "2016-09-30": "2906.00000", "2016-06-30": "1110.00000", "2016-03-31": "1117.00000", "2015-12-31": "1125.00000", "2015-09-30": "1134.00000", "2015-06-30": "1140.00000", "2015-03-31": "1149.00000", "2014-12-31": "1158.00000", "2014-09-30": "1177.00000", "2014-06-30": "1087.00000", "2014-03-31": "1096.00000", "2013-12-31": "1106.00000", "2013-09-30": "1116.00000", "2013-06-30": "1128.00000", "2013-03-31": "1138.00000", "2012-12-31": "1150.00000", "2012-09-30": "1161.00000", "2012-06-30": "932.00000", "2012-03-31": "932.00000", "2011-12-31": "934.00000", "2011-09-30": "935.00000", "2011-06-30": "936.00000", "2011-03-31": "937.00000", "2010-12-31": "938.00000", "2010-09-30": "956.00000", "2010-06-30": "959.00000", "2010-03-31": "963.00000", "2009-12-31": "967.00000", "2009-09-30": "971.00000", "2009-06-30": "1021.00000", "2009-03-31": "1027.00000", "2008-12-31": "1229.00000", "2008-09-30": "1700.00000", "2008-06-30": "1744.00000", "2008-03-31": "1763.00000", "2007-12-31": "1375.00000", "2007-09-30": "1307.00000", "2007-06-30": "1312.00000", "2007-03-31": "1317.00000", "2006-12-31": "1322.00000", "2006-09-30": "1499.00000", "2006-06-30": "1504.00000", "2006-03-31": "1475.00000", "2005-12-31": "1480.00000", "2005-09-30": "1453.00000", "2005-06-30": "1443.00000", "2005-03-31": "1446.00000"}, "Other Long-Term Assets": {"2020-12-31": "4286.00000", "2020-09-30": "4274.00000", "2020-06-30": "4251.00000", "2020-03-31": "4243.00000", "2019-12-31": "4233.00000", "2019-09-30": "4216.00000", "2019-06-30": "4201.00000", "2019-03-31": "4184.00000", "2018-12-31": "4171.00000", "2018-09-30": "5086.00000", "2018-06-30": "5050.00000", "2018-03-31": "4980.00000", "2017-12-31": "4953.00000", "2017-09-30": "5471.00000", "2017-06-30": "5427.00000", "2017-03-31": "5228.00000", "2016-12-31": "5411.00000", "2016-09-30": "5769.00000", "2016-06-30": "5201.00000", "2016-03-31": "4984.00000", "2015-12-31": "4500.00000", "2015-09-30": "4624.00000", "2015-06-30": "4334.00000", "2015-03-31": "4525.00000", "2014-12-31": "4418.00000", "2014-09-30": "4173.00000", "2014-06-30": "4293.00000", "2014-03-31": "4146.00000", "2013-12-31": "4120.00000", "2013-09-30": "4152.00000", "2013-06-30": "4126.00000", "2013-03-31": "4270.00000", "2012-12-31": "4314.00000", "2012-09-30": "4370.00000", "2012-06-30": "4421.00000", "2012-03-31": "4435.00000", "2011-12-31": "4551.00000", "2011-09-30": "4560.00000", "2011-06-30": "4561.00000", "2011-03-31": "4683.00000", "2010-12-31": "4682.00000", "2010-09-30": "4966.00000", "2010-06-30": "4851.00000", "2010-03-31": "4802.00000", "2009-12-31": "4881.00000", "2009-09-30": "5101.00000", "2009-06-30": "5040.00000", "2009-03-31": "5590.00000", "2008-12-31": "5856.00000", "2008-09-30": "4921.00000", "2008-06-30": "5699.00000", "2008-03-31": "5472.00000", "2007-12-31": "4879.00000", "2007-09-30": "4519.00000", "2007-06-30": "4306.00000", "2007-03-31": "4292.00000", "2006-12-31": "4997.00000", "2006-09-30": "4745.00000", "2006-06-30": "4791.00000", "2006-03-31": "4627.00000", "2005-12-31": "4684.00000", "2005-09-30": "3790.00000", "2005-06-30": "4087.00000", "2005-03-31": "3825.00000"}, "Total Long-Term Assets": {"2020-12-31": "44362.00000", "2020-09-30": "44544.00000", "2020-06-30": "42018.00000", "2020-03-31": "39878.00000", "2019-12-31": "41370.00000", "2019-09-30": "42395.00000", "2019-06-30": "42020.00000", "2019-03-31": "41629.00000", "2018-12-31": "40598.00000", "2018-09-30": "40879.00000", "2018-06-30": "40394.00000", "2018-03-31": "40902.00000", "2017-12-31": "40872.00000", "2017-09-30": "40698.00000", "2017-06-30": "40097.00000", "2017-03-31": "39778.00000", "2016-12-31": "41986.00000", "2016-09-30": "41634.00000", "2016-06-30": "28731.00000", "2016-03-31": "28582.00000", "2015-12-31": "28020.00000", "2015-09-30": "28618.00000", "2015-06-30": "28400.00000", "2015-03-31": "27581.00000", "2014-12-31": "27876.00000", "2014-09-30": "26667.00000", "2014-06-30": "28817.00000", "2014-03-31": "28615.00000", "2013-12-31": "28754.00000", "2013-09-30": "29444.00000", "2013-06-30": "30278.00000", "2013-03-31": "29796.00000", "2012-12-31": "28800.00000", "2012-09-30": "29094.00000", "2012-06-30": "30572.00000", "2012-03-31": "30934.00000", "2011-12-31": "31573.00000", "2011-09-30": "32450.00000", "2011-06-30": "32638.00000", "2011-03-31": "33788.00000", "2010-12-31": "36390.00000", "2010-09-30": "36224.00000", "2010-06-30": "34703.00000", "2010-03-31": "31111.00000", "2009-12-31": "29089.00000", "2009-09-30": "27998.00000", "2009-06-30": "24464.00000", "2009-03-31": "21741.00000", "2008-12-31": "22135.00000", "2008-09-30": "21515.00000", "2008-06-30": "18087.00000", "2008-03-31": "17956.00000", "2007-12-31": "16361.00000", "2007-09-30": "15917.00000", "2007-06-30": "15676.00000", "2007-03-31": "15492.00000", "2006-12-31": "16134.00000", "2006-09-30": "15660.00000", "2006-06-30": "15415.00000", "2006-03-31": "15168.00000", "2005-12-31": "15512.00000", "2005-09-30": "14368.00000", "2005-06-30": "14845.00000", "2005-03-31": "14483.00000"}, "Total Assets": {"2020-12-31": "170336.00000", "2020-09-30": "170540.00000", "2020-06-30": "171192.00000", "2020-03-31": "156197.00000", "2019-12-31": "144988.00000", "2019-09-30": "146691.00000", "2019-06-30": "144545.00000", "2019-03-31": "141515.00000", "2018-12-31": "139613.00000", "2018-09-30": "138805.00000", "2018-06-30": "137792.00000", "2018-03-31": "137049.00000", "2017-12-31": "137698.00000", "2017-09-30": "136733.00000", "2017-06-30": "135824.00000", "2017-03-31": "134476.00000", "2016-12-31": "136453.00000", "2016-09-30": "135805.00000", "2016-06-30": "101150.00000", "2016-03-31": "98402.00000", "2015-12-31": "95131.00000", "2015-09-30": "95420.00000", "2015-06-30": "94604.00000", "2015-03-31": "94204.00000", "2014-12-31": "93821.00000", "2014-09-30": "89784.00000", "2014-06-30": "91798.00000", "2014-03-31": "90802.00000", "2013-12-31": "92934.00000", "2013-09-30": "90708.00000", "2013-06-30": "90639.00000", "2013-03-31": "89198.00000", "2012-12-31": "89236.00000", "2012-09-30": "86950.00000", "2012-06-30": "86523.00000", "2012-03-31": "87431.00000", "2011-12-31": "88785.00000", "2011-09-30": "89262.00000", "2011-06-30": "88782.00000", "2011-03-31": "90438.00000", "2010-12-31": "91843.00000", "2010-09-30": "94043.00000", "2010-06-30": "94167.00000", "2010-03-31": "95303.00000", "2009-12-31": "93287.00000", "2009-09-30": "96989.00000", "2009-06-30": "97792.00000", "2009-03-31": "97834.00000", "2008-12-31": "104531.00000", "2008-09-30": "101290.00000", "2008-06-30": "101544.00000", "2008-03-31": "101492.00000", "2007-12-31": "98228.00000", "2007-09-30": "96137.00000", "2007-06-30": "92967.00000", "2007-03-31": "92256.00000", "2006-12-31": "92337.00000", "2006-09-30": "96155.00000", "2006-06-30": "94794.00000", "2006-03-31": "93391.00000", "2005-12-31": "93126.00000", "2005-09-30": "92323.00000", "2005-06-30": "91015.00000", "2005-03-31": "90276.00000"}, "Total Current Liabilities": {"2020-12-31": "138646.00000", "2020-09-30": "140133.00000", "2020-06-30": "139916.00000", "2020-03-31": "125054.00000", "2019-12-31": "115502.00000", "2019-09-30": "115105.00000", "2019-06-30": "113262.00000", "2019-03-31": "111421.00000", "2018-12-31": "110285.00000", "2018-09-30": "109746.00000", "2018-06-30": "108837.00000", "2018-03-31": "108354.00000", "2017-12-31": "108340.00000", "2017-09-30": "106151.00000", "2017-06-30": "107000.00000", "2017-03-31": "106919.00000", "2016-12-31": "108193.00000", "2016-09-30": "107335.00000", "2016-06-30": "77698.00000", "2016-03-31": "75781.00000", "2015-12-31": "73556.00000", "2015-09-30": "73719.00000", "2015-06-30": "73178.00000", "2015-03-31": "74055.00000", "2014-12-31": "74617.00000", "2014-09-30": "71722.00000", "2014-06-30": "70933.00000", "2014-03-31": "70444.00000", "2013-12-31": "72696.00000", "2013-09-30": "71831.00000", "2013-06-30": "71087.00000", "2013-03-31": "68334.00000", "2012-12-31": "69276.00000", "2012-09-30": "67527.00000", "2012-06-30": "65635.00000", "2012-03-31": "65088.00000", "2011-12-31": "65767.00000", "2011-09-30": "64835.00000", "2011-06-30": "64107.00000", "2011-03-31": "65658.00000", "2010-12-31": "65737.00000", "2010-09-30": "66758.00000", "2010-06-30": "68184.00000", "2010-03-31": "69611.00000", "2009-12-31": "69660.00000", "2009-09-30": "71630.00000", "2009-06-30": "72620.00000", "2009-03-31": "71618.00000", "2008-12-31": "77642.00000", "2008-09-30": "76099.00000", "2008-06-30": "76916.00000", "2008-03-31": "77921.00000", "2007-12-31": "78273.00000", "2007-09-30": "76550.00000", "2007-06-30": "72437.00000", "2007-03-31": "71303.00000", "2006-12-31": "69179.00000", "2006-09-30": "73710.00000", "2006-06-30": "71851.00000", "2006-03-31": "70673.00000", "2005-12-31": "70529.00000", "2005-09-30": "69689.00000", "2005-06-30": "68834.00000", "2005-03-31": "68003.00000"}, "Long Term Debt": {"2020-12-31": "13709.00000", "2020-09-30": "12685.00000", "2020-06-30": "13734.00000", "2020-03-31": "13732.00000", "2019-12-31": "12448.00000", "2019-09-30": "14470.00000", "2019-06-30": "14312.00000", "2019-03-31": "14168.00000", "2018-12-31": "13732.00000", "2018-09-30": "13849.00000", "2018-06-30": "13853.00000", "2018-03-31": "13749.00000", "2017-12-31": "14333.00000", "2017-09-30": "15100.00000", "2017-06-30": "13261.00000", "2017-03-31": "12324.00000", "2016-12-31": "12384.00000", "2016-09-30": "12622.00000", "2016-06-30": "11388.00000", "2016-03-31": "10760.00000", "2015-12-31": "10184.00000", "2015-09-30": "10308.00000", "2015-06-30": "10265.00000", "2015-03-31": "8711.00000", "2014-12-31": "7875.00000", "2014-09-30": "7172.00000", "2014-06-30": "8213.00000", "2014-03-31": "7712.00000", "2013-12-31": "7650.00000", "2013-09-30": "6154.00000", "2013-06-30": "6666.00000", "2013-03-31": "7785.00000", "2012-12-31": "6847.00000", "2012-09-30": "6119.00000", "2012-06-30": "7521.00000", "2012-03-31": "8898.00000", "2011-12-31": "9520.00000", "2011-09-30": "10717.00000", "2011-06-30": "10997.00000", "2011-03-31": "11048.00000", "2010-12-31": "10592.00000", "2010-09-30": "11443.00000", "2010-06-30": "10451.00000", "2010-03-31": "11177.00000", "2009-12-31": "11558.00000", "2009-09-30": "12865.00000", "2009-06-30": "13462.00000", "2009-03-31": "14978.00000", "2008-12-31": "14995.00000", "2008-09-30": "15597.00000", "2008-06-30": "15106.00000", "2008-03-31": "14337.00000", "2007-12-31": "11957.00000", "2007-09-30": "11549.00000", "2007-06-30": "12581.00000", "2007-03-31": "13061.00000", "2006-12-31": "14533.00000", "2006-09-30": "13654.00000", "2006-06-30": "14050.00000", "2006-03-31": "14032.00000", "2005-12-31": "13939.00000", "2005-09-30": "14037.00000", "2005-06-30": "13588.00000", "2005-03-31": "14100.00000"}, "Other Non-Current Liabilities": {"2020-12-31": "", "2020-09-30": "", "2020-06-30": "", "2020-03-31": "", "2019-12-31": "", "2019-09-30": "", "2019-06-30": "", "2019-03-31": "", "2018-12-31": "", "2018-09-30": "", "2018-06-30": "", "2018-03-31": "", "2017-12-31": "", "2017-09-30": "232.00000", "2017-06-30": "308.00000", "2017-03-31": "255.00000", "2016-12-31": "636.00000", "2016-09-30": "850.00000", "2016-06-30": "746.00000", "2016-03-31": "790.00000", "2015-12-31": "632.00000", "2015-09-30": "676.00000", "2015-06-30": "560.00000", "2015-03-31": "825.00000", "2014-12-31": "784.00000", "2014-09-30": "384.00000", "2014-06-30": "451.00000", "2014-03-31": "408.00000", "2013-12-31": "414.00000", "2013-09-30": "450.00000", "2013-06-30": "456.00000", "2013-03-31": "524.00000", "2012-12-31": "584.00000", "2012-09-30": "657.00000", "2012-06-30": "763.00000", "2012-03-31": "754.00000", "2011-12-31": "1026.00000", "2011-09-30": "1141.00000", "2011-06-30": "991.00000", "2011-03-31": "1106.00000", "2010-12-31": "1142.00000", "2010-09-30": "1330.00000", "2010-06-30": "1321.00000", "2010-03-31": "1103.00000", "2009-12-31": "1012.00000", "2009-09-30": "1185.00000", "2009-06-30": "528.00000", "2009-03-31": "927.00000", "2008-12-31": "1032.00000", "2008-09-30": "581.00000", "2008-06-30": "637.00000", "2008-03-31": "465.00000", "2007-12-31": "252.00000", "2007-09-30": "218.00000", "2007-06-30": "248.00000", "2007-03-31": "173.00000", "2006-12-31": "922.00000", "2006-09-30": "844.00000", "2006-06-30": "1156.00000", "2006-03-31": "1048.00000", "2005-12-31": "1060.00000", "2005-09-30": "1075.00000", "2005-06-30": "1241.00000", "2005-03-31": "1011.00000"}, "Total Long Term Liabilities": {"2020-12-31": "13709.00000", "2020-09-30": "12685.00000", "2020-06-30": "13734.00000", "2020-03-31": "13732.00000", "2019-12-31": "12448.00000", "2019-09-30": "14470.00000", "2019-06-30": "14312.00000", "2019-03-31": "14168.00000", "2018-12-31": "13732.00000", "2018-09-30": "13849.00000", "2018-06-30": "13853.00000", "2018-03-31": "13749.00000", "2017-12-31": "14333.00000", "2017-09-30": "15332.00000", "2017-06-30": "13569.00000", "2017-03-31": "12579.00000", "2016-12-31": "13020.00000", "2016-09-30": "13472.00000", "2016-06-30": "12134.00000", "2016-03-31": "11550.00000", "2015-12-31": "10816.00000", "2015-09-30": "10984.00000", "2015-06-30": "10825.00000", "2015-03-31": "9536.00000", "2014-12-31": "8662.00000", "2014-09-30": "7559.00000", "2014-06-30": "10344.00000", "2014-03-31": "9939.00000", "2013-12-31": "9918.00000", "2013-09-30": "8641.00000", "2013-06-30": "9291.00000", "2013-03-31": "10485.00000", "2012-12-31": "9651.00000", "2012-09-30": "9144.00000", "2012-06-30": "10712.00000", "2012-03-31": "12227.00000", "2011-12-31": "13096.00000", "2011-09-30": "14509.00000", "2011-06-30": "14938.00000", "2011-03-31": "15083.00000", "2010-12-31": "14732.00000", "2010-09-30": "15897.00000", "2010-06-30": "14911.00000", "2010-03-31": "14770.00000", "2009-12-31": "12694.00000", "2009-09-30": "14171.00000", "2009-06-30": "14112.00000", "2009-03-31": "16042.00000", "2008-12-31": "16208.00000", "2008-09-30": "16333.00000", "2008-06-30": "15743.00000", "2008-03-31": "14802.00000", "2007-12-31": "12209.00000", "2007-09-30": "11767.00000", "2007-06-30": "12829.00000", "2007-03-31": "13234.00000", "2006-12-31": "15455.00000", "2006-09-30": "14498.00000", "2006-06-30": "15206.00000", "2006-03-31": "15080.00000", "2005-12-31": "14999.00000", "2005-09-30": "15112.00000", "2005-06-30": "14829.00000", "2005-03-31": "15111.00000"}, "Total Liabilities": {"2020-12-31": "152355.00000", "2020-09-30": "152818.00000", "2020-06-30": "153650.00000", "2020-03-31": "138786.00000", "2019-12-31": "127950.00000", "2019-09-30": "129575.00000", "2019-06-30": "127574.00000", "2019-03-31": "125589.00000", "2018-12-31": "124017.00000", "2018-09-30": "123595.00000", "2018-06-30": "122690.00000", "2018-03-31": "122103.00000", "2017-12-31": "122673.00000", "2017-09-30": "121483.00000", "2017-06-30": "120569.00000", "2017-03-31": "119498.00000", "2016-12-31": "121213.00000", "2016-09-30": "120807.00000", "2016-06-30": "89832.00000", "2016-03-31": "87331.00000", "2015-12-31": "84372.00000", "2015-09-30": "84703.00000", "2015-06-30": "84003.00000", "2015-03-31": "83591.00000", "2014-12-31": "83279.00000", "2014-09-30": "79281.00000", "2014-06-30": "81277.00000", "2014-03-31": "80383.00000", "2013-12-31": "82614.00000", "2013-09-30": "80472.00000", "2013-06-30": "80378.00000", "2013-03-31": "78819.00000", "2012-12-31": "78927.00000", "2012-09-30": "76671.00000", "2012-06-30": "76347.00000", "2012-03-31": "77315.00000", "2011-12-31": "78863.00000", "2011-09-30": "79344.00000", "2011-06-30": "79045.00000", "2011-03-31": "80741.00000", "2010-12-31": "80469.00000", "2010-09-30": "82655.00000", "2010-06-30": "83095.00000", "2010-03-31": "84381.00000", "2009-12-31": "82354.00000", "2009-09-30": "85801.00000", "2009-06-30": "86732.00000", "2009-03-31": "87660.00000", "2008-12-31": "93850.00000", "2008-09-30": "92432.00000", "2008-06-30": "92659.00000", "2008-03-31": "92723.00000", "2007-12-31": "90482.00000", "2007-09-30": "88317.00000", "2007-06-30": "85266.00000", "2007-03-31": "84537.00000", "2006-12-31": "84634.00000", "2006-09-30": "88208.00000", "2006-06-30": "87057.00000", "2006-03-31": "85753.00000", "2005-12-31": "85528.00000", "2005-09-30": "84801.00000", "2005-06-30": "83663.00000", "2005-03-31": "83114.00000"}, "Common Stock Net": {"2020-12-31": "1257.00000", "2020-09-30": "1257.00000", "2020-06-30": "1257.00000", "2020-03-31": "1257.00000", "2019-12-31": "1257.00000", "2019-09-30": "1257.00000", "2019-06-30": "1257.00000", "2019-03-31": "1257.00000", "2018-12-31": "1257.00000", "2018-09-30": "1257.00000", "2018-06-30": "1257.00000", "2018-03-31": "1257.00000", "2017-12-31": "1257.00000", "2017-09-30": "1257.00000", "2017-06-30": "1257.00000", "2017-03-31": "1257.00000", "2016-12-31": "1257.00000", "2016-09-30": "1257.00000", "2016-06-30": "1017.00000", "2016-03-31": "1017.00000", "2015-12-31": "1017.00000", "2015-09-30": "1017.00000", "2015-06-30": "1017.00000", "2015-03-31": "1017.00000", "2014-12-31": "1017.00000", "2014-09-30": "1017.00000", "2014-06-30": "1017.00000", "2014-03-31": "1017.00000", "2013-12-31": "1017.00000", "2013-09-30": "1017.00000", "2013-06-30": "1017.00000", "2013-03-31": "1017.00000", "2012-12-31": "1017.00000", "2012-09-30": "1017.00000", "2012-06-30": "1017.00000", "2012-03-31": "1017.00000", "2011-12-31": "1017.00000", "2011-09-30": "1017.00000", "2011-06-30": "1017.00000", "2011-03-31": "1017.00000", "2010-12-31": "946.00000", "2010-09-30": "946.00000", "2010-06-30": "946.00000", "2010-03-31": "946.00000", "2009-12-31": "946.00000", "2009-09-30": "946.00000", "2009-06-30": "865.00000", "2009-03-31": "584.00000", "2008-12-31": "584.00000", "2008-09-30": "584.00000", "2008-06-30": "577.00000", "2008-03-31": "492.00000", "2007-12-31": "492.00000", "2007-09-30": "492.00000", "2007-06-30": "492.00000", "2007-03-31": "492.00000", "2006-12-31": "492.00000", "2006-09-30": "492.00000", "2006-06-30": "492.00000", "2006-03-31": "492.00000", "2005-12-31": "492.00000", "2005-09-30": "492.00000", "2005-06-30": "492.00000", "2005-03-31": "492.00000"}, "Retained Earnings (Accumulated Deficit)": {"2020-12-31": "12751.00000", "2020-09-30": "12375.00000", "2020-06-30": "12154.00000", "2020-03-31": "12174.00000", "2019-12-31": "12469.00000", "2019-09-30": "12209.00000", "2019-06-30": "12005.00000", "2019-03-31": "11771.00000", "2018-12-31": "11556.00000", "2018-09-30": "11262.00000", "2018-06-30": "10970.00000", "2018-03-31": "10624.00000", "2017-12-31": "10335.00000", "2017-09-30": "10125.00000", "2017-06-30": "9878.00000", "2017-03-31": "9584.00000", "2016-12-31": "9378.00000", "2016-09-30": "9260.00000", "2016-06-30": "9166.00000", "2016-03-31": "9042.00000", "2015-12-31": "8922.00000", "2015-09-30": "8764.00000", "2015-06-30": "8614.00000", "2015-03-31": "8445.00000", "2014-12-31": "8273.00000", "2014-09-30": "8082.00000", "2014-06-30": "7950.00000", "2014-03-31": "7793.00000", "2013-12-31": "7606.00000", "2013-09-30": "7431.00000", "2013-06-30": "7214.00000", "2013-03-31": "7065.00000", "2012-12-31": "6913.00000", "2012-09-30": "6762.00000", "2012-06-30": "6595.00000", "2012-03-31": "6411.00000", "2011-12-31": "6246.00000", "2011-09-30": "6079.00000", "2011-06-30": "5926.00000", "2011-03-31": "5721.00000", "2010-12-31": "5557.00000", "2010-09-30": "5287.00000", "2010-06-30": "5118.00000", "2010-03-31": "5098.00000", "2009-12-31": "5158.00000", "2009-09-30": "5431.00000", "2009-06-30": "5878.00000", "2009-03-31": "6160.00000", "2008-12-31": "6727.00000", "2008-09-30": "7320.00000", "2008-06-30": "7461.00000", "2008-03-31": "8737.00000", "2007-12-31": "8522.00000", "2007-09-30": "8788.00000", "2007-06-30": "8720.00000", "2007-03-31": "8528.00000", "2006-12-31": "8377.00000", "2006-09-30": "8371.00000", "2006-06-30": "8199.00000", "2006-03-31": "8031.00000", "2005-12-31": "7882.00000", "2005-09-30": "7719.00000", "2005-06-30": "7574.00000", "2005-03-31": "7416.00000"}, "Comprehensive Income": {"2020-12-31": "738.00000", "2020-09-30": "867.00000", "2020-06-30": "936.00000", "2020-03-31": "814.00000", "2019-12-31": "26.00000", "2019-09-30": "159.00000", "2019-06-30": "-2.00000", "2019-03-31": "-530.00000", "2018-12-31": "-818.00000", "2018-09-30": "-1166.00000", "2018-06-30": "-1085.00000", "2018-03-31": "-991.00000", "2017-12-31": "-779.00000", "2017-09-30": "-506.00000", "2017-06-30": "-506.00000", "2017-03-31": "-554.00000", "2016-12-31": "-541.00000", "2016-09-30": "-182.00000", "2016-06-30": "-114.00000", "2016-03-31": "-213.00000", "2015-12-31": "-405.00000", "2015-09-30": "-272.00000", "2015-06-30": "-345.00000", "2015-03-31": "-279.00000", "2014-12-31": "-356.00000", "2014-09-30": "-325.00000", "2014-06-30": "-289.00000", "2014-03-31": "-324.00000", "2013-12-31": "-352.00000", "2013-09-30": "-369.00000", "2013-06-30": "-318.00000", "2013-03-31": "-162.00000", "2012-12-31": "-124.00000", "2012-09-30": "-69.00000", "2012-06-30": "-72.00000", "2012-03-31": "-19.00000", "2011-12-31": "-28.00000", "2011-09-30": "143.00000", "2011-06-30": "109.00000", "2011-03-31": "-35.00000", "2010-12-31": "-17.00000", "2010-09-30": "285.00000", "2010-06-30": "153.00000", "2010-03-31": "19.00000", "2009-12-31": "-3.00000", "2009-09-30": "46.00000", "2009-06-30": "", "2009-03-31": "97.00000", "2008-12-31": "65.00000", "2008-09-30": "153.00000", "2008-06-30": "149.00000", "2008-03-31": "393.00000", "2007-12-31": "130.00000", "2007-09-30": "-54.00000", "2007-06-30": "-169.00000", "2007-03-31": "-114.00000", "2006-12-31": "-184.00000", "2006-09-30": "-70.00000", "2006-06-30": "-120.00000", "2006-03-31": "-121.00000", "2005-12-31": "-106.00000", "2005-09-30": "-73.00000", "2005-06-30": "-86.00000", "2005-03-31": "-71.00000"}, "Other Share Holders Equity": {"2020-12-31": "", "2020-09-30": "", "2020-06-30": "", "2020-03-31": "", "2019-12-31": "", "2019-09-30": "", "2019-06-30": "", "2019-03-31": "", "2018-12-31": "", "2018-09-30": "", "2018-06-30": "", "2018-03-31": "", "2017-12-31": "", "2017-09-30": "", "2017-06-30": "", "2017-03-31": "", "2016-12-31": "", "2016-09-30": "", "2016-06-30": "", "2016-03-31": "", "2015-12-31": "", "2015-09-30": "", "2015-06-30": "", "2015-03-31": "", "2014-12-31": "", "2014-09-30": "", "2014-06-30": "", "2014-03-31": "", "2013-12-31": "", "2013-09-30": "", "2013-06-30": "", "2013-03-31": "", "2012-12-31": "", "2012-09-30": "", "2012-06-30": "", "2012-03-31": "", "2011-12-31": "", "2011-09-30": "", "2011-06-30": "", "2011-03-31": "", "2010-12-31": "", "2010-09-30": "", "2010-06-30": "", "2010-03-31": "", "2009-12-31": "", "2009-09-30": "", "2009-06-30": "", "2009-03-31": "", "2008-12-31": "", "2008-09-30": "", "2008-06-30": "", "2008-03-31": "", "2007-12-31": "", "2007-09-30": "", "2007-06-30": "", "2007-03-31": "", "2006-12-31": "", "2006-09-30": "", "2006-06-30": "", "2006-03-31": "", "2005-12-31": "", "2005-09-30": "", "2005-06-30": "", "2005-03-31": ""}, "Share Holder Equity": {"2020-12-31": "17981.00000", "2020-09-30": "17722.00000", "2020-06-30": "17542.00000", "2020-03-31": "17411.00000", "2019-12-31": "17038.00000", "2019-09-30": "17116.00000", "2019-06-30": "16971.00000", "2019-03-31": "15926.00000", "2018-12-31": "15596.00000", "2018-09-30": "15210.00000", "2018-06-30": "15102.00000", "2018-03-31": "14946.00000", "2017-12-31": "15025.00000", "2017-09-30": "15250.00000", "2017-06-30": "15255.00000", "2017-03-31": "14978.00000", "2016-12-31": "15240.00000", "2016-09-30": "14998.00000", "2016-06-30": "11318.00000", "2016-03-31": "11071.00000", "2015-12-31": "10759.00000", "2015-09-30": "10717.00000", "2015-06-30": "10601.00000", "2015-03-31": "10613.00000", "2014-12-31": "10542.00000", "2014-09-30": "10503.00000", "2014-06-30": "10521.00000", "2014-03-31": "10419.00000", "2013-12-31": "10320.00000", "2013-09-30": "10236.00000", "2013-06-30": "10261.00000", "2013-03-31": "10379.00000", "2012-12-31": "10309.00000", "2012-09-30": "10279.00000", "2012-06-30": "10176.00000", "2012-03-31": "10116.00000", "2011-12-31": "9922.00000", "2011-09-30": "9918.00000", "2011-06-30": "9737.00000", "2011-03-31": "9697.00000", "2010-12-31": "11374.00000", "2010-09-30": "11388.00000", "2010-06-30": "11072.00000", "2010-03-31": "10922.00000", "2009-12-31": "10933.00000", "2009-09-30": "11188.00000", "2009-06-30": "11060.00000", "2009-03-31": "10174.00000", "2008-12-31": "10681.00000", "2008-09-30": "8858.00000", "2008-06-30": "8885.00000", "2008-03-31": "8769.00000", "2007-12-31": "7746.00000", "2007-09-30": "7820.00000", "2007-06-30": "7701.00000", "2007-03-31": "7719.00000", "2006-12-31": "7703.00000", "2006-09-30": "7947.00000", "2006-06-30": "7737.00000", "2006-03-31": "7638.00000", "2005-12-31": "7598.00000", "2005-09-30": "7522.00000", "2005-06-30": "7352.00000", "2005-03-31": "7162.00000"}, "Total Liabilities And Share Holders Equity": {"2020-12-31": "170336.00000", "2020-09-30": "170540.00000", "2020-06-30": "171192.00000", "2020-03-31": "156197.00000", "2019-12-31": "144988.00000", "2019-09-30": "146691.00000", "2019-06-30": "144545.00000", "2019-03-31": "141515.00000", "2018-12-31": "139613.00000", "2018-09-30": "138805.00000", "2018-06-30": "137792.00000", "2018-03-31": "137049.00000", "2017-12-31": "137698.00000", "2017-09-30": "136733.00000", "2017-06-30": "135824.00000", "2017-03-31": "134476.00000", "2016-12-31": "136453.00000", "2016-09-30": "135805.00000", "2016-06-30": "101150.00000", "2016-03-31": "98402.00000", "2015-12-31": "95131.00000", "2015-09-30": "95420.00000", "2015-06-30": "94604.00000", "2015-03-31": "94204.00000", "2014-12-31": "93821.00000", "2014-09-30": "89784.00000", "2014-06-30": "91798.00000", "2014-03-31": "90802.00000", "2013-12-31": "92934.00000", "2013-09-30": "90708.00000", "2013-06-30": "90639.00000", "2013-03-31": "89198.00000", "2012-12-31": "89236.00000", "2012-09-30": "86950.00000", "2012-06-30": "86523.00000", "2012-03-31": "87431.00000", "2011-12-31": "88785.00000", "2011-09-30": "89262.00000", "2011-06-30": "88782.00000", "2011-03-31": "90438.00000", "2010-12-31": "91843.00000", "2010-09-30": "94043.00000", "2010-06-30": "94167.00000", "2010-03-31": "95303.00000", "2009-12-31": "93287.00000", "2009-09-30": "96989.00000", "2009-06-30": "97792.00000", "2009-03-31": "97834.00000", "2008-12-31": "104531.00000", "2008-09-30": "101290.00000", "2008-06-30": "101544.00000", "2008-03-31": "101492.00000", "2007-12-31": "98228.00000", "2007-09-30": "96137.00000", "2007-06-30": "92967.00000", "2007-03-31": "92256.00000", "2006-12-31": "92337.00000", "2006-09-30": "96155.00000", "2006-06-30": "94794.00000", "2006-03-31": "93391.00000", "2005-12-31": "93126.00000", "2005-09-30": "92323.00000", "2005-06-30": "91015.00000", "2005-03-31": "90276.00000"}}, "cash flow statement": {"Net Income/Loss": {"2020-12-31": "0.00000", "2019-12-31": "1717.00000", "2018-12-31": "1866.00000", "2017-12-31": "1298.00000", "2016-12-31": "790.00000", "2015-12-31": "920.00000", "2014-12-31": "907.00000", "2013-12-31": "910.00000", "2012-12-31": "865.00000", "2011-12-31": "932.00000", "2010-12-31": "584.00000", "2009-12-31": "-1311.00000", "2008-12-31": "-1460.00000", "2007-12-31": "951.00000", "2006-12-31": "1055.00000", "2005-12-31": "1129.00000"}, "Total Depreciation And Amortization - Cash Flow": {"2020-12-31": "", "2019-12-31": "241.00000", "2018-12-31": "382.00000", "2017-12-31": "407.00000", "2016-12-31": "314.00000", "2015-12-31": "247.00000", "2014-12-31": "246.00000", "2013-12-31": "221.00000", "2012-12-31": "235.00000", "2011-12-31": "201.00000", "2010-12-31": "330.00000", "2009-12-31": "389.00000", "2008-12-31": "429.00000", "2007-12-31": "420.00000", "2006-12-31": "397.00000", "2005-12-31": "358.00000"}, "Other Non-Cash Items": {"2020-12-31": "", "2019-12-31": "562.00000", "2018-12-31": "400.00000", "2017-12-31": "660.00000", "2016-12-31": "412.00000", "2015-12-31": "103.00000", "2014-12-31": "-13.00000", "2013-12-31": "278.00000", "2012-12-31": "155.00000", "2011-12-31": "218.00000", "2010-12-31": "747.00000", "2009-12-31": "1843.00000", "2008-12-31": "140.00000", "2007-12-31": "111.00000", "2006-12-31": "259.00000", "2005-12-31": "191.00000"}, "Total Non-Cash Items": {"2020-12-31": "", "2019-12-31": "803.00000", "2018-12-31": "782.00000", "2017-12-31": "1067.00000", "2016-12-31": "726.00000", "2015-12-31": "350.00000", "2014-12-31": "233.00000", "2013-12-31": "499.00000", "2012-12-31": "390.00000", "2011-12-31": "419.00000", "2010-12-31": "1077.00000", "2009-12-31": "2232.00000", "2008-12-31": "569.00000", "2007-12-31": "531.00000", "2006-12-31": "656.00000", "2005-12-31": "549.00000"}, "Change In Accounts Receivable": {"2020-12-31": "", "2019-12-31": "138.00000", "2018-12-31": "-26.00000", "2017-12-31": "139.00000", "2016-12-31": "188.00000", "2015-12-31": "158.00000", "2014-12-31": "-86.00000", "2013-12-31": "40.00000", "2012-12-31": "202.00000", "2011-12-31": "-201.00000", "2010-12-31": "307.00000", "2009-12-31": "296.00000", "2008-12-31": "1063.00000", "2007-12-31": "-316.00000", "2006-12-31": "-356.00000", "2005-12-31": "903.00000"}, "Change In Inventories": {"2020-12-31": "", "2019-12-31": "-191.00000", "2018-12-31": "-13.00000", "2017-12-31": "31.00000", "2016-12-31": "-79.00000", "2015-12-31": "-38.00000", "2014-12-31": "-12.00000", "2013-12-31": "-133.00000", "2012-12-31": "18.00000", "2011-12-31": "362.00000", "2010-12-31": "224.00000", "2009-12-31": "108.00000", "2008-12-31": "-232.00000", "2007-12-31": "-144.00000", "2006-12-31": "-62.00000", "2005-12-31": "13.00000"}, "Change In Accounts Payable": {"2020-12-31": "", "2019-12-31": "", "2018-12-31": "", "2017-12-31": "", "2016-12-31": "", "2015-12-31": "", "2014-12-31": "", "2013-12-31": "", "2012-12-31": "", "2011-12-31": "", "2010-12-31": "", "2009-12-31": "", "2008-12-31": "", "2007-12-31": "", "2006-12-31": "", "2005-12-31": ""}, "Change In Assets/Liabilities": {"2020-12-31": "", "2019-12-31": "-121.00000", "2018-12-31": "-117.00000", "2017-12-31": "-119.00000", "2016-12-31": "-111.00000", "2015-12-31": "-108.00000", "2014-12-31": "-106.00000", "2013-12-31": "-106.00000", "2012-12-31": "-110.00000", "2011-12-31": "-111.00000", "2010-12-31": "", "2009-12-31": "", "2008-12-31": "-64.00000", "2007-12-31": "343.00000", "2006-12-31": "", "2005-12-31": ""}, "Total Change In Assets/Liabilities": {"2020-12-31": "", "2019-12-31": "-174.00000", "2018-12-31": "-156.00000", "2017-12-31": "51.00000", "2016-12-31": "-2.00000", "2015-12-31": "12.00000", "2014-12-31": "-204.00000", "2013-12-31": "-199.00000", "2012-12-31": "110.00000", "2011-12-31": "50.00000", "2010-12-31": "531.00000", "2009-12-31": "404.00000", "2008-12-31": "767.00000", "2007-12-31": "-117.00000", "2006-12-31": "-418.00000", "2005-12-31": "916.00000"}, "Cash Flow From Operating Activities": {"2020-12-31": "", "2019-12-31": "2906.00000", "2018-12-31": "2506.00000", "2017-12-31": "1815.00000", "2016-12-31": "1689.00000", "2015-12-31": "1131.00000", "2014-12-31": "1320.00000", "2013-12-31": "1547.00000", "2012-12-31": "1299.00000", "2011-12-31": "1793.00000", "2010-12-31": "2724.00000", "2009-12-31": "2320.00000", "2008-12-31": "-560.00000", "2007-12-31": "-44.00000", "2006-12-31": "1005.00000", "2005-12-31": "2168.00000"}, "Net Change In Property, Plant, And Equipment": {"2020-12-31": "", "2019-12-31": "-67.00000", "2018-12-31": "-97.00000", "2017-12-31": "-112.00000", "2016-12-31": "-145.00000", "2015-12-31": "-74.00000", "2014-12-31": "-96.00000", "2013-12-31": "-92.00000", "2012-12-31": "-163.00000", "2011-12-31": "-179.00000", "2010-12-31": "-153.00000", "2009-12-31": "-213.00000", "2008-12-31": "-194.00000", "2007-12-31": "-187.00000", "2006-12-31": "-114.00000", "2005-12-31": "-143.00000"}, "Net Change In Intangible Assets": {"2020-12-31": "", "2019-12-31": "", "2018-12-31": "", "2017-12-31": "", "2016-12-31": "", "2015-12-31": "", "2014-12-31": "", "2013-12-31": "", "2012-12-31": "", "2011-12-31": "", "2010-12-31": "", "2009-12-31": "", "2008-12-31": "", "2007-12-31": "", "2006-12-31": "", "2005-12-31": ""}, "Net Acquisitions/Divestitures": {"2020-12-31": "", "2019-12-31": "-185.00000", "2018-12-31": "124.00000", "2017-12-31": "-144.00000", "2016-12-31": "-481.00000", "2015-12-31": "", "2014-12-31": "-114.00000", "2013-12-31": "732.00000", "2012-12-31": "776.00000", "2011-12-31": "", "2010-12-31": "", "2009-12-31": "", "2008-12-31": "-157.00000", "2007-12-31": "119.00000", "2006-12-31": "2486.00000", "2005-12-31": "-219.00000"}, "Net Change In Short-term Investments": {"2020-12-31": "", "2019-12-31": "1290.00000", "2018-12-31": "1885.00000", "2017-12-31": "-1672.00000", "2016-12-31": "-68.00000", "2015-12-31": "1562.00000", "2014-12-31": "1358.00000", "2013-12-31": "-1650.00000", "2012-12-31": "-421.00000", "2011-12-31": "-2175.00000", "2010-12-31": "399.00000", "2009-12-31": "3478.00000", "2008-12-31": "-4632.00000", "2007-12-31": "-21.00000", "2006-12-31": "247.00000", "2005-12-31": "-133.00000"}, "Net Change In Long-Term Investments": {"2020-12-31": "", "2019-12-31": "-247.00000", "2018-12-31": "-1007.00000", "2017-12-31": "345.00000", "2016-12-31": "-2368.00000", "2015-12-31": "-738.00000", "2014-12-31": "-907.00000", "2013-12-31": "-1395.00000", "2012-12-31": "2118.00000", "2011-12-31": "4014.00000", "2010-12-31": "-4924.00000", "2009-12-31": "-8216.00000", "2008-12-31": "885.00000", "2007-12-31": "-62.00000", "2006-12-31": "-468.00000", "2005-12-31": "188.00000"}, "Net Change In Investments - Total": {"2020-12-31": "", "2019-12-31": "1043.00000", "2018-12-31": "878.00000", "2017-12-31": "-1327.00000", "2016-12-31": "-2436.00000", "2015-12-31": "824.00000", "2014-12-31": "451.00000", "2013-12-31": "-3045.00000", "2012-12-31": "1697.00000", "2011-12-31": "1839.00000", "2010-12-31": "-4525.00000", "2009-12-31": "-4738.00000", "2008-12-31": "-3747.00000", "2007-12-31": "-83.00000", "2006-12-31": "-221.00000", "2005-12-31": "55.00000"}, "Investing Activities - Other": {"2020-12-31": "", "2019-12-31": "-5709.00000", "2018-12-31": "-3387.00000", "2017-12-31": "-656.00000", "2016-12-31": "-3395.00000", "2015-12-31": "-2773.00000", "2014-12-31": "-3057.00000", "2013-12-31": "-1787.00000", "2012-12-31": "-2558.00000", "2011-12-31": "63.00000", "2010-12-31": "6652.00000", "2009-12-31": "11560.00000", "2008-12-31": "-2067.00000", "2007-12-31": "-5281.00000", "2006-12-31": "-2030.00000", "2005-12-31": "-3335.00000"}, "Cash Flow From Investing Activities": {"2020-12-31": "", "2019-12-31": "-4918.00000", "2018-12-31": "-2482.00000", "2017-12-31": "-2239.00000", "2016-12-31": "-6457.00000", "2015-12-31": "-2023.00000", "2014-12-31": "-2816.00000", "2013-12-31": "-4192.00000", "2012-12-31": "-248.00000", "2011-12-31": "1723.00000", "2010-12-31": "1974.00000", "2009-12-31": "6609.00000", "2008-12-31": "-6165.00000", "2007-12-31": "-5432.00000", "2006-12-31": "121.00000", "2005-12-31": "-3642.00000"}, "Net Long-Term Debt": {"2020-12-31": "", "2019-12-31": "-1505.00000", "2018-12-31": "-574.00000", "2017-12-31": "2104.00000", "2016-12-31": "1519.00000", "2015-12-31": "2584.00000", "2014-12-31": "372.00000", "2013-12-31": "1028.00000", "2012-12-31": "-2557.00000", "2011-12-31": "-1169.00000", "2010-12-31": "-860.00000", "2009-12-31": "-2963.00000", "2008-12-31": "2581.00000", "2007-12-31": "-2929.00000", "2006-12-31": "378.00000", "2005-12-31": "-139.00000"}, "Net Current Debt": {"2020-12-31": "", "2019-12-31": "229.00000", "2018-12-31": "-148.00000", "2017-12-31": "-1299.00000", "2016-12-31": "-1294.00000", "2015-12-31": "-93.00000", "2014-12-31": "-879.00000", "2013-12-31": "-18.00000", "2012-12-31": "-152.00000", "2011-12-31": "-1148.00000", "2010-12-31": "1114.00000", "2009-12-31": "-7952.00000", "2008-12-31": "-543.00000", "2007-12-31": "4954.00000", "2006-12-31": "-1780.00000", "2005-12-31": "1955.00000"}, "Debt Issuance/Retirement Net - Total": {"2020-12-31": "", "2019-12-31": "-1276.00000", "2018-12-31": "-722.00000", "2017-12-31": "805.00000", "2016-12-31": "225.00000", "2015-12-31": "2491.00000", "2014-12-31": "-507.00000", "2013-12-31": "1010.00000", "2012-12-31": "-2709.00000", "2011-12-31": "-2317.00000", "2010-12-31": "254.00000", "2009-12-31": "-10915.00000", "2008-12-31": "2038.00000", "2007-12-31": "2025.00000", "2006-12-31": "-1402.00000", "2005-12-31": "1816.00000"}, "Net Common Equity Issued/Repurchased": {"2020-12-31": "", "2019-12-31": "-817.00000", "2018-12-31": "-1078.00000", "2017-12-31": "-639.00000", "2016-12-31": "-108.00000", "2015-12-31": "-426.00000", "2014-12-31": "-457.00000", "2013-12-31": "-448.00000", "2012-12-31": "-249.00000", "2011-12-31": "534.00000", "2010-12-31": "", "2009-12-31": "986.00000", "2008-12-31": "4194.00000", "2007-12-31": "-483.00000", "2006-12-31": "-400.00000", "2005-12-31": "-100.00000"}, "Net Total Equity Issued/Repurchased": {"2020-12-31": "", "2019-12-31": "-382.00000", "2018-12-31": "-666.00000", "2017-12-31": "-989.00000", "2016-12-31": "901.00000", "2015-12-31": "-426.00000", "2014-12-31": "-457.00000", "2013-12-31": "-448.00000", "2012-12-31": "-249.00000", "2011-12-31": "-1966.00000", "2010-12-31": "", "2009-12-31": "986.00000", "2008-12-31": "4194.00000", "2007-12-31": "-483.00000", "2006-12-31": "-400.00000", "2005-12-31": "-100.00000"}, "Total Common And Preferred Stock Dividends Paid": {"2020-12-31": "", "2019-12-31": "-804.00000", "2018-12-31": "-656.00000", "2017-12-31": "-480.00000", "2016-12-31": "-335.00000", "2015-12-31": "-267.00000", "2014-12-31": "-240.00000", "2013-12-31": "-217.00000", "2012-12-31": "-191.00000", "2011-12-31": "-164.00000", "2010-12-31": "-184.00000", "2009-12-31": "-213.00000", "2008-12-31": "-445.00000", "2007-12-31": "-570.00000", "2006-12-31": "-557.00000", "2005-12-31": "-531.00000"}, "Financial Activities - Other": {"2020-12-31": "", "2019-12-31": "4528.00000", "2018-12-31": "2027.00000", "2017-12-31": "1082.00000", "2016-12-31": "4047.00000", "2015-12-31": "-952.00000", "2014-12-31": "2736.00000", "2013-12-31": "2333.00000", "2012-12-31": "1989.00000", "2011-12-31": "1346.00000", "2010-12-31": "-4961.00000", "2009-12-31": "439.00000", "2008-12-31": "380.00000", "2007-12-31": "4043.00000", "2006-12-31": "389.00000", "2005-12-31": "943.00000"}, "Cash Flow From Financial Activities": {"2020-12-31": "", "2019-12-31": "2066.00000", "2018-12-31": "-17.00000", "2017-12-31": "418.00000", "2016-12-31": "4838.00000", "2015-12-31": "846.00000", "2014-12-31": "1532.00000", "2013-12-31": "2678.00000", "2012-12-31": "-1160.00000", "2011-12-31": "-3101.00000", "2010-12-31": "-4891.00000", "2009-12-31": "-9703.00000", "2008-12-31": "6167.00000", "2007-12-31": "5015.00000", "2006-12-31": "-1970.00000", "2005-12-31": "2128.00000"}, "Net Cash Flow": {"2020-12-31": "", "2019-12-31": "54.00000", "2018-12-31": "7.00000", "2017-12-31": "-6.00000", "2016-12-31": "70.00000", "2015-12-31": "-46.00000", "2014-12-31": "36.00000", "2013-12-31": "33.00000", "2012-12-31": "-109.00000", "2011-12-31": "415.00000", "2010-12-31": "-193.00000", "2009-12-31": "-774.00000", "2008-12-31": "-558.00000", "2007-12-31": "-461.00000", "2006-12-31": "-844.00000", "2005-12-31": "654.00000"}, "Stock-Based Compensation": {"2020-12-31": "", "2019-12-31": "96.00000", "2018-12-31": "99.00000", "2017-12-31": "100.00000", "2016-12-31": "99.00000", "2015-12-31": "58.00000", "2014-12-31": "44.00000", "2013-12-31": "35.00000", "2012-12-31": "49.00000", "2011-12-31": "41.00000", "2010-12-31": "", "2009-12-31": "", "2008-12-31": "", "2007-12-31": "", "2006-12-31": "", "2005-12-31": ""}, "Common Stock Dividends Paid": {"2020-12-31": "", "2019-12-31": "-804.00000", "2018-12-31": "-656.00000", "2017-12-31": "-480.00000", "2016-12-31": "-335.00000", "2015-12-31": "-267.00000", "2014-12-31": "-240.00000", "2013-12-31": "-217.00000", "2012-12-31": "-191.00000", "2011-12-31": "-164.00000", "2010-12-31": "-184.00000", "2009-12-31": "-213.00000", "2008-12-31": "-445.00000", "2007-12-31": "-570.00000", "2006-12-31": "-557.00000", "2005-12-31": "-531.00000"}}, "cash flow statement, quarterly": {"Net Income/Loss": {"2020-12-31": -761, "2020-09-30": 428, "2020-06-30": 187, "2020-03-31": "146.00000", "2019-12-31": 469, "2019-09-30": 416, "2019-06-30": 425, "2019-03-31": "407.00000", "2018-12-31": 484, "2018-09-30": 482, "2018-06-30": 482, "2018-03-31": "418.00000", "2017-12-31": 197, "2017-09-30": 364, "2017-06-30": 412, "2017-03-31": "325.00000", "2016-12-31": 228, "2016-09-30": 173, "2016-06-30": 201, "2016-03-31": "188.00000", "2015-12-31": 229, "2015-09-30": 217, "2015-06-30": 239, "2015-03-31": "235.00000", "2014-12-31": 254, "2014-09-30": 186, "2014-06-30": 225, "2014-03-31": "242.00000", "2013-12-31": 230, "2013-09-30": 271, "2013-06-30": 204, "2013-03-31": "205.00000", "2012-12-31": 203, "2012-09-30": 221, "2012-06-30": 241, "2012-03-31": "200.00000", "2011-12-31": 200, "2011-09-30": 218, "2011-06-30": 243, "2011-03-31": "271.00000", "2010-12-31": 323, "2010-09-30": 226, "2010-06-30": 74, "2010-03-31": "-39.00000", "2009-12-31": -188, "2009-09-30": -402, "2009-06-30": -223, "2009-03-31": "-498.00000", "2008-12-31": -527, "2008-09-30": -25, "2008-06-30": -1127, "2008-03-31": "219.00000", "2007-12-31": 57, "2007-09-30": 210, "2007-06-30": 334, "2007-03-31": "350.00000", "2006-12-31": 146, "2006-09-30": 312, "2006-06-30": 308, "2006-03-31": "289.00000", "2005-12-31": 296, "2005-09-30": 278, "2005-06-30": 291, "2005-03-31": "264.00000"}, "Total Depreciation And Amortization - Cash Flow": {"2020-12-31": -112, "2020-09-30": 26, "2020-06-30": 32, "2020-03-31": "54.00000", "2019-12-31": 58, "2019-09-30": 62, "2019-06-30": 63, "2019-03-31": "58.00000", "2018-12-31": 92, "2018-09-30": 95, "2018-06-30": 92, "2018-03-31": "103.00000", "2017-12-31": 106, "2017-09-30": 103, "2017-06-30": 98, "2017-03-31": "100.00000", "2016-12-31": 21, "2016-09-30": 169, "2016-06-30": 62, "2016-03-31": "62.00000", "2015-12-31": 71, "2015-09-30": 60, "2015-06-30": 66, "2015-03-31": "50.00000", "2014-12-31": 61, "2014-09-30": 76, "2014-06-30": 57, "2014-03-31": "52.00000", "2013-12-31": 53, "2013-09-30": 75, "2013-06-30": 49, "2013-03-31": "44.00000", "2012-12-31": 73, "2012-09-30": 58, "2012-06-30": 56, "2012-03-31": "48.00000", "2011-12-31": -7, "2011-09-30": 65, "2011-06-30": 69, "2011-03-31": "74.00000", "2010-12-31": 76, "2010-09-30": 81, "2010-06-30": 85, "2010-03-31": "88.00000", "2009-12-31": 92, "2009-09-30": 96, "2009-06-30": 106, "2009-03-31": "95.00000", "2008-12-31": 109, "2008-09-30": 103, "2008-06-30": 107, "2008-03-31": "110.00000", "2007-12-31": 104, "2007-09-30": 107, "2007-06-30": 104, "2007-03-31": "105.00000", "2006-12-31": 105, "2006-09-30": 102, "2006-06-30": 96, "2006-03-31": "94.00000", "2005-12-31": 93, "2005-09-30": 91, "2005-06-30": 87, "2005-03-31": "87.00000"}, "Other Non-Cash Items": {"2020-12-31": -841, "2020-09-30": 114, "2020-06-30": 357, "2020-03-31": "370.00000", "2019-12-31": 105, "2019-09-30": 205, "2019-06-30": 65, "2019-03-31": "187.00000", "2018-12-31": 141, "2018-09-30": 171, "2018-06-30": -26, "2018-03-31": "114.00000", "2017-12-31": 254, "2017-09-30": 10, "2017-06-30": 161, "2017-03-31": "235.00000", "2016-12-31": 186, "2016-09-30": 27, "2016-06-30": 38, "2016-03-31": "161.00000", "2015-12-31": 56, "2015-09-30": 10, "2015-06-30": -29, "2015-03-31": "66.00000", "2014-12-31": 52, "2014-09-30": -23, "2014-06-30": -53, "2014-03-31": "11.00000", "2013-12-31": 33, "2013-09-30": -190, "2013-06-30": 337, "2013-03-31": "98.00000", "2012-12-31": 99, "2012-09-30": 19, "2012-06-30": 16, "2012-03-31": "21.00000", "2011-12-31": 602, "2011-09-30": -443, "2011-06-30": 19, "2011-03-31": "40.00000", "2010-12-31": -53, "2010-09-30": 168, "2010-06-30": 291, "2010-03-31": "341.00000", "2009-12-31": 210, "2009-09-30": 484, "2009-06-30": 327, "2009-03-31": "822.00000", "2008-12-31": -399, "2008-09-30": 58, "2008-06-30": 560, "2008-03-31": "-79.00000", "2007-12-31": 305, "2007-09-30": 32, "2007-06-30": -65, "2007-03-31": "-161.00000", "2006-12-31": 450, "2006-09-30": -25, "2006-06-30": -211, "2006-03-31": "45.00000", "2005-12-31": -15, "2005-09-30": 100, "2005-06-30": 65, "2005-03-31": "41.00000"}, "Total Non-Cash Items": {"2020-12-31": -953, "2020-09-30": 140, "2020-06-30": 389, "2020-03-31": "424.00000", "2019-12-31": 163, "2019-09-30": 267, "2019-06-30": 128, "2019-03-31": "245.00000", "2018-12-31": 233, "2018-09-30": 266, "2018-06-30": 66, "2018-03-31": "217.00000", "2017-12-31": 360, "2017-09-30": 113, "2017-06-30": 259, "2017-03-31": "335.00000", "2016-12-31": 207, "2016-09-30": 196, "2016-06-30": 100, "2016-03-31": "223.00000", "2015-12-31": 127, "2015-09-30": 70, "2015-06-30": 37, "2015-03-31": "116.00000", "2014-12-31": 113, "2014-09-30": 53, "2014-06-30": 4, "2014-03-31": "63.00000", "2013-12-31": 86, "2013-09-30": -115, "2013-06-30": 386, "2013-03-31": "142.00000", "2012-12-31": 172, "2012-09-30": 77, "2012-06-30": 72, "2012-03-31": "69.00000", "2011-12-31": 595, "2011-09-30": -378, "2011-06-30": 88, "2011-03-31": "114.00000", "2010-12-31": 23, "2010-09-30": 249, "2010-06-30": 376, "2010-03-31": "429.00000", "2009-12-31": 302, "2009-09-30": 580, "2009-06-30": 433, "2009-03-31": "917.00000", "2008-12-31": -290, "2008-09-30": 161, "2008-06-30": 667, "2008-03-31": "31.00000", "2007-12-31": 409, "2007-09-30": 139, "2007-06-30": 39, "2007-03-31": "-56.00000", "2006-12-31": 555, "2006-09-30": 77, "2006-06-30": -115, "2006-03-31": "139.00000", "2005-12-31": 78, "2005-09-30": 191, "2005-06-30": 152, "2005-03-31": "128.00000"}, "Change In Accounts Receivable": {"2020-12-31": 107, "2020-09-30": 363, "2020-06-30": 127, "2020-03-31": "-597.00000", "2019-12-31": 185, "2019-09-30": 440, "2019-06-30": -842, "2019-03-31": "355.00000", "2018-12-31": 432, "2018-09-30": -150, "2018-06-30": 241, "2018-03-31": "-549.00000", "2017-12-31": 257, "2017-09-30": 377, "2017-06-30": -275, "2017-03-31": "-220.00000", "2016-12-31": 615, "2016-09-30": -645, "2016-06-30": 263, "2016-03-31": "-45.00000", "2015-12-31": 299, "2015-09-30": -56, "2015-06-30": 819, "2015-03-31": "-904.00000", "2014-12-31": 52, "2014-09-30": -309, "2014-06-30": -42, "2014-03-31": "213.00000", "2013-12-31": 89, "2013-09-30": -282, "2013-06-30": 50, "2013-03-31": "183.00000", "2012-12-31": 65, "2012-09-30": 40, "2012-06-30": 1031, "2012-03-31": "-934.00000", "2011-12-31": -219, "2011-09-30": -92, "2011-06-30": 49, "2011-03-31": "61.00000", "2010-12-31": 178, "2010-09-30": 206, "2010-06-30": -87, "2010-03-31": "10.00000", "2009-12-31": 254, "2009-09-30": 222, "2009-06-30": -44, "2009-03-31": "-136.00000", "2008-12-31": 268, "2008-09-30": 679, "2008-06-30": 237, "2008-03-31": "-121.00000", "2007-12-31": 827, "2007-09-30": -192, "2007-06-30": -404, "2007-03-31": "-547.00000", "2006-12-31": 973, "2006-09-30": -501, "2006-06-30": -568, "2006-03-31": "-260.00000", "2005-12-31": 186, "2005-09-30": -333, "2005-06-30": 247, "2005-03-31": "803.00000"}, "Change In Inventories": {"2020-12-31": -307, "2020-09-30": -88, "2020-06-30": 150, "2020-03-31": "245.00000", "2019-12-31": -77, "2019-09-30": 41, "2019-06-30": -25, "2019-03-31": "-130.00000", "2018-12-31": 109, "2018-09-30": -125, "2018-06-30": -64, "2018-03-31": "67.00000", "2017-12-31": -53, "2017-09-30": 298, "2017-06-30": -160, "2017-03-31": "-54.00000", "2016-12-31": 59, "2016-09-30": 39, "2016-06-30": -200, "2016-03-31": "23.00000", "2015-12-31": 23, "2015-09-30": -137, "2015-06-30": 115, "2015-03-31": "-39.00000", "2014-12-31": 215, "2014-09-30": -75, "2014-06-30": -50, "2014-03-31": "-102.00000", "2013-12-31": 68, "2013-09-30": -214, "2013-06-30": 109, "2013-03-31": "-96.00000", "2012-12-31": 18, "2012-09-30": 57, "2012-06-30": -66, "2012-03-31": "9.00000", "2011-12-31": 106, "2011-09-30": 40, "2011-06-30": 272, "2011-03-31": "-56.00000", "2010-12-31": 170, "2010-09-30": -141, "2010-06-30": 20, "2010-03-31": "175.00000", "2009-12-31": 234, "2009-09-30": -635, "2009-06-30": 508, "2009-03-31": "1.00000", "2008-12-31": 161, "2008-09-30": 34, "2008-06-30": -468, "2008-03-31": "41.00000", "2007-12-31": 4, "2007-09-30": -66, "2007-06-30": -323, "2007-03-31": "241.00000", "2006-12-31": -95, "2006-09-30": -14, "2006-06-30": 131, "2006-03-31": "-84.00000", "2005-12-31": 268, "2005-09-30": -369, "2005-06-30": 208, "2005-03-31": "-94.00000"}, "Change In Accounts Payable": {"2020-12-31": 0, "2020-09-30": 0, "2020-06-30": 0, "2020-03-31": "", "2019-12-31": 0, "2019-09-30": 0, "2019-06-30": 0, "2019-03-31": "", "2018-12-31": 0, "2018-09-30": 0, "2018-06-30": 0, "2018-03-31": "", "2017-12-31": 0, "2017-09-30": 0, "2017-06-30": 0, "2017-03-31": "", "2016-12-31": 0, "2016-09-30": 0, "2016-06-30": 0, "2016-03-31": "", "2015-12-31": 0, "2015-09-30": 0, "2015-06-30": 0, "2015-03-31": "", "2014-12-31": 0, "2014-09-30": 0, "2014-06-30": 0, "2014-03-31": "", "2013-12-31": 0, "2013-09-30": 0, "2013-06-30": 0, "2013-03-31": "", "2012-12-31": 0, "2012-09-30": 0, "2012-06-30": 0, "2012-03-31": "", "2011-12-31": 0, "2011-09-30": 0, "2011-06-30": 0, "2011-03-31": "", "2010-12-31": 0, "2010-09-30": 0, "2010-06-30": 0, "2010-03-31": "", "2009-12-31": 0, "2009-09-30": 0, "2009-06-30": 0, "2009-03-31": "", "2008-12-31": 0, "2008-09-30": 0, "2008-06-30": 0, "2008-03-31": "", "2007-12-31": 0, "2007-09-30": 0, "2007-06-30": 0, "2007-03-31": "", "2006-12-31": 0, "2006-09-30": 0, "2006-06-30": 0, "2006-03-31": "", "2005-12-31": 0, "2005-09-30": 0, "2005-06-30": 0, "2005-03-31": ""}, "Change In Assets/Liabilities": {"2020-12-31": 86, "2020-09-30": -28, "2020-06-30": -29, "2020-03-31": "-29.00000", "2019-12-31": -35, "2019-09-30": -29, "2019-06-30": -29, "2019-03-31": "-28.00000", "2018-12-31": -33, "2018-09-30": -28, "2018-06-30": -28, "2018-03-31": "-28.00000", "2017-12-31": -34, "2017-09-30": -29, "2017-06-30": -28, "2017-03-31": "-28.00000", "2016-12-31": -35, "2016-09-30": -27, "2016-06-30": -24, "2016-03-31": "-25.00000", "2015-12-31": -33, "2015-09-30": -25, "2015-06-30": -25, "2015-03-31": "-25.00000", "2014-12-31": -33, "2014-09-30": -25, "2014-06-30": -24, "2014-03-31": "-24.00000", "2013-12-31": -32, "2013-09-30": -24, "2013-06-30": -25, "2013-03-31": "-25.00000", "2012-12-31": -110, "2012-09-30": 0, "2012-06-30": 0, "2012-03-31": "", "2011-12-31": -111, "2011-09-30": 0, "2011-06-30": 0, "2011-03-31": "", "2010-12-31": 0, "2010-09-30": 0, "2010-06-30": 0, "2010-03-31": "", "2009-12-31": 0, "2009-09-30": 0, "2009-06-30": 0, "2009-03-31": "", "2008-12-31": 0, "2008-09-30": 0, "2008-06-30": 0, "2008-03-31": "-64.00000", "2007-12-31": 64, "2007-09-30": 0, "2007-06-30": 279, "2007-03-31": "", "2006-12-31": 0, "2006-09-30": 0, "2006-06-30": 0, "2006-03-31": "", "2005-12-31": 0, "2005-09-30": 0, "2005-06-30": 0, "2005-03-31": ""}, "Total Change In Assets/Liabilities": {"2020-12-31": -114, "2020-09-30": 247, "2020-06-30": 248, "2020-03-31": "-381.00000", "2019-12-31": 73, "2019-09-30": 452, "2019-06-30": -896, "2019-03-31": "197.00000", "2018-12-31": 508, "2018-09-30": -303, "2018-06-30": 149, "2018-03-31": "-510.00000", "2017-12-31": 170, "2017-09-30": 646, "2017-06-30": -463, "2017-03-31": "-302.00000", "2016-12-31": 639, "2016-09-30": -633, "2016-06-30": 39, "2016-03-31": "-47.00000", "2015-12-31": 289, "2015-09-30": -218, "2015-06-30": 909, "2015-03-31": "-968.00000", "2014-12-31": 234, "2014-09-30": -409, "2014-06-30": -116, "2014-03-31": "87.00000", "2013-12-31": 125, "2013-09-30": -520, "2013-06-30": 134, "2013-03-31": "62.00000", "2012-12-31": -27, "2012-09-30": 97, "2012-06-30": 965, "2012-03-31": "-925.00000", "2011-12-31": -224, "2011-09-30": -52, "2011-06-30": 321, "2011-03-31": "5.00000", "2010-12-31": 348, "2010-09-30": 65, "2010-06-30": -67, "2010-03-31": "185.00000", "2009-12-31": 488, "2009-09-30": -413, "2009-06-30": 464, "2009-03-31": "-135.00000", "2008-12-31": 429, "2008-09-30": 713, "2008-06-30": -231, "2008-03-31": "-144.00000", "2007-12-31": 895, "2007-09-30": -258, "2007-06-30": -448, "2007-03-31": "-306.00000", "2006-12-31": 878, "2006-09-30": -515, "2006-06-30": -437, "2006-03-31": "-344.00000", "2005-12-31": 454, "2005-09-30": -702, "2005-06-30": 455, "2005-03-31": "709.00000"}, "Cash Flow From Operating Activities": {"2020-12-31": -727, "2020-09-30": 622, "2020-06-30": 278, "2020-03-31": "-173.00000", "2019-12-31": 993, "2019-09-30": 1183, "2019-06-30": 170, "2019-03-31": "560.00000", "2018-12-31": 1712, "2018-09-30": 386, "2018-06-30": 619, "2018-03-31": "-211.00000", "2017-12-31": 736, "2017-09-30": 1668, "2017-06-30": -184, "2017-03-31": "-405.00000", "2016-12-31": 829, "2016-09-30": 136, "2016-06-30": 351, "2016-03-31": "373.00000", "2015-12-31": 882, "2015-09-30": 190, "2015-06-30": 1161, "2015-03-31": "-1102.00000", "2014-12-31": 855, "2014-09-30": 202, "2014-06-30": 107, "2014-03-31": "156.00000", "2013-12-31": 679, "2013-09-30": -57, "2013-06-30": 694, "2013-03-31": "231.00000", "2012-12-31": 651, "2012-09-30": 275, "2012-06-30": 1464, "2012-03-31": "-1091.00000", "2011-12-31": -82, "2011-09-30": 421, "2011-06-30": 1042, "2011-03-31": "412.00000", "2010-12-31": 755, "2010-09-30": 416, "2010-06-30": 710, "2010-03-31": "843.00000", "2009-12-31": 853, "2009-09-30": 593, "2009-06-30": 942, "2009-03-31": "-68.00000", "2008-12-31": -942, "2008-09-30": 583, "2008-06-30": -463, "2008-03-31": "262.00000", "2007-12-31": 555, "2007-09-30": -169, "2007-06-30": -103, "2007-03-31": "-327.00000", "2006-12-31": 1523, "2006-09-30": -108, "2006-06-30": -473, "2006-03-31": "63.00000", "2005-12-31": 708, "2005-09-30": -126, "2005-06-30": 624, "2005-03-31": "962.00000"}, "Net Change In Property, Plant, And Equipment": {"2020-12-31": 45, "2020-09-30": -18, "2020-06-30": -15, "2020-03-31": "-12.00000", "2019-12-31": -26, "2019-09-30": -4, "2019-06-30": -29, "2019-03-31": "-8.00000", "2018-12-31": -25, "2018-09-30": -37, "2018-06-30": -17, "2018-03-31": "-18.00000", "2017-12-31": -56, "2017-09-30": -32, "2017-06-30": -22, "2017-03-31": "-2.00000", "2016-12-31": -66, "2016-09-30": -49, "2016-06-30": -22, "2016-03-31": "-8.00000", "2015-12-31": -35, "2015-09-30": -22, "2015-06-30": -14, "2015-03-31": "-3.00000", "2014-12-31": -44, "2014-09-30": -23, "2014-06-30": -19, "2014-03-31": "-10.00000", "2013-12-31": -40, "2013-09-30": -26, "2013-06-30": -22, "2013-03-31": "-4.00000", "2012-12-31": -63, "2012-09-30": -161, "2012-06-30": 87, "2012-03-31": "-26.00000", "2011-12-31": -78, "2011-09-30": -27, "2011-06-30": -44, "2011-03-31": "-30.00000", "2010-12-31": -52, "2010-09-30": -48, "2010-06-30": -33, "2010-03-31": "-20.00000", "2009-12-31": -98, "2009-09-30": -44, "2009-06-30": -39, "2009-03-31": "-32.00000", "2008-12-31": -88, "2008-09-30": -20, "2008-06-30": -40, "2008-03-31": "-46.00000", "2007-12-31": -73, "2007-09-30": -57, "2007-06-30": -35, "2007-03-31": "-22.00000", "2006-12-31": -50, "2006-09-30": -34, "2006-06-30": -17, "2006-03-31": "-13.00000", "2005-12-31": -84, "2005-09-30": -39, "2005-06-30": -14, "2005-03-31": "-6.00000"}, "Net Change In Intangible Assets": {"2020-12-31": 0, "2020-09-30": 0, "2020-06-30": 0, "2020-03-31": "", "2019-12-31": 0, "2019-09-30": 0, "2019-06-30": 0, "2019-03-31": "", "2018-12-31": 0, "2018-09-30": 0, "2018-06-30": 0, "2018-03-31": "", "2017-12-31": 0, "2017-09-30": 0, "2017-06-30": 0, "2017-03-31": "", "2016-12-31": 0, "2016-09-30": 0, "2016-06-30": 0, "2016-03-31": "", "2015-12-31": 0, "2015-09-30": 0, "2015-06-30": 0, "2015-03-31": "", "2014-12-31": 0, "2014-09-30": 0, "2014-06-30": 0, "2014-03-31": "", "2013-12-31": 0, "2013-09-30": 0, "2013-06-30": 0, "2013-03-31": "", "2012-12-31": 0, "2012-09-30": 0, "2012-06-30": 0, "2012-03-31": "", "2011-12-31": 0, "2011-09-30": 0, "2011-06-30": 0, "2011-03-31": "", "2010-12-31": 0, "2010-09-30": 0, "2010-06-30": 0, "2010-03-31": "", "2009-12-31": 0, "2009-09-30": 0, "2009-06-30": 0, "2009-03-31": "", "2008-12-31": 0, "2008-09-30": 0, "2008-06-30": 0, "2008-03-31": "", "2007-12-31": 0, "2007-09-30": 0, "2007-06-30": 0, "2007-03-31": "", "2006-12-31": 0, "2006-09-30": 0, "2006-06-30": 0, "2006-03-31": "", "2005-12-31": 0, "2005-09-30": 0, "2005-06-30": 0, "2005-03-31": ""}, "Net Acquisitions/Divestitures": {"2020-12-31": 0, "2020-09-30": 0, "2020-06-30": 0, "2020-03-31": "", "2019-12-31": 0, "2019-09-30": 0, "2019-06-30": -185, "2019-03-31": "", "2018-12-31": 0, "2018-09-30": 5, "2018-06-30": 119, "2018-03-31": "", "2017-12-31": -70, "2017-09-30": 0, "2017-06-30": -74, "2017-03-31": "", "2016-12-31": 0, "2016-09-30": -481, "2016-06-30": 0, "2016-03-31": "", "2015-12-31": 0, "2015-09-30": 0, "2015-06-30": 0, "2015-03-31": "", "2014-12-31": -11, "2014-09-30": -103, "2014-06-30": 0, "2014-03-31": "", "2013-12-31": -216, "2013-09-30": 375, "2013-06-30": 573, "2013-03-31": "", "2012-12-31": -90, "2012-09-30": 866, "2012-06-30": 0, "2012-03-31": "", "2011-12-31": 0, "2011-09-30": 0, "2011-06-30": 0, "2011-03-31": "", "2010-12-31": 0, "2010-09-30": 0, "2010-06-30": 0, "2010-03-31": "", "2009-12-31": 0, "2009-09-30": 0, "2009-06-30": 0, "2009-03-31": "", "2008-12-31": 0, "2008-09-30": 0, "2008-06-30": 0, "2008-03-31": "-157.00000", "2007-12-31": -80, "2007-09-30": 0, "2007-06-30": 0, "2007-03-31": "199.00000", "2006-12-31": 2520, "2006-09-30": 0, "2006-06-30": -34, "2006-03-31": "", "2005-12-31": -187, "2005-09-30": -25, "2005-06-30": -2, "2005-03-31": "-5.00000"}, "Net Change In Short-term Investments": {"2020-12-31": 12876, "2020-09-30": -112, "2020-06-30": -9963, "2020-03-31": "-2801.00000", "2019-12-31": 2079, "2019-09-30": -908, "2019-06-30": 69, "2019-03-31": "50.00000", "2018-12-31": -290, "2018-09-30": 374, "2018-06-30": -1002, "2018-03-31": "2803.00000", "2017-12-31": -454, "2017-09-30": -1471, "2017-06-30": 3, "2017-03-31": "250.00000", "2016-12-31": 441, "2016-09-30": 3383, "2016-06-30": -1163, "2016-03-31": "-2729.00000", "2015-12-31": -743, "2015-09-30": 1258, "2015-06-30": 156, "2015-03-31": "891.00000", "2014-12-31": -1927, "2014-09-30": 871, "2014-06-30": -254, "2014-03-31": "2668.00000", "2013-12-31": -2055, "2013-09-30": 48, "2013-06-30": -502, "2013-03-31": "859.00000", "2012-12-31": -1732, "2012-09-30": 8, "2012-06-30": 1389, "2012-03-31": "-86.00000", "2011-12-31": 1247, "2011-09-30": -203, "2011-06-30": -858, "2011-03-31": "-2361.00000", "2010-12-31": 527, "2010-09-30": 113, "2010-06-30": 2361, "2010-03-31": "-2602.00000", "2009-12-31": 1243, "2009-09-30": 501, "2009-06-30": -570, "2009-03-31": "2304.00000", "2008-12-31": -4562, "2008-09-30": 174, "2008-06-30": -249, "2008-03-31": "5.00000", "2007-12-31": 147, "2007-09-30": -25, "2007-06-30": 775, "2007-03-31": "-918.00000", "2006-12-31": 270, "2006-09-30": 9, "2006-06-30": 266, "2006-03-31": "-298.00000", "2005-12-31": 534, "2005-09-30": -180, "2005-06-30": -290, "2005-03-31": "-197.00000"}, "Net Change In Long-Term Investments": {"2020-12-31": 2690, "2020-09-30": -2573, "2020-06-30": -2037, "2020-03-31": "1920.00000", "2019-12-31": 874, "2019-09-30": -315, "2019-06-30": 72, "2019-03-31": "-878.00000", "2018-12-31": -421, "2018-09-30": -632, "2018-06-30": 352, "2018-03-31": "-306.00000", "2017-12-31": -860, "2017-09-30": -619, "2017-06-30": -49, "2017-03-31": "1873.00000", "2016-12-31": -1357, "2016-09-30": -1079, "2016-06-30": 57, "2016-03-31": "11.00000", "2015-12-31": 47, "2015-09-30": 55, "2015-06-30": -1193, "2015-03-31": "353.00000", "2014-12-31": -1114, "2014-09-30": 336, "2014-06-30": -198, "2014-03-31": "69.00000", "2013-12-31": 143, "2013-09-30": 632, "2013-06-30": -955, "2013-03-31": "-1215.00000", "2012-12-31": -76, "2012-09-30": 1678, "2012-06-30": 53, "2012-03-31": "463.00000", "2011-12-31": 608, "2011-09-30": 12, "2011-06-30": 955, "2011-03-31": "2439.00000", "2010-12-31": -1025, "2010-09-30": -1237, "2010-06-30": -2857, "2010-03-31": "195.00000", "2009-12-31": -1288, "2009-09-30": -3336, "2009-06-30": -3652, "2009-03-31": "60.00000", "2008-12-31": 29, "2008-09-30": 10, "2008-06-30": -112, "2008-03-31": "958.00000", "2007-12-31": -8, "2007-09-30": 51, "2007-06-30": -107, "2007-03-31": "2.00000", "2006-12-31": -370, "2006-09-30": -172, "2006-06-30": -98, "2006-03-31": "172.00000", "2005-12-31": -140, "2005-09-30": 176, "2005-06-30": -78, "2005-03-31": "230.00000"}, "Net Change In Investments - Total": {"2020-12-31": 15566, "2020-09-30": -2685, "2020-06-30": -12000, "2020-03-31": "-881.00000", "2019-12-31": 2953, "2019-09-30": -1223, "2019-06-30": 141, "2019-03-31": "-828.00000", "2018-12-31": -711, "2018-09-30": -258, "2018-06-30": -650, "2018-03-31": "2497.00000", "2017-12-31": -1314, "2017-09-30": -2090, "2017-06-30": -46, "2017-03-31": "2123.00000", "2016-12-31": -916, "2016-09-30": 2304, "2016-06-30": -1106, "2016-03-31": "-2718.00000", "2015-12-31": -696, "2015-09-30": 1313, "2015-06-30": -1037, "2015-03-31": "1244.00000", "2014-12-31": -3041, "2014-09-30": 1207, "2014-06-30": -452, "2014-03-31": "2737.00000", "2013-12-31": -1912, "2013-09-30": 680, "2013-06-30": -1457, "2013-03-31": "-356.00000", "2012-12-31": -1808, "2012-09-30": 1686, "2012-06-30": 1442, "2012-03-31": "377.00000", "2011-12-31": 1855, "2011-09-30": -191, "2011-06-30": 97, "2011-03-31": "78.00000", "2010-12-31": -498, "2010-09-30": -1124, "2010-06-30": -496, "2010-03-31": "-2407.00000", "2009-12-31": -45, "2009-09-30": -2835, "2009-06-30": -4222, "2009-03-31": "2364.00000", "2008-12-31": -4533, "2008-09-30": 184, "2008-06-30": -361, "2008-03-31": "963.00000", "2007-12-31": 139, "2007-09-30": 26, "2007-06-30": 668, "2007-03-31": "-916.00000", "2006-12-31": -100, "2006-09-30": -163, "2006-06-30": 168, "2006-03-31": "-126.00000", "2005-12-31": 394, "2005-09-30": -4, "2005-06-30": -368, "2005-03-31": "33.00000"}, "Investing Activities - Other": {"2020-12-31": 8932, "2020-09-30": 2904, "2020-06-30": -3007, "2020-03-31": "-8829.00000", "2019-12-31": -1873, "2019-09-30": -1262, "2019-06-30": -1871, "2019-03-31": "-703.00000", "2018-12-31": -363, "2018-09-30": -1134, "2018-06-30": -160, "2018-03-31": "-1730.00000", "2017-12-31": 34, "2017-09-30": 21, "2017-06-30": -513, "2017-03-31": "-198.00000", "2016-12-31": -1031, "2016-09-30": -36, "2016-06-30": -1717, "2016-03-31": "-611.00000", "2015-12-31": 145, "2015-09-30": -1893, "2015-06-30": -366, "2015-03-31": "-659.00000", "2014-12-31": -1215, "2014-09-30": -668, "2014-06-30": -177, "2014-03-31": "-997.00000", "2013-12-31": -731, "2013-09-30": -717, "2013-06-30": -543, "2013-03-31": "204.00000", "2012-12-31": -1271, "2012-09-30": -1094, "2012-06-30": -1602, "2012-03-31": "1409.00000", "2011-12-31": -1417, "2011-09-30": -483, "2011-06-30": 619, "2011-03-31": "1344.00000", "2010-12-31": 971, "2010-09-30": 1427, "2010-06-30": 2027, "2010-03-31": "2227.00000", "2009-12-31": 2688, "2009-09-30": 4199, "2009-06-30": 2193, "2009-03-31": "2480.00000", "2008-12-31": 171, "2008-09-30": -894, "2008-06-30": -310, "2008-03-31": "-1034.00000", "2007-12-31": -1864, "2007-09-30": -2384, "2007-06-30": -1098, "2007-03-31": "65.00000", "2006-12-31": -294, "2006-09-30": -682, "2006-06-30": -520, "2006-03-31": "-534.00000", "2005-12-31": -1036, "2005-09-30": -918, "2005-06-30": -647, "2005-03-31": "-734.00000"}, "Cash Flow From Investing Activities": {"2020-12-31": 24543, "2020-09-30": 201, "2020-06-30": -15022, "2020-03-31": "-9722.00000", "2019-12-31": 1054, "2019-09-30": -2489, "2019-06-30": -1944, "2019-03-31": "-1539.00000", "2018-12-31": -1099, "2018-09-30": -1424, "2018-06-30": -708, "2018-03-31": "749.00000", "2017-12-31": -1406, "2017-09-30": -2101, "2017-06-30": -655, "2017-03-31": "1923.00000", "2016-12-31": -2013, "2016-09-30": 1738, "2016-06-30": -2845, "2016-03-31": "-3337.00000", "2015-12-31": -586, "2015-09-30": -602, "2015-06-30": -1417, "2015-03-31": "582.00000", "2014-12-31": -4311, "2014-09-30": 413, "2014-06-30": -648, "2014-03-31": "1730.00000", "2013-12-31": -2899, "2013-09-30": 312, "2013-06-30": -1449, "2013-03-31": "-156.00000", "2012-12-31": -3232, "2012-09-30": 1417, "2012-06-30": -193, "2012-03-31": "1760.00000", "2011-12-31": 360, "2011-09-30": -701, "2011-06-30": 672, "2011-03-31": "1392.00000", "2010-12-31": 421, "2010-09-30": 255, "2010-06-30": 1498, "2010-03-31": "-200.00000", "2009-12-31": 2545, "2009-09-30": 1320, "2009-06-30": -2068, "2009-03-31": "4812.00000", "2008-12-31": -4450, "2008-09-30": -730, "2008-06-30": -711, "2008-03-31": "-274.00000", "2007-12-31": -1878, "2007-09-30": -2415, "2007-06-30": -465, "2007-03-31": "-674.00000", "2006-12-31": 2076, "2006-09-30": -879, "2006-06-30": -403, "2006-03-31": "-673.00000", "2005-12-31": -913, "2005-09-30": -986, "2005-06-30": -1031, "2005-03-31": "-712.00000"}, "Net Long-Term Debt": {"2020-12-31": 7, "2020-09-30": -1001, "2020-06-30": 3, "2020-03-31": "991.00000", "2019-12-31": -1943, "2019-09-30": 89, "2019-06-30": -2, "2019-03-31": "351.00000", "2018-12-31": -249, "2018-09-30": 40, "2018-06-30": 139, "2018-03-31": "-504.00000", "2017-12-31": -703, "2017-09-30": 1874, "2017-06-30": 943, "2017-03-31": "-10.00000", "2016-12-31": -26, "2016-09-30": 476, "2016-06-30": 591, "2016-03-31": "478.00000", "2015-12-31": 112, "2015-09-30": -137, "2015-06-30": 1738, "2015-03-31": "871.00000", "2014-12-31": 758, "2014-09-30": -968, "2014-06-30": 514, "2014-03-31": "68.00000", "2013-12-31": 1555, "2013-09-30": -502, "2013-06-30": -1002, "2013-03-31": "977.00000", "2012-12-31": 765, "2012-09-30": -1332, "2012-06-30": -1418, "2012-03-31": "-572.00000", "2011-12-31": -1104, "2011-09-30": -401, "2011-06-30": -162, "2011-03-31": "498.00000", "2010-12-31": -585, "2010-09-30": 741, "2010-06-30": -698, "2010-03-31": "-318.00000", "2009-12-31": -1865, "2009-09-30": -222, "2009-06-30": -1021, "2009-03-31": "145.00000", "2008-12-31": -1187, "2008-09-30": 778, "2008-06-30": 1105, "2008-03-31": "1885.00000", "2007-12-31": 168, "2007-09-30": -1291, "2007-06-30": -263, "2007-03-31": "-1543.00000", "2006-12-31": 766, "2006-09-30": -585, "2006-06-30": 20, "2006-03-31": "177.00000", "2005-12-31": -10, "2005-09-30": 614, "2005-06-30": -529, "2005-03-31": "-214.00000"}, "Net Current Debt": {"2020-12-31": 61, "2020-09-30": -952, "2020-06-30": -5067, "2020-03-31": "5958.00000", "2019-12-31": 210, "2019-09-30": 1, "2019-06-30": -65, "2019-03-31": "83.00000", "2018-12-31": -1059, "2018-09-30": -384, "2018-06-30": 557, "2018-03-31": "738.00000", "2017-12-31": 23, "2017-09-30": -1716, "2017-06-30": 1319, "2017-03-31": "-925.00000", "2016-12-31": 899, "2016-09-30": -2335, "2016-06-30": 58, "2016-03-31": "84.00000", "2015-12-31": -179, "2015-09-30": 112, "2015-06-30": -153, "2015-03-31": "127.00000", "2014-12-31": -655, "2014-09-30": -81, "2014-06-30": -147, "2014-03-31": "4.00000", "2013-12-31": -44, "2013-09-30": -23, "2013-06-30": -384, "2013-03-31": "433.00000", "2012-12-31": -238, "2012-09-30": 56, "2012-06-30": -92, "2012-03-31": "122.00000", "2011-12-31": -199, "2011-09-30": 68, "2011-06-30": -738, "2011-03-31": "-279.00000", "2010-12-31": -282, "2010-09-30": -177, "2010-06-30": 1282, "2010-03-31": "291.00000", "2009-12-31": -53, "2009-09-30": -1105, "2009-06-30": -610, "2009-03-31": "-6184.00000", "2008-12-31": 2884, "2008-09-30": -922, "2008-06-30": -895, "2008-03-31": "-1610.00000", "2007-12-31": 1648, "2007-09-30": 1148, "2007-06-30": 115, "2007-03-31": "2043.00000", "2006-12-31": -2460, "2006-09-30": 1281, "2006-06-30": -5, "2006-03-31": "-596.00000", "2005-12-31": 170, "2005-09-30": 306, "2005-06-30": 99, "2005-03-31": "1380.00000"}, "Debt Issuance/Retirement Net - Total": {"2020-12-31": 68, "2020-09-30": -1953, "2020-06-30": -5064, "2020-03-31": "6949.00000", "2019-12-31": -1733, "2019-09-30": 90, "2019-06-30": -67, "2019-03-31": "434.00000", "2018-12-31": -1308, "2018-09-30": -344, "2018-06-30": 696, "2018-03-31": "234.00000", "2017-12-31": -680, "2017-09-30": 158, "2017-06-30": 2262, "2017-03-31": "-935.00000", "2016-12-31": 873, "2016-09-30": -1859, "2016-06-30": 649, "2016-03-31": "562.00000", "2015-12-31": -67, "2015-09-30": -25, "2015-06-30": 1585, "2015-03-31": "998.00000", "2014-12-31": 103, "2014-09-30": -1049, "2014-06-30": 367, "2014-03-31": "72.00000", "2013-12-31": 1511, "2013-09-30": -525, "2013-06-30": -1386, "2013-03-31": "1410.00000", "2012-12-31": 527, "2012-09-30": -1276, "2012-06-30": -1510, "2012-03-31": "-450.00000", "2011-12-31": -1303, "2011-09-30": -333, "2011-06-30": -900, "2011-03-31": "219.00000", "2010-12-31": -867, "2010-09-30": 564, "2010-06-30": 584, "2010-03-31": "-27.00000", "2009-12-31": -1918, "2009-09-30": -1327, "2009-06-30": -1631, "2009-03-31": "-6039.00000", "2008-12-31": 1697, "2008-09-30": -144, "2008-06-30": 210, "2008-03-31": "275.00000", "2007-12-31": 1816, "2007-09-30": -143, "2007-06-30": -148, "2007-03-31": "500.00000", "2006-12-31": -1694, "2006-09-30": 696, "2006-06-30": 15, "2006-03-31": "-419.00000", "2005-12-31": 160, "2005-09-30": 920, "2005-06-30": -430, "2005-03-31": "1166.00000"}, "Net Common Equity Issued/Repurchased": {"2020-12-31": 110, "2020-09-30": 1, "2020-06-30": 1, "2020-03-31": "-112.00000", "2019-12-31": -230, "2019-09-30": -246, "2019-06-30": -177, "2019-03-31": "-164.00000", "2018-12-31": -277, "2018-09-30": -536, "2018-06-30": -119, "2018-03-31": "-146.00000", "2017-12-31": -202, "2017-09-30": -266, "2017-06-30": -86, "2017-03-31": "-85.00000", "2016-12-31": -40, "2016-09-30": -71, "2016-06-30": 2, "2016-03-31": "1.00000", "2015-12-31": 3, "2015-09-30": -121, "2015-06-30": -120, "2015-03-31": "-188.00000", "2014-12-31": -125, "2014-09-30": -115, "2014-06-30": -102, "2014-03-31": "-115.00000", "2013-12-31": -95, "2013-09-30": -190, "2013-06-30": -106, "2013-03-31": "-57.00000", "2012-12-31": -88, "2012-09-30": -80, "2012-06-30": -81, "2012-03-31": "", "2011-12-31": 0, "2011-09-30": 0, "2011-06-30": -66, "2011-03-31": "600.00000", "2010-12-31": 0, "2010-09-30": 0, "2010-06-30": 0, "2010-03-31": "", "2009-12-31": -1, "2009-09-30": 0, "2009-06-30": 987, "2009-03-31": "", "2008-12-31": 2500, "2008-09-30": 87, "2008-06-30": 1604, "2008-03-31": "3.00000", "2007-12-31": 1, "2007-09-30": -50, "2007-06-30": -205, "2007-03-31": "-229.00000", "2006-12-31": -150, "2006-09-30": -23, "2006-06-30": -118, "2006-03-31": "-109.00000", "2005-12-31": -73, "2005-09-30": 0, "2005-06-30": 17, "2005-03-31": "-44.00000"}, "Net Total Equity Issued/Repurchased": {"2020-12-31": 110, "2020-09-30": 1, "2020-06-30": 1, "2020-03-31": "-112.00000", "2019-12-31": -230, "2019-09-30": -246, "2019-06-30": 258, "2019-03-31": "-164.00000", "2018-12-31": -277, "2018-09-30": -124, "2018-06-30": -119, "2018-03-31": "-146.00000", "2017-12-31": -202, "2017-09-30": -266, "2017-06-30": -86, "2017-03-31": "-435.00000", "2016-12-31": 450, "2016-09-30": 448, "2016-06-30": 2, "2016-03-31": "1.00000", "2015-12-31": 3, "2015-09-30": -121, "2015-06-30": -120, "2015-03-31": "-188.00000", "2014-12-31": -125, "2014-09-30": -115, "2014-06-30": -102, "2014-03-31": "-115.00000", "2013-12-31": -95, "2013-09-30": -190, "2013-06-30": -106, "2013-03-31": "-57.00000", "2012-12-31": -88, "2012-09-30": -80, "2012-06-30": -81, "2012-03-31": "", "2011-12-31": 0, "2011-09-30": 0, "2011-06-30": -66, "2011-03-31": "-1900.00000", "2010-12-31": 0, "2010-09-30": 0, "2010-06-30": 0, "2010-03-31": "", "2009-12-31": -1, "2009-09-30": 0, "2009-06-30": 987, "2009-03-31": "", "2008-12-31": 2500, "2008-09-30": 87, "2008-06-30": 1604, "2008-03-31": "3.00000", "2007-12-31": 1, "2007-09-30": -50, "2007-06-30": -205, "2007-03-31": "-229.00000", "2006-12-31": -150, "2006-09-30": -23, "2006-06-30": -118, "2006-03-31": "-109.00000", "2005-12-31": -73, "2005-09-30": 0, "2005-06-30": 17, "2005-03-31": "-44.00000"}, "Total Common And Preferred Stock Dividends Paid": {"2020-12-31": 622, "2020-09-30": -207, "2020-06-30": -207, "2020-03-31": "-208.00000", "2019-12-31": -209, "2019-09-30": -212, "2019-06-30": -191, "2019-03-31": "-192.00000", "2018-12-31": -198, "2018-09-30": -190, "2018-06-30": -141, "2018-03-31": "-127.00000", "2017-12-31": -127, "2017-09-30": -117, "2017-06-30": -118, "2017-03-31": "-118.00000", "2016-12-31": -111, "2016-09-30": -78, "2016-06-30": -78, "2016-03-31": "-68.00000", "2015-12-31": -68, "2015-09-30": -69, "2015-06-30": -69, "2015-03-31": "-61.00000", "2014-12-31": -62, "2014-09-30": -61, "2014-06-30": -62, "2014-03-31": "-55.00000", "2013-12-31": -55, "2013-09-30": -55, "2013-06-30": -55, "2013-03-31": "-52.00000", "2012-12-31": -52, "2012-09-30": -52, "2012-06-30": -52, "2012-03-31": "-35.00000", "2011-12-31": -34, "2011-09-30": -34, "2011-06-30": -35, "2011-03-31": "-61.00000", "2010-12-31": -46, "2010-09-30": -46, "2010-06-30": -46, "2010-03-31": "-46.00000", "2009-12-31": -45, "2009-09-30": -46, "2009-06-30": -47, "2009-03-31": "-75.00000", "2008-12-31": -42, "2008-09-30": -105, "2008-06-30": -150, "2008-03-31": "-148.00000", "2007-12-31": -143, "2007-09-30": -141, "2007-06-30": -141, "2007-03-31": "-145.00000", "2006-12-31": -137, "2006-09-30": -140, "2006-06-30": -140, "2006-03-31": "-140.00000", "2005-12-31": -133, "2005-09-30": -133, "2005-06-30": -133, "2005-03-31": "-132.00000"}, "Financial Activities - Other": {"2020-12-31": -24840, "2020-09-30": 1233, "2020-06-30": 20208, "2020-03-31": "3399.00000", "2019-12-31": 221, "2019-09-30": 1703, "2019-06-30": 1770, "2019-03-31": "834.00000", "2018-12-31": 1529, "2018-09-30": 1231, "2018-06-30": -206, "2018-03-31": "-527.00000", "2017-12-31": 1788, "2017-09-30": 619, "2017-06-30": -1167, "2017-03-31": "-158.00000", "2016-12-31": -100, "2016-09-30": -132, "2016-06-30": 1943, "2016-03-31": "2336.00000", "2015-12-31": -27, "2015-09-30": 404, "2015-06-30": -953, "2015-03-31": "-376.00000", "2014-12-31": 3542, "2014-09-30": 657, "2014-06-30": 533, "2014-03-31": "-1996.00000", "2013-12-31": 728, "2013-09-30": 567, "2013-06-30": 2377, "2013-03-31": "-1339.00000", "2012-12-31": 1805, "2012-09-30": -27, "2012-06-30": 673, "2012-03-31": "-462.00000", "2011-12-31": 924, "2011-09-30": 622, "2011-06-30": -400, "2011-03-31": "200.00000", "2010-12-31": -808, "2010-09-30": -957, "2010-06-30": -2774, "2010-03-31": "-422.00000", "2009-12-31": -1688, "2009-09-30": -521, "2009-06-30": 1899, "2009-03-31": "749.00000", "2008-12-31": 555, "2008-09-30": 335, "2008-06-30": -308, "2008-03-31": "-202.00000", "2007-12-31": -564, "2007-09-30": 3116, "2007-06-30": 828, "2007-03-31": "663.00000", "2006-12-31": -2311, "2006-09-30": 597, "2006-06-30": 1447, "2006-03-31": "656.00000", "2005-12-31": 699, "2005-09-30": 17, "2005-06-30": 930, "2005-03-31": "-703.00000"}, "Cash Flow From Financial Activities": {"2020-12-31": -24040, "2020-09-30": -926, "2020-06-30": 14938, "2020-03-31": "10028.00000", "2019-12-31": -1951, "2019-09-30": 1335, "2019-06-30": 1770, "2019-03-31": "912.00000", "2018-12-31": -254, "2018-09-30": 573, "2018-06-30": 230, "2018-03-31": "-566.00000", "2017-12-31": 779, "2017-09-30": 394, "2017-06-30": 891, "2017-03-31": "-1646.00000", "2016-12-31": 1112, "2016-09-30": -1621, "2016-06-30": 2516, "2016-03-31": "2831.00000", "2015-12-31": -159, "2015-09-30": 189, "2015-06-30": 443, "2015-03-31": "373.00000", "2014-12-31": 3458, "2014-09-30": -568, "2014-06-30": 736, "2014-03-31": "-2094.00000", "2013-12-31": 2089, "2013-09-30": -203, "2013-06-30": 830, "2013-03-31": "-38.00000", "2012-12-31": 2192, "2012-09-30": -1435, "2012-06-30": -970, "2012-03-31": "-947.00000", "2011-12-31": -413, "2011-09-30": 255, "2011-06-30": -1401, "2011-03-31": "-1542.00000", "2010-12-31": -1721, "2010-09-30": -439, "2010-06-30": -2236, "2010-03-31": "-495.00000", "2009-12-31": -3652, "2009-09-30": -1894, "2009-06-30": 1208, "2009-03-31": "-5365.00000", "2008-12-31": 4710, "2008-09-30": 173, "2008-06-30": 1356, "2008-03-31": "-72.00000", "2007-12-31": 1110, "2007-09-30": 2782, "2007-06-30": 334, "2007-03-31": "789.00000", "2006-12-31": -4292, "2006-09-30": 1130, "2006-06-30": 1204, "2006-03-31": "-12.00000", "2005-12-31": 653, "2005-09-30": 804, "2005-06-30": 384, "2005-03-31": "287.00000"}, "Net Cash Flow": {"2020-12-31": -224, "2020-09-30": -103, "2020-06-30": 194, "2020-03-31": "133.00000", "2019-12-31": 96, "2019-09-30": 29, "2019-06-30": -4, "2019-03-31": "-67.00000", "2018-12-31": 359, "2018-09-30": -465, "2018-06-30": 141, "2018-03-31": "-28.00000", "2017-12-31": 109, "2017-09-30": -39, "2017-06-30": 52, "2017-03-31": "-128.00000", "2016-12-31": -72, "2016-09-30": 253, "2016-06-30": 22, "2016-03-31": "-133.00000", "2015-12-31": 137, "2015-09-30": -223, "2015-06-30": 187, "2015-03-31": "-147.00000", "2014-12-31": 2, "2014-09-30": 47, "2014-06-30": 195, "2014-03-31": "-208.00000", "2013-12-31": -131, "2013-09-30": 52, "2013-06-30": 75, "2013-03-31": "37.00000", "2012-12-31": -389, "2012-09-30": 257, "2012-06-30": 301, "2012-03-31": "-278.00000", "2011-12-31": -135, "2011-09-30": -25, "2011-06-30": 313, "2011-03-31": "262.00000", "2010-12-31": -545, "2010-09-30": 232, "2010-06-30": -28, "2010-03-31": "148.00000", "2009-12-31": -254, "2009-09-30": 19, "2009-06-30": 82, "2009-03-31": "-621.00000", "2008-12-31": -682, "2008-09-30": 26, "2008-06-30": 182, "2008-03-31": "-84.00000", "2007-12-31": -213, "2007-09-30": 198, "2007-06-30": -234, "2007-03-31": "-212.00000", "2006-12-31": -693, "2006-09-30": 143, "2006-06-30": 328, "2006-03-31": "-622.00000", "2005-12-31": 448, "2005-09-30": -308, "2005-06-30": -23, "2005-03-31": "537.00000"}, "Stock-Based Compensation": {"2020-12-31": -75, "2020-09-30": 24, "2020-06-30": 26, "2020-03-31": "25.00000", "2019-12-31": 24, "2019-09-30": 24, "2019-06-30": 23, "2019-03-31": "25.00000", "2018-12-31": 21, "2018-09-30": 25, "2018-06-30": 26, "2018-03-31": "27.00000", "2017-12-31": 26, "2017-09-30": 23, "2017-06-30": 24, "2017-03-31": "27.00000", "2016-12-31": 33, "2016-09-30": 30, "2016-06-30": 17, "2016-03-31": "19.00000", "2015-12-31": 11, "2015-09-30": 14, "2015-06-30": 20, "2015-03-31": "13.00000", "2014-12-31": 13, "2014-09-30": 10, "2014-06-30": 10, "2014-03-31": "11.00000", "2013-12-31": 8, "2013-09-30": 8, "2013-06-30": 9, "2013-03-31": "10.00000", "2012-12-31": 11, "2012-09-30": 11, "2012-06-30": 27, "2012-03-31": "", "2011-12-31": 41, "2011-09-30": 0, "2011-06-30": 0, "2011-03-31": "", "2010-12-31": 0, "2010-09-30": 0, "2010-06-30": 0, "2010-03-31": "", "2009-12-31": 0, "2009-09-30": 0, "2009-06-30": 0, "2009-03-31": "", "2008-12-31": 0, "2008-09-30": 0, "2008-06-30": 0, "2008-03-31": "", "2007-12-31": 0, "2007-09-30": 0, "2007-06-30": 0, "2007-03-31": "", "2006-12-31": 0, "2006-09-30": 0, "2006-06-30": 0, "2006-03-31": "", "2005-12-31": 0, "2005-09-30": 0, "2005-06-30": 0, "2005-03-31": ""}, "Common Stock Dividends Paid": {"2020-12-31": 622, "2020-09-30": -207, "2020-06-30": -207, "2020-03-31": "-208.00000", "2019-12-31": -209, "2019-09-30": -212, "2019-06-30": -191, "2019-03-31": "-192.00000", "2018-12-31": -198, "2018-09-30": -190, "2018-06-30": -141, "2018-03-31": "-127.00000", "2017-12-31": -127, "2017-09-30": -117, "2017-06-30": -118, "2017-03-31": "-118.00000", "2016-12-31": -111, "2016-09-30": -78, "2016-06-30": -78, "2016-03-31": "-68.00000", "2015-12-31": -68, "2015-09-30": -69, "2015-06-30": -69, "2015-03-31": "-61.00000", "2014-12-31": -62, "2014-09-30": -61, "2014-06-30": -62, "2014-03-31": "-55.00000", "2013-12-31": -55, "2013-09-30": -55, "2013-06-30": -55, "2013-03-31": "-52.00000", "2012-12-31": -52, "2012-09-30": -52, "2012-06-30": -52, "2012-03-31": "-35.00000", "2011-12-31": -34, "2011-09-30": -34, "2011-06-30": -35, "2011-03-31": "-61.00000", "2010-12-31": -46, "2010-09-30": -46, "2010-06-30": -46, "2010-03-31": "-46.00000", "2009-12-31": -45, "2009-09-30": -46, "2009-06-30": -47, "2009-03-31": "-75.00000", "2008-12-31": -42, "2008-09-30": -105, "2008-06-30": -150, "2008-03-31": "-148.00000", "2007-12-31": -143, "2007-09-30": -141, "2007-06-30": -141, "2007-03-31": "-145.00000", "2006-12-31": -137, "2006-09-30": -140, "2006-06-30": -140, "2006-03-31": "-140.00000", "2005-12-31": -133, "2005-09-30": -133, "2005-06-30": -133, "2005-03-31": "-132.00000"}}, "financial ratios": {"Current Ratio": {"2019-12-31": "", "2018-12-31": "", "2017-12-31": "", "2016-12-31": "", "2015-12-31": "", "2014-12-31": "", "2013-12-31": "", "2012-12-31": "", "2011-12-31": "", "2010-12-31": "", "2009-12-31": "", "2008-12-31": "", "2007-12-31": "", "2006-12-31": "", "2005-12-31": ""}, "Long-term Debt / Capital": {"2019-12-31": "0.42220", "2018-12-31": "0.46820", "2017-12-31": "0.48820", "2016-12-31": "0.44830", "2015-12-31": "0.48630", "2014-12-31": "0.42760", "2013-12-31": "0.42570", "2012-12-31": "0.39910", "2011-12-31": "0.48970", "2010-12-31": "0.48220", "2009-12-31": "0.51390", "2008-12-31": "0.58400", "2007-12-31": "0.60690", "2006-12-31": "0.65360", "2005-12-31": "0.64720"}, "Debt/Equity Ratio": {"2019-12-31": "0.79470", "2018-12-31": "0.93580", "2017-12-31": "1.02120", "2016-12-31": "0.96420", "2015-12-31": "1.03070", "2014-12-31": "0.84170", "2013-12-31": "0.92320", "2012-12-31": "0.84810", "2011-12-31": "1.16590", "2010-12-31": "1.21220", "2009-12-31": "1.24760", "2008-12-31": "2.34330", "2007-12-31": "2.80730", "2006-12-31": "2.51430", "2005-12-31": "2.70520"}, "Gross Margin": {"2019-12-31": "", "2018-12-31": "", "2017-12-31": "", "2016-12-31": "", "2015-12-31": "", "2014-12-31": "", "2013-12-31": "", "2012-12-31": "", "2011-12-31": "", "2010-12-31": "", "2009-12-31": "", "2008-12-31": "", "2007-12-31": "", "2006-12-31": "", "2005-12-31": ""}, "Operating Margin": {"2019-12-31": "", "2018-12-31": "", "2017-12-31": "", "2016-12-31": "", "2015-12-31": "", "2014-12-31": "", "2013-12-31": "", "2012-12-31": "", "2011-12-31": "", "2010-12-31": "", "2009-12-31": "", "2008-12-31": "", "2007-12-31": "", "2006-12-31": "", "2005-12-31": ""}, "EBIT Margin": {"2019-12-31": "", "2018-12-31": "", "2017-12-31": "", "2016-12-31": "", "2015-12-31": "", "2014-12-31": "", "2013-12-31": "", "2012-12-31": "", "2011-12-31": "", "2010-12-31": "", "2009-12-31": "", "2008-12-31": "", "2007-12-31": "", "2006-12-31": "", "2005-12-31": ""}, "EBITDA Margin": {"2019-12-31": "", "2018-12-31": "", "2017-12-31": "", "2016-12-31": "", "2015-12-31": "", "2014-12-31": "", "2013-12-31": "", "2012-12-31": "", "2011-12-31": "", "2010-12-31": "", "2009-12-31": "", "2008-12-31": "", "2007-12-31": "", "2006-12-31": "", "2005-12-31": ""}, "Pre-Tax Profit Margin": {"2019-12-31": "34.13810", "2018-12-31": "35.65880", "2017-12-31": "31.99470", "2016-12-31": "20.49110", "2015-12-31": "30.08370", "2014-12-31": "31.53980", "2013-12-31": "28.86420", "2012-12-31": "27.57650", "2011-12-31": "33.15070", "2010-12-31": "20.72120", "2009-12-31": "-182.96180", "2008-12-31": "-32.36860", "2007-12-31": "28.25990", "2006-12-31": "34.28630", "2005-12-31": "33.31880"}, "Net Profit Margin": {"2019-12-31": "27.35100", "2018-12-31": "29.13560", "2017-12-31": "20.34520", "2016-12-31": "15.96110", "2015-12-31": "21.98430", "2014-12-31": "21.77040", "2013-12-31": "22.43870", "2012-12-31": "21.48550", "2011-12-31": "20.24910", "2010-12-31": "10.19080", "2009-12-31": "-129.69740", "2008-12-31": "-57.50190", "2007-12-31": "20.87690", "2006-12-31": "22.01590", "2005-12-31": "24.65070"}, "Asset Turnover": {"2019-12-31": "0.04090", "2018-12-31": "0.04430", "2017-12-31": "0.04380", "2016-12-31": "0.03460", "2015-12-31": "0.04270", "2014-12-31": "0.04300", "2013-12-31": "0.04250", "2012-12-31": "0.04360", "2011-12-31": "0.04520", "2010-12-31": "0.04170", "2009-12-31": "0.01350", "2008-12-31": "0.02510", "2007-12-31": "0.04480", "2006-12-31": "0.05190", "2005-12-31": "0.04920"}, "Inventory Turnover Ratio": {"2019-12-31": "", "2018-12-31": "", "2017-12-31": "", "2016-12-31": "", "2015-12-31": "", "2014-12-31": "", "2013-12-31": "", "2012-12-31": "", "2011-12-31": "", "2010-12-31": "", "2009-12-31": "", "2008-12-31": "", "2007-12-31": "", "2006-12-31": "", "2005-12-31": ""}, "Receiveable Turnover": {"2019-12-31": "", "2018-12-31": "", "2017-12-31": "", "2016-12-31": "", "2015-12-31": "", "2014-12-31": "", "2013-12-31": "", "2012-12-31": "", "2011-12-31": "", "2010-12-31": "", "2009-12-31": "", "2008-12-31": "", "2007-12-31": "", "2006-12-31": "", "2005-12-31": ""}, "Days Sales In Receivables": {"2019-12-31": "", "2018-12-31": "", "2017-12-31": "", "2016-12-31": "", "2015-12-31": "", "2014-12-31": "", "2013-12-31": "", "2012-12-31": "", "2011-12-31": "", "2010-12-31": "", "2009-12-31": "", "2008-12-31": "", "2007-12-31": "", "2006-12-31": "", "2005-12-31": ""}, "ROE - Return On Equity": {"2019-12-31": "11.28290", "2018-12-31": "13.14150", "2017-12-31": "9.22140", "2016-12-31": "5.81220", "2015-12-31": "8.77830", "2014-12-31": "9.22840", "2013-12-31": "8.67480", "2012-12-31": "8.40490", "2011-12-31": "10.04050", "2010-12-31": "7.02790", "2009-12-31": "-15.37990", "2008-12-31": "-16.91420", "2007-12-31": "12.48390", "2006-12-31": "15.48750", "2005-12-31": "14.34590"}, "Return On Tangible Equity": {"2019-12-31": "12.09550", "2018-12-31": "14.56440", "2017-12-31": "10.69510", "2016-12-31": "6.35780", "2015-12-31": "9.53910", "2014-12-31": "10.08100", "2013-12-31": "9.44220", "2012-12-31": "9.19310", "2011-12-31": "10.75880", "2010-12-31": "5.81640", "2009-12-31": "-12.67310", "2008-12-31": "-13.61620", "2007-12-31": "15.17820", "2006-12-31": "18.69610", "2005-12-31": "17.81630"}, "ROA - Return On Assets": {"2019-12-31": "1.17800", "2018-12-31": "1.33150", "2017-12-31": "0.93760", "2016-12-31": "0.57820", "2015-12-31": "0.96600", "2014-12-31": "1.00830", "2013-12-31": "0.93610", "2012-12-31": "0.94360", "2011-12-31": "1.08910", "2010-12-31": "0.66090", "2009-12-31": "-1.35390", "2008-12-31": "-1.23120", "2007-12-31": "0.98440", "2006-12-31": "1.29200", "2005-12-31": "1.17050"}, "ROI - Return On Investment": {"2019-12-31": "5.79260", "2018-12-31": "6.33870", "2017-12-31": "4.39740", "2016-12-31": "2.85620", "2015-12-31": "4.38810", "2014-12-31": "5.13660", "2013-12-31": "4.84140", "2012-12-31": "4.90790", "2011-12-31": "4.97380", "2010-12-31": "2.76340", "2009-12-31": "-5.61560", "2008-12-31": "-5.01250", "2007-12-31": "4.90790", "2006-12-31": "5.36520", "2005-12-31": "5.06110"}, "Book Value Per Share": {"2019-12-31": "17.43570", "2018-12-31": "15.29770", "2017-12-31": "14.05410", "2016-12-31": "14.12010", "2015-12-31": "12.87350", "2014-12-31": "12.26670", "2013-12-31": "11.58610", "2012-12-31": "11.13560", "2011-12-31": "10.41130", "2010-12-31": "12.91610", "2009-12-31": "12.44460", "2008-12-31": "21.57770", "2007-12-31": "19.92320", "2006-12-31": "19.29840", "2005-12-31": "18.68560"}, "Operating Cash Flow Per Share": {"2019-12-31": 0.5234, "2018-12-31": 0.7088, "2017-12-31": -0.1323, "2016-12-31": 0.4603, "2015-12-31": -0.1638, "2014-12-31": -0.1921, "2013-12-31": 0.3181, "2012-12-31": -0.5389, "2011-12-31": -1.186, "2010-12-31": -0.2258, "2009-12-31": 4.5721, "2008-12-31": -1.1331, "2007-12-31": -2.5611, "2006-12-31": -2.7866, "2005-12-31": 5.2365}, "Free Cash Flow Per Share": {"2019-12-31": 0.5485, "2018-12-31": 0.7197, "2017-12-31": -0.0807, "2016-12-31": 0.3935, "2015-12-31": -0.1422, "2014-12-31": -0.2006, "2013-12-31": 0.3901, "2012-12-31": -0.5204, "2011-12-31": -1.203, "2010-12-31": -0.0946, "2009-12-31": 4.6977, "2008-12-31": -1.0918, "2007-12-31": -2.7556, "2006-12-31": -2.7191, "2005-12-31": 4.8911}}, "financial ratios, quarterly": {"Current Ratio": {"2020-09-30": "", "2020-06-30": "", "2020-03-31": "", "2019-12-31": "", "2019-09-30": "", "2019-06-30": "", "2019-03-31": "", "2018-12-31": "", "2018-09-30": "", "2018-06-30": "", "2018-03-31": "", "2017-12-31": "", "2017-09-30": "", "2017-06-30": "", "2017-03-31": "", "2016-12-31": "", "2016-09-30": "", "2016-06-30": "", "2016-03-31": "", "2015-12-31": "", "2015-09-30": "", "2015-06-30": "", "2015-03-31": "", "2014-12-31": "", "2014-09-30": "", "2014-06-30": "", "2014-03-31": "", "2013-12-31": "", "2013-09-30": "", "2013-06-30": "", "2013-03-31": "", "2012-12-31": "", "2012-09-30": "", "2012-06-30": "", "2012-03-31": "", "2011-12-31": "", "2011-09-30": "", "2011-06-30": "", "2011-03-31": "", "2010-12-31": "", "2010-09-30": "", "2010-06-30": "", "2010-03-31": "", "2009-12-31": "", "2009-09-30": "", "2009-06-30": "", "2009-03-31": "", "2008-12-31": "", "2008-09-30": "", "2008-06-30": "", "2008-03-31": "", "2007-12-31": "", "2007-09-30": "", "2007-06-30": "", "2007-03-31": "", "2006-12-31": "", "2006-09-30": "", "2006-06-30": "", "2006-03-31": "", "2005-12-31": "", "2005-09-30": "", "2005-06-30": "", "2005-03-31": ""}, "Long-term Debt / Capital": {"2020-09-30": "0.41720", "2020-06-30": "0.43910", "2020-03-31": "0.44090", "2019-12-31": "0.42220", "2019-09-30": "0.45810", "2019-06-30": "0.45750", "2019-03-31": "0.47080", "2018-12-31": "0.46820", "2018-09-30": "0.47660", "2018-06-30": "0.47840", "2018-03-31": "0.47910", "2017-12-31": "0.48820", "2017-09-30": "0.49750", "2017-06-30": "0.46500", "2017-03-31": "0.45140", "2016-12-31": "0.44830", "2016-09-30": "0.45700", "2016-06-30": "0.50150", "2016-03-31": "0.49290", "2015-12-31": "0.48630", "2015-09-30": "0.49030", "2015-06-30": "0.49190", "2015-03-31": "0.45080", "2014-12-31": "0.42760", "2014-09-30": "0.40580", "2014-06-30": "0.43840", "2014-03-31": "0.42530", "2013-12-31": "0.42570", "2013-09-30": "0.37550", "2013-06-30": "0.39380", "2013-03-31": "0.42860", "2012-12-31": "0.39910", "2012-09-30": "0.37320", "2012-06-30": "0.42500", "2012-03-31": "0.46800", "2011-12-31": "0.48970", "2011-09-30": "0.51940", "2011-06-30": "0.53040", "2011-03-31": "0.53260", "2010-12-31": "0.48220", "2010-09-30": "0.50120", "2010-06-30": "0.48560", "2010-03-31": "0.50580", "2009-12-31": "0.51390", "2009-09-30": "0.53490", "2009-06-30": "0.54900", "2009-03-31": "0.59550", "2008-12-31": "0.58400", "2008-09-30": "0.63780", "2008-06-30": "0.62970", "2008-03-31": "0.62050", "2007-12-31": "0.60690", "2007-09-30": "0.59630", "2007-06-30": "0.62030", "2007-03-31": "0.62850", "2006-12-31": "0.65360", "2006-09-30": "0.63210", "2006-06-30": "0.64490", "2006-03-31": "0.64750", "2005-12-31": "0.64720", "2005-09-30": "0.65110", "2005-06-30": "0.64890", "2005-03-31": "0.66320"}, "Debt/Equity Ratio": {"2020-09-30": "0.77400", "2020-06-30": "0.89600", "2020-03-31": "1.19360", "2019-12-31": "0.79470", "2019-09-30": "0.89690", "2019-06-30": "0.89520", "2019-03-31": "0.94900", "2018-12-31": "0.93580", "2018-09-30": "1.03690", "2018-06-30": "1.07000", "2018-03-31": "1.03690", "2017-12-31": "1.02120", "2017-09-30": "1.05500", "2017-06-30": "1.04650", "2017-03-31": "0.91530", "2016-12-31": "0.96420", "2016-09-30": "0.93570", "2016-06-30": "1.09870", "2016-03-31": "1.06120", "2015-12-31": "1.03070", "2015-09-30": "1.06300", "2015-06-30": "1.06000", "2015-03-31": "0.92680", "2014-12-31": "0.84170", "2014-09-30": "0.84020", "2014-06-30": "0.94540", "2014-03-31": "0.92070", "2013-12-31": "0.92320", "2013-09-30": "0.78890", "2013-06-30": "0.83920", "2013-03-31": "0.97440", "2012-12-31": "0.84810", "2012-09-30": "0.80290", "2012-06-30": "0.94330", "2012-03-31": "1.09410", "2011-12-31": "1.16590", "2011-09-30": "1.30710", "2011-06-30": "1.35320", "2011-03-31": "1.44010", "2010-12-31": "1.21220", "2010-09-30": "1.31020", "2010-06-30": "1.27400", "2010-03-31": "1.24060", "2009-12-31": "1.24760", "2009-09-30": "1.34070", "2009-06-30": "1.51010", "2009-03-31": "1.85060", "2008-12-31": "2.34330", "2008-09-30": "2.56810", "2008-06-30": "2.60880", "2008-03-31": "2.65750", "2007-12-31": "2.80730", "2007-09-30": "2.47770", "2007-06-30": "2.52160", "2007-03-31": "2.55900", "2006-12-31": "2.51430", "2006-09-30": "2.63610", "2006-06-30": "2.59330", "2006-03-31": "2.62520", "2005-12-31": "2.70520", "2005-09-30": "2.72290", "2005-06-30": "2.68320", "2005-03-31": "2.81210"}, "Gross Margin": {"2020-09-30": "", "2020-06-30": "", "2020-03-31": "", "2019-12-31": "", "2019-09-30": "", "2019-06-30": "", "2019-03-31": "", "2018-12-31": "", "2018-09-30": "", "2018-06-30": "", "2018-03-31": "", "2017-12-31": "", "2017-09-30": "", "2017-06-30": "", "2017-03-31": "", "2016-12-31": "", "2016-09-30": "", "2016-06-30": "", "2016-03-31": "", "2015-12-31": "", "2015-09-30": "", "2015-06-30": "", "2015-03-31": "", "2014-12-31": "", "2014-09-30": "", "2014-06-30": "", "2014-03-31": "", "2013-12-31": "", "2013-09-30": "", "2013-06-30": "", "2013-03-31": "", "2012-12-31": "", "2012-09-30": "", "2012-06-30": "", "2012-03-31": "", "2011-12-31": "", "2011-09-30": "", "2011-06-30": "", "2011-03-31": "", "2010-12-31": "", "2010-09-30": "", "2010-06-30": "", "2010-03-31": "", "2009-12-31": "", "2009-09-30": "", "2009-06-30": "", "2009-03-31": "", "2008-12-31": "", "2008-09-30": "", "2008-06-30": "", "2008-03-31": "", "2007-12-31": "", "2007-09-30": "", "2007-06-30": "", "2007-03-31": "", "2006-12-31": "", "2006-09-30": "", "2006-06-30": "", "2006-03-31": "", "2005-12-31": "", "2005-09-30": "", "2005-06-30": "", "2005-03-31": ""}, "Operating Margin": {"2020-09-30": "", "2020-06-30": "", "2020-03-31": "", "2019-12-31": "", "2019-09-30": "", "2019-06-30": "", "2019-03-31": "", "2018-12-31": "", "2018-09-30": "", "2018-06-30": "", "2018-03-31": "", "2017-12-31": "", "2017-09-30": "", "2017-06-30": "", "2017-03-31": "", "2016-12-31": "", "2016-09-30": "", "2016-06-30": "", "2016-03-31": "", "2015-12-31": "", "2015-09-30": "", "2015-06-30": "", "2015-03-31": "", "2014-12-31": "", "2014-09-30": "", "2014-06-30": "", "2014-03-31": "", "2013-12-31": "", "2013-09-30": "", "2013-06-30": "", "2013-03-31": "", "2012-12-31": "", "2012-09-30": "", "2012-06-30": "", "2012-03-31": "", "2011-12-31": "", "2011-09-30": "", "2011-06-30": "", "2011-03-31": "", "2010-12-31": "", "2010-09-30": "", "2010-06-30": "", "2010-03-31": "", "2009-12-31": "", "2009-09-30": "", "2009-06-30": "", "2009-03-31": "", "2008-12-31": "", "2008-09-30": "", "2008-06-30": "", "2008-03-31": "", "2007-12-31": "", "2007-09-30": "", "2007-06-30": "", "2007-03-31": "", "2006-12-31": "", "2006-09-30": "", "2006-06-30": "", "2006-03-31": "", "2005-12-31": "", "2005-09-30": "", "2005-06-30": "", "2005-03-31": ""}, "EBIT Margin": {"2020-09-30": "", "2020-06-30": "", "2020-03-31": "", "2019-12-31": "", "2019-09-30": "", "2019-06-30": "", "2019-03-31": "", "2018-12-31": "", "2018-09-30": "", "2018-06-30": "", "2018-03-31": "", "2017-12-31": "", "2017-09-30": "", "2017-06-30": "", "2017-03-31": "", "2016-12-31": "", "2016-09-30": "", "2016-06-30": "", "2016-03-31": "", "2015-12-31": "", "2015-09-30": "", "2015-06-30": "", "2015-03-31": "", "2014-12-31": "", "2014-09-30": "", "2014-06-30": "", "2014-03-31": "", "2013-12-31": "", "2013-09-30": "", "2013-06-30": "", "2013-03-31": "", "2012-12-31": "", "2012-09-30": "", "2012-06-30": "", "2012-03-31": "", "2011-12-31": "", "2011-09-30": "", "2011-06-30": "", "2011-03-31": "", "2010-12-31": "", "2010-09-30": "", "2010-06-30": "", "2010-03-31": "", "2009-12-31": "", "2009-09-30": "", "2009-06-30": "", "2009-03-31": "", "2008-12-31": "", "2008-09-30": "", "2008-06-30": "", "2008-03-31": "", "2007-12-31": "", "2007-09-30": "", "2007-06-30": "", "2007-03-31": "", "2006-12-31": "", "2006-09-30": "", "2006-06-30": "", "2006-03-31": "", "2005-12-31": "", "2005-09-30": "", "2005-06-30": "", "2005-03-31": ""}, "EBITDA Margin": {"2020-09-30": "", "2020-06-30": "", "2020-03-31": "", "2019-12-31": "", "2019-09-30": "", "2019-06-30": "", "2019-03-31": "", "2018-12-31": "", "2018-09-30": "", "2018-06-30": "", "2018-03-31": "", "2017-12-31": "", "2017-09-30": "", "2017-06-30": "", "2017-03-31": "", "2016-12-31": "", "2016-09-30": "", "2016-06-30": "", "2016-03-31": "", "2015-12-31": "", "2015-09-30": "", "2015-06-30": "", "2015-03-31": "", "2014-12-31": "", "2014-09-30": "", "2014-06-30": "", "2014-03-31": "", "2013-12-31": "", "2013-09-30": "", "2013-06-30": "", "2013-03-31": "", "2012-12-31": "", "2012-09-30": "", "2012-06-30": "", "2012-03-31": "", "2011-12-31": "", "2011-09-30": "", "2011-06-30": "", "2011-03-31": "", "2010-12-31": "", "2010-09-30": "", "2010-06-30": "", "2010-03-31": "", "2009-12-31": "", "2009-09-30": "", "2009-06-30": "", "2009-03-31": "", "2008-12-31": "", "2008-09-30": "", "2008-06-30": "", "2008-03-31": "", "2007-12-31": "", "2007-09-30": "", "2007-06-30": "", "2007-03-31": "", "2006-12-31": "", "2006-09-30": "", "2006-06-30": "", "2006-03-31": "", "2005-12-31": "", "2005-09-30": "", "2005-06-30": "", "2005-03-31": ""}, "Pre-Tax Profit Margin": {"2020-09-30": "31.82120", "2020-06-30": "17.50810", "2020-03-31": "15.28660", "2019-12-31": "35.56870", "2019-09-30": "33.96620", "2019-06-30": "33.35510", "2019-03-31": "33.63200", "2018-12-31": "36.19170", "2018-09-30": "37.11680", "2018-06-30": "36.95240", "2018-03-31": "32.21020", "2017-12-31": "28.93200", "2017-09-30": "33.37810", "2017-06-30": "36.21800", "2017-03-31": "29.25980", "2016-12-31": "18.12080", "2016-09-30": "14.80320", "2016-06-30": "26.22790", "2016-03-31": "25.68710", "2015-12-31": "29.36660", "2015-09-30": "28.74020", "2015-06-30": "31.03780", "2015-03-31": "31.24360", "2014-12-31": "32.95240", "2014-09-30": "27.44090", "2014-06-30": "32.38190", "2014-03-31": "33.19920", "2013-12-31": "30.22800", "2013-09-30": "29.03870", "2013-06-30": "27.59670", "2013-03-31": "28.54150", "2012-12-31": "25.33060", "2012-09-30": "27.42100", "2012-06-30": "28.85010", "2012-03-31": "28.75130", "2011-12-31": "30.01150", "2011-09-30": "32.28960", "2011-06-30": "33.72320", "2011-03-31": "35.92320", "2010-12-31": "40.57510", "2010-09-30": "28.68220", "2010-06-30": "12.71280", "2010-03-31": "-18.58010", "2009-12-31": "-153.93590", "2009-09-30": "-273.85890", "2009-06-30": "-89.15930", "2009-03-31": "-321.36360", "2008-12-31": "-111.37930", "2008-09-30": "-1.09290", "2008-06-30": "-201.16280", "2008-03-31": "30.58710", "2007-12-31": "-4.94790", "2007-09-30": "29.16280", "2007-06-30": "36.42750", "2007-03-31": "39.17770", "2006-12-31": "33.52510", "2006-09-30": "34.87220", "2006-06-30": "34.91030", "2006-03-31": "33.80280", "2005-12-31": "31.60290", "2005-09-30": "33.86960", "2005-06-30": "35.03020", "2005-03-31": "32.66200"}, "Net Profit Margin": {"2020-09-30": "26.36420", "2020-06-30": "13.11080", "2020-03-31": "10.82800", "2019-12-31": "29.05980", "2019-09-30": "27.14490", "2019-06-30": "26.48790", "2019-03-31": "26.67130", "2018-12-31": "29.06680", "2018-09-30": "30.52840", "2018-06-30": "29.65080", "2018-03-31": "27.22370", "2017-12-31": "11.77990", "2017-09-30": "23.50570", "2017-06-30": "25.51280", "2017-03-31": "20.67040", "2016-12-31": "14.02690", "2016-09-30": "13.07090", "2016-06-30": "19.25340", "2016-03-31": "19.34460", "2015-12-31": "21.11320", "2015-09-30": "20.96460", "2015-06-30": "22.59940", "2015-03-31": "23.32990", "2014-12-31": "23.61910", "2014-09-30": "18.49950", "2014-06-30": "21.06300", "2014-03-31": "23.74250", "2013-12-31": "22.20020", "2013-09-30": "26.36270", "2013-06-30": "20.16290", "2013-03-31": "20.88140", "2012-12-31": "19.53200", "2012-09-30": "22.32420", "2012-06-30": "23.71660", "2012-03-31": "20.35680", "2011-12-31": "22.22220", "2011-09-30": "20.74360", "2011-06-30": "22.80700", "2011-03-31": "15.81350", "2010-12-31": "22.28440", "2010-09-30": "17.24810", "2010-06-30": "3.29170", "2010-03-31": "-14.50150", "2009-12-31": "-77.25950", "2009-09-30": "-181.74270", "2009-06-30": "-86.28320", "2009-03-31": "-243.63640", "2008-12-31": "-95.51720", "2008-09-30": "-6.55740", "2008-06-30": "-436.43410", "2008-03-31": "20.64390", "2007-12-31": "3.25520", "2007-09-30": "19.75540", "2007-06-30": "26.05300", "2007-03-31": "27.15280", "2006-12-31": "11.99670", "2006-09-30": "25.72140", "2006-06-30": "25.12240", "2006-03-31": "25.44010", "2005-12-31": "26.95810", "2005-09-30": "23.53940", "2005-06-30": "25.10790", "2005-03-31": "23.11730"}, "Asset Turnover": {"2020-09-30": "0.00890", "2020-06-30": "0.00720", "2020-03-31": "0.00700", "2019-12-31": "0.01050", "2019-09-30": "0.00970", "2019-06-30": "0.01060", "2019-03-31": "0.01030", "2018-12-31": "0.01140", "2018-09-30": "0.01100", "2018-06-30": "0.01140", "2018-03-31": "0.01080", "2017-12-31": "0.01120", "2017-09-30": "0.01090", "2017-06-30": "0.01150", "2017-03-31": "0.01060", "2016-12-31": "0.01090", "2016-09-30": "0.00940", "2016-06-30": "0.01010", "2016-03-31": "0.00960", "2015-12-31": "0.01100", "2015-09-30": "0.01060", "2015-06-30": "0.01090", "2015-03-31": "0.01030", "2014-12-31": "0.01120", "2014-09-30": "0.01080", "2014-06-30": "0.01110", "2014-03-31": "0.01090", "2013-12-31": "0.01090", "2013-09-30": "0.01110", "2013-06-30": "0.01080", "2013-03-31": "0.01070", "2012-12-31": "0.01100", "2012-09-30": "0.01130", "2012-06-30": "0.01130", "2012-03-31": "0.01090", "2011-12-31": "0.00980", "2011-09-30": "0.01140", "2011-06-30": "0.01160", "2011-03-31": "0.01210", "2010-12-31": "0.01360", "2010-09-30": "0.01100", "2010-06-30": "0.00940", "2010-03-31": "0.00690", "2009-12-31": "0.00370", "2009-09-30": "0.00250", "2009-06-30": "0.00460", "2009-03-31": "0.00220", "2008-12-31": "0.00550", "2008-09-30": "0.00720", "2008-06-30": "0.00250", "2008-03-31": "0.01040", "2007-12-31": "0.00780", "2007-09-30": "0.01110", "2007-06-30": "0.01380", "2007-03-31": "0.01400", "2006-12-31": "0.01320", "2006-09-30": "0.01260", "2006-06-30": "0.01290", "2006-03-31": "0.01220", "2005-12-31": "0.01180", "2005-09-30": "0.01280", "2005-06-30": "0.01270", "2005-03-31": "0.01270"}, "Inventory Turnover Ratio": {"2020-09-30": "", "2020-06-30": "", "2020-03-31": "", "2019-12-31": "", "2019-09-30": "", "2019-06-30": "", "2019-03-31": "", "2018-12-31": "", "2018-09-30": "", "2018-06-30": "", "2018-03-31": "", "2017-12-31": "", "2017-09-30": "", "2017-06-30": "", "2017-03-31": "", "2016-12-31": "", "2016-09-30": "", "2016-06-30": "", "2016-03-31": "", "2015-12-31": "", "2015-09-30": "", "2015-06-30": "", "2015-03-31": "", "2014-12-31": "", "2014-09-30": "", "2014-06-30": "", "2014-03-31": "", "2013-12-31": "", "2013-09-30": "", "2013-06-30": "", "2013-03-31": "", "2012-12-31": "", "2012-09-30": "", "2012-06-30": "", "2012-03-31": "", "2011-12-31": "", "2011-09-30": "", "2011-06-30": "", "2011-03-31": "", "2010-12-31": "", "2010-09-30": "", "2010-06-30": "", "2010-03-31": "", "2009-12-31": "", "2009-09-30": "", "2009-06-30": "", "2009-03-31": "", "2008-12-31": "", "2008-09-30": "", "2008-06-30": "", "2008-03-31": "", "2007-12-31": "", "2007-09-30": "", "2007-06-30": "", "2007-03-31": "", "2006-12-31": "", "2006-09-30": "", "2006-06-30": "", "2006-03-31": "", "2005-12-31": "", "2005-09-30": "", "2005-06-30": "", "2005-03-31": ""}, "Receiveable Turnover": {"2020-09-30": "", "2020-06-30": "", "2020-03-31": "", "2019-12-31": "", "2019-09-30": "", "2019-06-30": "", "2019-03-31": "", "2018-12-31": "", "2018-09-30": "", "2018-06-30": "", "2018-03-31": "", "2017-12-31": "", "2017-09-30": "", "2017-06-30": "", "2017-03-31": "", "2016-12-31": "", "2016-09-30": "", "2016-06-30": "", "2016-03-31": "", "2015-12-31": "", "2015-09-30": "", "2015-06-30": "", "2015-03-31": "", "2014-12-31": "", "2014-09-30": "", "2014-06-30": "", "2014-03-31": "", "2013-12-31": "", "2013-09-30": "", "2013-06-30": "", "2013-03-31": "", "2012-12-31": "", "2012-09-30": "", "2012-06-30": "", "2012-03-31": "", "2011-12-31": "", "2011-09-30": "", "2011-06-30": "", "2011-03-31": "", "2010-12-31": "", "2010-09-30": "", "2010-06-30": "", "2010-03-31": "", "2009-12-31": "", "2009-09-30": "", "2009-06-30": "", "2009-03-31": "", "2008-12-31": "", "2008-09-30": "", "2008-06-30": "", "2008-03-31": "", "2007-12-31": "", "2007-09-30": "", "2007-06-30": "", "2007-03-31": "", "2006-12-31": "", "2006-09-30": "", "2006-06-30": "", "2006-03-31": "", "2005-12-31": "", "2005-09-30": "", "2005-06-30": "", "2005-03-31": ""}, "Days Sales In Receivables": {"2020-09-30": "", "2020-06-30": "", "2020-03-31": "", "2019-12-31": "", "2019-09-30": "", "2019-06-30": "", "2019-03-31": "", "2018-12-31": "", "2018-09-30": "", "2018-06-30": "", "2018-03-31": "", "2017-12-31": "", "2017-09-30": "", "2017-06-30": "", "2017-03-31": "", "2016-12-31": "", "2016-09-30": "", "2016-06-30": "", "2016-03-31": "", "2015-12-31": "", "2015-09-30": "", "2015-06-30": "", "2015-03-31": "", "2014-12-31": "", "2014-09-30": "", "2014-06-30": "", "2014-03-31": "", "2013-12-31": "", "2013-09-30": "", "2013-06-30": "", "2013-03-31": "", "2012-12-31": "", "2012-09-30": "", "2012-06-30": "", "2012-03-31": "", "2011-12-31": "", "2011-09-30": "", "2011-06-30": "", "2011-03-31": "", "2010-12-31": "", "2010-09-30": "", "2010-06-30": "", "2010-03-31": "", "2009-12-31": "", "2009-09-30": "", "2009-06-30": "", "2009-03-31": "", "2008-12-31": "", "2008-09-30": "", "2008-06-30": "", "2008-03-31": "", "2007-12-31": "", "2007-09-30": "", "2007-06-30": "", "2007-03-31": "", "2006-12-31": "", "2006-09-30": "", "2006-06-30": "", "2006-03-31": "", "2005-12-31": "", "2005-09-30": "", "2005-06-30": "", "2005-03-31": ""}, "ROE - Return On Equity": {"2020-09-30": "2.67980", "2020-06-30": "1.18270", "2020-03-31": "0.93480", "2019-12-31": "3.07830", "2019-09-30": "2.71420", "2019-06-30": "2.80670", "2019-03-31": "2.80460", "2018-12-31": "3.40730", "2018-09-30": "3.50290", "2018-06-30": "3.40270", "2018-03-31": "2.98830", "2017-12-31": "1.40000", "2017-09-30": "2.55180", "2017-06-30": "2.86020", "2017-03-31": "2.32920", "2016-12-31": "1.70900", "2016-09-30": "1.24340", "2016-06-30": "1.79540", "2016-03-31": "1.73450", "2015-12-31": "2.22560", "2015-09-30": "2.10990", "2015-06-30": "2.28880", "2015-03-31": "2.22800", "2014-12-31": "2.45830", "2014-09-30": "1.98790", "2014-06-30": "2.47310", "2014-03-31": "2.34990", "2013-12-31": "2.34320", "2013-09-30": "2.35290", "2013-06-30": "1.99600", "2013-03-31": "2.00240", "2012-12-31": "1.95650", "2012-09-30": "2.18260", "2012-06-30": "2.29640", "2012-03-31": "2.04580", "2011-12-31": "2.05590", "2011-09-30": "2.44110", "2011-06-30": "2.66780", "2011-03-31": "2.99810", "2010-12-31": "3.89020", "2010-09-30": "2.43790", "2010-06-30": "1.21060", "2010-03-31": "-0.50020", "2009-12-31": "-2.20410", "2009-09-30": "-4.55670", "2009-06-30": "-2.71950", "2009-03-31": "-6.60750", "2008-12-31": "-5.13870", "2008-09-30": "0.17070", "2008-06-30": "-13.70980", "2008-03-31": "2.49740", "2007-12-31": "0.61970", "2007-09-30": "2.86450", "2007-06-30": "4.37610", "2007-03-31": "4.63790", "2006-12-31": "4.03740", "2006-09-30": "3.83790", "2006-06-30": "3.91620", "2006-03-31": "3.58730", "2005-12-31": "3.38250", "2005-09-30": "3.69580", "2005-06-30": "3.95810", "2005-03-31": "3.68610"}, "Return On Tangible Equity": {"2020-09-30": "2.85430", "2020-06-30": "1.26190", "2020-03-31": "0.99920", "2019-12-31": "3.30010", "2019-09-30": "2.91260", "2019-06-30": "3.01950", "2019-03-31": "3.09690", "2018-12-31": "3.77620", "2018-09-30": "3.90090", "2018-06-30": "3.91820", "2018-03-31": "3.46060", "2017-12-31": "1.62370", "2017-09-30": "2.93900", "2017-06-30": "3.29390", "2017-03-31": "2.66630", "2016-12-31": "1.86950", "2016-09-30": "1.42240", "2016-06-30": "1.93970", "2016-03-31": "1.87860", "2015-12-31": "2.41850", "2015-09-30": "2.29570", "2015-06-30": "2.49450", "2015-03-31": "2.43030", "2014-12-31": "2.68540", "2014-09-30": "2.17670", "2014-06-30": "2.68180", "2014-03-31": "2.55280", "2013-12-31": "2.55050", "2013-09-30": "2.56580", "2013-06-30": "2.17890", "2013-03-31": "2.18590", "2012-12-31": "2.14000", "2012-09-30": "2.39090", "2012-06-30": "2.45560", "2012-03-31": "2.18860", "2011-12-31": "2.20290", "2011-09-30": "2.61610", "2011-06-30": "2.86330", "2011-03-31": "3.21920", "2010-12-31": "3.21960", "2010-09-30": "2.02260", "2010-06-30": "0.99870", "2010-03-31": "-0.41170", "2009-12-31": "-1.81620", "2009-09-30": "-3.77800", "2009-06-30": "-2.26120", "2009-03-31": "-5.12740", "2008-12-31": "-4.13670", "2008-09-30": "0.19560", "2008-06-30": "-15.81010", "2008-03-31": "3.12590", "2007-12-31": "0.75340", "2007-09-30": "3.43930", "2007-06-30": "5.27470", "2007-03-31": "5.59200", "2006-12-31": "4.87380", "2006-09-30": "4.73010", "2006-06-30": "4.86120", "2006-03-31": "4.44590", "2005-12-31": "4.20070", "2005-09-30": "4.58070", "2005-06-30": "4.92470", "2005-03-31": "4.61860"}, "ROA - Return On Assets": {"2020-09-30": "0.24860", "2020-06-30": "0.10810", "2020-03-31": "0.09280", "2019-12-31": "0.32140", "2019-09-30": "0.28150", "2019-06-30": "0.29260", "2019-03-31": "0.28690", "2018-12-31": "0.34520", "2018-09-30": "0.34720", "2018-06-30": "0.34760", "2018-03-31": "0.30350", "2017-12-31": "0.14230", "2017-09-30": "0.26550", "2017-06-30": "0.29970", "2017-03-31": "0.24170", "2016-12-31": "0.17000", "2016-09-30": "0.12670", "2016-06-30": "0.19570", "2016-03-31": "0.19000", "2015-12-31": "0.24490", "2015-09-30": "0.23060", "2015-06-30": "0.24950", "2015-03-31": "0.24420", "2014-12-31": "0.26860", "2014-09-30": "0.22610", "2014-06-30": "0.27560", "2014-03-31": "0.26210", "2013-12-31": "0.25290", "2013-09-30": "0.25800", "2013-06-30": "0.21960", "2013-03-31": "0.22650", "2012-12-31": "0.21960", "2012-09-30": "0.25070", "2012-06-30": "0.26240", "2012-03-31": "0.22990", "2011-12-31": "0.22300", "2011-09-30": "0.26330", "2011-06-30": "0.28380", "2011-03-31": "0.31180", "2010-12-31": "0.36580", "2010-09-30": "0.22440", "2010-06-30": "0.10730", "2010-03-31": "-0.04300", "2009-12-31": "-0.19400", "2009-09-30": "-0.39800", "2009-06-30": "-0.23210", "2009-03-31": "-0.47940", "2008-12-31": "-0.37410", "2008-09-30": "0.01380", "2008-06-30": "-1.11180", "2008-03-31": "0.21580", "2007-12-31": "0.04890", "2007-09-30": "0.23300", "2007-06-30": "0.36250", "2007-03-31": "0.38810", "2006-12-31": "0.33680", "2006-09-30": "0.31720", "2006-06-30": "0.31960", "2006-03-31": "0.29340", "2005-12-31": "0.27600", "2005-09-30": "0.30110", "2005-06-30": "0.31970", "2005-03-31": "0.29240"}, "ROI - Return On Investment": {"2020-09-30": "1.39440", "2020-06-30": "0.59150", "2020-03-31": "0.46560", "2019-12-31": "1.58040", "2019-09-30": "1.30750", "2019-06-30": "1.35220", "2019-03-31": "1.34910", "2018-12-31": "1.64350", "2018-09-30": "1.65870", "2018-06-30": "1.65430", "2018-03-31": "1.44970", "2017-12-31": "0.66760", "2017-09-30": "1.19600", "2017-06-30": "1.42730", "2017-03-31": "1.19040", "2016-12-31": "0.83980", "2016-09-30": "0.62270", "2016-06-30": "0.87200", "2016-03-31": "0.85660", "2015-12-31": "1.11250", "2015-09-30": "1.04640", "2015-06-30": "1.13100", "2015-03-31": "1.19020", "2014-12-31": "1.36830", "2014-09-30": "1.14850", "2014-06-30": "1.35050", "2014-03-31": "1.31270", "2013-12-31": "1.30770", "2013-09-30": "1.42770", "2013-06-30": "1.17560", "2013-03-31": "1.11210", "2012-12-31": "1.14250", "2012-09-30": "1.32940", "2012-06-30": "1.28270", "2012-03-31": "1.05710", "2011-12-31": "1.01840", "2011-09-30": "1.13880", "2011-06-30": "1.21540", "2011-03-31": "1.35940", "2010-12-31": "1.52960", "2010-09-30": "0.92420", "2010-06-30": "0.46930", "2010-03-31": "-0.18550", "2009-12-31": "-0.80480", "2009-09-30": "-1.60480", "2009-06-30": "-0.92570", "2009-03-31": "-1.86470", "2008-12-31": "-1.52280", "2008-09-30": "0.05720", "2008-06-30": "-4.70590", "2008-03-31": "0.94780", "2007-12-31": "0.24360", "2007-09-30": "1.15650", "2007-06-30": "1.66160", "2007-03-31": "1.72280", "2006-12-31": "1.39860", "2006-09-30": "1.41200", "2006-06-30": "1.39070", "2006-03-31": "1.26440", "2005-12-31": "1.19330", "2005-09-30": "1.28950", "2005-06-30": "1.38970", "2005-03-31": "1.24170"}, "Book Value Per Share": {"2020-09-30": "18.15400", "2020-06-30": "17.97430", "2020-03-31": "17.85160", "2019-12-31": "17.43570", "2019-09-30": "17.31450", "2019-06-30": "16.91830", "2019-03-31": "15.71870", "2018-12-31": "15.29770", "2018-09-30": "14.70580", "2018-06-30": "14.26140", "2018-03-31": "14.03460", "2017-12-31": "14.05410", "2017-09-30": "14.13300", "2017-06-30": "13.96030", "2017-03-31": "13.64760", "2016-12-31": "14.12010", "2016-09-30": "13.86070", "2016-06-30": "13.43060", "2016-03-31": "13.14390", "2015-12-31": "12.87350", "2015-09-30": "12.83040", "2015-06-30": "12.56630", "2015-03-31": "12.47240", "2014-12-31": "12.26670", "2014-09-30": "12.09360", "2014-06-30": "11.99900", "2014-03-31": "11.77460", "2013-12-31": "11.58610", "2013-09-30": "11.40090", "2013-06-30": "11.24020", "2013-03-31": "11.25000", "2012-12-31": "11.13560", "2012-09-30": "10.97960", "2012-06-30": "10.76290", "2012-03-31": "10.58050", "2011-12-31": "10.41130", "2011-09-30": "10.40920", "2011-06-30": "10.20840", "2011-03-31": "10.16540", "2010-12-31": "12.91610", "2010-09-30": "12.93610", "2010-06-30": "12.57450", "2010-03-31": "12.42480", "2009-12-31": "12.44460", "2009-09-30": "12.73450", "2009-06-30": "13.87280", "2009-03-31": "20.40620", "2008-12-31": "21.57770", "2008-09-30": "17.90350", "2008-06-30": "18.29460", "2008-03-31": "21.91860", "2007-12-31": "19.92320", "2007-09-30": "20.11790", "2007-06-30": "19.77850", "2007-03-31": "19.56740", "2006-12-31": "19.29840", "2006-09-30": "19.73190", "2006-06-30": "19.21420", "2006-03-31": "18.84660", "2005-12-31": "18.68560", "2005-09-30": "18.41180", "2005-06-30": "18.00940", "2005-03-31": "17.58420"}, "Operating Cash Flow Per Share": {"2020-09-30": 0.6384, "2020-06-30": 0.2852, "2020-03-31": "-0.17720", "2019-12-31": 0.9833, "2019-09-30": 1.192, "2019-06-30": 0.1733, "2019-03-31": "0.55090", "2018-12-31": 1.6199, "2018-09-30": 0.3734, "2018-06-30": 0.5797, "2018-03-31": "-0.19690", "2017-12-31": 0.6763, "2017-09-30": 1.5299, "2017-06-30": -0.1662, "2017-03-31": "-0.37270", "2016-12-31": 0.935, "2016-09-30": 0.0011, "2016-06-30": 0.4168, "2016-03-31": "0.44670", "2015-12-31": 1.0425, "2015-09-30": 0.2271, "2015-06-30": 1.3554, "2015-03-31": "-1.28570", "2014-12-31": 0.9711, "2014-09-30": 0.2405, "2014-06-30": 0.1166, "2014-03-31": "0.17490", "2013-12-31": 0.7395, "2013-09-30": -0.0512, "2013-06-30": 0.7575, "2013-03-31": "0.24940", "2012-12-31": 0.6883, "2012-09-30": 0.2954, "2012-06-30": 1.537, "2012-03-31": "-1.14360", "2011-12-31": -0.0563, "2011-09-30": 0.4452, "2011-06-30": 1.0631, "2011-03-31": "0.46400", "2010-12-31": 0.8503, "2010-09-30": 0.4762, "2010-06-30": 0.8114, "2010-03-31": "0.96410", "2009-12-31": 1.5812, "2009-09-30": 0.2316, "2009-06-30": 1.653, "2009-03-31": "-0.13800", "2008-12-31": -2.022, "2008-09-30": 1.2601, "2008-06-30": -1.1378, "2008-03-31": "0.65540", "2007-12-31": 1.4123, "2007-09-30": -0.4402, "2007-06-30": -0.2728, "2007-03-31": "-0.81050", "2006-12-31": 3.7151, "2006-09-30": -0.2666, "2006-06-30": -1.1511, "2006-03-31": "0.15250", "2005-12-31": 1.7222, "2005-09-30": -0.3138, "2005-06-30": 1.5031, "2005-03-31": "2.32500"}, "Free Cash Flow Per Share": {"2020-09-30": 0.62, "2020-06-30": 0.2697, "2020-03-31": "-0.18950", "2019-12-31": 0.9575, "2019-09-30": 1.1876, "2019-06-30": 0.1445, "2019-03-31": "0.54300", "2018-12-31": 1.5965, "2018-09-30": 0.3376, "2018-06-30": 0.5637, "2018-03-31": "-0.21370", "2017-12-31": 0.6249, "2017-09-30": 1.5003, "2017-06-30": -0.1862, "2017-03-31": "-0.37460", "2016-12-31": 0.8599, "2016-09-30": -0.0425, "2016-06-30": 0.3906, "2016-03-31": "0.43710", "2015-12-31": 1.0013, "2015-09-30": 0.2007, "2015-06-30": 1.3388, "2015-03-31": "-1.28920", "2014-12-31": 0.9213, "2014-09-30": 0.2131, "2014-06-30": 0.0957, "2014-03-31": "0.16370", "2013-12-31": 0.696, "2013-09-30": -0.0802, "2013-06-30": 0.7335, "2013-03-31": "0.24510", "2012-12-31": 0.6218, "2012-09-30": 0.1247, "2012-06-30": 1.6287, "2012-03-31": "-1.17090", "2011-12-31": -0.1413, "2011-09-30": 0.4166, "2011-06-30": 1.0191, "2011-03-31": "0.43030", "2010-12-31": 0.7915, "2010-09-30": 0.4213, "2010-06-30": 0.7737, "2010-03-31": "0.94120", "2009-12-31": 1.4126, "2009-09-30": 0.2177, "2009-06-30": 1.5949, "2009-03-31": "-0.20290", "2008-12-31": -2.2373, "2008-09-30": 1.2508, "2008-06-30": -1.2292, "2008-03-31": "0.54030", "2007-12-31": 1.2299, "2007-09-30": -0.5865, "2007-06-30": -0.362, "2007-03-31": "-0.86500", "2006-12-31": 3.5935, "2006-09-30": -0.3498, "2006-06-30": -1.1927, "2006-03-31": "0.12100", "2005-12-31": 1.5188, "2005-09-30": -0.4075, "2005-06-30": 1.4693, "2005-03-31": "2.31050"}}, "revenue": {"KeyCorp Annual Revenue (Millions of US $)": {"2020": "$7,337", "2019": "$7,694", "2018": "$7,393", "2017": "$6,868", "2016": "$5,390", "2015": "$4,502", "2014": "$4,351", "2013": "$4,386", "2012": "$4,561", "2011": "$4,577", "2010": "$5,362", "2009": "$5,830", "2008": "$6,200", "2007": "$7,577", "2006": "$7,507", "2005": "$6,450"}, "KeyCorp Quarterly Revenue (Millions of US $)": {"2020-12-31": "$1,927", "2020-09-30": "$1,800", "2020-06-30": "$1,882", "2020-03-31": "$1,728", "2019-12-31": "$1,936", "2019-09-30": "$1,967", "2019-06-30": "$1,951", "2019-03-31": "$1,840", "2018-12-31": "$1,942", "2018-09-30": "$1,848", "2018-06-30": "$1,865", "2018-03-31": "$1,738", "2017-12-31": "$1,770", "2017-09-30": "$1,701", "2017-06-30": "$1,770", "2017-03-31": "$1,627", "2016-12-31": "$1,680", "2016-09-30": "$1,439", "2016-06-30": "$1,157", "2016-03-31": "$1,114", "2015-12-31": "$1,158", "2015-09-30": "$1,131", "2015-06-30": "$1,140", "2015-03-31": "$1,073", "2014-12-31": "$1,136", "2014-09-30": "$1,056", "2014-06-30": "$1,094", "2014-03-31": "$1,065", "2013-12-31": "$1,102", "2013-09-30": "$1,106", "2013-06-30": "$1,086", "2013-03-31": "$1,092", "2012-12-31": "$1,127", "2012-09-30": "$1,189", "2012-06-30": "$1,119", "2012-03-31": "$1,126", "2011-12-31": "$992", "2011-09-30": "$1,188", "2011-06-30": "$1,180", "2011-03-31": "$1,217", "2010-12-31": "$1,337", "2010-09-30": "$1,330", "2010-06-30": "$1,353", "2010-03-31": "$1,342", "2009-12-31": "$1,402", "2009-09-30": "$1,322", "2009-06-30": "$1,651", "2009-03-31": "$1,455", "2008-12-31": "$1,332", "2008-09-30": "$1,557", "2008-06-30": "$1,427", "2008-03-31": "$1,884", "2007-12-31": "$1,639", "2007-09-30": "$1,872", "2007-06-30": "$2,044", "2007-03-31": "$2,022", "2006-12-31": "$1,971", "2006-09-30": "$1,932", "2006-06-30": "$1,872", "2006-03-31": "$1,732", "2005-12-31": "$1,578", "2005-09-30": "$1,705", "2005-06-30": "$1,602", "2005-03-31": "$1,565"}}, "gross-profit": {"KeyCorp Annual Gross Profit (Millions of US $)": {"2020": "$6,686", "2019": "$6,368", "2018": "$6,424", "2017": "$6,255", "2016": "$4,990", "2015": "$4,228", "2014": "$4,090", "2013": "$4,091", "2012": "$4,120", "2011": "$3,955", "2010": "$4,465", "2009": "$4,415", "2008": "$4,163", "2007": "$4,927", "2006": "$4,942", "2005": "$4,723"}, "KeyCorp Quarterly Gross Profit (Millions of US $)": {"2020-12-31": "$1,837", "2020-09-30": "$1,681", "2020-06-30": "$1,710", "2020-03-31": "$1,458", "2019-12-31": "$1,630", "2019-09-30": "$1,622", "2019-06-30": "$1,603", "2019-03-31": "$1,513", "2018-12-31": "$1,645", "2018-09-30": "$1,595", "2018-06-30": "$1,639", "2018-03-31": "$1,545", "2017-12-31": "$1,594", "2017-09-30": "$1,540", "2017-06-30": "$1,626", "2017-03-31": "$1,495", "2016-12-31": "$1,556", "2016-09-30": "$1,329", "2016-06-30": "$1,070", "2016-03-31": "$1,035", "2015-12-31": "$1,087", "2015-09-30": "$1,061", "2015-06-30": "$1,072", "2015-03-31": "$1,008", "2014-12-31": "$1,072", "2014-09-30": "$992", "2014-06-30": "$1,028", "2014-03-31": "$998", "2013-12-31": "$1,036", "2013-09-30": "$1,037", "2013-06-30": "$1,010", "2013-03-31": "$1,008", "2012-12-31": "$1,040", "2012-09-30": "$1,090", "2012-06-30": "$995", "2012-03-31": "$995", "2011-12-31": "$851", "2011-09-30": "$1,032", "2011-06-30": "$1,018", "2011-03-31": "$1,054", "2010-12-31": "$1,155", "2010-09-30": "$1,126", "2010-06-30": "$1,109", "2010-03-31": "$1,075", "2009-12-31": "$1,099", "2009-09-30": "$974", "2009-06-30": "$1,275", "2009-03-31": "$1,067", "2008-12-31": "$947", "2008-09-30": "$1,068", "2008-06-30": "$905", "2008-03-31": "$1,243", "2007-12-31": "$1,127", "2007-09-30": "$1,132", "2007-06-30": "$1,335", "2007-03-31": "$1,333", "2006-12-31": "$1,270", "2006-09-30": "$1,248", "2006-06-30": "$1,249", "2006-03-31": "$1,175", "2005-12-31": "$1,134", "2005-09-30": "$1,224", "2005-06-30": "$1,179", "2005-03-31": "$1,186"}}, "operating-income": {"KeyCorp Annual Operating Income (Millions of US $)": {"2020": "$1,556", "2019": "$2,022", "2018": "$2,203", "2017": "$1,928", "2016": "$968", "2015": "$1,222", "2014": "$1,272", "2013": "$1,141", "2012": "$1,080", "2011": "$1,303", "2010": "$745", "2009": "$-1,990", "2008": "$-407", "2007": "$1,278", "2006": "$1,643", "2005": "$1,526"}, "KeyCorp Quarterly Operating Income (Millions of US $)": {"2020-12-31": "$689", "2020-09-30": "$484", "2020-06-30": "$215", "2020-03-31": "$168", "2019-12-31": "$541", "2019-09-30": "$483", "2019-06-30": "$510", "2019-03-31": "$488", "2018-12-31": "$574", "2018-09-30": "$569", "2018-06-30": "$582", "2018-03-31": "$478", "2017-12-31": "$447", "2017-09-30": "$497", "2017-06-30": "$565", "2017-03-31": "$419", "2016-12-31": "$270", "2016-09-30": "$188", "2016-06-30": "$267", "2016-03-31": "$243", "2015-12-31": "$297", "2015-09-30": "$301", "2015-06-30": "$320", "2015-03-31": "$304", "2014-12-31": "$336", "2014-09-30": "$267", "2014-06-30": "$329", "2014-03-31": "$340", "2013-12-31": "$294", "2013-09-30": "$296", "2013-06-30": "$276", "2013-03-31": "$275", "2012-12-31": "$247", "2012-09-30": "$267", "2012-06-30": "$287", "2012-03-31": "$274", "2011-12-31": "$251", "2011-09-30": "$329", "2011-06-30": "$334", "2011-03-31": "$389", "2010-12-31": "$496", "2010-09-30": "$286", "2010-06-30": "$102", "2010-03-31": "$-125", "2009-12-31": "$-501", "2009-09-30": "$-586", "2009-06-30": "$-392", "2009-03-31": "$-511", "2008-12-31": "$-191", "2008-09-30": "$-4", "2008-06-30": "$-519", "2008-03-31": "$323", "2007-12-31": "$10", "2007-09-30": "$310", "2007-06-30": "$467", "2007-03-31": "$505", "2006-12-31": "$408", "2006-09-30": "$423", "2006-06-30": "$428", "2006-03-31": "$384", "2005-12-31": "$347", "2005-09-30": "$400", "2005-06-30": "$406", "2005-03-31": "$373"}}, "ebitda": {"KeyCorp Annual EBITDA (Millions of US $)": {"2019": "$", "2018": "$", "2017": "$", "2016": "$", "2015": "$", "2014": "$", "2013": "$", "2012": "$", "2011": "$", "2010": "$", "2009": "$", "2008": "$", "2007": "$", "2006": "$", "2005": "$"}, "KeyCorp Quarterly EBITDA (Millions of US $)": {"2020-09-30": "", "2020-06-30": "", "2020-03-31": "", "2019-12-31": "", "2019-09-30": "", "2019-06-30": "", "2019-03-31": "", "2018-12-31": "", "2018-09-30": "", "2018-06-30": "", "2018-03-31": "", "2017-12-31": "", "2017-09-30": "", "2017-06-30": "", "2017-03-31": "", "2016-12-31": "", "2016-09-30": "", "2016-06-30": "", "2016-03-31": "", "2015-12-31": "", "2015-09-30": "", "2015-06-30": "", "2015-03-31": "", "2014-12-31": "", "2014-09-30": "", "2014-06-30": "", "2014-03-31": "", "2013-12-31": "", "2013-09-30": "", "2013-06-30": "", "2013-03-31": "", "2012-12-31": "", "2012-09-30": "", "2012-06-30": "", "2012-03-31": "", "2011-12-31": "", "2011-09-30": "", "2011-06-30": "", "2011-03-31": "", "2010-12-31": "", "2010-09-30": "", "2010-06-30": "", "2010-03-31": "", "2009-12-31": "", "2009-09-30": "", "2009-06-30": "", "2009-03-31": "", "2008-12-31": "", "2008-09-30": "", "2008-06-30": "", "2008-03-31": "", "2007-12-31": "", "2007-09-30": "", "2007-06-30": "", "2007-03-31": "", "2006-12-31": "", "2006-09-30": "", "2006-06-30": "", "2006-03-31": "", "2005-12-31": "", "2005-09-30": "", "2005-06-30": "", "2005-03-31": ""}}, "net-income": {"KeyCorp Annual Net Income (Millions of US $)": {"2020": "$1,237", "2019": "$1,620", "2018": "$1,800", "2017": "$1,226", "2016": "$754", "2015": "$893", "2014": "$878", "2013": "$887", "2012": "$836", "2011": "$813", "2010": "$390", "2009": "$-1,629", "2008": "$-1,510", "2007": "$919", "2006": "$1,055", "2005": "$1,129"}, "KeyCorp Quarterly Net Income (Millions of US $)": {"2020-12-31": "$556", "2020-09-30": "$401", "2020-06-30": "$161", "2020-03-31": "$119", "2019-12-31": "$442", "2019-09-30": "$386", "2019-06-30": "$405", "2019-03-31": "$387", "2018-12-31": "$461", "2018-09-30": "$468", "2018-06-30": "$467", "2018-03-31": "$404", "2017-12-31": "$182", "2017-09-30": "$350", "2017-06-30": "$398", "2017-03-31": "$296", "2016-12-31": "$209", "2016-09-30": "$166", "2016-06-30": "$196", "2016-03-31": "$183", "2015-12-31": "$220", "2015-09-30": "$213", "2015-06-30": "$233", "2015-03-31": "$227", "2014-12-31": "$248", "2014-09-30": "$180", "2014-06-30": "$214", "2014-03-31": "$236", "2013-12-31": "$224", "2013-09-30": "$266", "2013-06-30": "$198", "2013-03-31": "$199", "2012-12-31": "$192", "2012-09-30": "$219", "2012-06-30": "$231", "2012-03-31": "$194", "2011-12-31": "$194", "2011-09-30": "$212", "2011-06-30": "$234", "2011-03-31": "$173", "2010-12-31": "$279", "2010-09-30": "$178", "2010-06-30": "$29", "2010-03-31": "$-96", "2009-12-31": "$-265", "2009-09-30": "$-438", "2009-06-30": "$-390", "2009-03-31": "$-536", "2008-12-31": "$-554", "2008-09-30": "$-48", "2008-06-30": "$-1,126", "2008-03-31": "$218", "2007-12-31": "$25", "2007-09-30": "$210", "2007-06-30": "$334", "2007-03-31": "$350", "2006-12-31": "$146", "2006-09-30": "$312", "2006-06-30": "$308", "2006-03-31": "$289", "2005-12-31": "$296", "2005-09-30": "$278", "2005-06-30": "$291", "2005-03-31": "$264"}}, "eps-earnings-per-share-diluted": {"KeyCorp Annual EPS": {"2020": "$1.27", "2019": "$1.62", "2018": "$1.71", "2017": "$1.13", "2016": "$0.80", "2015": "$1.05", "2014": "$0.99", "2013": "$0.97", "2012": "$0.89", "2011": "$0.87", "2010": "$0.44", "2009": "$-2.34", "2008": "$-3.36", "2007": "$2.32", "2006": "$2.57", "2005": "$2.73"}, "KeyCorp Quarterly EPS": {"2020-12-31": "$0.57", "2020-09-30": "$0.41", "2020-06-30": "$0.17", "2020-03-31": "$0.12", "2019-12-31": "$0.45", "2019-09-30": "$0.39", "2019-06-30": "$0.40", "2019-03-31": "$0.38", "2018-12-31": "$0.44", "2018-09-30": "$0.45", "2018-06-30": "$0.44", "2018-03-31": "$0.38", "2017-12-31": "$0.18", "2017-09-30": "$0.32", "2017-06-30": "$0.36", "2017-03-31": "$0.27", "2016-12-31": "$0.18", "2016-09-30": "$0.17", "2016-06-30": "$0.23", "2016-03-31": "$0.22", "2015-12-31": "$0.27", "2015-09-30": "$0.25", "2015-06-30": "$0.27", "2015-03-31": "$0.26", "2014-12-31": "$0.28", "2014-09-30": "$0.21", "2014-06-30": "$0.24", "2014-03-31": "$0.26", "2013-12-31": "$0.25", "2013-09-30": "$0.29", "2013-06-30": "$0.22", "2013-03-31": "$0.21", "2012-12-31": "$0.22", "2012-09-30": "$0.23", "2012-06-30": "$0.24", "2012-03-31": "$0.20", "2011-12-31": "$0.21", "2011-09-30": "$0.22", "2011-06-30": "$0.25", "2011-03-31": "$0.19", "2010-12-31": "$0.32", "2010-09-30": "$0.20", "2010-06-30": "$0.03", "2010-03-31": "$-0.11", "2009-12-31": "$-0.05", "2009-09-30": "$-0.52", "2009-06-30": "$-0.68", "2009-03-31": "$-1.09", "2008-12-31": "$-1.10", "2008-09-30": "$-0.10", "2008-06-30": "$-2.70", "2008-03-31": "$0.54", "2007-12-31": "$0.07", "2007-09-30": "$0.54", "2007-06-30": "$0.84", "2007-03-31": "$0.87", "2006-12-31": "$0.36", "2006-09-30": "$0.76", "2006-06-30": "$0.75", "2006-03-31": "$0.70", "2005-12-31": "$0.72", "2005-09-30": "$0.67", "2005-06-30": "$0.70", "2005-03-31": "$0.64"}}, "shares-outstanding": {"KeyCorp Annual Shares Outstanding (Millions of Shares)": {"2020": "975", "2019": "1,002", "2018": "1,055", "2017": "1,089", "2016": "939", "2015": "844", "2014": "878", "2013": "913", "2012": "943", "2011": "936", "2010": "878", "2009": "697", "2008": "450", "2007": "396", "2006": "410", "2005": "414"}, "KeyCorp Quarterly Shares Outstanding (Millions of Shares)": {"2020-12-31": "976", "2020-09-30": "974", "2020-06-30": "972", "2020-03-31": "976", "2019-12-31": "1,002", "2019-09-30": "998", "2019-06-30": "1,008", "2019-03-31": "1,017", "2018-12-31": "1,055", "2018-09-30": "1,050", "2018-06-30": "1,066", "2018-03-31": "1,072", "2017-12-31": "1,089", "2017-09-30": "1,089", "2017-06-30": "1,093", "2017-03-31": "1,087", "2016-12-31": "939", "2016-09-30": "995", "2016-06-30": "838", "2016-03-31": "835", "2015-12-31": "844", "2015-09-30": "839", "2015-06-30": "846", "2015-03-31": "857", "2014-12-31": "878", "2014-09-30": "874", "2014-06-30": "902", "2014-03-31": "892", "2013-12-31": "913", "2013-09-30": "908", "2013-06-30": "919", "2013-03-31": "926", "2012-12-31": "943", "2012-09-30": "941", "2012-06-30": "948", "2012-03-31": "954", "2011-12-31": "936", "2011-09-30": "951", "2011-06-30": "952", "2011-03-31": "888", "2010-12-31": "878", "2010-09-30": "874", "2010-06-30": "875", "2010-03-31": "874", "2009-12-31": "697", "2009-09-30": "840", "2009-06-30": "577", "2009-03-31": "493", "2008-12-31": "450", "2008-09-30": "491", "2008-06-30": "417", "2008-03-31": "400", "2007-12-31": "396", "2007-09-30": "393", "2007-06-30": "397", "2007-03-31": "403", "2006-12-31": "410", "2006-09-30": "409", "2006-06-30": "411", "2006-03-31": "413", "2005-12-31": "414", "2005-09-30": "415", "2005-06-30": "414", "2005-03-31": "414"}}, "total-assets": {"KeyCorp Annual Total Assets (Millions of US $)": {"2019": "$144,988", "2018": "$139,613", "2017": "$137,698", "2016": "$136,453", "2015": "$95,131", "2014": "$93,821", "2013": "$92,934", "2012": "$89,236", "2011": "$88,785", "2010": "$91,843", "2009": "$93,287", "2008": "$104,531", "2007": "$98,228", "2006": "$92,337", "2005": "$93,126"}, "KeyCorp Quarterly Total Assets (Millions of US $)": {"2020-09-30": "$170,540", "2020-06-30": "$171,192", "2020-03-31": "$156,197", "2019-12-31": "$144,988", "2019-09-30": "$146,691", "2019-06-30": "$144,545", "2019-03-31": "$141,515", "2018-12-31": "$139,613", "2018-09-30": "$138,805", "2018-06-30": "$137,792", "2018-03-31": "$137,049", "2017-12-31": "$137,698", "2017-09-30": "$136,733", "2017-06-30": "$135,824", "2017-03-31": "$134,476", "2016-12-31": "$136,453", "2016-09-30": "$135,805", "2016-06-30": "$101,150", "2016-03-31": "$98,402", "2015-12-31": "$95,131", "2015-09-30": "$95,420", "2015-06-30": "$94,604", "2015-03-31": "$94,204", "2014-12-31": "$93,821", "2014-09-30": "$89,784", "2014-06-30": "$91,798", "2014-03-31": "$90,802", "2013-12-31": "$92,934", "2013-09-30": "$90,708", "2013-06-30": "$90,639", "2013-03-31": "$89,198", "2012-12-31": "$89,236", "2012-09-30": "$86,950", "2012-06-30": "$86,523", "2012-03-31": "$87,431", "2011-12-31": "$88,785", "2011-09-30": "$89,262", "2011-06-30": "$88,782", "2011-03-31": "$90,438", "2010-12-31": "$91,843", "2010-09-30": "$94,043", "2010-06-30": "$94,167", "2010-03-31": "$95,303", "2009-12-31": "$93,287", "2009-09-30": "$96,989", "2009-06-30": "$97,792", "2009-03-31": "$97,834", "2008-12-31": "$104,531", "2008-09-30": "$101,290", "2008-06-30": "$101,544", "2008-03-31": "$101,492", "2007-12-31": "$98,228", "2007-09-30": "$96,137", "2007-06-30": "$92,967", "2007-03-31": "$92,256", "2006-12-31": "$92,337", "2006-09-30": "$96,155", "2006-06-30": "$94,794", "2006-03-31": "$93,391", "2005-12-31": "$93,126", "2005-09-30": "$92,323", "2005-06-30": "$91,015", "2005-03-31": "$90,276"}}, "cash-on-hand": {"KeyCorp Annual Cash on Hand (Millions of US $)": {"2019": "$3,044", "2018": "$4,089", "2017": "$5,954", "2016": "$4,319", "2015": "$4,102", "2014": "$5,672", "2013": "$6,945", "2012": "$5,129", "2011": "$4,836", "2010": "$2,607", "2009": "$3,423", "2008": "$7,746", "2007": "$3,386", "2006": "$3,671", "2005": "$4,700"}, "KeyCorp Quarterly Cash on Hand (Millions of US $)": {"2020-09-30": "$15,837", "2020-06-30": "$15,740", "2020-03-31": "$5,733", "2019-12-31": "$3,044", "2019-09-30": "$4,950", "2019-06-30": "$4,055", "2019-03-31": "$4,101", "2018-12-31": "$4,089", "2018-09-30": "$3,549", "2018-06-30": "$4,263", "2018-03-31": "$3,056", "2017-12-31": "$5,954", "2017-09-30": "$5,338", "2017-06-30": "$4,204", "2017-03-31": "$3,995", "2016-12-31": "$4,319", "2016-09-30": "$4,891", "2016-06-30": "$8,060", "2016-03-31": "$6,675", "2015-12-31": "$4,102", "2015-09-30": "$3,245", "2015-06-30": "$4,589", "2015-03-31": "$4,673", "2014-12-31": "$5,672", "2014-09-30": "$3,958", "2014-06-30": "$4,670", "2014-03-31": "$4,171", "2013-12-31": "$6,945", "2013-09-30": "$5,089", "2013-06-30": "$4,870", "2013-03-31": "$4,403", "2012-12-31": "$5,129", "2012-09-30": "$3,844", "2012-06-30": "$3,611", "2012-03-31": "$4,634", "2011-12-31": "$4,836", "2011-09-30": "$6,323", "2011-06-30": "$6,185", "2011-03-31": "$5,286", "2010-12-31": "$2,607", "2010-09-30": "$3,849", "2010-06-30": "$3,589", "2010-03-31": "$5,998", "2009-12-31": "$3,423", "2009-09-30": "$5,117", "2009-06-30": "$4,964", "2009-03-31": "$4,820", "2008-12-31": "$7,746", "2008-09-30": "$4,029", "2008-06-30": "$4,221", "2008-03-31": "$3,322", "2007-12-31": "$3,386", "2007-09-30": "$3,604", "2007-06-30": "$3,283", "2007-03-31": "$4,036", "2006-12-31": "$3,671", "2006-09-30": "$4,539", "2006-06-30": "$4,391", "2006-03-31": "$4,460", "2005-12-31": "$4,700", "2005-09-30": "$5,054", "2005-06-30": "$4,813", "2005-03-31": "$4,754"}}, "long-term-debt": {"KeyCorp Annual Long Term Debt (Millions of US $)": {"2019": "$12,448", "2018": "$13,732", "2017": "$14,333", "2016": "$12,384", "2015": "$10,184", "2014": "$7,875", "2013": "$7,650", "2012": "$6,847", "2011": "$9,520", "2010": "$10,592", "2009": "$11,558", "2008": "$14,995", "2007": "$11,957", "2006": "$14,533", "2005": "$13,939"}, "KeyCorp Quarterly Long Term Debt (Millions of US $)": {"2020-09-30": "$12,685", "2020-06-30": "$13,734", "2020-03-31": "$13,732", "2019-12-31": "$12,448", "2019-09-30": "$14,470", "2019-06-30": "$14,312", "2019-03-31": "$14,168", "2018-12-31": "$13,732", "2018-09-30": "$13,849", "2018-06-30": "$13,853", "2018-03-31": "$13,749", "2017-12-31": "$14,333", "2017-09-30": "$15,100", "2017-06-30": "$13,261", "2017-03-31": "$12,324", "2016-12-31": "$12,384", "2016-09-30": "$12,622", "2016-06-30": "$11,388", "2016-03-31": "$10,760", "2015-12-31": "$10,184", "2015-09-30": "$10,308", "2015-06-30": "$10,265", "2015-03-31": "$8,711", "2014-12-31": "$7,875", "2014-09-30": "$7,172", "2014-06-30": "$8,213", "2014-03-31": "$7,712", "2013-12-31": "$7,650", "2013-09-30": "$6,154", "2013-06-30": "$6,666", "2013-03-31": "$7,785", "2012-12-31": "$6,847", "2012-09-30": "$6,119", "2012-06-30": "$7,521", "2012-03-31": "$8,898", "2011-12-31": "$9,520", "2011-09-30": "$10,717", "2011-06-30": "$10,997", "2011-03-31": "$11,048", "2010-12-31": "$10,592", "2010-09-30": "$11,443", "2010-06-30": "$10,451", "2010-03-31": "$11,177", "2009-12-31": "$11,558", "2009-09-30": "$12,865", "2009-06-30": "$13,462", "2009-03-31": "$14,978", "2008-12-31": "$14,995", "2008-09-30": "$15,597", "2008-06-30": "$15,106", "2008-03-31": "$14,337", "2007-12-31": "$11,957", "2007-09-30": "$11,549", "2007-06-30": "$12,581", "2007-03-31": "$13,061", "2006-12-31": "$14,533", "2006-09-30": "$13,654", "2006-06-30": "$14,050", "2006-03-31": "$14,032", "2005-12-31": "$13,939", "2005-09-30": "$14,037", "2005-06-30": "$13,588", "2005-03-31": "$14,100"}}, "total-liabilities": {"KeyCorp Annual Total Liabilities (Millions of US $)": {"2019": "$127,950", "2018": "$124,017", "2017": "$122,673", "2016": "$121,213", "2015": "$84,372", "2014": "$83,279", "2013": "$82,614", "2012": "$78,927", "2011": "$78,863", "2010": "$80,469", "2009": "$82,354", "2008": "$93,850", "2007": "$90,482", "2006": "$84,634", "2005": "$85,528"}, "KeyCorp Quarterly Total Liabilities (Millions of US $)": {"2020-09-30": "$152,818", "2020-06-30": "$153,650", "2020-03-31": "$138,786", "2019-12-31": "$127,950", "2019-09-30": "$129,575", "2019-06-30": "$127,574", "2019-03-31": "$125,589", "2018-12-31": "$124,017", "2018-09-30": "$123,595", "2018-06-30": "$122,690", "2018-03-31": "$122,103", "2017-12-31": "$122,673", "2017-09-30": "$121,483", "2017-06-30": "$120,569", "2017-03-31": "$119,498", "2016-12-31": "$121,213", "2016-09-30": "$120,807", "2016-06-30": "$89,832", "2016-03-31": "$87,331", "2015-12-31": "$84,372", "2015-09-30": "$84,703", "2015-06-30": "$84,003", "2015-03-31": "$83,591", "2014-12-31": "$83,279", "2014-09-30": "$79,281", "2014-06-30": "$81,277", "2014-03-31": "$80,383", "2013-12-31": "$82,614", "2013-09-30": "$80,472", "2013-06-30": "$80,378", "2013-03-31": "$78,819", "2012-12-31": "$78,927", "2012-09-30": "$76,671", "2012-06-30": "$76,347", "2012-03-31": "$77,315", "2011-12-31": "$78,863", "2011-09-30": "$79,344", "2011-06-30": "$79,045", "2011-03-31": "$80,741", "2010-12-31": "$80,469", "2010-09-30": "$82,655", "2010-06-30": "$83,095", "2010-03-31": "$84,381", "2009-12-31": "$82,354", "2009-09-30": "$85,801", "2009-06-30": "$86,732", "2009-03-31": "$87,660", "2008-12-31": "$93,850", "2008-09-30": "$92,432", "2008-06-30": "$92,659", "2008-03-31": "$92,723", "2007-12-31": "$90,482", "2007-09-30": "$88,317", "2007-06-30": "$85,266", "2007-03-31": "$84,537", "2006-12-31": "$84,634", "2006-09-30": "$88,208", "2006-06-30": "$87,057", "2006-03-31": "$85,753", "2005-12-31": "$85,528", "2005-09-30": "$84,801", "2005-06-30": "$83,663", "2005-03-31": "$83,114"}}, "total-share-holder-equity": {"KeyCorp Annual Share Holder Equity (Millions of US $)": {"2019": "$17,038", "2018": "$15,596", "2017": "$15,025", "2016": "$15,240", "2015": "$10,759", "2014": "$10,542", "2013": "$10,320", "2012": "$10,309", "2011": "$9,922", "2010": "$11,374", "2009": "$10,933", "2008": "$10,681", "2007": "$7,746", "2006": "$7,703", "2005": "$7,598"}, "KeyCorp Quarterly Share Holder Equity (Millions of US $)": {"2020-09-30": "$17,722", "2020-06-30": "$17,542", "2020-03-31": "$17,411", "2019-12-31": "$17,038", "2019-09-30": "$17,116", "2019-06-30": "$16,971", "2019-03-31": "$15,926", "2018-12-31": "$15,596", "2018-09-30": "$15,210", "2018-06-30": "$15,102", "2018-03-31": "$14,946", "2017-12-31": "$15,025", "2017-09-30": "$15,250", "2017-06-30": "$15,255", "2017-03-31": "$14,978", "2016-12-31": "$15,240", "2016-09-30": "$14,998", "2016-06-30": "$11,318", "2016-03-31": "$11,071", "2015-12-31": "$10,759", "2015-09-30": "$10,717", "2015-06-30": "$10,601", "2015-03-31": "$10,613", "2014-12-31": "$10,542", "2014-09-30": "$10,503", "2014-06-30": "$10,521", "2014-03-31": "$10,419", "2013-12-31": "$10,320", "2013-09-30": "$10,236", "2013-06-30": "$10,261", "2013-03-31": "$10,379", "2012-12-31": "$10,309", "2012-09-30": "$10,279", "2012-06-30": "$10,176", "2012-03-31": "$10,116", "2011-12-31": "$9,922", "2011-09-30": "$9,918", "2011-06-30": "$9,737", "2011-03-31": "$9,697", "2010-12-31": "$11,374", "2010-09-30": "$11,388", "2010-06-30": "$11,072", "2010-03-31": "$10,922", "2009-12-31": "$10,933", "2009-09-30": "$11,188", "2009-06-30": "$11,060", "2009-03-31": "$10,174", "2008-12-31": "$10,681", "2008-09-30": "$8,858", "2008-06-30": "$8,885", "2008-03-31": "$8,769", "2007-12-31": "$7,746", "2007-09-30": "$7,820", "2007-06-30": "$7,701", "2007-03-31": "$7,719", "2006-12-31": "$7,703", "2006-09-30": "$7,947", "2006-06-30": "$7,737", "2006-03-31": "$7,638", "2005-12-31": "$7,598", "2005-09-30": "$7,522", "2005-06-30": "$7,352", "2005-03-31": "$7,162"}}, "profit-margins": {"current": "17.58%"}, "gross margin": {"2020-12-31": "91.13%", "2020-09-30": "88.20%", "2020-06-30": "85.45%", "2020-03-31": "83.26%", "2019-12-31": "82.77%", "2019-09-30": "82.90%", "2019-06-30": "83.84%", "2019-03-31": "85.28%", "2018-12-31": "86.89%", "2018-09-30": "88.26%", "2018-06-30": "89.31%", "2018-03-31": "90.34%", "2017-12-31": "91.07%", "2017-09-30": "91.72%", "2017-06-30": "92.17%", "2017-03-31": "92.33%", "2016-12-31": "92.58%", "2016-09-30": "92.87%", "2016-06-30": "93.27%", "2016-03-31": "93.66%", "2015-12-31": "93.91%", "2015-09-30": "94.04%", "2015-06-30": "94.07%", "2015-03-31": "94.06%", "2014-12-31": "94.00%", "2014-09-30": "93.91%", "2014-06-30": "93.86%", "2014-03-31": "93.62%", "2013-12-31": "93.27%", "2013-09-30": "92.84%", "2013-06-30": "92.30%", "2013-03-31": "91.30%", "2012-12-31": "90.33%", "2012-09-30": "88.82%", "2012-06-30": "87.53%", "2012-03-31": "86.85%", "2011-12-31": "86.41%", "2011-09-30": "86.53%", "2011-06-30": "85.96%", "2011-03-31": "84.86%", "2010-12-31": "83.27%", "2010-09-30": "81.24%", "2010-06-30": "78.56%", "2010-03-31": "77.37%", "2009-12-31": "75.73%", "2009-09-30": "74.01%", "2009-06-30": "72.68%", "2009-03-31": "69.09%", "2008-12-31": "67.15%", "2008-09-30": "66.74%", "2008-06-30": "64.60%", "2008-03-31": "65.02%", "2007-12-31": "65.03%", "2007-09-30": "64.10%", "2007-06-30": "65.08%", "2007-03-31": "65.41%", "2006-12-31": "65.83%", "2006-09-30": "67.56%", "2006-06-30": "69.44%", "2006-03-31": "71.21%", "2005-12-31": "73.22%"}, "operating margin": {"2020-12-31": "21.21%", "2020-09-30": "19.17%", "2020-06-30": "18.73%", "2020-03-31": "22.45%", "2019-12-31": "26.28%", "2019-09-30": "26.69%", "2019-06-30": "28.24%", "2019-03-31": "29.53%", "2018-12-31": "29.80%", "2018-09-30": "28.75%", "2018-06-30": "28.33%", "2018-03-31": "28.47%", "2017-12-31": "28.07%", "2017-09-30": "25.83%", "2017-06-30": "22.13%", "2017-03-31": "19.38%", "2016-12-31": "17.96%", "2016-09-30": "20.44%", "2016-06-30": "24.30%", "2016-03-31": "25.56%", "2015-12-31": "27.14%", "2015-09-30": "28.15%", "2015-06-30": "27.85%", "2015-03-31": "28.36%", "2014-12-31": "29.23%", "2014-09-30": "28.49%", "2014-06-30": "28.83%", "2014-03-31": "27.67%", "2013-12-31": "26.01%", "2013-09-30": "24.80%", "2013-06-30": "23.70%", "2013-03-31": "23.77%", "2012-12-31": "23.57%", "2012-09-30": "24.38%", "2012-06-30": "25.79%", "2012-03-31": "26.48%", "2011-12-31": "28.47%", "2011-09-30": "31.45%", "2011-06-30": "29.72%", "2011-03-31": "24.31%", "2010-12-31": "14.16%", "2010-09-30": "-4.39%", "2010-06-30": "-20.48%", "2010-03-31": "-28.06%", "2009-12-31": "-34.13%", "2009-09-30": "-29.17%", "2009-06-30": "-18.32%", "2009-03-31": "-21.23%", "2008-12-31": "-6.31%", "2008-09-30": "-2.92%", "2008-06-30": "1.82%", "2008-03-31": "14.92%", "2007-12-31": "17.05%", "2007-09-30": "21.37%", "2007-06-30": "22.63%", "2007-03-31": "22.62%", "2006-12-31": "21.89%", "2006-09-30": "22.24%", "2006-06-30": "22.64%", "2006-03-31": "23.23%", "2005-12-31": "23.66%"}, "ebitda margin": {"2020-09-30": "0.00%", "2020-06-30": "0.00%", "2020-03-31": "0.00%", "2019-12-31": "0.00%", "2019-09-30": "0.00%", "2019-06-30": "0.00%", "2019-03-31": "0.00%", "2018-12-31": "0.00%", "2018-09-30": "0.00%", "2018-06-30": "0.00%", "2018-03-31": "0.00%", "2017-12-31": "0.00%", "2017-09-30": "0.00%", "2017-06-30": "0.00%", "2017-03-31": "0.00%", "2016-12-31": "0.00%", "2016-09-30": "0.00%", "2016-06-30": "0.00%", "2016-03-31": "0.00%", "2015-12-31": "0.00%", "2015-09-30": "0.00%", "2015-06-30": "0.00%", "2015-03-31": "0.00%", "2014-12-31": "0.00%", "2014-09-30": "0.00%", "2014-06-30": "0.00%", "2014-03-31": "0.00%", "2013-12-31": "0.00%", "2013-09-30": "0.00%", "2013-06-30": "0.00%", "2013-03-31": "0.00%", "2012-12-31": "0.00%", "2012-09-30": "0.00%", "2012-06-30": "0.00%", "2012-03-31": "0.00%", "2011-12-31": "0.00%", "2011-09-30": "0.00%", "2011-06-30": "0.00%", "2011-03-31": "0.00%", "2010-12-31": "0.00%", "2010-09-30": "0.00%", "2010-06-30": "0.00%", "2010-03-31": "0.00%", "2009-12-31": "0.00%", "2009-09-30": "0.00%", "2009-06-30": "0.00%", "2009-03-31": "0.00%", "2008-12-31": "0.00%", "2008-09-30": "0.00%", "2008-06-30": "0.00%", "2008-03-31": "0.00%", "2007-12-31": "0.00%", "2007-09-30": "0.00%", "2007-06-30": "0.00%", "2007-03-31": "0.00%", "2006-12-31": "0.00%", "2006-09-30": "0.00%", "2006-06-30": "0.00%", "2006-03-31": "0.00%", "2005-12-31": "0.00%"}, "pre tax profit margin": {"2020-12-31": "21.21%", "2020-09-30": "19.17%", "2020-06-30": "18.73%", "2020-03-31": "22.45%", "2019-12-31": "26.28%", "2019-09-30": "26.69%", "2019-06-30": "28.24%", "2019-03-31": "29.53%", "2018-12-31": "29.80%", "2018-09-30": "28.75%", "2018-06-30": "28.33%", "2018-03-31": "28.47%", "2017-12-31": "28.07%", "2017-09-30": "25.83%", "2017-06-30": "22.13%", "2017-03-31": "19.38%", "2016-12-31": "17.96%", "2016-09-30": "20.62%", "2016-06-30": "24.30%", "2016-03-31": "25.56%", "2015-12-31": "27.14%", "2015-09-30": "28.17%", "2015-06-30": "28.08%", "2015-03-31": "28.58%", "2014-12-31": "29.23%", "2014-09-30": "28.52%", "2014-06-30": "28.78%", "2014-03-31": "27.51%", "2013-12-31": "26.01%", "2013-09-30": "24.60%", "2013-06-30": "23.61%", "2013-03-31": "23.66%", "2012-12-31": "23.53%", "2012-09-30": "24.54%", "2012-06-30": "25.92%", "2012-03-31": "27.02%", "2011-12-31": "29.08%", "2011-09-30": "32.04%", "2011-06-30": "30.47%", "2011-03-31": "25.00%", "2010-12-31": "14.79%", "2010-09-30": "-4.48%", "2010-06-30": "-22.13%", "2010-03-31": "-29.98%", "2009-12-31": "-39.42%", "2009-09-30": "-41.94%", "2009-06-30": "-29.42%", "2009-03-31": "-32.58%", "2008-12-31": "-13.71%", "2008-09-30": "-3.72%", "2008-06-30": "1.11%", "2008-03-31": "14.28%", "2007-12-31": "16.42%", "2007-09-30": "21.37%", "2007-06-30": "22.63%", "2007-03-31": "22.62%", "2006-12-31": "21.89%", "2006-09-30": "22.24%", "2006-06-30": "22.64%", "2006-03-31": "23.23%", "2005-12-31": "23.66%"}, "net profit margin": {"2020-12-31": "16.86%", "2020-09-30": "15.29%", "2020-06-30": "14.75%", "2020-03-31": "17.83%", "2019-12-31": "21.06%", "2019-09-30": "21.29%", "2019-06-30": "22.70%", "2019-03-31": "23.79%", "2018-12-31": "24.35%", "2018-09-30": "21.06%", "2018-06-30": "19.83%", "2018-03-31": "19.11%", "2017-12-31": "17.85%", "2017-09-30": "18.49%", "2017-06-30": "16.41%", "2017-03-31": "14.69%", "2016-12-31": "13.99%", "2016-09-30": "15.71%", "2016-06-30": "17.81%", "2016-03-31": "18.69%", "2015-12-31": "19.84%", "2015-09-30": "20.56%", "2015-06-30": "20.16%", "2015-03-31": "19.94%", "2014-12-31": "20.18%", "2014-09-30": "19.78%", "2014-06-30": "21.53%", "2014-03-31": "21.20%", "2013-12-31": "20.22%", "2013-09-30": "19.38%", "2013-06-30": "17.98%", "2013-03-31": "18.58%", "2012-12-31": "18.33%", "2012-09-30": "18.93%", "2012-06-30": "18.78%", "2012-03-31": "18.59%", "2011-12-31": "17.76%", "2011-09-30": "18.24%", "2011-06-30": "17.06%", "2011-03-31": "12.58%", "2010-12-31": "7.27%", "2010-09-30": "-2.84%", "2010-06-30": "-14.21%", "2010-03-31": "-20.80%", "2009-12-31": "-27.94%", "2009-09-30": "-33.30%", "2009-06-30": "-25.49%", "2009-03-31": "-39.23%", "2008-12-31": "-24.35%", "2008-09-30": "-14.31%", "2008-06-30": "-9.87%", "2008-03-31": "10.58%", "2007-12-31": "12.13%", "2007-09-30": "13.15%", "2007-06-30": "14.33%", "2007-03-31": "14.31%", "2006-12-31": "14.05%", "2006-09-30": "16.94%", "2006-06-30": "17.00%", "2006-03-31": "17.44%", "2005-12-31": "17.50%"}, "pe ratio": {"current": "15.15", "2021-02-11": "26.90", "2020-12-31": "23.44", "2020-09-30": "10.25", "2020-06-30": "10.49", "2020-03-31": "7.31", "2019-12-31": "11.85", "2019-09-30": "10.34", "2019-06-30": "9.81", "2019-03-31": "8.42", "2018-12-31": "7.82", "2018-09-30": "12.45", "2018-06-30": "13.34", "2018-03-31": "14.13", "2017-12-31": "15.93", "2017-09-30": "14.52", "2017-06-30": "16.73", "2017-03-31": "18.21", "2016-12-31": "19.79", "2016-09-30": "12.06", "2016-06-30": "9.85", "2016-03-31": "9.39", "2015-12-31": "10.71", "2015-09-30": "10.30", "2015-06-30": "12.06", "2015-03-31": "11.65", "2014-12-31": "11.38", "2014-09-30": "11.19", "2014-06-30": "11.28", "2014-03-31": "11.38", "2013-12-31": "11.23", "2013-09-30": "9.91", "2013-06-30": "10.21", "2013-03-31": "8.96", "2012-12-31": "7.62", "2012-09-30": "7.95", "2012-06-30": "7.08", "2012-03-31": "7.64", "2011-12-31": "6.96", "2011-09-30": "4.69", "2011-06-30": "6.69", "2011-03-31": "9.22", "2010-12-31": "15.45", "2010-09-30": "0.00", "2010-06-30": "0.00", "2010-03-31": "0.00", "2009-12-31": "0.00", "2009-09-30": "0.00", "2009-06-30": "0.00", "2009-03-31": "0.00", "2008-12-31": "0.00", "2008-09-30": "0.00", "2008-06-30": "0.00", "2008-03-31": "7.99", "2007-12-31": "7.23", "2007-09-30": "8.70", "2007-06-30": "8.43", "2007-03-31": "9.40", "2006-12-31": "10.08"}, "price sales": {"2021-02-11": "2.50", "2020-12-31": "2.18", "2020-09-30": "1.57", "2020-06-30": "1.56", "2020-03-31": "1.31", "2019-12-31": "2.51", "2019-09-30": "2.22", "2019-06-30": "2.24", "2019-03-31": "2.02", "2018-12-31": "1.93", "2018-09-30": "2.65", "2018-06-30": "2.66", "2018-03-31": "2.70", "2017-12-31": "2.83", "2017-09-30": "2.56", "2017-06-30": "2.58", "2017-03-31": "2.53", "2016-12-31": "2.66", "2016-09-30": "1.90", "2016-06-30": "1.74", "2016-03-31": "1.74", "2015-12-31": "2.09", "2015-09-30": "2.08", "2015-06-30": "2.46", "2015-03-31": "2.37", "2014-12-31": "2.34", "2014-09-30": "2.27", "2014-06-30": "2.43", "2014-03-31": "2.42", "2013-12-31": "2.28", "2013-09-30": "1.93", "2013-06-30": "1.84", "2013-03-31": "1.65", "2012-12-31": "1.39", "2012-09-30": "1.48", "2012-06-30": "1.30", "2012-03-31": "1.40", "2011-12-31": "1.22", "2011-09-30": "0.85", "2011-06-30": "1.14", "2011-03-31": "1.15", "2010-12-31": "1.11", "2010-09-30": "0.92", "2010-06-30": "0.88", "2010-03-31": "0.74", "2009-12-31": "0.45", "2009-09-30": "0.48", "2009-06-30": "0.33", "2009-03-31": "0.48", "2008-12-31": "0.45", "2008-09-30": "0.58", "2008-06-30": "0.47", "2008-03-31": "0.85", "2007-12-31": "0.88", "2007-09-30": "1.15", "2007-06-30": "1.21", "2007-03-31": "1.35", "2006-12-31": "1.42"}, "price book": {"current": "1.15", "2021-02-11": "1.04", "2020-09-30": "0.65", "2020-06-30": "0.66", "2020-03-31": "0.56", "2019-12-31": "1.10", "2019-09-30": "0.97", "2019-06-30": "0.97", "2019-03-31": "0.92", "2018-12-31": "0.88", "2018-09-30": "1.22", "2018-06-30": "1.23", "2018-03-31": "1.24", "2017-12-31": "1.27", "2017-09-30": "1.17", "2017-06-30": "1.17", "2017-03-31": "1.13", "2016-12-31": "1.12", "2016-09-30": "0.76", "2016-06-30": "0.70", "2016-03-31": "0.71", "2015-12-31": "0.87", "2015-09-30": "0.85", "2015-06-30": "1.00", "2015-03-31": "0.94", "2014-12-31": "0.94", "2014-09-30": "0.91", "2014-06-30": "0.98", "2014-03-31": "0.99", "2013-12-31": "0.94", "2013-09-30": "0.81", "2013-06-30": "0.79", "2013-03-31": "0.71", "2012-12-31": "0.60", "2012-09-30": "0.63", "2012-06-30": "0.57", "2012-03-31": "0.63", "2011-12-31": "0.58", "2011-09-30": "0.44", "2011-06-30": "0.63", "2011-03-31": "0.67", "2010-12-31": "0.53", "2010-09-30": "0.47", "2010-06-30": "0.47", "2010-03-31": "0.48", "2009-12-31": "0.34", "2009-09-30": "0.39", "2009-06-30": "0.29", "2009-03-31": "0.29", "2008-12-31": "0.30", "2008-09-30": "0.50", "2008-06-30": "0.44", "2008-03-31": "0.73", "2007-12-31": "0.84", "2007-09-30": "1.13", "2007-06-30": "1.21", "2007-03-31": "1.32", "2006-12-31": "1.34", "2006-09-30": "1.28", "2006-06-30": "1.24", "2006-03-31": "1.29"}, "price fcf": {"2021-02-11": "", "2020-09-30": "$1.66", "2020-06-30": "$2.23", "2020-03-31": "$2.10", "2019-12-31": "$2.83", "2019-09-30": "$3.47", "2019-06-30": "$2.62", "2019-03-31": "$3.04", "2018-12-31": "$2.28", "2018-09-30": "$1.31", "2018-06-30": "$2.48", "2018-03-31": "$1.73", "2017-12-31": "$1.56", "2017-09-30": "$1.80", "2017-06-30": "$0.26", "2017-03-31": "$0.83", "2016-12-31": "$1.65", "2016-09-30": "$1.79", "2016-06-30": "$2.03", "2016-03-31": "$2.98", "2015-12-31": "$1.25", "2015-09-30": "$1.17", "2015-06-30": "$1.18", "2015-03-31": "$-0.06", "2014-12-31": "$1.39", "2014-09-30": "$1.17", "2014-06-30": "$0.88", "2014-03-31": "$1.51", "2013-12-31": "$1.59", "2013-09-30": "$1.52", "2013-06-30": "$1.73", "2013-03-31": "$2.62", "2012-12-31": "$1.20", "2012-09-30": "$0.44", "2012-06-30": "$0.73", "2012-03-31": "$0.12", "2011-12-31": "$1.72", "2011-09-30": "$2.66", "2011-06-30": "$2.66", "2011-03-31": "$2.42", "2010-12-31": "$2.93", "2010-09-30": "$3.55", "2010-06-30": "$3.35", "2010-03-31": "$4.17", "2009-12-31": "$3.02", "2009-09-30": "$-0.63", "2009-06-30": "$0.41", "2009-03-31": "$-2.42", "2008-12-31": "$-1.68", "2008-09-30": "$1.79", "2008-06-30": "$-0.05", "2008-03-31": "$0.82", "2007-12-31": "$-0.58", "2007-09-30": "$1.78", "2007-06-30": "$2.02", "2007-03-31": "$1.19", "2006-12-31": "$2.17"}, "net worth": {"value": "$18.49B"}, "current ratio": {"2020-12-31": "0.91", "2020-09-30": "0.90", "2020-06-30": "0.92", "2020-03-31": "0.93", "2019-12-31": "0.90", "2019-09-30": "0.91", "2019-06-30": "0.91", "2019-03-31": "0.90", "2018-12-31": "0.90", "2018-09-30": "0.89", "2018-06-30": "0.90", "2018-03-31": "0.89", "2017-12-31": "0.89", "2017-09-30": "0.91", "2017-06-30": "0.90", "2017-03-31": "0.89", "2016-12-31": "0.87", "2016-09-30": "0.88", "2016-06-30": "0.93", "2016-03-31": "0.92", "2015-12-31": "0.91", "2015-09-30": "0.91", "2015-06-30": "0.91", "2015-03-31": "0.90", "2014-12-31": "0.88", "2014-09-30": "0.88", "2014-06-30": "0.89", "2014-03-31": "0.88", "2013-12-31": "0.88", "2013-09-30": "0.85", "2013-06-30": "0.85", "2013-03-31": "0.87", "2012-12-31": "0.87", "2012-09-30": "0.86", "2012-06-30": "0.85", "2012-03-31": "0.87", "2011-12-31": "0.87", "2011-09-30": "0.88", "2011-06-30": "0.88", "2011-03-31": "0.86", "2010-12-31": "0.84", "2010-09-30": "0.87", "2010-06-30": "0.87", "2010-03-31": "0.92", "2009-12-31": "0.92", "2009-09-30": "0.96", "2009-06-30": "1.01", "2009-03-31": "1.06", "2008-12-31": "1.06", "2008-09-30": "1.05", "2008-06-30": "1.09", "2008-03-31": "1.07", "2007-12-31": "1.05", "2007-09-30": "1.05", "2007-06-30": "1.07", "2007-03-31": "1.08", "2006-12-31": "1.10", "2006-09-30": "1.09", "2006-06-30": "1.11", "2006-03-31": "1.11", "2005-12-31": "1.10", "2005-09-30": "1.12", "2005-06-30": "1.11", "2005-03-31": "1.12"}, "quick ratio": {"2020-12-31": "0.00", "2020-09-30": "0.00", "2020-06-30": "0.00", "2020-03-31": "0.00", "2019-12-31": "0.00", "2019-09-30": "0.00", "2019-06-30": "0.00", "2019-03-31": "0.00", "2018-12-31": "0.00", "2018-09-30": "0.00", "2018-06-30": "0.00", "2018-03-31": "0.00", "2017-12-31": "0.00", "2017-09-30": "0.00", "2017-06-30": "0.00", "2017-03-31": "0.00", "2016-12-31": "0.00", "2016-09-30": "0.00", "2016-06-30": "0.00", "2016-03-31": "0.00", "2015-12-31": "0.00", "2015-09-30": "0.00", "2015-06-30": "0.00", "2015-03-31": "0.00", "2014-12-31": "0.00", "2014-09-30": "0.00", "2014-06-30": "0.00", "2014-03-31": "0.00", "2013-12-31": "0.00", "2013-09-30": "0.00", "2013-06-30": "0.00", "2013-03-31": "0.00", "2012-12-31": "0.00", "2012-09-30": "0.00", "2012-06-30": "0.00", "2012-03-31": "0.00", "2011-12-31": "0.00", "2011-09-30": "0.00", "2011-06-30": "0.00", "2011-03-31": "0.00", "2010-12-31": "0.00", "2010-09-30": "0.00", "2010-06-30": "0.00", "2010-03-31": "0.00", "2009-12-31": "0.00", "2009-09-30": "0.00", "2009-06-30": "0.00", "2009-03-31": "0.00", "2008-12-31": "0.00", "2008-09-30": "0.00", "2008-06-30": "0.00", "2008-03-31": "0.00", "2007-12-31": "0.00", "2007-09-30": "0.00", "2007-06-30": "0.00", "2007-03-31": "0.00", "2006-12-31": "0.00", "2006-09-30": "0.00", "2006-06-30": "0.00", "2006-03-31": "0.00", "2005-12-31": "0.00", "2005-09-30": "0.00", "2005-06-30": "0.00", "2005-03-31": "0.00"}, "debt equity ratio": {"current": "0.85", "2020-12-31": "8.47", "2020-09-30": "8.62", "2020-06-30": "8.76", "2020-03-31": "7.97", "2019-12-31": "7.51", "2019-09-30": "7.57", "2019-06-30": "7.52", "2019-03-31": "7.89", "2018-12-31": "7.95", "2018-09-30": "8.13", "2018-06-30": "8.12", "2018-03-31": "8.17", "2017-12-31": "8.17", "2017-09-30": "7.97", "2017-06-30": "7.90", "2017-03-31": "7.98", "2016-12-31": "7.95", "2016-09-30": "8.06", "2016-06-30": "7.94", "2016-03-31": "7.89", "2015-12-31": "7.84", "2015-09-30": "7.90", "2015-06-30": "7.92", "2015-03-31": "7.88", "2014-12-31": "7.90", "2014-09-30": "7.55", "2014-06-30": "7.73", "2014-03-31": "7.72", "2013-12-31": "8.01", "2013-09-30": "7.86", "2013-06-30": "7.83", "2013-03-31": "7.59", "2012-12-31": "7.66", "2012-09-30": "7.46", "2012-06-30": "7.50", "2012-03-31": "7.64", "2011-12-31": "7.95", "2011-09-30": "8.00", "2011-06-30": "8.12", "2011-03-31": "8.33", "2010-12-31": "7.08", "2010-09-30": "7.26", "2010-06-30": "7.51", "2010-03-31": "7.73", "2009-12-31": "7.53", "2009-09-30": "7.67", "2009-06-30": "7.84", "2009-03-31": "8.62", "2008-12-31": "8.79", "2008-09-30": "10.44", "2008-06-30": "10.43", "2008-03-31": "10.57", "2007-12-31": "11.68", "2007-09-30": "11.29", "2007-06-30": "11.07", "2007-03-31": "10.95", "2006-12-31": "10.99", "2006-09-30": "11.10", "2006-06-30": "11.25", "2006-03-31": "11.23", "2005-12-31": "11.26", "2005-09-30": "11.27", "2005-06-30": "11.38", "2005-03-31": "11.61"}, "return on equity": {"2020-12-31": "7.00%", "2020-09-30": "6.44%", "2020-06-30": "6.41%", "2020-03-31": "7.89%", "2019-12-31": "9.66%", "2019-09-30": "9.99%", "2019-06-30": "10.81%", "2019-03-31": "11.53%", "2018-12-31": "11.83%", "2018-09-30": "10.09%", "2018-06-30": "9.30%", "2018-03-31": "8.82%", "2017-12-31": "8.10%", "2017-09-30": "8.25%", "2017-06-30": "7.07%", "2017-03-31": "6.13%", "2016-12-31": "5.73%", "2016-09-30": "6.36%", "2016-06-30": "7.40%", "2016-03-31": "7.87%", "2015-12-31": "8.37%", "2015-09-30": "8.67%", "2015-06-30": "8.41%", "2015-03-31": "8.24%", "2014-12-31": "8.36%", "2014-09-30": "8.18%", "2014-06-30": "9.06%", "2014-03-31": "8.96%", "2013-12-31": "8.61%", "2013-09-30": "8.30%", "2013-06-30": "7.84%", "2013-03-31": "8.18%", "2012-12-31": "8.18%", "2012-09-30": "8.28%", "2012-06-30": "8.28%", "2012-03-31": "8.40%", "2011-12-31": "8.28%", "2011-09-30": "8.82%", "2011-06-30": "8.19%", "2011-03-31": "6.06%", "2010-12-31": "3.49%", "2010-09-30": "-1.39%", "2010-06-30": "-6.98%", "2010-03-31": "-10.78%", "2009-12-31": "-15.03%", "2009-09-30": "-17.80%", "2009-06-30": "-14.99%", "2009-03-31": "-23.46%", "2008-12-31": "-16.24%", "2008-09-30": "-10.87%", "2008-06-30": "-8.10%", "2008-03-31": "9.83%", "2007-12-31": "11.86%", "2007-09-30": "13.44%", "2007-06-30": "14.70%", "2007-03-31": "14.35%", "2006-12-31": "13.60%", "2006-09-30": "15.59%", "2006-06-30": "15.36%", "2006-03-31": "15.33%", "2005-12-31": "15.24%"}, "return on assets": {"2020-12-31": "0.74%", "2020-09-30": "0.70%", "2020-06-30": "0.72%", "2020-03-31": "0.91%", "2019-12-31": "1.12%", "2019-09-30": "1.15%", "2019-06-30": "1.22%", "2019-03-31": "1.28%", "2018-12-31": "1.30%", "2018-09-30": "1.10%", "2018-06-30": "1.02%", "2018-03-31": "0.97%", "2017-12-31": "0.90%", "2017-09-30": "0.92%", "2017-06-30": "0.79%", "2017-03-31": "0.68%", "2016-12-31": "0.64%", "2016-09-30": "0.71%", "2016-06-30": "0.83%", "2016-03-31": "0.89%", "2015-12-31": "0.94%", "2015-09-30": "0.97%", "2015-06-30": "0.95%", "2015-03-31": "0.94%", "2014-12-31": "0.96%", "2014-09-30": "0.94%", "2014-06-30": "1.03%", "2014-03-31": "1.01%", "2013-12-31": "0.98%", "2013-09-30": "0.95%", "2013-06-30": "0.91%", "2013-03-31": "0.96%", "2012-12-31": "0.96%", "2012-09-30": "0.96%", "2012-06-30": "0.94%", "2012-03-31": "0.94%", "2011-12-31": "0.91%", "2011-09-30": "1.00%", "2011-06-30": "0.95%", "2011-03-31": "0.71%", "2010-12-31": "0.42%", "2010-09-30": "-0.16%", "2010-06-30": "-0.81%", "2010-03-31": "-1.24%", "2009-12-31": "-1.69%", "2009-09-30": "-1.93%", "2009-06-30": "-1.52%", "2009-03-31": "-2.23%", "2008-12-31": "-1.48%", "2008-09-30": "-0.93%", "2008-06-30": "-0.68%", "2008-03-31": "0.81%", "2007-12-31": "0.97%", "2007-09-30": "1.11%", "2007-06-30": "1.22%", "2007-03-31": "1.19%", "2006-12-31": "1.12%", "2006-09-30": "1.28%", "2006-06-30": "1.25%", "2006-03-31": "1.25%", "2005-12-31": "1.23%"}, "return on investments": {"2020-12-31": "5.00%", "2020-09-30": "4.60%", "2020-06-30": "4.56%", "2020-03-31": "5.51%", "2019-12-31": "6.61%", "2019-09-30": "6.72%", "2019-06-30": "7.15%", "2019-03-31": "7.54%", "2018-12-31": "7.59%", "2018-09-30": "7.15%", "2018-06-30": "6.83%", "2018-03-31": "6.80%", "2017-12-31": "6.68%", "2017-09-30": "6.16%", "2017-06-30": "5.19%", "2017-03-31": "4.35%", "2016-12-31": "3.88%", "2016-09-30": "4.27%", "2016-06-30": "5.12%", "2016-03-31": "5.49%", "2015-12-31": "5.95%", "2015-09-30": "6.33%", "2015-06-30": "6.43%", "2015-03-31": "6.67%", "2014-12-31": "6.97%", "2014-09-30": "6.79%", "2014-06-30": "7.07%", "2014-03-31": "6.95%", "2013-12-31": "6.57%", "2013-09-30": "6.38%", "2013-06-30": "6.21%", "2013-03-31": "6.20%", "2012-12-31": "6.12%", "2012-09-30": "5.95%", "2012-06-30": "5.94%", "2012-03-31": "5.95%", "2011-12-31": "6.39%", "2011-09-30": "7.36%", "2011-06-30": "6.98%", "2011-03-31": "5.85%", "2010-12-31": "3.43%", "2010-09-30": "-1.07%", "2010-06-30": "-4.92%", "2010-03-31": "-6.89%", "2009-12-31": "-8.27%", "2009-09-30": "-6.76%", "2009-06-30": "-4.40%", "2009-03-31": "-4.94%", "2008-12-31": "-1.61%", "2008-09-30": "-0.83%", "2008-06-30": "0.58%", "2008-03-31": "5.38%", "2007-12-31": "6.45%", "2007-09-30": "8.18%", "2007-06-30": "8.49%", "2007-03-31": "8.17%", "2006-12-31": "7.53%", "2006-09-30": "7.31%", "2006-06-30": "7.20%", "2006-03-31": "7.17%", "2005-12-31": "7.16%"}, "return on tangible equity": {"2020-09-30": "7.73%", "2020-06-30": "7.71%", "2020-03-31": "9.52%", "2019-12-31": "11.69%", "2019-09-30": "12.13%", "2019-06-30": "13.18%", "2019-03-31": "14.14%", "2018-12-31": "14.58%", "2018-09-30": "12.50%", "2018-06-30": "11.53%", "2018-03-31": "10.93%", "2017-12-31": "10.01%", "2017-09-30": "10.17%", "2017-06-30": "8.72%", "2017-03-31": "7.39%", "2016-12-31": "6.75%", "2016-09-30": "7.31%", "2016-06-30": "8.25%", "2016-03-31": "8.79%", "2015-12-31": "9.37%", "2015-09-30": "9.72%", "2015-06-30": "9.44%", "2015-03-31": "9.24%", "2014-12-31": "9.37%", "2014-09-30": "9.16%", "2014-06-30": "10.14%", "2014-03-31": "10.05%", "2013-12-31": "9.67%", "2013-09-30": "9.33%", "2013-06-30": "8.82%", "2013-03-31": "9.15%", "2012-12-31": "9.11%", "2012-09-30": "9.18%", "2012-06-30": "9.13%", "2012-03-31": "9.28%", "2011-12-31": "9.15%", "2011-09-30": "9.71%", "2011-06-30": "8.99%", "2011-03-31": "6.63%", "2010-12-31": "3.81%", "2010-09-30": "-1.52%", "2010-06-30": "-7.65%", "2010-03-31": "-11.84%", "2009-12-31": "-16.55%", "2009-09-30": "-19.75%", "2009-06-30": "-17.07%", "2009-03-31": "-27.53%", "2008-12-31": "-19.64%", "2008-09-30": "-13.46%", "2008-06-30": "-9.96%", "2008-03-31": "11.98%", "2007-12-31": "14.32%", "2007-09-30": "16.20%", "2007-06-30": "17.83%", "2007-03-31": "17.53%", "2006-12-31": "16.73%", "2006-09-30": "19.31%", "2006-06-30": "19.05%", "2006-03-31": "19.03%", "2005-12-31": "18.97%"}, "dividend yield history": {"last payout": "$0.74", "last yield": "3.91%"}}