{"ticker": "KEYS", "price": {"title": "Keysight Technologies Historical Annual Stock Price Data", "value": 142.95, "historical": {"2020": {"Average Stock Price": "101.6914", "Year Open": "104.1900", "Year High": "132.0900", "Year Low": "78.2800", "Year Close": "132.0900", "Annual % Change": "28.71%"}, "2019": {"Average Stock Price": "89.5339", "Year Open": "61.4200", "Year High": "109.0800", "Year Low": "58.3200", "Year Close": "102.6300", "Annual % Change": "65.32%"}, "2018": {"Average Stock Price": "56.4559", "Year Open": "42.1500", "Year High": "66.5000", "Year Low": "42.1500", "Year Close": "62.0800", "Annual % Change": "49.23%"}, "2017": {"Average Stock Price": "39.7982", "Year Open": "36.2800", "Year High": "45.4100", "Year Low": "35.3000", "Year Close": "41.6000", "Annual % Change": "13.75%"}, "2016": {"Average Stock Price": "29.4279", "Year Open": "27.8100", "Year High": "38.2600", "Year Low": "21.1800", "Year Close": "36.5700", "Annual % Change": "29.09%"}, "2015": {"Average Stock Price": "32.9835", "Year Open": "33.4200", "Year High": "38.8900", "Year Low": "27.8600", "Year Close": "28.3300", "Annual % Change": "-16.11%"}, "2014": {"Average Stock Price": "32.0822", "Year Open": "28.2500", "Year High": "35.2000", "Year Low": "28.2500", "Year Close": "33.7700", "Annual % Change": "0.00%"}}}, "market cap": {"value": "$26.6B"}, "income statement": {"Revenue": {"2020-10-31": "4221.00000", "2019-10-31": "4303.00000", "2018-10-31": "3878.00000", "2017-10-31": "3189.00000", "2016-10-31": "2918.00000", "2015-10-31": "2856.00000", "2014-10-31": "2933.00000", "2013-10-31": "2888.00000", "2012-10-31": "3315.00000", "2006-10-31": "713.95500", "2005-10-31": "628.32800"}, "Cost Of Goods Sold": {"2020-10-31": "1688.00000", "2019-10-31": "1769.00000", "2018-10-31": "1767.00000", "2017-10-31": "1492.00000", "2016-10-31": "1294.00000", "2015-10-31": "1269.00000", "2014-10-31": "1313.00000", "2013-10-31": "1265.00000", "2012-10-31": "1434.00000", "2006-10-31": "395.33800", "2005-10-31": "346.36200"}, "Gross Profit": {"2020-10-31": "2533.00000", "2019-10-31": "2534.00000", "2018-10-31": "2111.00000", "2017-10-31": "1697.00000", "2016-10-31": "1624.00000", "2015-10-31": "1587.00000", "2014-10-31": "1620.00000", "2013-10-31": "1623.00000", "2012-10-31": "1881.00000", "2006-10-31": "318.61700", "2005-10-31": "281.96600"}, "Research And Development Expenses": {"2020-10-31": "715.00000", "2019-10-31": "688.00000", "2018-10-31": "624.00000", "2017-10-31": "507.00000", "2016-10-31": "425.00000", "2015-10-31": "387.00000", "2014-10-31": "361.00000", "2013-10-31": "375.00000", "2012-10-31": "377.00000", "2006-10-31": "", "2005-10-31": ""}, "SG&A Expenses": {"2020-10-31": "1097.00000", "2019-10-31": "1155.00000", "2018-10-31": "1205.00000", "2017-10-31": "1058.00000", "2016-10-31": "818.00000", "2015-10-31": "787.00000", "2014-10-31": "790.00000", "2013-10-31": "752.00000", "2012-10-31": "771.00000", "2006-10-31": "270.98700", "2005-10-31": "246.39700"}, "Other Operating Income Or Expenses": {"2020-10-31": "44.00000", "2019-10-31": "20.00000", "2018-10-31": "33.00000", "2017-10-31": "16.00000", "2016-10-31": "25.00000", "2015-10-31": "18.00000", "2014-10-31": "", "2013-10-31": "", "2012-10-31": "", "2006-10-31": "", "2005-10-31": ""}, "Operating Expenses": {"2020-10-31": "3456.00000", "2019-10-31": "3592.00000", "2018-10-31": "4272.00000", "2017-10-31": "3041.00000", "2016-10-31": "2512.00000", "2015-10-31": "2425.00000", "2014-10-31": "2464.00000", "2013-10-31": "2392.00000", "2012-10-31": "2582.00000", "2006-10-31": "666.32500", "2005-10-31": "592.75900"}, "Operating Income": {"2020-10-31": "765.00000", "2019-10-31": "711.00000", "2018-10-31": "-394.00000", "2017-10-31": "148.00000", "2016-10-31": "406.00000", "2015-10-31": "431.00000", "2014-10-31": "469.00000", "2013-10-31": "496.00000", "2012-10-31": "733.00000", "2006-10-31": "47.63000", "2005-10-31": "35.56900"}, "Total Non-Operating Income/Expense": {"2020-10-31": "-4.00000", "2019-10-31": "4.00000", "2018-10-31": "-17.00000", "2017-10-31": "31.00000", "2016-10-31": "-40.00000", "2015-10-31": "-43.00000", "2014-10-31": "6.00000", "2013-10-31": "5.00000", "2012-10-31": "13.00000", "2006-10-31": "2.63700", "2005-10-31": "1.47300"}, "Pre-Tax Income": {"2020-10-31": "761.00000", "2019-10-31": "715.00000", "2018-10-31": "-411.00000", "2017-10-31": "179.00000", "2016-10-31": "366.00000", "2015-10-31": "388.00000", "2014-10-31": "475.00000", "2013-10-31": "501.00000", "2012-10-31": "746.00000", "2006-10-31": "50.26700", "2005-10-31": "37.04200"}, "Income Taxes": {"2020-10-31": "134.00000", "2019-10-31": "94.00000", "2018-10-31": "-576.00000", "2017-10-31": "77.00000", "2016-10-31": "31.00000", "2015-10-31": "-125.00000", "2014-10-31": "83.00000", "2013-10-31": "44.00000", "2012-10-31": "-95.00000", "2006-10-31": "19.94300", "2005-10-31": "14.78400"}, "Income After Taxes": {"2020-10-31": "627.00000", "2019-10-31": "621.00000", "2018-10-31": "165.00000", "2017-10-31": "102.00000", "2016-10-31": "335.00000", "2015-10-31": "513.00000", "2014-10-31": "392.00000", "2013-10-31": "457.00000", "2012-10-31": "841.00000", "2006-10-31": "30.32400", "2005-10-31": "22.25800"}, "Other Income": {"2020-10-31": "", "2019-10-31": "", "2018-10-31": "", "2017-10-31": "", "2016-10-31": "", "2015-10-31": "", "2014-10-31": "", "2013-10-31": "", "2012-10-31": "", "2006-10-31": "", "2005-10-31": ""}, "Income From Continuous Operations": {"2020-10-31": "627.00000", "2019-10-31": "621.00000", "2018-10-31": "165.00000", "2017-10-31": "102.00000", "2016-10-31": "335.00000", "2015-10-31": "513.00000", "2014-10-31": "392.00000", "2013-10-31": "457.00000", "2012-10-31": "841.00000", "2006-10-31": "30.32400", "2005-10-31": "22.25800"}, "Income From Discontinued Operations": {"2020-10-31": "", "2019-10-31": "", "2018-10-31": "", "2017-10-31": "", "2016-10-31": "", "2015-10-31": "", "2014-10-31": "", "2013-10-31": "", "2012-10-31": "", "2006-10-31": "", "2005-10-31": ""}, "Net Income": {"2020-10-31": "627.00000", "2019-10-31": "621.00000", "2018-10-31": "165.00000", "2017-10-31": "102.00000", "2016-10-31": "335.00000", "2015-10-31": "513.00000", "2014-10-31": "392.00000", "2013-10-31": "457.00000", "2012-10-31": "841.00000", "2006-10-31": "30.32400", "2005-10-31": "22.25800"}, "EBITDA": {"2020-10-31": "1091.00000", "2019-10-31": "1019.00000", "2018-10-31": "625.00000", "2017-10-31": "373.00000", "2016-10-31": "540.00000", "2015-10-31": "530.00000", "2014-10-31": "553.00000", "2013-10-31": "573.00000", "2012-10-31": "798.00000", "2006-10-31": "47.63000", "2005-10-31": "35.56900"}, "EBIT": {"2020-10-31": "765.00000", "2019-10-31": "711.00000", "2018-10-31": "-394.00000", "2017-10-31": "148.00000", "2016-10-31": "406.00000", "2015-10-31": "431.00000", "2014-10-31": "469.00000", "2013-10-31": "496.00000", "2012-10-31": "733.00000", "2006-10-31": "47.63000", "2005-10-31": "35.56900"}, "Basic Shares Outstanding": {"2020-10-31": "187.00000", "2019-10-31": "188.00000", "2018-10-31": "187.00000", "2017-10-31": "180.00000", "2016-10-31": "170.00000", "2015-10-31": "169.00000", "2014-10-31": "167.00000", "2013-10-31": "167.00000", "2012-10-31": "167.00000", "2006-10-31": "", "2005-10-31": ""}, "Shares Outstanding": {"2020-10-31": "189.00000", "2019-10-31": "191.00000", "2018-10-31": "191.00000", "2017-10-31": "182.00000", "2016-10-31": "172.00000", "2015-10-31": "171.00000", "2014-10-31": "167.00000", "2013-10-31": "167.00000", "2012-10-31": "167.00000", "2006-10-31": "", "2005-10-31": ""}, "Basic EPS": {"2020-10-31": "3.35000", "2019-10-31": "3.31000", "2018-10-31": "0.88000", "2017-10-31": "0.57000", "2016-10-31": "1.97000", "2015-10-31": "3.04000", "2014-10-31": "2.35000", "2013-10-31": "2.74000", "2012-10-31": "5.04000", "2006-10-31": "", "2005-10-31": ""}, "EPS - Earnings Per Share": {"2020-10-31": "3.31000", "2019-10-31": "3.25000", "2018-10-31": "0.86000", "2017-10-31": "0.56000", "2016-10-31": "1.95000", "2015-10-31": "3.00000", "2014-10-31": "2.35000", "2013-10-31": "2.74000", "2012-10-31": "5.04000", "2006-10-31": "0.00000", "2005-10-31": "0.00000"}}, "income statement, quarterly": {"Revenue": {"2020-10-31": "1220.00000", "2020-07-31": "1011.00000", "2020-04-30": "895.00000", "2020-01-31": "1095.00000", "2019-10-31": "1120.00000", "2019-07-31": "1087.00000", "2019-04-30": "1090.00000", "2019-01-31": "1006.00000", "2018-10-31": "1047.00000", "2018-07-31": "1004.00000", "2018-04-30": "990.00000", "2018-01-31": "837.00000", "2017-10-31": "878.00000", "2017-07-31": "832.00000", "2017-04-30": "753.00000", "2017-01-31": "726.00000", "2016-10-31": "751.00000", "2016-07-31": "715.00000", "2016-04-30": "731.00000", "2016-01-31": "721.00000", "2015-10-31": "750.00000", "2015-07-31": "665.00000", "2015-04-30": "740.00000", "2015-01-31": "701.00000", "2014-10-31": "762.00000", "2014-07-31": "757.00000", "2014-04-30": "743.00000", "2014-01-31": "671.00000", "2013-10-31": "", "2012-10-31": ""}, "Cost Of Goods Sold": {"2020-10-31": "464.00000", "2020-07-31": "405.00000", "2020-04-30": "379.00000", "2020-01-31": "440.00000", "2019-10-31": "455.00000", "2019-07-31": "444.00000", "2019-04-30": "442.00000", "2019-01-31": "428.00000", "2018-10-31": "462.00000", "2018-07-31": "442.00000", "2018-04-30": "451.00000", "2018-01-31": "412.00000", "2017-10-31": "409.00000", "2017-07-31": "421.00000", "2017-04-30": "340.00000", "2017-01-31": "322.00000", "2016-10-31": "331.00000", "2016-07-31": "309.00000", "2016-04-30": "325.00000", "2016-01-31": "329.00000", "2015-10-31": "332.00000", "2015-07-31": "295.00000", "2015-04-30": "324.00000", "2015-01-31": "318.00000", "2014-10-31": "343.00000", "2014-07-31": "343.00000", "2014-04-30": "328.00000", "2014-01-31": "299.00000", "2013-10-31": "", "2012-10-31": ""}, "Gross Profit": {"2020-10-31": "756.00000", "2020-07-31": "606.00000", "2020-04-30": "516.00000", "2020-01-31": "655.00000", "2019-10-31": "665.00000", "2019-07-31": "643.00000", "2019-04-30": "648.00000", "2019-01-31": "578.00000", "2018-10-31": "585.00000", "2018-07-31": "562.00000", "2018-04-30": "539.00000", "2018-01-31": "425.00000", "2017-10-31": "469.00000", "2017-07-31": "411.00000", "2017-04-30": "413.00000", "2017-01-31": "404.00000", "2016-10-31": "420.00000", "2016-07-31": "406.00000", "2016-04-30": "406.00000", "2016-01-31": "392.00000", "2015-10-31": "418.00000", "2015-07-31": "370.00000", "2015-04-30": "416.00000", "2015-01-31": "383.00000", "2014-10-31": "419.00000", "2014-07-31": "414.00000", "2014-04-30": "415.00000", "2014-01-31": "372.00000", "2013-10-31": "", "2012-10-31": ""}, "Research And Development Expenses": {"2020-10-31": "193.00000", "2020-07-31": "169.00000", "2020-04-30": "166.00000", "2020-01-31": "187.00000", "2019-10-31": "176.00000", "2019-07-31": "168.00000", "2019-04-30": "171.00000", "2019-01-31": "173.00000", "2018-10-31": "160.00000", "2018-07-31": "154.00000", "2018-04-30": "160.00000", "2018-01-31": "150.00000", "2017-10-31": "148.00000", "2017-07-31": "132.00000", "2017-04-30": "119.00000", "2017-01-31": "108.00000", "2016-10-31": "105.00000", "2016-07-31": "104.00000", "2016-04-30": "108.00000", "2016-01-31": "108.00000", "2015-10-31": "105.00000", "2015-07-31": "90.00000", "2015-04-30": "96.00000", "2015-01-31": "96.00000", "2014-10-31": "91.00000", "2014-07-31": "91.00000", "2014-04-30": "89.00000", "2014-01-31": "90.00000", "2013-10-31": "", "2012-10-31": ""}, "SG&A Expenses": {"2020-10-31": "287.00000", "2020-07-31": "259.00000", "2020-04-30": "251.00000", "2020-01-31": "300.00000", "2019-10-31": "286.00000", "2019-07-31": "281.00000", "2019-04-30": "300.00000", "2019-01-31": "288.00000", "2018-10-31": "311.00000", "2018-07-31": "294.00000", "2018-04-30": "305.00000", "2018-01-31": "295.00000", "2017-10-31": "303.00000", "2017-07-31": "286.00000", "2017-04-30": "256.00000", "2017-01-31": "213.00000", "2016-10-31": "211.00000", "2016-07-31": "200.00000", "2016-04-30": "207.00000", "2016-01-31": "200.00000", "2015-10-31": "206.00000", "2015-07-31": "183.00000", "2015-04-30": "192.00000", "2015-01-31": "206.00000", "2014-10-31": "198.00000", "2014-07-31": "202.00000", "2014-04-30": "199.00000", "2014-01-31": "191.00000", "2013-10-31": "", "2012-10-31": ""}, "Other Operating Income Or Expenses": {"2020-10-31": "2.00000", "2020-07-31": "4.00000", "2020-04-30": "3.00000", "2020-01-31": "35.00000", "2019-10-31": "5.00000", "2019-07-31": "3.00000", "2019-04-30": "8.00000", "2019-01-31": "4.00000", "2018-10-31": "15.00000", "2018-07-31": "3.00000", "2018-04-30": "12.00000", "2018-01-31": "3.00000", "2017-10-31": "-70.00000", "2017-07-31": "3.00000", "2017-04-30": "4.00000", "2017-01-31": "79.00000", "2016-10-31": "3.00000", "2016-07-31": "4.00000", "2016-04-30": "4.00000", "2016-01-31": "14.00000", "2015-10-31": "4.00000", "2015-07-31": "3.00000", "2015-04-30": "5.00000", "2015-01-31": "6.00000", "2014-10-31": "", "2014-07-31": "", "2014-04-30": "", "2014-01-31": "", "2013-10-31": "", "2012-10-31": ""}, "Operating Expenses": {"2020-10-31": "942.00000", "2020-07-31": "829.00000", "2020-04-30": "793.00000", "2020-01-31": "892.00000", "2019-10-31": "912.00000", "2019-07-31": "890.00000", "2019-04-30": "905.00000", "2019-01-31": "885.00000", "2018-10-31": "1627.00000", "2018-07-31": "887.00000", "2018-04-30": "904.00000", "2018-01-31": "854.00000", "2017-10-31": "930.00000", "2017-07-31": "836.00000", "2017-04-30": "711.00000", "2017-01-31": "564.00000", "2016-10-31": "644.00000", "2016-07-31": "609.00000", "2016-04-30": "636.00000", "2016-01-31": "623.00000", "2015-10-31": "639.00000", "2015-07-31": "565.00000", "2015-04-30": "607.00000", "2015-01-31": "614.00000", "2014-10-31": "632.00000", "2014-07-31": "636.00000", "2014-04-30": "616.00000", "2014-01-31": "580.00000", "2013-10-31": "", "2012-10-31": ""}, "Operating Income": {"2020-10-31": "278.00000", "2020-07-31": "182.00000", "2020-04-30": "102.00000", "2020-01-31": "203.00000", "2019-10-31": "208.00000", "2019-07-31": "197.00000", "2019-04-30": "185.00000", "2019-01-31": "121.00000", "2018-10-31": "-580.00000", "2018-07-31": "117.00000", "2018-04-30": "86.00000", "2018-01-31": "-17.00000", "2017-10-31": "-52.00000", "2017-07-31": "-4.00000", "2017-04-30": "42.00000", "2017-01-31": "162.00000", "2016-10-31": "107.00000", "2016-07-31": "106.00000", "2016-04-30": "95.00000", "2016-01-31": "98.00000", "2015-10-31": "111.00000", "2015-07-31": "100.00000", "2015-04-30": "133.00000", "2015-01-31": "87.00000", "2014-10-31": "130.00000", "2014-07-31": "121.00000", "2014-04-30": "127.00000", "2014-01-31": "91.00000", "2013-10-31": "", "2012-10-31": ""}, "Total Non-Operating Income/Expense": {"2020-10-31": "-12.00000", "2020-07-31": "3.00000", "2020-04-30": "6.00000", "2020-01-31": "-1.00000", "2019-10-31": "-5.00000", "2019-07-31": "2.00000", "2019-04-30": "8.00000", "2019-01-31": "-1.00000", "2018-10-31": "-4.00000", "2018-07-31": "-4.00000", "2018-04-30": "-3.00000", "2018-01-31": "-6.00000", "2017-10-31": "82.00000", "2017-07-31": "-21.00000", "2017-04-30": "-20.00000", "2017-01-31": "-10.00000", "2016-10-31": "-9.00000", "2016-07-31": "-9.00000", "2016-04-30": "-8.00000", "2016-01-31": "-14.00000", "2015-10-31": "-10.00000", "2015-07-31": "-13.00000", "2015-04-30": "-11.00000", "2015-01-31": "-9.00000", "2014-10-31": "3.00000", "2014-07-31": "1.00000", "2014-04-30": "1.00000", "2014-01-31": "1.00000", "2013-10-31": "", "2012-10-31": ""}, "Pre-Tax Income": {"2020-10-31": "266.00000", "2020-07-31": "185.00000", "2020-04-30": "108.00000", "2020-01-31": "202.00000", "2019-10-31": "203.00000", "2019-07-31": "199.00000", "2019-04-30": "193.00000", "2019-01-31": "120.00000", "2018-10-31": "-584.00000", "2018-07-31": "113.00000", "2018-04-30": "83.00000", "2018-01-31": "-23.00000", "2017-10-31": "30.00000", "2017-07-31": "-25.00000", "2017-04-30": "22.00000", "2017-01-31": "152.00000", "2016-10-31": "98.00000", "2016-07-31": "97.00000", "2016-04-30": "87.00000", "2016-01-31": "84.00000", "2015-10-31": "101.00000", "2015-07-31": "87.00000", "2015-04-30": "122.00000", "2015-01-31": "78.00000", "2014-10-31": "133.00000", "2014-07-31": "122.00000", "2014-04-30": "128.00000", "2014-01-31": "92.00000", "2013-10-31": "", "2012-10-31": ""}, "Income Taxes": {"2020-10-31": "49.00000", "2020-07-31": "9.00000", "2020-04-30": "37.00000", "2020-01-31": "39.00000", "2019-10-31": "8.00000", "2019-07-31": "40.00000", "2019-04-30": "40.00000", "2019-01-31": "6.00000", "2018-10-31": "-470.00000", "2018-07-31": "-8.00000", "2018-04-30": "19.00000", "2018-01-31": "-117.00000", "2017-10-31": "68.00000", "2017-07-31": "-7.00000", "2017-04-30": "-27.00000", "2017-01-31": "43.00000", "2016-10-31": "6.00000", "2016-07-31": "6.00000", "2016-04-30": "-1.00000", "2016-01-31": "20.00000", "2015-10-31": "-176.00000", "2015-07-31": "17.00000", "2015-04-30": "26.00000", "2015-01-31": "8.00000", "2014-10-31": "32.00000", "2014-07-31": "15.00000", "2014-04-30": "18.00000", "2014-01-31": "18.00000", "2013-10-31": "", "2012-10-31": ""}, "Income After Taxes": {"2020-10-31": "217.00000", "2020-07-31": "176.00000", "2020-04-30": "71.00000", "2020-01-31": "163.00000", "2019-10-31": "195.00000", "2019-07-31": "159.00000", "2019-04-30": "153.00000", "2019-01-31": "114.00000", "2018-10-31": "-114.00000", "2018-07-31": "121.00000", "2018-04-30": "64.00000", "2018-01-31": "94.00000", "2017-10-31": "-38.00000", "2017-07-31": "-18.00000", "2017-04-30": "49.00000", "2017-01-31": "109.00000", "2016-10-31": "92.00000", "2016-07-31": "91.00000", "2016-04-30": "88.00000", "2016-01-31": "64.00000", "2015-10-31": "277.00000", "2015-07-31": "70.00000", "2015-04-30": "96.00000", "2015-01-31": "70.00000", "2014-10-31": "101.00000", "2014-07-31": "107.00000", "2014-04-30": "110.00000", "2014-01-31": "74.00000", "2013-10-31": "", "2012-10-31": ""}, "Other Income": {"2020-10-31": "", "2020-07-31": "", "2020-04-30": "", "2020-01-31": "", "2019-10-31": "", "2019-07-31": "", "2019-04-30": "", "2019-01-31": "", "2018-10-31": "", "2018-07-31": "", "2018-04-30": "", "2018-01-31": "", "2017-10-31": "", "2017-07-31": "", "2017-04-30": "", "2017-01-31": "", "2016-10-31": "", "2016-07-31": "", "2016-04-30": "", "2016-01-31": "", "2015-10-31": "", "2015-07-31": "", "2015-04-30": "", "2015-01-31": "", "2014-10-31": "0.00000", "2014-07-31": "", "2014-04-30": "", "2014-01-31": "", "2013-10-31": "", "2012-10-31": ""}, "Income From Continuous Operations": {"2020-10-31": "217.00000", "2020-07-31": "176.00000", "2020-04-30": "71.00000", "2020-01-31": "163.00000", "2019-10-31": "195.00000", "2019-07-31": "159.00000", "2019-04-30": "153.00000", "2019-01-31": "114.00000", "2018-10-31": "-114.00000", "2018-07-31": "121.00000", "2018-04-30": "64.00000", "2018-01-31": "94.00000", "2017-10-31": "-38.00000", "2017-07-31": "-18.00000", "2017-04-30": "49.00000", "2017-01-31": "109.00000", "2016-10-31": "92.00000", "2016-07-31": "91.00000", "2016-04-30": "88.00000", "2016-01-31": "64.00000", "2015-10-31": "277.00000", "2015-07-31": "70.00000", "2015-04-30": "96.00000", "2015-01-31": "70.00000", "2014-10-31": "101.00000", "2014-07-31": "107.00000", "2014-04-30": "110.00000", "2014-01-31": "74.00000", "2013-10-31": "", "2012-10-31": ""}, "Income From Discontinued Operations": {"2020-10-31": "", "2020-07-31": "", "2020-04-30": "", "2020-01-31": "", "2019-10-31": "", "2019-07-31": "", "2019-04-30": "", "2019-01-31": "", "2018-10-31": "", "2018-07-31": "", "2018-04-30": "", "2018-01-31": "", "2017-10-31": "", "2017-07-31": "", "2017-04-30": "", "2017-01-31": "", "2016-10-31": "", "2016-07-31": "", "2016-04-30": "", "2016-01-31": "", "2015-10-31": "", "2015-07-31": "", "2015-04-30": "", "2015-01-31": "", "2014-10-31": "0.00000", "2014-07-31": "", "2014-04-30": "", "2014-01-31": "", "2013-10-31": "", "2012-10-31": ""}, "Net Income": {"2020-10-31": "217.00000", "2020-07-31": "176.00000", "2020-04-30": "71.00000", "2020-01-31": "163.00000", "2019-10-31": "195.00000", "2019-07-31": "159.00000", "2019-04-30": "153.00000", "2019-01-31": "114.00000", "2018-10-31": "-114.00000", "2018-07-31": "121.00000", "2018-04-30": "64.00000", "2018-01-31": "94.00000", "2017-10-31": "-38.00000", "2017-07-31": "-18.00000", "2017-04-30": "49.00000", "2017-01-31": "109.00000", "2016-10-31": "92.00000", "2016-07-31": "91.00000", "2016-04-30": "88.00000", "2016-01-31": "64.00000", "2015-10-31": "277.00000", "2015-07-31": "70.00000", "2015-04-30": "96.00000", "2015-01-31": "70.00000", "2014-10-31": "101.00000", "2014-07-31": "107.00000", "2014-04-30": "110.00000", "2014-01-31": "74.00000", "2013-10-31": "", "2012-10-31": ""}, "EBITDA": {"2020-10-31": "365.00000", "2020-07-31": "262.00000", "2020-04-30": "181.00000", "2020-01-31": "283.00000", "2019-10-31": "287.00000", "2019-07-31": "275.00000", "2019-04-30": "260.00000", "2019-01-31": "197.00000", "2018-10-31": "206.00000", "2018-07-31": "193.00000", "2018-04-30": "165.00000", "2018-01-31": "61.00000", "2017-10-31": "20.00000", "2017-07-31": "76.00000", "2017-04-30": "83.00000", "2017-01-31": "194.00000", "2016-10-31": "140.00000", "2016-07-31": "140.00000", "2016-04-30": "129.00000", "2016-01-31": "131.00000", "2015-10-31": "141.00000", "2015-07-31": "123.00000", "2015-04-30": "156.00000", "2015-01-31": "110.00000", "2014-10-31": "155.00000", "2014-07-31": "141.00000", "2014-04-30": "147.00000", "2014-01-31": "110.00000", "2013-10-31": "", "2012-10-31": ""}, "EBIT": {"2020-10-31": "278.00000", "2020-07-31": "182.00000", "2020-04-30": "102.00000", "2020-01-31": "203.00000", "2019-10-31": "208.00000", "2019-07-31": "197.00000", "2019-04-30": "185.00000", "2019-01-31": "121.00000", "2018-10-31": "-580.00000", "2018-07-31": "117.00000", "2018-04-30": "86.00000", "2018-01-31": "-17.00000", "2017-10-31": "-52.00000", "2017-07-31": "-4.00000", "2017-04-30": "42.00000", "2017-01-31": "162.00000", "2016-10-31": "107.00000", "2016-07-31": "106.00000", "2016-04-30": "95.00000", "2016-01-31": "98.00000", "2015-10-31": "111.00000", "2015-07-31": "100.00000", "2015-04-30": "133.00000", "2015-01-31": "87.00000", "2014-10-31": "130.00000", "2014-07-31": "121.00000", "2014-04-30": "127.00000", "2014-01-31": "91.00000", "2013-10-31": "", "2012-10-31": ""}, "Basic Shares Outstanding": {"2020-10-31": "187.00000", "2020-07-31": "187.00000", "2020-04-30": "187.00000", "2020-01-31": "188.00000", "2019-10-31": "188.00000", "2019-07-31": "188.00000", "2019-04-30": "188.00000", "2019-01-31": "187.00000", "2018-10-31": "187.00000", "2018-07-31": "188.00000", "2018-04-30": "188.00000", "2018-01-31": "187.00000", "2017-10-31": "180.00000", "2017-07-31": "186.00000", "2017-04-30": "177.00000", "2017-01-31": "171.00000", "2016-10-31": "170.00000", "2016-07-31": "170.00000", "2016-04-30": "170.00000", "2016-01-31": "171.00000", "2015-10-31": "169.00000", "2015-07-31": "169.00000", "2015-04-30": "169.00000", "2015-01-31": "168.00000", "2014-10-31": "167.00000", "2014-07-31": "167.00000", "2014-04-30": "167.00000", "2014-01-31": "167.00000", "2013-10-31": "", "2012-10-31": ""}, "Shares Outstanding": {"2020-10-31": "189.00000", "2020-07-31": "190.00000", "2020-04-30": "189.00000", "2020-01-31": "191.00000", "2019-10-31": "191.00000", "2019-07-31": "191.00000", "2019-04-30": "191.00000", "2019-01-31": "190.00000", "2018-10-31": "191.00000", "2018-07-31": "191.00000", "2018-04-30": "190.00000", "2018-01-31": "189.00000", "2017-10-31": "182.00000", "2017-07-31": "186.00000", "2017-04-30": "179.00000", "2017-01-31": "173.00000", "2016-10-31": "172.00000", "2016-07-31": "172.00000", "2016-04-30": "172.00000", "2016-01-31": "172.00000", "2015-10-31": "171.00000", "2015-07-31": "172.00000", "2015-04-30": "171.00000", "2015-01-31": "170.00000", "2014-10-31": "167.00000", "2014-07-31": "167.00000", "2014-04-30": "167.00000", "2014-01-31": "167.00000", "2013-10-31": "", "2012-10-31": ""}, "Basic EPS": {"2020-10-31": "1.16000", "2020-07-31": "0.94000", "2020-04-30": "0.38000", "2020-01-31": "0.87000", "2019-10-31": "1.04000", "2019-07-31": "0.85000", "2019-04-30": "0.81000", "2019-01-31": "0.61000", "2018-10-31": "-0.60000", "2018-07-31": "0.64000", "2018-04-30": "0.34000", "2018-01-31": "0.50000", "2017-10-31": "-0.25000", "2017-07-31": "-0.10000", "2017-04-30": "0.28000", "2017-01-31": "0.64000", "2016-10-31": "0.54000", "2016-07-31": "0.54000", "2016-04-30": "0.52000", "2016-01-31": "0.37000", "2015-10-31": "1.64000", "2015-07-31": "0.41000", "2015-04-30": "0.57000", "2015-01-31": "0.42000", "2014-10-31": "0.60000", "2014-07-31": "0.64000", "2014-04-30": "0.66000", "2014-01-31": "0.44000", "2013-10-31": "", "2012-10-31": ""}, "EPS - Earnings Per Share": {"2020-10-31": "1.15000", "2020-07-31": "0.93000", "2020-04-30": "0.37000", "2020-01-31": "0.86000", "2019-10-31": "1.02000", "2019-07-31": "0.83000", "2019-04-30": "0.80000", "2019-01-31": "0.60000", "2018-10-31": "-0.61000", "2018-07-31": "0.63000", "2018-04-30": "0.34000", "2018-01-31": "0.50000", "2017-10-31": "-0.24000", "2017-07-31": "-0.10000", "2017-04-30": "0.27000", "2017-01-31": "0.63000", "2016-10-31": "0.54000", "2016-07-31": "0.53000", "2016-04-30": "0.51000", "2016-01-31": "0.37000", "2015-10-31": "1.62000", "2015-07-31": "0.41000", "2015-04-30": "0.56000", "2015-01-31": "0.41000", "2014-10-31": "0.60000", "2014-07-31": "0.64000", "2014-04-30": "0.66000", "2014-01-31": "0.44000", "2013-10-31": "0.00000", "2012-10-31": "0.00000"}}, "balance sheet": {"Cash On Hand": {"2020-10-31": "1756.00000", "2019-10-31": "1598.00000", "2018-10-31": "913.00000", "2017-10-31": "818.00000", "2016-10-31": "783.00000", "2015-10-31": "483.00000", "2014-10-31": "810.00000", "2013-10-31": "", "2012-10-31": "", "2006-10-31": "20.59300", "2005-10-31": "4.73300"}, "Receivables": {"2020-10-31": "606.00000", "2019-10-31": "668.00000", "2018-10-31": "624.00000", "2017-10-31": "547.00000", "2016-10-31": "437.00000", "2015-10-31": "398.00000", "2014-10-31": "380.00000", "2013-10-31": "340.00000", "2012-10-31": "", "2006-10-31": "65.15400", "2005-10-31": "56.77400"}, "Inventory": {"2020-10-31": "757.00000", "2019-10-31": "705.00000", "2018-10-31": "619.00000", "2017-10-31": "588.00000", "2016-10-31": "474.00000", "2015-10-31": "487.00000", "2014-10-31": "498.00000", "2013-10-31": "502.00000", "2012-10-31": "", "2006-10-31": "133.87700", "2005-10-31": "128.45800"}, "Pre-Paid Expenses": {"2020-10-31": "", "2019-10-31": "", "2018-10-31": "", "2017-10-31": "", "2016-10-31": "", "2015-10-31": "", "2014-10-31": "", "2013-10-31": "", "2012-10-31": "", "2006-10-31": "", "2005-10-31": ""}, "Other Current Assets": {"2020-10-31": "255.00000", "2019-10-31": "244.00000", "2018-10-31": "222.00000", "2017-10-31": "224.00000", "2016-10-31": "160.00000", "2015-10-31": "137.00000", "2014-10-31": "79.00000", "2013-10-31": "65.00000", "2012-10-31": "", "2006-10-31": "", "2005-10-31": ""}, "Total Current Assets": {"2020-10-31": "3374.00000", "2019-10-31": "3215.00000", "2018-10-31": "2378.00000", "2017-10-31": "2177.00000", "2016-10-31": "1854.00000", "2015-10-31": "1579.00000", "2014-10-31": "1850.00000", "2013-10-31": "972.00000", "2012-10-31": "", "2006-10-31": "238.69900", "2005-10-31": "207.10200"}, "Property, Plant, And Equipment": {"2020-10-31": "595.00000", "2019-10-31": "576.00000", "2018-10-31": "555.00000", "2017-10-31": "530.00000", "2016-10-31": "512.00000", "2015-10-31": "518.00000", "2014-10-31": "470.00000", "2013-10-31": "469.00000", "2012-10-31": "", "2006-10-31": "39.05600", "2005-10-31": "33.71300"}, "Long-Term Investments": {"2020-10-31": "61.00000", "2019-10-31": "46.00000", "2018-10-31": "46.00000", "2017-10-31": "63.00000", "2016-10-31": "55.00000", "2015-10-31": "70.00000", "2014-10-31": "63.00000", "2013-10-31": "44.00000", "2012-10-31": "", "2006-10-31": "", "2005-10-31": ""}, "Goodwill And Intangible Assets": {"2020-10-31": "1898.00000", "2019-10-31": "1699.00000", "2018-10-31": "1816.00000", "2017-10-31": "2737.00000", "2016-10-31": "944.00000", "2015-10-31": "946.00000", "2014-10-31": "410.00000", "2013-10-31": "439.00000", "2012-10-31": "0.00000", "2006-10-31": "", "2005-10-31": ""}, "Other Long-Term Assets": {"2020-10-31": "368.00000", "2019-10-31": "332.00000", "2018-10-31": "279.00000", "2017-10-31": "240.00000", "2016-10-31": "39.00000", "2015-10-31": "100.00000", "2014-10-31": "94.00000", "2013-10-31": "16.00000", "2012-10-31": "", "2006-10-31": "", "2005-10-31": ""}, "Total Long-Term Assets": {"2020-10-31": "3844.00000", "2019-10-31": "3408.00000", "2018-10-31": "3446.00000", "2017-10-31": "3756.00000", "2016-10-31": "1942.00000", "2015-10-31": "1929.00000", "2014-10-31": "1200.00000", "2013-10-31": "1056.00000", "2012-10-31": "", "2006-10-31": "39.05600", "2005-10-31": "33.71300"}, "Total Assets": {"2020-10-31": "7218.00000", "2019-10-31": "6623.00000", "2018-10-31": "5824.00000", "2017-10-31": "5933.00000", "2016-10-31": "3796.00000", "2015-10-31": "3508.00000", "2014-10-31": "3050.00000", "2013-10-31": "2028.00000", "2012-10-31": "0.00000", "2006-10-31": "326.98000", "2005-10-31": "288.69300"}, "Total Current Liabilities": {"2020-10-31": "1081.00000", "2019-10-31": "1003.00000", "2018-10-31": "1462.00000", "2017-10-31": "819.00000", "2016-10-31": "644.00000", "2015-10-31": "686.00000", "2014-10-31": "769.00000", "2013-10-31": "560.00000", "2012-10-31": "", "2006-10-31": "63.26200", "2005-10-31": "64.37300"}, "Long Term Debt": {"2020-10-31": "1789.00000", "2019-10-31": "1788.00000", "2018-10-31": "1291.00000", "2017-10-31": "2038.00000", "2016-10-31": "1093.00000", "2015-10-31": "1099.00000", "2014-10-31": "1099.00000", "2013-10-31": "", "2012-10-31": "", "2006-10-31": "", "2005-10-31": ""}, "Other Non-Current Liabilities": {"2020-10-31": "365.00000", "2019-10-31": "295.00000", "2018-10-31": "287.00000", "2017-10-31": "356.00000", "2016-10-31": "69.00000", "2015-10-31": "80.00000", "2014-10-31": "131.00000", "2013-10-31": "129.00000", "2012-10-31": "", "2006-10-31": "", "2005-10-31": ""}, "Total Long Term Liabilities": {"2020-10-31": "2840.00000", "2019-10-31": "2616.00000", "2018-10-31": "1929.00000", "2017-10-31": "2804.00000", "2016-10-31": "1639.00000", "2015-10-31": "1520.00000", "2014-10-31": "1512.00000", "2013-10-31": "223.00000", "2012-10-31": "", "2006-10-31": "", "2005-10-31": ""}, "Total Liabilities": {"2020-10-31": "3921.00000", "2019-10-31": "3619.00000", "2018-10-31": "3391.00000", "2017-10-31": "3623.00000", "2016-10-31": "2283.00000", "2015-10-31": "2206.00000", "2014-10-31": "2281.00000", "2013-10-31": "783.00000", "2012-10-31": "0.00000", "2006-10-31": "66.94900", "2005-10-31": "65.74600"}, "Common Stock Net": {"2020-10-31": "2.00000", "2019-10-31": "2.00000", "2018-10-31": "2.00000", "2017-10-31": "2.00000", "2016-10-31": "2.00000", "2015-10-31": "2.00000", "2014-10-31": "2.00000", "2013-10-31": "1214.00000", "2012-10-31": "0.00000", "2006-10-31": "", "2005-10-31": ""}, "Retained Earnings (Accumulated Deficit)": {"2020-10-31": "2536.00000", "2019-10-31": "1909.00000", "2018-10-31": "1212.00000", "2017-10-31": "1041.00000", "2016-10-31": "949.00000", "2015-10-31": "614.00000", "2014-10-31": "101.00000", "2013-10-31": "", "2012-10-31": "", "2006-10-31": "143.68300", "2005-10-31": "113.35900"}, "Comprehensive Income": {"2020-10-31": "-599.00000", "2019-10-31": "-578.00000", "2018-10-31": "-488.00000", "2017-10-31": "-457.00000", "2016-10-31": "-618.00000", "2015-10-31": "-479.00000", "2014-10-31": "-336.00000", "2013-10-31": "31.00000", "2012-10-31": "", "2006-10-31": "", "2005-10-31": ""}, "Other Share Holders Equity": {"2020-10-31": "", "2019-10-31": "", "2018-10-31": "", "2017-10-31": "", "2016-10-31": "", "2015-10-31": "", "2014-10-31": "", "2013-10-31": "", "2012-10-31": "0.00000", "2006-10-31": "", "2005-10-31": ""}, "Share Holder Equity": {"2020-10-31": "3297.00000", "2019-10-31": "3004.00000", "2018-10-31": "2433.00000", "2017-10-31": "2310.00000", "2016-10-31": "1513.00000", "2015-10-31": "1302.00000", "2014-10-31": "769.00000", "2013-10-31": "1245.00000", "2012-10-31": "0.00000", "2006-10-31": "260.03100", "2005-10-31": "222.94700"}, "Total Liabilities And Share Holders Equity": {"2020-10-31": "7218.00000", "2019-10-31": "6623.00000", "2018-10-31": "5824.00000", "2017-10-31": "5933.00000", "2016-10-31": "3796.00000", "2015-10-31": "3508.00000", "2014-10-31": "3050.00000", "2013-10-31": "2028.00000", "2012-10-31": "0.00000", "2006-10-31": "326.98000", "2005-10-31": "288.69300"}}, "balance sheet, quarterly": {"Cash On Hand": {"2020-10-31": "1756.00000", "2020-07-31": "1697.00000", "2020-04-30": "1841.00000", "2020-01-31": "1691.00000", "2019-10-31": "1598.00000", "2019-07-31": "1394.00000", "2019-04-30": "1277.00000", "2019-01-31": "1098.00000", "2018-10-31": "913.00000", "2018-07-31": "742.00000", "2018-04-30": "784.00000", "2018-01-31": "980.00000", "2017-10-31": "818.00000", "2017-07-31": "876.00000", "2017-04-30": "1023.00000", "2017-01-31": "896.00000", "2016-10-31": "783.00000", "2016-07-31": "664.00000", "2016-04-30": "620.00000", "2016-01-31": "572.00000", "2015-10-31": "483.00000", "2015-07-31": "1000.00000", "2015-04-30": "894.00000", "2015-01-31": "887.00000", "2014-10-31": "810.00000", "2014-07-31": "", "2014-04-30": "", "2014-01-31": "", "2013-10-31": "", "2012-10-31": ""}, "Receivables": {"2020-10-31": "606.00000", "2020-07-31": "569.00000", "2020-04-30": "485.00000", "2020-01-31": "670.00000", "2019-10-31": "668.00000", "2019-07-31": "618.00000", "2019-04-30": "660.00000", "2019-01-31": "580.00000", "2018-10-31": "624.00000", "2018-07-31": "597.00000", "2018-04-30": "579.00000", "2018-01-31": "454.00000", "2017-10-31": "547.00000", "2017-07-31": "521.00000", "2017-04-30": "518.00000", "2017-01-31": "395.00000", "2016-10-31": "437.00000", "2016-07-31": "415.00000", "2016-04-30": "408.00000", "2016-01-31": "361.00000", "2015-10-31": "398.00000", "2015-07-31": "313.00000", "2015-04-30": "353.00000", "2015-01-31": "310.00000", "2014-10-31": "380.00000", "2014-07-31": "", "2014-04-30": "", "2014-01-31": "", "2013-10-31": "340.00000", "2012-10-31": ""}, "Inventory": {"2020-10-31": "757.00000", "2020-07-31": "778.00000", "2020-04-30": "756.00000", "2020-01-31": "737.00000", "2019-10-31": "705.00000", "2019-07-31": "696.00000", "2019-04-30": "660.00000", "2019-01-31": "641.00000", "2018-10-31": "619.00000", "2018-07-31": "609.00000", "2018-04-30": "597.00000", "2018-01-31": "609.00000", "2017-10-31": "588.00000", "2017-07-31": "561.00000", "2017-04-30": "585.00000", "2017-01-31": "479.00000", "2016-10-31": "474.00000", "2016-07-31": "479.00000", "2016-04-30": "475.00000", "2016-01-31": "481.00000", "2015-10-31": "487.00000", "2015-07-31": "478.00000", "2015-04-30": "476.00000", "2015-01-31": "477.00000", "2014-10-31": "498.00000", "2014-07-31": "", "2014-04-30": "", "2014-01-31": "", "2013-10-31": "502.00000", "2012-10-31": ""}, "Pre-Paid Expenses": {"2020-10-31": "", "2020-07-31": "", "2020-04-30": "", "2020-01-31": "", "2019-10-31": "", "2019-07-31": "", "2019-04-30": "", "2019-01-31": "", "2018-10-31": "", "2018-07-31": "", "2018-04-30": "", "2018-01-31": "", "2017-10-31": "", "2017-07-31": "", "2017-04-30": "", "2017-01-31": "", "2016-10-31": "", "2016-07-31": "", "2016-04-30": "", "2016-01-31": "", "2015-10-31": "", "2015-07-31": "", "2015-04-30": "", "2015-01-31": "", "2014-10-31": "", "2014-07-31": "", "2014-04-30": "", "2014-01-31": "", "2013-10-31": "", "2012-10-31": ""}, "Other Current Assets": {"2020-10-31": "255.00000", "2020-07-31": "234.00000", "2020-04-30": "211.00000", "2020-01-31": "228.00000", "2019-10-31": "244.00000", "2019-07-31": "227.00000", "2019-04-30": "227.00000", "2019-01-31": "225.00000", "2018-10-31": "222.00000", "2018-07-31": "234.00000", "2018-04-30": "229.00000", "2018-01-31": "232.00000", "2017-10-31": "224.00000", "2017-07-31": "200.00000", "2017-04-30": "188.00000", "2017-01-31": "162.00000", "2016-10-31": "160.00000", "2016-07-31": "153.00000", "2016-04-30": "159.00000", "2016-01-31": "138.00000", "2015-10-31": "137.00000", "2015-07-31": "119.00000", "2015-04-30": "131.00000", "2015-01-31": "136.00000", "2014-10-31": "79.00000", "2014-07-31": "", "2014-04-30": "", "2014-01-31": "", "2013-10-31": "130.00000", "2012-10-31": ""}, "Total Current Assets": {"2020-10-31": "3374.00000", "2020-07-31": "3278.00000", "2020-04-30": "3293.00000", "2020-01-31": "3326.00000", "2019-10-31": "3215.00000", "2019-07-31": "2935.00000", "2019-04-30": "2824.00000", "2019-01-31": "2544.00000", "2018-10-31": "2378.00000", "2018-07-31": "2182.00000", "2018-04-30": "2189.00000", "2018-01-31": "2275.00000", "2017-10-31": "2177.00000", "2017-07-31": "2158.00000", "2017-04-30": "2314.00000", "2017-01-31": "1932.00000", "2016-10-31": "1854.00000", "2016-07-31": "1711.00000", "2016-04-30": "1737.00000", "2016-01-31": "1626.00000", "2015-10-31": "1579.00000", "2015-07-31": "1983.00000", "2015-04-30": "1927.00000", "2015-01-31": "1892.00000", "2014-10-31": "1850.00000", "2014-07-31": "", "2014-04-30": "", "2014-01-31": "", "2013-10-31": "972.00000", "2012-10-31": ""}, "Property, Plant, And Equipment": {"2020-10-31": "595.00000", "2020-07-31": "584.00000", "2020-04-30": "575.00000", "2020-01-31": "578.00000", "2019-10-31": "576.00000", "2019-07-31": "568.00000", "2019-04-30": "563.00000", "2019-01-31": "558.00000", "2018-10-31": "555.00000", "2018-07-31": "549.00000", "2018-04-30": "546.00000", "2018-01-31": "539.00000", "2017-10-31": "530.00000", "2017-07-31": "546.00000", "2017-04-30": "545.00000", "2017-01-31": "494.00000", "2016-10-31": "512.00000", "2016-07-31": "522.00000", "2016-04-30": "531.00000", "2016-01-31": "514.00000", "2015-10-31": "518.00000", "2015-07-31": "462.00000", "2015-04-30": "460.00000", "2015-01-31": "455.00000", "2014-10-31": "470.00000", "2014-07-31": "", "2014-04-30": "", "2014-01-31": "", "2013-10-31": "1235.00000", "2012-10-31": ""}, "Long-Term Investments": {"2020-10-31": "61.00000", "2020-07-31": "62.00000", "2020-04-30": "57.00000", "2020-01-31": "48.00000", "2019-10-31": "46.00000", "2019-07-31": "46.00000", "2019-04-30": "42.00000", "2019-01-31": "52.00000", "2018-10-31": "46.00000", "2018-07-31": "54.00000", "2018-04-30": "59.00000", "2018-01-31": "61.00000", "2017-10-31": "63.00000", "2017-07-31": "60.00000", "2017-04-30": "60.00000", "2017-01-31": "60.00000", "2016-10-31": "55.00000", "2016-07-31": "56.00000", "2016-04-30": "58.00000", "2016-01-31": "56.00000", "2015-10-31": "70.00000", "2015-07-31": "70.00000", "2015-04-30": "67.00000", "2015-01-31": "59.00000", "2014-10-31": "63.00000", "2014-07-31": "", "2014-04-30": "", "2014-01-31": "", "2013-10-31": "44.00000", "2012-10-31": ""}, "Goodwill And Intangible Assets": {"2020-10-31": "1898.00000", "2020-07-31": "1929.00000", "2020-04-30": "1599.00000", "2020-01-31": "1650.00000", "2019-10-31": "1699.00000", "2019-07-31": "1755.00000", "2019-04-30": "1717.00000", "2019-01-31": "1775.00000", "2018-10-31": "1816.00000", "2018-07-31": "2590.00000", "2018-04-30": "2645.00000", "2018-01-31": "2701.00000", "2017-10-31": "2737.00000", "2017-07-31": "2726.00000", "2017-04-30": "2620.00000", "2017-01-31": "918.00000", "2016-10-31": "944.00000", "2016-07-31": "955.00000", "2016-04-30": "957.00000", "2016-01-31": "929.00000", "2015-10-31": "946.00000", "2015-07-31": "384.00000", "2015-04-30": "392.00000", "2015-01-31": "397.00000", "2014-10-31": "410.00000", "2014-07-31": "0.00000", "2014-04-30": "0.00000", "2014-01-31": "0.00000", "2013-10-31": "439.00000", "2012-10-31": "0.00000"}, "Other Long-Term Assets": {"2020-10-31": "368.00000", "2020-07-31": "375.00000", "2020-04-30": "354.00000", "2020-01-31": "347.00000", "2019-10-31": "332.00000", "2019-07-31": "341.00000", "2019-04-30": "317.00000", "2019-01-31": "308.00000", "2018-10-31": "279.00000", "2018-07-31": "285.00000", "2018-04-30": "281.00000", "2018-01-31": "270.00000", "2017-10-31": "240.00000", "2017-07-31": "134.00000", "2017-04-30": "130.00000", "2017-01-31": "123.00000", "2016-10-31": "39.00000", "2016-07-31": "114.00000", "2016-04-30": "108.00000", "2016-01-31": "100.00000", "2015-10-31": "100.00000", "2015-07-31": "86.00000", "2015-04-30": "89.00000", "2015-01-31": "91.00000", "2014-10-31": "94.00000", "2014-07-31": "", "2014-04-30": "", "2014-01-31": "", "2013-10-31": "16.00000", "2012-10-31": ""}, "Total Long-Term Assets": {"2020-10-31": "3844.00000", "2020-07-31": "3883.00000", "2020-04-30": "3464.00000", "2020-01-31": "3515.00000", "2019-10-31": "3408.00000", "2019-07-31": "3413.00000", "2019-04-30": "3366.00000", "2019-01-31": "3434.00000", "2018-10-31": "3446.00000", "2018-07-31": "3664.00000", "2018-04-30": "3734.00000", "2018-01-31": "3775.00000", "2017-10-31": "3756.00000", "2017-07-31": "3682.00000", "2017-04-30": "3700.00000", "2017-01-31": "1937.00000", "2016-10-31": "1942.00000", "2016-07-31": "1964.00000", "2016-04-30": "1918.00000", "2016-01-31": "1855.00000", "2015-10-31": "1929.00000", "2015-07-31": "1114.00000", "2015-04-30": "1134.00000", "2015-01-31": "1137.00000", "2014-10-31": "1200.00000", "2014-07-31": "", "2014-04-30": "", "2014-01-31": "", "2013-10-31": "1822.00000", "2012-10-31": ""}, "Total Assets": {"2020-10-31": "7218.00000", "2020-07-31": "7161.00000", "2020-04-30": "6757.00000", "2020-01-31": "6841.00000", "2019-10-31": "6623.00000", "2019-07-31": "6348.00000", "2019-04-30": "6190.00000", "2019-01-31": "5978.00000", "2018-10-31": "5824.00000", "2018-07-31": "5846.00000", "2018-04-30": "5923.00000", "2018-01-31": "6050.00000", "2017-10-31": "5933.00000", "2017-07-31": "5840.00000", "2017-04-30": "6014.00000", "2017-01-31": "3869.00000", "2016-10-31": "3796.00000", "2016-07-31": "3675.00000", "2016-04-30": "3655.00000", "2016-01-31": "3481.00000", "2015-10-31": "3508.00000", "2015-07-31": "3097.00000", "2015-04-30": "3061.00000", "2015-01-31": "3029.00000", "2014-10-31": "3050.00000", "2014-07-31": "0.00000", "2014-04-30": "0.00000", "2014-01-31": "0.00000", "2013-10-31": "2028.00000", "2012-10-31": "0.00000"}, "Total Current Liabilities": {"2020-10-31": "1081.00000", "2020-07-31": "980.00000", "2020-04-30": "949.00000", "2020-01-31": "982.00000", "2019-10-31": "1003.00000", "2019-07-31": "1432.00000", "2019-04-30": "1485.00000", "2019-01-31": "1400.00000", "2018-10-31": "1462.00000", "2018-07-31": "900.00000", "2018-04-30": "953.00000", "2018-01-31": "886.00000", "2017-10-31": "819.00000", "2017-07-31": "784.00000", "2017-04-30": "876.00000", "2017-01-31": "596.00000", "2016-10-31": "644.00000", "2016-07-31": "601.00000", "2016-04-30": "652.00000", "2016-01-31": "602.00000", "2015-10-31": "686.00000", "2015-07-31": "620.00000", "2015-04-30": "631.00000", "2015-01-31": "700.00000", "2014-10-31": "769.00000", "2014-07-31": "", "2014-04-30": "", "2014-01-31": "", "2013-10-31": "560.00000", "2012-10-31": ""}, "Long Term Debt": {"2020-10-31": "1789.00000", "2020-07-31": "1789.00000", "2020-04-30": "1788.00000", "2020-01-31": "1788.00000", "2019-10-31": "1788.00000", "2019-07-31": "1292.00000", "2019-04-30": "1292.00000", "2019-01-31": "1291.00000", "2018-10-31": "1291.00000", "2018-07-31": "1790.00000", "2018-04-30": "1789.00000", "2018-01-31": "2028.00000", "2017-10-31": "2038.00000", "2017-07-31": "2047.00000", "2017-04-30": "2156.00000", "2017-01-31": "1093.00000", "2016-10-31": "1093.00000", "2016-07-31": "1100.00000", "2016-04-30": "1100.00000", "2016-01-31": "1099.00000", "2015-10-31": "1099.00000", "2015-07-31": "1099.00000", "2015-04-30": "1099.00000", "2015-01-31": "1099.00000", "2014-10-31": "1099.00000", "2014-07-31": "", "2014-04-30": "", "2014-01-31": "", "2013-10-31": "", "2012-10-31": ""}, "Other Non-Current Liabilities": {"2020-10-31": "365.00000", "2020-07-31": "358.00000", "2020-04-30": "300.00000", "2020-01-31": "290.00000", "2019-10-31": "295.00000", "2019-07-31": "297.00000", "2019-04-30": "251.00000", "2019-01-31": "284.00000", "2018-10-31": "287.00000", "2018-07-31": "201.00000", "2018-04-30": "230.00000", "2018-01-31": "232.00000", "2017-10-31": "356.00000", "2017-07-31": "327.00000", "2017-04-30": "345.00000", "2017-01-31": "74.00000", "2016-10-31": "69.00000", "2016-07-31": "69.00000", "2016-04-30": "84.00000", "2016-01-31": "81.00000", "2015-10-31": "80.00000", "2015-07-31": "52.00000", "2015-04-30": "58.00000", "2015-01-31": "59.00000", "2014-10-31": "131.00000", "2014-07-31": "", "2014-04-30": "", "2014-01-31": "", "2013-10-31": "129.00000", "2012-10-31": ""}, "Total Long Term Liabilities": {"2020-10-31": "2840.00000", "2020-07-31": "2827.00000", "2020-04-30": "2723.00000", "2020-01-31": "2732.00000", "2019-10-31": "2616.00000", "2019-07-31": "1978.00000", "2019-04-30": "1907.00000", "2019-01-31": "1920.00000", "2018-10-31": "1929.00000", "2018-07-31": "2333.00000", "2018-04-30": "2447.00000", "2018-01-31": "2680.00000", "2017-10-31": "2804.00000", "2017-07-31": "2837.00000", "2017-04-30": "2966.00000", "2017-01-31": "1625.00000", "2016-10-31": "1639.00000", "2016-07-31": "1477.00000", "2016-04-30": "1503.00000", "2016-01-31": "1497.00000", "2015-10-31": "1520.00000", "2015-07-31": "1372.00000", "2015-04-30": "1394.00000", "2015-01-31": "1411.00000", "2014-10-31": "1512.00000", "2014-07-31": "", "2014-04-30": "", "2014-01-31": "", "2013-10-31": "223.00000", "2012-10-31": ""}, "Total Liabilities": {"2020-10-31": "3921.00000", "2020-07-31": "3807.00000", "2020-04-30": "3672.00000", "2020-01-31": "3714.00000", "2019-10-31": "3619.00000", "2019-07-31": "3410.00000", "2019-04-30": "3392.00000", "2019-01-31": "3320.00000", "2018-10-31": "3391.00000", "2018-07-31": "3233.00000", "2018-04-30": "3400.00000", "2018-01-31": "3566.00000", "2017-10-31": "3623.00000", "2017-07-31": "3621.00000", "2017-04-30": "3842.00000", "2017-01-31": "2221.00000", "2016-10-31": "2283.00000", "2016-07-31": "2078.00000", "2016-04-30": "2155.00000", "2016-01-31": "2099.00000", "2015-10-31": "2206.00000", "2015-07-31": "1992.00000", "2015-04-30": "2025.00000", "2015-01-31": "2111.00000", "2014-10-31": "2281.00000", "2014-07-31": "0.00000", "2014-04-30": "0.00000", "2014-01-31": "0.00000", "2013-10-31": "783.00000", "2012-10-31": "0.00000"}, "Common Stock Net": {"2020-10-31": "2.00000", "2020-07-31": "2.00000", "2020-04-30": "2.00000", "2020-01-31": "2.00000", "2019-10-31": "2.00000", "2019-07-31": "2.00000", "2019-04-30": "2.00000", "2019-01-31": "2.00000", "2018-10-31": "2.00000", "2018-07-31": "2.00000", "2018-04-30": "2.00000", "2018-01-31": "2.00000", "2017-10-31": "2.00000", "2017-07-31": "2.00000", "2017-04-30": "2.00000", "2017-01-31": "2.00000", "2016-10-31": "2.00000", "2016-07-31": "2.00000", "2016-04-30": "2.00000", "2016-01-31": "2.00000", "2015-10-31": "2.00000", "2015-07-31": "2.00000", "2015-04-30": "2.00000", "2015-01-31": "2.00000", "2014-10-31": "2.00000", "2014-07-31": "0.00000", "2014-04-30": "0.00000", "2014-01-31": "0.00000", "2013-10-31": "1214.00000", "2012-10-31": "0.00000"}, "Retained Earnings (Accumulated Deficit)": {"2020-10-31": "2536.00000", "2020-07-31": "2319.00000", "2020-04-30": "2143.00000", "2020-01-31": "2072.00000", "2019-10-31": "1909.00000", "2019-07-31": "1714.00000", "2019-04-30": "1555.00000", "2019-01-31": "1402.00000", "2018-10-31": "1212.00000", "2018-07-31": "1326.00000", "2018-04-30": "1205.00000", "2018-01-31": "1141.00000", "2017-10-31": "1041.00000", "2017-07-31": "1079.00000", "2017-04-30": "1097.00000", "2017-01-31": "1048.00000", "2016-10-31": "949.00000", "2016-07-31": "857.00000", "2016-04-30": "766.00000", "2016-01-31": "678.00000", "2015-10-31": "614.00000", "2015-07-31": "337.00000", "2015-04-30": "267.00000", "2015-01-31": "171.00000", "2014-10-31": "101.00000", "2014-07-31": "", "2014-04-30": "", "2014-01-31": "", "2013-10-31": "", "2012-10-31": ""}, "Comprehensive Income": {"2020-10-31": "-599.00000", "2020-07-31": "-520.00000", "2020-04-30": "-567.00000", "2020-01-31": "-561.00000", "2019-10-31": "-578.00000", "2019-07-31": "-460.00000", "2019-04-30": "-461.00000", "2019-01-31": "-449.00000", "2018-10-31": "-488.00000", "2018-07-31": "-449.00000", "2018-04-30": "-419.00000", "2018-01-31": "-412.00000", "2017-10-31": "-457.00000", "2017-07-31": "-572.00000", "2017-04-30": "-595.00000", "2017-01-31": "-611.00000", "2016-10-31": "-618.00000", "2016-07-31": "-433.00000", "2016-04-30": "-437.00000", "2016-01-31": "-497.00000", "2015-10-31": "-479.00000", "2015-07-31": "-376.00000", "2015-04-30": "-357.00000", "2015-01-31": "-369.00000", "2014-10-31": "-336.00000", "2014-07-31": "", "2014-04-30": "", "2014-01-31": "", "2013-10-31": "", "2012-10-31": ""}, "Other Share Holders Equity": {"2020-10-31": "", "2020-07-31": "", "2020-04-30": "", "2020-01-31": "", "2019-10-31": "", "2019-07-31": "", "2019-04-30": "", "2019-01-31": "", "2018-10-31": "", "2018-07-31": "", "2018-04-30": "", "2018-01-31": "", "2017-10-31": "", "2017-07-31": "", "2017-04-30": "", "2017-01-31": "", "2016-10-31": "", "2016-07-31": "", "2016-04-30": "", "2016-01-31": "", "2015-10-31": "", "2015-07-31": "", "2015-04-30": "", "2015-01-31": "", "2014-10-31": "", "2014-07-31": "0.00000", "2014-04-30": "0.00000", "2014-01-31": "0.00000", "2013-10-31": "31.00000", "2012-10-31": "0.00000"}, "Share Holder Equity": {"2020-10-31": "3297.00000", "2020-07-31": "3354.00000", "2020-04-30": "3085.00000", "2020-01-31": "3127.00000", "2019-10-31": "3004.00000", "2019-07-31": "2938.00000", "2019-04-30": "2798.00000", "2019-01-31": "2658.00000", "2018-10-31": "2433.00000", "2018-07-31": "2613.00000", "2018-04-30": "2523.00000", "2018-01-31": "2484.00000", "2017-10-31": "2310.00000", "2017-07-31": "2219.00000", "2017-04-30": "2172.00000", "2017-01-31": "1648.00000", "2016-10-31": "1513.00000", "2016-07-31": "1597.00000", "2016-04-30": "1500.00000", "2016-01-31": "1382.00000", "2015-10-31": "1302.00000", "2015-07-31": "1105.00000", "2015-04-30": "1036.00000", "2015-01-31": "918.00000", "2014-10-31": "769.00000", "2014-07-31": "0.00000", "2014-04-30": "0.00000", "2014-01-31": "0.00000", "2013-10-31": "1245.00000", "2012-10-31": "0.00000"}, "Total Liabilities And Share Holders Equity": {"2020-10-31": "7218.00000", "2020-07-31": "7161.00000", "2020-04-30": "6757.00000", "2020-01-31": "6841.00000", "2019-10-31": "6623.00000", "2019-07-31": "6348.00000", "2019-04-30": "6190.00000", "2019-01-31": "5978.00000", "2018-10-31": "5824.00000", "2018-07-31": "5846.00000", "2018-04-30": "5923.00000", "2018-01-31": "6050.00000", "2017-10-31": "5933.00000", "2017-07-31": "5840.00000", "2017-04-30": "6014.00000", "2017-01-31": "3869.00000", "2016-10-31": "3796.00000", "2016-07-31": "3675.00000", "2016-04-30": "3655.00000", "2016-01-31": "3481.00000", "2015-10-31": "3508.00000", "2015-07-31": "3097.00000", "2015-04-30": "3061.00000", "2015-01-31": "3029.00000", "2014-10-31": "3050.00000", "2014-07-31": "0.00000", "2014-04-30": "0.00000", "2014-01-31": "0.00000", "2013-10-31": "2028.00000", "2012-10-31": "0.00000"}}, "cash flow statement": {"Net Income/Loss": {"2020-10-31": "627.00000", "2019-10-31": "621.00000", "2018-10-31": "165.00000", "2017-10-31": "102.00000", "2016-10-31": "335.00000", "2015-10-31": "513.00000", "2014-10-31": "392.00000", "2013-10-31": "457.00000", "2012-10-31": "841.00000", "2006-10-31": "0.00000", "2005-10-31": "0.00000"}, "Total Depreciation And Amortization - Cash Flow": {"2020-10-31": "326.00000", "2019-10-31": "308.00000", "2018-10-31": "1019.00000", "2017-10-31": "225.00000", "2016-10-31": "134.00000", "2015-10-31": "99.00000", "2014-10-31": "84.00000", "2013-10-31": "77.00000", "2012-10-31": "65.00000", "2006-10-31": "", "2005-10-31": ""}, "Other Non-Cash Items": {"2020-10-31": "120.00000", "2019-10-31": "104.00000", "2018-10-31": "-709.00000", "2017-10-31": "-26.00000", "2016-10-31": "77.00000", "2015-10-31": "-70.00000", "2014-10-31": "94.00000", "2013-10-31": "78.00000", "2012-10-31": "-66.00000", "2006-10-31": "", "2005-10-31": ""}, "Total Non-Cash Items": {"2020-10-31": "446.00000", "2019-10-31": "412.00000", "2018-10-31": "310.00000", "2017-10-31": "199.00000", "2016-10-31": "211.00000", "2015-10-31": "29.00000", "2014-10-31": "178.00000", "2013-10-31": "155.00000", "2012-10-31": "-1.00000", "2006-10-31": "", "2005-10-31": ""}, "Change In Accounts Receivable": {"2020-10-31": "75.00000", "2019-10-31": "-26.00000", "2018-10-31": "-89.00000", "2017-10-31": "-11.00000", "2016-10-31": "-42.00000", "2015-10-31": "-20.00000", "2014-10-31": "-25.00000", "2013-10-31": "44.00000", "2012-10-31": "-3.00000", "2006-10-31": "", "2005-10-31": ""}, "Change In Inventories": {"2020-10-31": "-73.00000", "2019-10-31": "-92.00000", "2018-10-31": "-61.00000", "2017-10-31": "-4.00000", "2016-10-31": "-22.00000", "2015-10-31": "-25.00000", "2014-10-31": "-31.00000", "2013-10-31": "-53.00000", "2012-10-31": "-46.00000", "2006-10-31": "", "2005-10-31": ""}, "Change In Accounts Payable": {"2020-10-31": "-33.00000", "2019-10-31": "13.00000", "2018-10-31": "22.00000", "2017-10-31": "15.00000", "2016-10-31": "-8.00000", "2015-10-31": "18.00000", "2014-10-31": "32.00000", "2013-10-31": "-24.00000", "2012-10-31": "-23.00000", "2006-10-31": "", "2005-10-31": ""}, "Change In Assets/Liabilities": {"2020-10-31": "-31.00000", "2019-10-31": "86.00000", "2018-10-31": "27.00000", "2017-10-31": "24.00000", "2016-10-31": "-45.00000", "2015-10-31": "-141.00000", "2014-10-31": "-46.00000", "2013-10-31": "-11.00000", "2012-10-31": "-40.00000", "2006-10-31": "", "2005-10-31": ""}, "Total Change In Assets/Liabilities": {"2020-10-31": "-57.00000", "2019-10-31": "-35.00000", "2018-10-31": "80.00000", "2017-10-31": "27.00000", "2016-10-31": "-126.00000", "2015-10-31": "-166.00000", "2014-10-31": "-7.00000", "2013-10-31": "-46.00000", "2012-10-31": "-117.00000", "2006-10-31": "", "2005-10-31": ""}, "Cash Flow From Operating Activities": {"2020-10-31": "1016.00000", "2019-10-31": "998.00000", "2018-10-31": "555.00000", "2017-10-31": "328.00000", "2016-10-31": "420.00000", "2015-10-31": "376.00000", "2014-10-31": "563.00000", "2013-10-31": "566.00000", "2012-10-31": "724.00000", "2006-10-31": "", "2005-10-31": ""}, "Net Change In Property, Plant, And Equipment": {"2020-10-31": "-117.00000", "2019-10-31": "-118.00000", "2018-10-31": "-103.00000", "2017-10-31": "-72.00000", "2016-10-31": "-91.00000", "2015-10-31": "-91.00000", "2014-10-31": "-70.00000", "2013-10-31": "-69.00000", "2012-10-31": "-103.00000", "2006-10-31": "", "2005-10-31": ""}, "Net Change In Intangible Assets": {"2020-10-31": "", "2019-10-31": "", "2018-10-31": "", "2017-10-31": "", "2016-10-31": "", "2015-10-31": "", "2014-10-31": "", "2013-10-31": "", "2012-10-31": "", "2006-10-31": "", "2005-10-31": ""}, "Net Acquisitions/Divestitures": {"2020-10-31": "-357.00000", "2019-10-31": "-88.00000", "2018-10-31": "-5.00000", "2017-10-31": "-1694.00000", "2016-10-31": "", "2015-10-31": "-574.00000", "2014-10-31": "-11.00000", "2013-10-31": "-1.00000", "2012-10-31": "-69.00000", "2006-10-31": "", "2005-10-31": ""}, "Net Change In Short-term Investments": {"2020-10-31": "", "2019-10-31": "", "2018-10-31": "", "2017-10-31": "", "2016-10-31": "", "2015-10-31": "", "2014-10-31": "", "2013-10-31": "", "2012-10-31": "", "2006-10-31": "", "2005-10-31": ""}, "Net Change In Long-Term Investments": {"2020-10-31": "32.00000", "2019-10-31": "7.00000", "2018-10-31": "", "2017-10-31": "45.00000", "2016-10-31": "1.00000", "2015-10-31": "-6.00000", "2014-10-31": "", "2013-10-31": "-15.00000", "2012-10-31": "", "2006-10-31": "", "2005-10-31": ""}, "Net Change In Investments - Total": {"2020-10-31": "32.00000", "2019-10-31": "7.00000", "2018-10-31": "", "2017-10-31": "45.00000", "2016-10-31": "1.00000", "2015-10-31": "-6.00000", "2014-10-31": "", "2013-10-31": "-15.00000", "2012-10-31": "", "2006-10-31": "", "2005-10-31": ""}, "Investing Activities - Other": {"2020-10-31": "", "2019-10-31": "3.00000", "2018-10-31": "", "2017-10-31": "-1.00000", "2016-10-31": "", "2015-10-31": "", "2014-10-31": "-1.00000", "2013-10-31": "", "2012-10-31": "", "2006-10-31": "", "2005-10-31": ""}, "Cash Flow From Investing Activities": {"2020-10-31": "-442.00000", "2019-10-31": "-196.00000", "2018-10-31": "-108.00000", "2017-10-31": "-1722.00000", "2016-10-31": "-90.00000", "2015-10-31": "-671.00000", "2014-10-31": "-82.00000", "2013-10-31": "-85.00000", "2012-10-31": "-172.00000", "2006-10-31": "", "2005-10-31": ""}, "Net Long-Term Debt": {"2020-10-31": "-7.00000", "2019-10-31": "", "2018-10-31": "-300.00000", "2017-10-31": "746.00000", "2016-10-31": "-1.00000", "2015-10-31": "", "2014-10-31": "1062.00000", "2013-10-31": "", "2012-10-31": "", "2006-10-31": "", "2005-10-31": ""}, "Net Current Debt": {"2020-10-31": "", "2019-10-31": "", "2018-10-31": "40.00000", "2017-10-31": "212.00000", "2016-10-31": "", "2015-10-31": "", "2014-10-31": "2.00000", "2013-10-31": "", "2012-10-31": "", "2006-10-31": "", "2005-10-31": ""}, "Debt Issuance/Retirement Net - Total": {"2020-10-31": "-7.00000", "2019-10-31": "", "2018-10-31": "-260.00000", "2017-10-31": "958.00000", "2016-10-31": "-1.00000", "2015-10-31": "", "2014-10-31": "1064.00000", "2013-10-31": "", "2012-10-31": "", "2006-10-31": "", "2005-10-31": ""}, "Net Common Equity Issued/Repurchased": {"2020-10-31": "-353.00000", "2019-10-31": "-92.00000", "2018-10-31": "-56.00000", "2017-10-31": "495.00000", "2016-10-31": "-19.00000", "2015-10-31": "-23.00000", "2014-10-31": "-723.00000", "2013-10-31": "-481.00000", "2012-10-31": "-552.00000", "2006-10-31": "", "2005-10-31": ""}, "Net Total Equity Issued/Repurchased": {"2020-10-31": "-353.00000", "2019-10-31": "-92.00000", "2018-10-31": "-56.00000", "2017-10-31": "495.00000", "2016-10-31": "-19.00000", "2015-10-31": "-23.00000", "2014-10-31": "-723.00000", "2013-10-31": "-481.00000", "2012-10-31": "-552.00000", "2006-10-31": "", "2005-10-31": ""}, "Total Common And Preferred Stock Dividends Paid": {"2020-10-31": "", "2019-10-31": "", "2018-10-31": "", "2017-10-31": "", "2016-10-31": "", "2015-10-31": "", "2014-10-31": "", "2013-10-31": "", "2012-10-31": "", "2006-10-31": "", "2005-10-31": ""}, "Financial Activities - Other": {"2020-10-31": "-53.00000", "2019-10-31": "-30.00000", "2018-10-31": "-25.00000", "2017-10-31": "-28.00000", "2016-10-31": "-9.00000", "2015-10-31": "4.00000", "2014-10-31": "-6.00000", "2013-10-31": "", "2012-10-31": "", "2006-10-31": "", "2005-10-31": ""}, "Cash Flow From Financial Activities": {"2020-10-31": "-413.00000", "2019-10-31": "-122.00000", "2018-10-31": "-341.00000", "2017-10-31": "1425.00000", "2016-10-31": "-29.00000", "2015-10-31": "-19.00000", "2014-10-31": "335.00000", "2013-10-31": "-481.00000", "2012-10-31": "-552.00000", "2006-10-31": "", "2005-10-31": ""}, "Net Cash Flow": {"2020-10-31": "167.00000", "2019-10-31": "683.00000", "2018-10-31": "97.00000", "2017-10-31": "35.00000", "2016-10-31": "300.00000", "2015-10-31": "-327.00000", "2014-10-31": "810.00000", "2013-10-31": "", "2012-10-31": "", "2006-10-31": "", "2005-10-31": ""}, "Stock-Based Compensation": {"2020-10-31": "92.00000", "2019-10-31": "82.00000", "2018-10-31": "59.00000", "2017-10-31": "56.00000", "2016-10-31": "49.00000", "2015-10-31": "55.00000", "2014-10-31": "43.00000", "2013-10-31": "41.00000", "2012-10-31": "38.00000", "2006-10-31": "", "2005-10-31": ""}, "Common Stock Dividends Paid": {"2020-10-31": "", "2019-10-31": "", "2018-10-31": "", "2017-10-31": "", "2016-10-31": "", "2015-10-31": "", "2014-10-31": "", "2013-10-31": "", "2012-10-31": "", "2006-10-31": "", "2005-10-31": ""}}, "cash flow statement, quarterly": {"Net Income/Loss": {"2020-10-31": 217, "2020-07-31": 176, "2020-04-30": 71, "2020-01-31": "163.00000", "2019-10-31": 195, "2019-07-31": 159, "2019-04-30": 153, "2019-01-31": "114.00000", "2018-10-31": -114, "2018-07-31": 121, "2018-04-30": 64, "2018-01-31": "94.00000", "2017-10-31": -38, "2017-07-31": -18, "2017-04-30": 49, "2017-01-31": "109.00000", "2016-10-31": 92, "2016-07-31": 91, "2016-04-30": 88, "2016-01-31": "64.00000", "2015-10-31": 277, "2015-07-31": 70, "2015-04-30": 96, "2015-01-31": "70.00000", "2014-10-31": 101, "2014-07-31": 107, "2014-04-30": 110, "2014-01-31": "74.00000", "2013-10-31": -384, "2012-10-31": 841}, "Total Depreciation And Amortization - Cash Flow": {"2020-10-31": 87, "2020-07-31": 80, "2020-04-30": 79, "2020-01-31": "80.00000", "2019-10-31": 79, "2019-07-31": 78, "2019-04-30": 75, "2019-01-31": "76.00000", "2018-10-31": 786, "2018-07-31": 76, "2018-04-30": 79, "2018-01-31": "78.00000", "2017-10-31": 72, "2017-07-31": 80, "2017-04-30": 41, "2017-01-31": "32.00000", "2016-10-31": 33, "2016-07-31": 34, "2016-04-30": 34, "2016-01-31": "33.00000", "2015-10-31": 30, "2015-07-31": 23, "2015-04-30": 23, "2015-01-31": "23.00000", "2014-10-31": 25, "2014-07-31": 20, "2014-04-30": 20, "2014-01-31": "19.00000", "2013-10-31": 12, "2012-10-31": 65}, "Other Non-Cash Items": {"2020-10-31": 62, "2020-07-31": 7, "2020-04-30": 18, "2020-01-31": "33.00000", "2019-10-31": 9, "2019-07-31": 37, "2019-04-30": 40, "2019-01-31": "18.00000", "2018-10-31": -551, "2018-07-31": 37, "2018-04-30": 13, "2018-01-31": "-208.00000", "2017-10-31": 20, "2017-07-31": -11, "2017-04-30": -20, "2017-01-31": "-15.00000", "2016-10-31": 21, "2016-07-31": 21, "2016-04-30": 16, "2016-01-31": "19.00000", "2015-10-31": -155, "2015-07-31": 15, "2015-04-30": 36, "2015-01-31": "34.00000", "2014-10-31": -5, "2014-07-31": 26, "2014-04-30": 23, "2014-01-31": "50.00000", "2013-10-31": 0, "2012-10-31": 0}, "Total Non-Cash Items": {"2020-10-31": 149, "2020-07-31": 87, "2020-04-30": 97, "2020-01-31": "113.00000", "2019-10-31": 88, "2019-07-31": 115, "2019-04-30": 115, "2019-01-31": "94.00000", "2018-10-31": 235, "2018-07-31": 113, "2018-04-30": 92, "2018-01-31": "-130.00000", "2017-10-31": 92, "2017-07-31": 69, "2017-04-30": 21, "2017-01-31": "17.00000", "2016-10-31": 54, "2016-07-31": 55, "2016-04-30": 50, "2016-01-31": "52.00000", "2015-10-31": -125, "2015-07-31": 38, "2015-04-30": 59, "2015-01-31": "57.00000", "2014-10-31": -74, "2014-07-31": 46, "2014-04-30": 43, "2014-01-31": "69.00000", "2013-10-31": 12, "2012-10-31": 65}, "Change In Accounts Receivable": {"2020-10-31": -37, "2020-07-31": -66, "2020-04-30": 181, "2020-01-31": "-3.00000", "2019-10-31": -51, "2019-07-31": 53, "2019-04-30": -84, "2019-01-31": "56.00000", "2018-10-31": -34, "2018-07-31": -24, "2018-04-30": -130, "2018-01-31": "99.00000", "2017-10-31": -25, "2017-07-31": 4, "2017-04-30": -30, "2017-01-31": "40.00000", "2016-10-31": -26, "2016-07-31": -13, "2016-04-30": -36, "2016-01-31": "33.00000", "2015-10-31": -51, "2015-07-31": 36, "2015-04-30": -41, "2015-01-31": "36.00000", "2014-10-31": -45, "2014-07-31": 15, "2014-04-30": -44, "2014-01-31": "49.00000", "2013-10-31": 0, "2012-10-31": 0}, "Change In Inventories": {"2020-10-31": 18, "2020-07-31": -28, "2020-04-30": -27, "2020-01-31": "-36.00000", "2019-10-31": -14, "2019-07-31": -25, "2019-04-30": -27, "2019-01-31": "-26.00000", "2018-10-31": -18, "2018-07-31": -25, "2018-04-30": 2, "2018-01-31": "-20.00000", "2017-10-31": -14, "2017-07-31": 20, "2017-04-30": 0, "2017-01-31": "-10.00000", "2016-10-31": 1, "2016-07-31": -12, "2016-04-30": -7, "2016-01-31": "-4.00000", "2015-10-31": 0, "2015-07-31": -8, "2015-04-30": -8, "2015-01-31": "-9.00000", "2014-10-31": 9, "2014-07-31": -9, "2014-04-30": -13, "2014-01-31": "-18.00000", "2013-10-31": 0, "2012-10-31": 0}, "Change In Accounts Payable": {"2020-10-31": 27, "2020-07-31": 7, "2020-04-30": -41, "2020-01-31": "-26.00000", "2019-10-31": 3, "2019-07-31": 9, "2019-04-30": 11, "2019-01-31": "-10.00000", "2018-10-31": 9, "2018-07-31": -7, "2018-04-30": 6, "2018-01-31": "14.00000", "2017-10-31": 32, "2017-07-31": 0, "2017-04-30": -5, "2017-01-31": "-12.00000", "2016-10-31": 30, "2016-07-31": -11, "2016-04-30": -5, "2016-01-31": "-22.00000", "2015-10-31": 17, "2015-07-31": 0, "2015-04-30": 14, "2015-01-31": "-13.00000", "2014-10-31": 51, "2014-07-31": -45, "2014-04-30": 27, "2014-01-31": "-1.00000", "2013-10-31": 0, "2012-10-31": 0}, "Change In Assets/Liabilities": {"2020-10-31": -33, "2020-07-31": 0, "2020-04-30": 26, "2020-01-31": "-24.00000", "2019-10-31": 47, "2019-07-31": -34, "2019-04-30": 71, "2019-01-31": "2.00000", "2018-10-31": 72, "2018-07-31": -111, "2018-04-30": 67, "2018-01-31": "-1.00000", "2017-10-31": 21, "2017-07-31": 11, "2017-04-30": 6, "2017-01-31": "-14.00000", "2016-10-31": 4, "2016-07-31": -43, "2016-04-30": 27, "2016-01-31": "-33.00000", "2015-10-31": -38, "2015-07-31": 1, "2015-04-30": -46, "2015-01-31": "-58.00000", "2014-10-31": 2, "2014-07-31": -27, "2014-04-30": 17, "2014-01-31": "-38.00000", "2013-10-31": 0, "2012-10-31": 0}, "Total Change In Assets/Liabilities": {"2020-10-31": -28, "2020-07-31": -80, "2020-04-30": 130, "2020-01-31": "-79.00000", "2019-10-31": -20, "2019-07-31": 0, "2019-04-30": -47, "2019-01-31": "32.00000", "2018-10-31": 114, "2018-07-31": -196, "2018-04-30": -45, "2018-01-31": "207.00000", "2017-10-31": 9, "2017-07-31": 50, "2017-04-30": -21, "2017-01-31": "-11.00000", "2016-10-31": -3, "2016-07-31": -78, "2016-04-30": -21, "2016-01-31": "-24.00000", "2015-10-31": -71, "2015-07-31": 27, "2015-04-30": -87, "2015-01-31": "-35.00000", "2014-10-31": 80, "2014-07-31": -66, "2014-04-30": -13, "2014-01-31": "-8.00000", "2013-10-31": 71, "2012-10-31": -117}, "Cash Flow From Operating Activities": {"2020-10-31": 338, "2020-07-31": 183, "2020-04-30": 298, "2020-01-31": "197.00000", "2019-10-31": 263, "2019-07-31": 274, "2019-04-30": 221, "2019-01-31": "240.00000", "2018-10-31": 235, "2018-07-31": 38, "2018-04-30": 111, "2018-01-31": "171.00000", "2017-10-31": 63, "2017-07-31": 101, "2017-04-30": 49, "2017-01-31": "115.00000", "2016-10-31": 143, "2016-07-31": 68, "2016-04-30": 117, "2016-01-31": "92.00000", "2015-10-31": 81, "2015-07-31": 135, "2015-04-30": 68, "2015-01-31": "92.00000", "2014-10-31": 201, "2014-07-31": 87, "2014-04-30": 140, "2014-01-31": "135.00000", "2013-10-31": -158, "2012-10-31": 724}, "Net Change In Property, Plant, And Equipment": {"2020-10-31": -30, "2020-07-31": -32, "2020-04-30": -23, "2020-01-31": "-32.00000", "2019-10-31": -28, "2019-07-31": -30, "2019-04-30": -29, "2019-01-31": "-31.00000", "2018-10-31": -5, "2018-07-31": -40, "2018-04-30": -34, "2018-01-31": "-24.00000", "2017-10-31": -26, "2017-07-31": -21, "2017-04-30": -17, "2017-01-31": "-8.00000", "2016-10-31": -25, "2016-07-31": -14, "2016-04-30": -28, "2016-01-31": "-24.00000", "2015-10-31": -25, "2015-07-31": -35, "2015-04-30": -31, "2015-01-31": "", "2014-10-31": -18, "2014-07-31": -18, "2014-04-30": -34, "2014-01-31": "", "2013-10-31": 34, "2012-10-31": -103}, "Net Change In Intangible Assets": {"2020-10-31": 0, "2020-07-31": 0, "2020-04-30": 0, "2020-01-31": "", "2019-10-31": 0, "2019-07-31": 0, "2019-04-30": 0, "2019-01-31": "", "2018-10-31": 0, "2018-07-31": 0, "2018-04-30": 0, "2018-01-31": "", "2017-10-31": 0, "2017-07-31": 0, "2017-04-30": 0, "2017-01-31": "", "2016-10-31": 0, "2016-07-31": 0, "2016-04-30": 0, "2016-01-31": "", "2015-10-31": 0, "2015-07-31": 0, "2015-04-30": 0, "2015-01-31": "", "2014-10-31": 0, "2014-07-31": 0, "2014-04-30": 0, "2014-01-31": "", "2013-10-31": 0, "2012-10-31": 0}, "Net Acquisitions/Divestitures": {"2020-10-31": -33, "2020-07-31": -319, "2020-04-30": 0, "2020-01-31": "-5.00000", "2019-10-31": 2, "2019-07-31": -92, "2019-04-30": 0, "2019-01-31": "2.00000", "2018-10-31": -12, "2018-07-31": -5, "2018-04-30": 12, "2018-01-31": "", "2017-10-31": -52, "2017-07-31": -20, "2017-04-30": -1622, "2017-01-31": "", "2016-10-31": 10, "2016-07-31": 0, "2016-04-30": -10, "2016-01-31": "", "2015-10-31": -574, "2015-07-31": 0, "2015-04-30": 0, "2015-01-31": "", "2014-10-31": -10, "2014-07-31": -1, "2014-04-30": 0, "2014-01-31": "", "2013-10-31": 68, "2012-10-31": -69}, "Net Change In Short-term Investments": {"2020-10-31": 0, "2020-07-31": 0, "2020-04-30": 0, "2020-01-31": "", "2019-10-31": 0, "2019-07-31": 0, "2019-04-30": 0, "2019-01-31": "", "2018-10-31": 0, "2018-07-31": 0, "2018-04-30": 0, "2018-01-31": "", "2017-10-31": 0, "2017-07-31": 0, "2017-04-30": 0, "2017-01-31": "", "2016-10-31": 0, "2016-07-31": 0, "2016-04-30": 0, "2016-01-31": "", "2015-10-31": 0, "2015-07-31": 0, "2015-04-30": 0, "2015-01-31": "", "2014-10-31": 0, "2014-07-31": 0, "2014-04-30": 0, "2014-01-31": "", "2013-10-31": 0, "2012-10-31": 0}, "Net Change In Long-Term Investments": {"2020-10-31": 0, "2020-07-31": 0, "2020-04-30": 0, "2020-01-31": "32.00000", "2019-10-31": 0, "2019-07-31": 0, "2019-04-30": 7, "2019-01-31": "", "2018-10-31": 0, "2018-07-31": 0, "2018-04-30": 0, "2018-01-31": "", "2017-10-31": 3, "2017-07-31": 38, "2017-04-30": 4, "2017-01-31": "", "2016-10-31": 0, "2016-07-31": 1, "2016-04-30": 0, "2016-01-31": "", "2015-10-31": 1, "2015-07-31": -8, "2015-04-30": 15, "2015-01-31": "-14.00000", "2014-10-31": 0, "2014-07-31": 0, "2014-04-30": 11, "2014-01-31": "-11.00000", "2013-10-31": 0, "2012-10-31": 0}, "Net Change In Investments - Total": {"2020-10-31": 0, "2020-07-31": 0, "2020-04-30": 0, "2020-01-31": "32.00000", "2019-10-31": 0, "2019-07-31": 0, "2019-04-30": 7, "2019-01-31": "", "2018-10-31": 0, "2018-07-31": 0, "2018-04-30": 0, "2018-01-31": "", "2017-10-31": 3, "2017-07-31": 38, "2017-04-30": 4, "2017-01-31": "", "2016-10-31": 0, "2016-07-31": 1, "2016-04-30": 0, "2016-01-31": "", "2015-10-31": 1, "2015-07-31": -8, "2015-04-30": 15, "2015-01-31": "-14.00000", "2014-10-31": 0, "2014-07-31": 0, "2014-04-30": 11, "2014-01-31": "-11.00000", "2013-10-31": -15, "2012-10-31": 0}, "Investing Activities - Other": {"2020-10-31": 0, "2020-07-31": 0, "2020-04-30": 0, "2020-01-31": "", "2019-10-31": -1, "2019-07-31": 2, "2019-04-30": 2, "2019-01-31": "", "2018-10-31": 0, "2018-07-31": 0, "2018-04-30": 0, "2018-01-31": "", "2017-10-31": -1, "2017-07-31": -1, "2017-04-30": 1, "2017-01-31": "", "2016-10-31": 1, "2016-07-31": -1, "2016-04-30": 0, "2016-01-31": "", "2015-10-31": -1, "2015-07-31": 1, "2015-04-30": 0, "2015-01-31": "", "2014-10-31": -2, "2014-07-31": 1, "2014-04-30": 0, "2014-01-31": "", "2013-10-31": 0, "2012-10-31": 0}, "Cash Flow From Investing Activities": {"2020-10-31": -63, "2020-07-31": -351, "2020-04-30": -23, "2020-01-31": "-5.00000", "2019-10-31": -27, "2019-07-31": -120, "2019-04-30": -20, "2019-01-31": "-29.00000", "2018-10-31": -17, "2018-07-31": -45, "2018-04-30": -22, "2018-01-31": "-24.00000", "2017-10-31": -76, "2017-07-31": -4, "2017-04-30": -1634, "2017-01-31": "-8.00000", "2016-10-31": -14, "2016-07-31": -14, "2016-04-30": -38, "2016-01-31": "-24.00000", "2015-10-31": -599, "2015-07-31": -42, "2015-04-30": -16, "2015-01-31": "-14.00000", "2014-10-31": -30, "2014-07-31": -18, "2014-04-30": -23, "2014-01-31": "-11.00000", "2013-10-31": 87, "2012-10-31": -172}, "Net Long-Term Debt": {"2020-10-31": 0, "2020-07-31": -7, "2020-04-30": 0, "2020-01-31": "", "2019-10-31": 0, "2019-07-31": 0, "2019-04-30": 0, "2019-01-31": "", "2018-10-31": -40, "2018-07-31": 0, "2018-04-30": -260, "2018-01-31": "", "2017-10-31": -83, "2017-07-31": -240, "2017-04-30": 1069, "2017-01-31": "", "2016-10-31": 0, "2016-07-31": -1, "2016-04-30": 0, "2016-01-31": "", "2015-10-31": 0, "2015-07-31": 0, "2015-04-30": 0, "2015-01-31": "", "2014-10-31": 1062, "2014-07-31": 0, "2014-04-30": 0, "2014-01-31": "", "2013-10-31": 0, "2012-10-31": 0}, "Net Current Debt": {"2020-10-31": 0, "2020-07-31": 0, "2020-04-30": 0, "2020-01-31": "", "2019-10-31": 0, "2019-07-31": 0, "2019-04-30": 0, "2019-01-31": "", "2018-10-31": 40, "2018-07-31": 0, "2018-04-30": 0, "2018-01-31": "", "2017-10-31": 42, "2017-07-31": 0, "2017-04-30": 170, "2017-01-31": "", "2016-10-31": 0, "2016-07-31": 0, "2016-04-30": 0, "2016-01-31": "", "2015-10-31": 0, "2015-07-31": 0, "2015-04-30": 0, "2015-01-31": "", "2014-10-31": 2, "2014-07-31": 0, "2014-04-30": 0, "2014-01-31": "", "2013-10-31": 0, "2012-10-31": 0}, "Debt Issuance/Retirement Net - Total": {"2020-10-31": 0, "2020-07-31": -7, "2020-04-30": 0, "2020-01-31": "", "2019-10-31": 0, "2019-07-31": 0, "2019-04-30": 0, "2019-01-31": "", "2018-10-31": 0, "2018-07-31": 0, "2018-04-30": -260, "2018-01-31": "", "2017-10-31": -41, "2017-07-31": -240, "2017-04-30": 1239, "2017-01-31": "", "2016-10-31": 0, "2016-07-31": -1, "2016-04-30": 0, "2016-01-31": "", "2015-10-31": 0, "2015-07-31": 0, "2015-04-30": 0, "2015-01-31": "", "2014-10-31": 1062, "2014-07-31": 0, "2014-04-30": 0, "2014-01-31": "", "2013-10-31": 0, "2012-10-31": 0}, "Net Common Equity Issued/Repurchased": {"2020-10-31": -214, "2020-07-31": 31, "2020-04-30": -120, "2020-01-31": "-50.00000", "2019-10-31": -27, "2019-07-31": -35, "2019-04-30": -20, "2019-01-31": "-10.00000", "2018-10-31": -38, "2018-07-31": -23, "2018-04-30": -19, "2018-01-31": "24.00000", "2017-10-31": 0, "2017-07-31": 30, "2017-04-30": 446, "2017-01-31": "19.00000", "2016-10-31": 1, "2016-07-31": -4, "2016-04-30": -40, "2016-01-31": "24.00000", "2015-10-31": 3, "2015-07-31": 15, "2015-04-30": -45, "2015-01-31": "4.00000", "2014-10-31": -413, "2014-07-31": -69, "2014-04-30": -117, "2014-01-31": "-124.00000", "2013-10-31": 0, "2012-10-31": 0}, "Net Total Equity Issued/Repurchased": {"2020-10-31": -214, "2020-07-31": 31, "2020-04-30": -120, "2020-01-31": "-50.00000", "2019-10-31": -27, "2019-07-31": -35, "2019-04-30": -20, "2019-01-31": "-10.00000", "2018-10-31": -38, "2018-07-31": -23, "2018-04-30": -19, "2018-01-31": "24.00000", "2017-10-31": 0, "2017-07-31": 30, "2017-04-30": 446, "2017-01-31": "19.00000", "2016-10-31": 1, "2016-07-31": -4, "2016-04-30": -40, "2016-01-31": "24.00000", "2015-10-31": 3, "2015-07-31": 15, "2015-04-30": -45, "2015-01-31": "4.00000", "2014-10-31": -413, "2014-07-31": -69, "2014-04-30": -117, "2014-01-31": "-124.00000", "2013-10-31": 71, "2012-10-31": -552}, "Total Common And Preferred Stock Dividends Paid": {"2020-10-31": 0, "2020-07-31": 0, "2020-04-30": 0, "2020-01-31": "", "2019-10-31": 0, "2019-07-31": 0, "2019-04-30": 0, "2019-01-31": "", "2018-10-31": 0, "2018-07-31": 0, "2018-04-30": 0, "2018-01-31": "", "2017-10-31": 0, "2017-07-31": 0, "2017-04-30": 0, "2017-01-31": "", "2016-10-31": 0, "2016-07-31": 0, "2016-04-30": 0, "2016-01-31": "", "2015-10-31": 0, "2015-07-31": 0, "2015-04-30": 0, "2015-01-31": "", "2014-10-31": 0, "2014-07-31": 0, "2014-04-30": 0, "2014-01-31": "", "2013-10-31": 0, "2012-10-31": 0}, "Financial Activities - Other": {"2020-10-31": -1, "2020-07-31": -2, "2020-04-30": -1, "2020-01-31": "-49.00000", "2019-10-31": -4, "2019-07-31": -2, "2019-04-30": -1, "2019-01-31": "-23.00000", "2018-10-31": -1, "2018-07-31": -5, "2018-04-30": -1, "2018-01-31": "-18.00000", "2017-10-31": 0, "2017-07-31": -1, "2017-04-30": -16, "2017-01-31": "-11.00000", "2016-10-31": -5, "2016-07-31": -4, "2016-04-30": -1, "2016-01-31": "1.00000", "2015-10-31": 0, "2015-07-31": 1, "2015-04-30": 0, "2015-01-31": "3.00000", "2014-10-31": -6, "2014-07-31": 0, "2014-04-30": 0, "2014-01-31": "", "2013-10-31": 0, "2012-10-31": 0}, "Cash Flow From Financial Activities": {"2020-10-31": -215, "2020-07-31": 22, "2020-04-30": -121, "2020-01-31": "-99.00000", "2019-10-31": -31, "2019-07-31": -37, "2019-04-30": -21, "2019-01-31": "-33.00000", "2018-10-31": -39, "2018-07-31": -28, "2018-04-30": -280, "2018-01-31": "6.00000", "2017-10-31": -41, "2017-07-31": -211, "2017-04-30": 1669, "2017-01-31": "8.00000", "2016-10-31": -4, "2016-07-31": -9, "2016-04-30": -41, "2016-01-31": "25.00000", "2015-10-31": 3, "2015-07-31": 16, "2015-04-30": -45, "2015-01-31": "7.00000", "2014-10-31": 645, "2014-07-31": -69, "2014-04-30": -117, "2014-01-31": "-124.00000", "2013-10-31": 71, "2012-10-31": -552}, "Net Cash Flow": {"2020-10-31": 64, "2020-07-31": -140, "2020-04-30": 150, "2020-01-31": "93.00000", "2019-10-31": 204, "2019-07-31": 116, "2019-04-30": 178, "2019-01-31": "185.00000", "2018-10-31": 173, "2018-07-31": -42, "2018-04-30": -196, "2018-01-31": "162.00000", "2017-10-31": -55, "2017-07-31": -110, "2017-04-30": 87, "2017-01-31": "113.00000", "2016-10-31": 119, "2016-07-31": 44, "2016-04-30": 48, "2016-01-31": "89.00000", "2015-10-31": -517, "2015-07-31": 106, "2015-04-30": 7, "2015-01-31": "77.00000", "2014-10-31": 810, "2014-07-31": 0, "2014-04-30": 0, "2014-01-31": "", "2013-10-31": 0, "2012-10-31": 0}, "Stock-Based Compensation": {"2020-10-31": 20, "2020-07-31": 18, "2020-04-30": 15, "2020-01-31": "39.00000", "2019-10-31": 16, "2019-07-31": 16, "2019-04-30": 23, "2019-01-31": "27.00000", "2018-10-31": 11, "2018-07-31": 14, "2018-04-30": 15, "2018-01-31": "19.00000", "2017-10-31": 12, "2017-07-31": 13, "2017-04-30": 13, "2017-01-31": "18.00000", "2016-10-31": 10, "2016-07-31": 10, "2016-04-30": 13, "2016-01-31": "16.00000", "2015-10-31": 6, "2015-07-31": 7, "2015-04-30": 13, "2015-01-31": "29.00000", "2014-10-31": 8, "2014-07-31": 9, "2014-04-30": 9, "2014-01-31": "17.00000", "2013-10-31": 0, "2012-10-31": 0}, "Common Stock Dividends Paid": {"2020-10-31": 0, "2020-07-31": 0, "2020-04-30": 0, "2020-01-31": "", "2019-10-31": 0, "2019-07-31": 0, "2019-04-30": 0, "2019-01-31": "", "2018-10-31": 0, "2018-07-31": 0, "2018-04-30": 0, "2018-01-31": "", "2017-10-31": 0, "2017-07-31": 0, "2017-04-30": 0, "2017-01-31": "", "2016-10-31": 0, "2016-07-31": 0, "2016-04-30": 0, "2016-01-31": "", "2015-10-31": 0, "2015-07-31": 0, "2015-04-30": 0, "2015-01-31": "", "2014-10-31": 0, "2014-07-31": 0, "2014-04-30": 0, "2014-01-31": "", "2013-10-31": 0, "2012-10-31": 0}}, "financial ratios": {"Current Ratio": {"2020-10-31": "3.12120", "2019-10-31": "3.20540", "2018-10-31": "1.62650", "2017-10-31": "2.65810", "2016-10-31": "2.87890", "2015-10-31": "2.30170", "2014-10-31": "2.40570", "2013-10-31": "1.73570", "2012-10-31": "", "2006-10-31": "3.77320", "2005-10-31": "3.21720"}, "Long-term Debt / Capital": {"2020-10-31": "0.35170", "2019-10-31": "0.37310", "2018-10-31": "0.34670", "2017-10-31": "0.46870", "2016-10-31": "0.41940", "2015-10-31": "0.45770", "2014-10-31": "0.58830", "2013-10-31": "", "2012-10-31": "", "2006-10-31": "", "2005-10-31": ""}, "Debt/Equity Ratio": {"2020-10-31": "0.54260", "2019-10-31": "0.59520", "2018-10-31": "0.73570", "2017-10-31": "0.88660", "2016-10-31": "0.72240", "2015-10-31": "0.84410", "2014-10-31": "1.42910", "2013-10-31": "", "2012-10-31": "", "2006-10-31": "", "2005-10-31": ""}, "Gross Margin": {"2020-10-31": "60.00950", "2019-10-31": "58.88910", "2018-10-31": "54.43530", "2017-10-31": "53.21420", "2016-10-31": "55.65460", "2015-10-31": "55.56720", "2014-10-31": "55.23360", "2013-10-31": "56.19810", "2012-10-31": "56.74210", "2006-10-31": "44.62700", "2005-10-31": "44.87560"}, "Operating Margin": {"2020-10-31": "18.12370", "2019-10-31": "16.52340", "2018-10-31": "-10.15990", "2017-10-31": "4.64100", "2016-10-31": "13.91360", "2015-10-31": "15.09100", "2014-10-31": "15.99050", "2013-10-31": "17.17450", "2012-10-31": "22.11160", "2006-10-31": "6.67130", "2005-10-31": "5.66090"}, "EBIT Margin": {"2020-10-31": "18.12370", "2019-10-31": "16.52340", "2018-10-31": "-10.15990", "2017-10-31": "4.64100", "2016-10-31": "13.91360", "2015-10-31": "15.09100", "2014-10-31": "15.99050", "2013-10-31": "17.17450", "2012-10-31": "22.11160", "2006-10-31": "6.67130", "2005-10-31": "5.66090"}, "EBITDA Margin": {"2020-10-31": "25.84700", "2019-10-31": "23.68120", "2018-10-31": "16.11660", "2017-10-31": "11.69650", "2016-10-31": "18.50580", "2015-10-31": "18.55740", "2014-10-31": "18.85440", "2013-10-31": "19.84070", "2012-10-31": "24.07240", "2006-10-31": "6.67130", "2005-10-31": "5.66090"}, "Pre-Tax Profit Margin": {"2020-10-31": "18.02890", "2019-10-31": "16.61630", "2018-10-31": "-10.59830", "2017-10-31": "5.61300", "2016-10-31": "12.54280", "2015-10-31": "13.58540", "2014-10-31": "16.19500", "2013-10-31": "17.34760", "2012-10-31": "22.50380", "2006-10-31": "7.04060", "2005-10-31": "5.89530"}, "Net Profit Margin": {"2020-10-31": "14.85430", "2019-10-31": "14.43180", "2018-10-31": "4.25480", "2017-10-31": "3.19850", "2016-10-31": "11.48050", "2015-10-31": "17.96220", "2014-10-31": "13.36520", "2013-10-31": "15.82410", "2012-10-31": "25.36950", "2006-10-31": "4.24730", "2005-10-31": "3.54240"}, "Asset Turnover": {"2020-10-31": "0.58480", "2019-10-31": "0.64970", "2018-10-31": "0.66590", "2017-10-31": "0.53750", "2016-10-31": "0.76870", "2015-10-31": "0.81410", "2014-10-31": "0.96160", "2013-10-31": "1.42410", "2012-10-31": "", "2006-10-31": "2.18350", "2005-10-31": "2.17650"}, "Inventory Turnover Ratio": {"2020-10-31": "2.22990", "2019-10-31": "2.50920", "2018-10-31": "2.85460", "2017-10-31": "2.53740", "2016-10-31": "2.73000", "2015-10-31": "2.60570", "2014-10-31": "2.63650", "2013-10-31": "2.51990", "2012-10-31": "", "2006-10-31": "2.95300", "2005-10-31": "2.69630"}, "Receiveable Turnover": {"2020-10-31": "6.96530", "2019-10-31": "6.44160", "2018-10-31": "6.21470", "2017-10-31": "5.83000", "2016-10-31": "6.67730", "2015-10-31": "7.17590", "2014-10-31": "7.71840", "2013-10-31": "8.49410", "2012-10-31": "", "2006-10-31": "10.95800", "2005-10-31": "11.06720"}, "Days Sales In Receivables": {"2020-10-31": "52.40230", "2019-10-31": "56.66280", "2018-10-31": "58.73130", "2017-10-31": "62.60740", "2016-10-31": "54.66240", "2015-10-31": "50.86490", "2014-10-31": "47.28950", "2013-10-31": "42.97090", "2012-10-31": "", "2006-10-31": "33.30910", "2005-10-31": "32.98040"}, "ROE - Return On Equity": {"2020-10-31": "19.01730", "2019-10-31": "20.67240", "2018-10-31": "6.78180", "2017-10-31": "4.41560", "2016-10-31": "22.14140", "2015-10-31": "39.40090", "2014-10-31": "50.97530", "2013-10-31": "36.70680", "2012-10-31": "", "2006-10-31": "21.10480", "2005-10-31": "19.63500"}, "Return On Tangible Equity": {"2020-10-31": "44.81770", "2019-10-31": "47.58620", "2018-10-31": "26.74230", "2017-10-31": "-23.88760", "2016-10-31": "58.87520", "2015-10-31": "144.10110", "2014-10-31": "109.19220", "2013-10-31": "56.69980", "2012-10-31": "", "2006-10-31": "11.66170", "2005-10-31": "9.98350"}, "ROA - Return On Assets": {"2020-10-31": "8.68660", "2019-10-31": "9.37640", "2018-10-31": "2.83310", "2017-10-31": "1.71920", "2016-10-31": "8.82510", "2015-10-31": "14.62370", "2014-10-31": "12.85250", "2013-10-31": "22.53450", "2012-10-31": "", "2006-10-31": "9.27400", "2005-10-31": "7.70990"}, "ROI - Return On Investment": {"2020-10-31": "12.32800", "2019-10-31": "12.95910", "2018-10-31": "4.43070", "2017-10-31": "2.34590", "2016-10-31": "12.85500", "2015-10-31": "21.36610", "2014-10-31": "20.98500", "2013-10-31": "36.70680", "2012-10-31": "", "2006-10-31": "11.66170", "2005-10-31": "9.98350"}, "Book Value Per Share": {"2020-10-31": "17.79280", "2019-10-31": "16.02130", "2018-10-31": "13.03860", "2017-10-31": "12.43940", "2016-10-31": "8.91570", "2015-10-31": "7.65880", "2014-10-31": "4.60480", "2013-10-31": "", "2012-10-31": "", "2006-10-31": "", "2005-10-31": ""}, "Operating Cash Flow Per Share": {"2020-10-31": 0.1506, "2019-10-31": 2.3193, "2018-10-31": 1.1036, "2017-10-31": -0.6397, "2016-10-31": 0.2431, "2015-10-31": -1.1725, "2014-10-31": -0.0179, "2013-10-31": -0.9461, "2012-10-31": 4.3353, "2006-10-31": 0, "2005-10-31": 0}, "Free Cash Flow Per Share": {"2020-10-31": 0.1493, "2019-10-31": 2.2408, "2018-10-31": 0.9599, "2017-10-31": -0.5062, "2016-10-31": 0.2461, "2015-10-31": -1.2854, "2014-10-31": -0.0239, "2013-10-31": -0.7426, "2012-10-31": 3.7186, "2006-10-31": 0, "2005-10-31": 0}}, "financial ratios, quarterly": {"Current Ratio": {"2020-10-31": "3.12120", "2020-07-31": "3.34490", "2020-04-30": "3.47000", "2020-01-31": "3.38700", "2019-10-31": "3.20540", "2019-07-31": "2.04960", "2019-04-30": "1.90170", "2019-01-31": "1.81710", "2018-10-31": "1.62650", "2018-07-31": "2.42440", "2018-04-30": "2.29700", "2018-01-31": "2.56770", "2017-10-31": "2.65810", "2017-07-31": "2.75260", "2017-04-30": "2.64160", "2017-01-31": "3.24160", "2016-10-31": "2.87890", "2016-07-31": "2.84690", "2016-04-30": "2.66410", "2016-01-31": "2.70100", "2015-10-31": "2.30170", "2015-07-31": "3.19840", "2015-04-30": "3.05390", "2015-01-31": "2.70290", "2014-10-31": "2.40570", "2014-07-31": "", "2014-04-30": "", "2014-01-31": "", "2013-10-31": "", "2012-10-31": ""}, "Long-term Debt / Capital": {"2020-10-31": "0.35170", "2020-07-31": "0.34790", "2020-04-30": "0.36690", "2020-01-31": "0.36380", "2019-10-31": "0.37310", "2019-07-31": "0.30540", "2019-04-30": "0.31590", "2019-01-31": "0.32690", "2018-10-31": "0.34670", "2018-07-31": "0.40650", "2018-04-30": "0.41490", "2018-01-31": "0.44950", "2017-10-31": "0.46870", "2017-07-31": "0.47980", "2017-04-30": "0.49820", "2017-01-31": "0.39880", "2016-10-31": "0.41940", "2016-07-31": "0.40790", "2016-04-30": "0.42310", "2016-01-31": "0.44300", "2015-10-31": "0.45770", "2015-07-31": "0.49860", "2015-04-30": "0.51480", "2015-01-31": "0.54490", "2014-10-31": "0.58830", "2014-07-31": "", "2014-04-30": "", "2014-01-31": "", "2013-10-31": "", "2012-10-31": ""}, "Debt/Equity Ratio": {"2020-10-31": "0.54260", "2020-07-31": "0.53340", "2020-04-30": "0.57960", "2020-01-31": "0.57180", "2019-10-31": "0.59520", "2019-07-31": "0.60990", "2019-04-30": "0.64050", "2019-01-31": "0.67340", "2018-10-31": "0.73570", "2018-07-31": "0.68500", "2018-04-30": "0.70910", "2018-01-31": "0.82450", "2017-10-31": "0.88660", "2017-07-31": "0.94050", "2017-04-30": "1.07090", "2017-01-31": "0.66320", "2016-10-31": "0.72240", "2016-07-31": "0.68880", "2016-04-30": "0.73330", "2016-01-31": "0.79520", "2015-10-31": "0.84410", "2015-07-31": "0.99460", "2015-04-30": "1.06080", "2015-01-31": "1.19720", "2014-10-31": "1.42910", "2014-07-31": "", "2014-04-30": "", "2014-01-31": "", "2013-10-31": "", "2012-10-31": ""}, "Gross Margin": {"2020-10-31": "61.96720", "2020-07-31": "59.94070", "2020-04-30": "57.65360", "2020-01-31": "59.81740", "2019-10-31": "59.37500", "2019-07-31": "59.15360", "2019-04-30": "59.44950", "2019-01-31": "57.45530", "2018-10-31": "55.87390", "2018-07-31": "55.97610", "2018-04-30": "54.44440", "2018-01-31": "50.77660", "2017-10-31": "53.41690", "2017-07-31": "49.39900", "2017-04-30": "54.84730", "2017-01-31": "55.64740", "2016-10-31": "55.92540", "2016-07-31": "56.78320", "2016-04-30": "55.54040", "2016-01-31": "54.36890", "2015-10-31": "55.73330", "2015-07-31": "55.63910", "2015-04-30": "56.21620", "2015-01-31": "54.63620", "2014-10-31": "54.98690", "2014-07-31": "54.68960", "2014-04-30": "55.85460", "2014-01-31": "55.43960", "2013-10-31": "", "2012-10-31": ""}, "Operating Margin": {"2020-10-31": "22.78690", "2020-07-31": "18.00200", "2020-04-30": "11.39670", "2020-01-31": "18.53880", "2019-10-31": "18.57140", "2019-07-31": "18.12330", "2019-04-30": "16.97250", "2019-01-31": "12.02780", "2018-10-31": "-55.39640", "2018-07-31": "11.65340", "2018-04-30": "8.68690", "2018-01-31": "-2.03110", "2017-10-31": "-5.92260", "2017-07-31": "-0.48080", "2017-04-30": "5.57770", "2017-01-31": "22.31410", "2016-10-31": "14.24770", "2016-07-31": "14.82520", "2016-04-30": "12.99590", "2016-01-31": "13.59220", "2015-10-31": "14.80000", "2015-07-31": "15.03760", "2015-04-30": "17.97300", "2015-01-31": "12.41080", "2014-10-31": "17.06040", "2014-07-31": "15.98420", "2014-04-30": "17.09290", "2014-01-31": "13.56190", "2013-10-31": "", "2012-10-31": ""}, "EBIT Margin": {"2020-10-31": "22.78690", "2020-07-31": "18.00200", "2020-04-30": "11.39670", "2020-01-31": "18.53880", "2019-10-31": "18.57140", "2019-07-31": "18.12330", "2019-04-30": "16.97250", "2019-01-31": "12.02780", "2018-10-31": "-55.39640", "2018-07-31": "11.65340", "2018-04-30": "8.68690", "2018-01-31": "-2.03110", "2017-10-31": "-5.92260", "2017-07-31": "-0.48080", "2017-04-30": "5.57770", "2017-01-31": "22.31410", "2016-10-31": "14.24770", "2016-07-31": "14.82520", "2016-04-30": "12.99590", "2016-01-31": "13.59220", "2015-10-31": "14.80000", "2015-07-31": "15.03760", "2015-04-30": "17.97300", "2015-01-31": "12.41080", "2014-10-31": "17.06040", "2014-07-31": "15.98420", "2014-04-30": "17.09290", "2014-01-31": "13.56190", "2013-10-31": "", "2012-10-31": ""}, "EBITDA Margin": {"2020-10-31": "", "2020-07-31": "", "2020-04-30": "", "2020-01-31": "", "2019-10-31": "", "2019-07-31": "", "2019-04-30": "", "2019-01-31": "", "2018-10-31": "", "2018-07-31": "", "2018-04-30": "", "2018-01-31": "", "2017-10-31": "", "2017-07-31": "", "2017-04-30": "", "2017-01-31": "", "2016-10-31": "", "2016-07-31": "", "2016-04-30": "", "2016-01-31": "", "2015-10-31": "", "2015-07-31": "", "2015-04-30": "", "2015-01-31": "", "2014-10-31": "", "2014-07-31": "", "2014-04-30": "", "2014-01-31": "", "2013-10-31": "", "2012-10-31": ""}, "Pre-Tax Profit Margin": {"2020-10-31": "21.80330", "2020-07-31": "18.29870", "2020-04-30": "12.06700", "2020-01-31": "18.44750", "2019-10-31": "18.12500", "2019-07-31": "18.30730", "2019-04-30": "17.70640", "2019-01-31": "11.92840", "2018-10-31": "-55.77840", "2018-07-31": "11.25500", "2018-04-30": "8.38380", "2018-01-31": "-2.74790", "2017-10-31": "3.41690", "2017-07-31": "-3.00480", "2017-04-30": "2.92160", "2017-01-31": "20.93660", "2016-10-31": "13.04930", "2016-07-31": "13.56640", "2016-04-30": "11.90150", "2016-01-31": "11.65050", "2015-10-31": "13.46670", "2015-07-31": "13.08270", "2015-04-30": "16.48650", "2015-01-31": "11.12700", "2014-10-31": "17.45410", "2014-07-31": "16.11630", "2014-04-30": "17.22750", "2014-01-31": "13.71090", "2013-10-31": "", "2012-10-31": ""}, "Net Profit Margin": {"2020-10-31": "17.78690", "2020-07-31": "17.40850", "2020-04-30": "7.93300", "2020-01-31": "14.88580", "2019-10-31": "17.41070", "2019-07-31": "14.62740", "2019-04-30": "14.03670", "2019-01-31": "11.33200", "2018-10-31": "-10.88830", "2018-07-31": "12.05180", "2018-04-30": "6.46460", "2018-01-31": "11.23060", "2017-10-31": "-4.32800", "2017-07-31": "-2.16350", "2017-04-30": "6.50730", "2017-01-31": "15.01380", "2016-10-31": "12.25030", "2016-07-31": "12.72730", "2016-04-30": "12.03830", "2016-01-31": "8.87660", "2015-10-31": "36.93330", "2015-07-31": "10.52630", "2015-04-30": "12.97300", "2015-01-31": "9.98570", "2014-10-31": "13.25460", "2014-07-31": "14.13470", "2014-04-30": "14.80480", "2014-01-31": "11.02830", "2013-10-31": "", "2012-10-31": ""}, "Asset Turnover": {"2020-10-31": "0.16900", "2020-07-31": "0.14120", "2020-04-30": "0.13250", "2020-01-31": "0.16010", "2019-10-31": "0.16910", "2019-07-31": "0.17120", "2019-04-30": "0.17610", "2019-01-31": "0.16830", "2018-10-31": "0.17980", "2018-07-31": "0.17170", "2018-04-30": "0.16710", "2018-01-31": "0.13830", "2017-10-31": "0.14800", "2017-07-31": "0.14250", "2017-04-30": "0.12520", "2017-01-31": "0.18760", "2016-10-31": "0.19780", "2016-07-31": "0.19460", "2016-04-30": "0.20000", "2016-01-31": "0.20710", "2015-10-31": "0.21380", "2015-07-31": "0.21470", "2015-04-30": "0.24180", "2015-01-31": "0.23140", "2014-10-31": "0.24980", "2014-07-31": "", "2014-04-30": "", "2014-01-31": "", "2013-10-31": "", "2012-10-31": ""}, "Inventory Turnover Ratio": {"2020-10-31": "0.61290", "2020-07-31": "0.52060", "2020-04-30": "0.50130", "2020-01-31": "0.59700", "2019-10-31": "0.64540", "2019-07-31": "0.63790", "2019-04-30": "0.66970", "2019-01-31": "0.66770", "2018-10-31": "0.74640", "2018-07-31": "0.72580", "2018-04-30": "0.75540", "2018-01-31": "0.67650", "2017-10-31": "0.69560", "2017-07-31": "0.75040", "2017-04-30": "0.58120", "2017-01-31": "0.67220", "2016-10-31": "0.69830", "2016-07-31": "0.64510", "2016-04-30": "0.68420", "2016-01-31": "0.68400", "2015-10-31": "0.68170", "2015-07-31": "0.61720", "2015-04-30": "0.68070", "2015-01-31": "0.66670", "2014-10-31": "0.68880", "2014-07-31": "", "2014-04-30": "", "2014-01-31": "", "2013-10-31": "", "2012-10-31": ""}, "Receiveable Turnover": {"2020-10-31": "2.01320", "2020-07-31": "1.77680", "2020-04-30": "1.84540", "2020-01-31": "1.63430", "2019-10-31": "1.67660", "2019-07-31": "1.75890", "2019-04-30": "1.65150", "2019-01-31": "1.73450", "2018-10-31": "1.67790", "2018-07-31": "1.68170", "2018-04-30": "1.70980", "2018-01-31": "1.84360", "2017-10-31": "1.60510", "2017-07-31": "1.59690", "2017-04-30": "1.45370", "2017-01-31": "1.83800", "2016-10-31": "1.71850", "2016-07-31": "1.72290", "2016-04-30": "1.79170", "2016-01-31": "1.99720", "2015-10-31": "1.88440", "2015-07-31": "2.12460", "2015-04-30": "2.09630", "2015-01-31": "2.26130", "2014-10-31": "2.00530", "2014-07-31": "", "2014-04-30": "", "2014-01-31": "", "2013-10-31": "", "2012-10-31": ""}, "Days Sales In Receivables": {"2020-10-31": "44.70490", "2020-07-31": "50.65280", "2020-04-30": "48.77100", "2020-01-31": "55.06850", "2019-10-31": "53.67860", "2019-07-31": "51.16840", "2019-04-30": "54.49540", "2019-01-31": "51.88870", "2018-10-31": "53.63900", "2018-07-31": "53.51590", "2018-04-30": "52.63640", "2018-01-31": "48.81720", "2017-10-31": "56.07060", "2017-07-31": "56.35820", "2017-04-30": "61.91240", "2017-01-31": "48.96690", "2016-10-31": "52.37020", "2016-07-31": "52.23780", "2016-04-30": "50.23260", "2016-01-31": "45.06240", "2015-10-31": "47.76000", "2015-07-31": "42.36090", "2015-04-30": "42.93240", "2015-01-31": "39.80030", "2014-10-31": "44.88190", "2014-07-31": "", "2014-04-30": "", "2014-01-31": "", "2013-10-31": "", "2012-10-31": ""}, "ROE - Return On Equity": {"2020-10-31": "6.58170", "2020-07-31": "5.24750", "2020-04-30": "2.30150", "2020-01-31": "5.21270", "2019-10-31": "6.49130", "2019-07-31": "5.41180", "2019-04-30": "5.46820", "2019-01-31": "4.28890", "2018-10-31": "-4.68560", "2018-07-31": "4.63070", "2018-04-30": "2.53670", "2018-01-31": "3.78420", "2017-10-31": "-1.64500", "2017-07-31": "-0.81120", "2017-04-30": "2.25600", "2017-01-31": "6.61410", "2016-10-31": "6.08060", "2016-07-31": "5.69820", "2016-04-30": "5.86670", "2016-01-31": "4.63100", "2015-10-31": "21.27500", "2015-07-31": "6.33480", "2015-04-30": "9.26640", "2015-01-31": "7.62530", "2014-10-31": "13.13390", "2014-07-31": "", "2014-04-30": "", "2014-01-31": "", "2013-10-31": "", "2012-10-31": ""}, "Return On Tangible Equity": {"2020-10-31": "15.51110", "2020-07-31": "12.35090", "2020-04-30": "4.77790", "2020-01-31": "11.03590", "2019-10-31": "14.94250", "2019-07-31": "13.44040", "2019-04-30": "14.15360", "2019-01-31": "12.91050", "2018-10-31": "-18.47650", "2018-07-31": "526.08700", "2018-04-30": "-52.45900", "2018-01-31": "-43.31800", "2017-10-31": "8.89930", "2017-07-31": "3.55030", "2017-04-30": "-10.93750", "2017-01-31": "14.93150", "2016-10-31": "16.16870", "2016-07-31": "14.17450", "2016-04-30": "16.20630", "2016-01-31": "14.12800", "2015-10-31": "77.80900", "2015-07-31": "9.70870", "2015-04-30": "14.90680", "2015-01-31": "13.43570", "2014-10-31": "28.13370", "2014-07-31": "", "2014-04-30": "", "2014-01-31": "", "2013-10-31": "", "2012-10-31": ""}, "ROA - Return On Assets": {"2020-10-31": "3.00640", "2020-07-31": "2.45780", "2020-04-30": "1.05080", "2020-01-31": "2.38270", "2019-10-31": "2.94430", "2019-07-31": "2.50470", "2019-04-30": "2.47170", "2019-01-31": "1.90700", "2018-10-31": "-1.95740", "2018-07-31": "2.06980", "2018-04-30": "1.08050", "2018-01-31": "1.55370", "2017-10-31": "-0.64050", "2017-07-31": "-0.30820", "2017-04-30": "0.81480", "2017-01-31": "2.81730", "2016-10-31": "2.42360", "2016-07-31": "2.47620", "2016-04-30": "2.40770", "2016-01-31": "1.83860", "2015-10-31": "7.89620", "2015-07-31": "2.26030", "2015-04-30": "3.13620", "2015-01-31": "2.31100", "2014-10-31": "3.31150", "2014-07-31": "", "2014-04-30": "", "2014-01-31": "", "2013-10-31": "", "2012-10-31": ""}, "ROI - Return On Investment": {"2020-10-31": "4.26660", "2020-07-31": "3.42210", "2020-04-30": "1.45700", "2020-01-31": "3.31640", "2019-10-31": "4.06930", "2019-07-31": "3.75890", "2019-04-30": "3.74080", "2019-01-31": "2.88680", "2018-10-31": "-3.06120", "2018-07-31": "2.74810", "2018-04-30": "1.48420", "2018-01-31": "2.08330", "2017-10-31": "-0.87400", "2017-07-31": "-0.42190", "2017-04-30": "1.13220", "2017-01-31": "3.97670", "2016-10-31": "3.53030", "2016-07-31": "3.37410", "2016-04-30": "3.38460", "2016-01-31": "2.57960", "2015-10-31": "11.53690", "2015-07-31": "3.17600", "2015-04-30": "4.49650", "2015-01-31": "3.47050", "2014-10-31": "5.40690", "2014-07-31": "", "2014-04-30": "", "2014-01-31": "", "2013-10-31": "", "2012-10-31": ""}, "Book Value Per Share": {"2020-10-31": "17.79280", "2020-07-31": "17.88800", "2020-04-30": "16.54160", "2020-01-31": "16.65070", "2019-10-31": "16.02130", "2019-07-31": "15.64430", "2019-04-30": "14.91470", "2019-01-31": "14.14580", "2018-10-31": "13.03860", "2018-07-31": "13.95090", "2018-04-30": "13.49920", "2018-01-31": "13.23390", "2017-10-31": "12.43940", "2017-07-31": "11.94940", "2017-04-30": "11.75960", "2017-01-31": "9.59810", "2016-10-31": "8.91570", "2016-07-31": "9.41070", "2016-04-30": "8.85480", "2016-01-31": "8.08190", "2015-10-31": "7.65880", "2015-07-31": "6.53850", "2015-04-30": "6.13020", "2015-01-31": "5.46430", "2014-10-31": "4.60480", "2014-07-31": "", "2014-04-30": "", "2014-01-31": "", "2013-10-31": "", "2012-10-31": ""}, "Operating Cash Flow Per Share": {"2020-10-31": 1.8073, "2020-07-31": 0.9494, "2020-04-30": 1.5876, "2020-01-31": "1.03140", "2019-10-31": 1.3769, "2019-07-31": 1.4346, "2019-04-30": 1.1504, "2019-01-31": "1.26320", "2018-10-31": 1.2304, "2018-07-31": 0.1912, "2018-04-30": 0.5794, "2018-01-31": "0.90480", "2017-10-31": 0.3775, "2017-07-31": 0.5085, "2017-04-30": 0.2515, "2017-01-31": "0.66470", "2016-10-31": 0.8314, "2016-07-31": 0.3954, "2016-04-30": 0.6802, "2016-01-31": "0.53490", "2015-10-31": 0.4837, "2015-07-31": 0.7794, "2015-04-30": 0.3945, "2015-01-31": "0.54120", "2014-10-31": 1.2036, "2014-07-31": 0.521, "2014-04-30": 0.8383, "2014-01-31": "0.80840", "2013-10-31": 0, "2012-10-31": 0}, "Free Cash Flow Per Share": {"2020-10-31": 1.6461, "2020-07-31": 0.7825, "2020-04-30": 1.4641, "2020-01-31": "0.86390", "2019-10-31": 1.2303, "2019-07-31": 1.2775, "2019-04-30": 0.9995, "2019-01-31": "1.10000", "2018-10-31": 1.2042, "2018-07-31": -0.0166, "2018-04-30": 0.4011, "2018-01-31": "0.77780", "2017-10-31": 0.2292, "2017-07-31": 0.4009, "2017-04-30": 0.158, "2017-01-31": "0.61850", "2016-10-31": 0.6861, "2016-07-31": 0.3139, "2016-04-30": 0.5175, "2016-01-31": "0.39530", "2015-10-31": 0.3353, "2015-07-31": 0.577, "2015-04-30": 0.2132, "2015-01-31": "0.54120", "2014-10-31": 1.0958, "2014-07-31": 0.4132, "2014-04-30": 0.6347, "2014-01-31": "0.80840", "2013-10-31": 0, "2012-10-31": 0}}, "revenue": {"Keysight Technologies Annual Revenue (Millions of US $)": {"2020": "$4,221", "2019": "$4,303", "2018": "$3,878", "2017": "$3,189", "2016": "$2,918", "2015": "$2,856", "2014": "$2,933", "2013": "$2,888", "2012": "$3,315", "2006": "$714", "2005": "$628"}, "Keysight Technologies Quarterly Revenue (Millions of US $)": {"2020-10-31": "$1,220", "2020-07-31": "$1,011", "2020-04-30": "$895", "2020-01-31": "$1,095", "2019-10-31": "$1,120", "2019-07-31": "$1,087", "2019-04-30": "$1,090", "2019-01-31": "$1,006", "2018-10-31": "$1,047", "2018-07-31": "$1,004", "2018-04-30": "$990", "2018-01-31": "$837", "2017-10-31": "$878", "2017-07-31": "$832", "2017-04-30": "$753", "2017-01-31": "$726", "2016-10-31": "$751", "2016-07-31": "$715", "2016-04-30": "$731", "2016-01-31": "$721", "2015-10-31": "$750", "2015-07-31": "$665", "2015-04-30": "$740", "2015-01-31": "$701", "2014-10-31": "$762", "2014-07-31": "$757", "2014-04-30": "$743", "2014-01-31": "$671", "2013-10-31": "", "2012-10-31": ""}}, "gross-profit": {"Keysight Technologies Annual Gross Profit (Millions of US $)": {"2020": "$2,533", "2019": "$2,534", "2018": "$2,111", "2017": "$1,697", "2016": "$1,624", "2015": "$1,587", "2014": "$1,620", "2013": "$1,623", "2012": "$1,881", "2006": "$319", "2005": "$282"}, "Keysight Technologies Quarterly Gross Profit (Millions of US $)": {"2020-10-31": "$756", "2020-07-31": "$606", "2020-04-30": "$516", "2020-01-31": "$655", "2019-10-31": "$665", "2019-07-31": "$643", "2019-04-30": "$648", "2019-01-31": "$578", "2018-10-31": "$585", "2018-07-31": "$562", "2018-04-30": "$539", "2018-01-31": "$425", "2017-10-31": "$469", "2017-07-31": "$411", "2017-04-30": "$413", "2017-01-31": "$404", "2016-10-31": "$420", "2016-07-31": "$406", "2016-04-30": "$406", "2016-01-31": "$392", "2015-10-31": "$418", "2015-07-31": "$370", "2015-04-30": "$416", "2015-01-31": "$383", "2014-10-31": "$419", "2014-07-31": "$414", "2014-04-30": "$415", "2014-01-31": "$372", "2013-10-31": "", "2012-10-31": ""}}, "operating-income": {"Keysight Technologies Annual Operating Income (Millions of US $)": {"2020": "$765", "2019": "$711", "2018": "$-394", "2017": "$148", "2016": "$406", "2015": "$431", "2014": "$469", "2013": "$496", "2012": "$733", "2006": "$48", "2005": "$36"}, "Keysight Technologies Quarterly Operating Income (Millions of US $)": {"2020-10-31": "$278", "2020-07-31": "$182", "2020-04-30": "$102", "2020-01-31": "$203", "2019-10-31": "$208", "2019-07-31": "$197", "2019-04-30": "$185", "2019-01-31": "$121", "2018-10-31": "$-580", "2018-07-31": "$117", "2018-04-30": "$86", "2018-01-31": "$-17", "2017-10-31": "$-52", "2017-07-31": "$-4", "2017-04-30": "$42", "2017-01-31": "$162", "2016-10-31": "$107", "2016-07-31": "$106", "2016-04-30": "$95", "2016-01-31": "$98", "2015-10-31": "$111", "2015-07-31": "$100", "2015-04-30": "$133", "2015-01-31": "$87", "2014-10-31": "$130", "2014-07-31": "$121", "2014-04-30": "$127", "2014-01-31": "$91", "2013-10-31": "", "2012-10-31": ""}}, "ebitda": {"Keysight Technologies Annual EBITDA (Millions of US $)": {"2020": "$1,091", "2019": "$1,019", "2018": "$625", "2017": "$373", "2016": "$540", "2015": "$530", "2014": "$553", "2013": "$573", "2012": "$798", "2006": "$48", "2005": "$36"}, "Keysight Technologies Quarterly EBITDA (Millions of US $)": {"2020-10-31": "$365", "2020-07-31": "$262", "2020-04-30": "$181", "2020-01-31": "$283", "2019-10-31": "$287", "2019-07-31": "$275", "2019-04-30": "$260", "2019-01-31": "$197", "2018-10-31": "$206", "2018-07-31": "$193", "2018-04-30": "$165", "2018-01-31": "$61", "2017-10-31": "$20", "2017-07-31": "$76", "2017-04-30": "$83", "2017-01-31": "$194", "2016-10-31": "$140", "2016-07-31": "$140", "2016-04-30": "$129", "2016-01-31": "$131", "2015-10-31": "$141", "2015-07-31": "$123", "2015-04-30": "$156", "2015-01-31": "$110", "2014-10-31": "$155", "2014-07-31": "$141", "2014-04-30": "$147", "2014-01-31": "$110", "2013-10-31": "", "2012-10-31": ""}}, "net-income": {"Keysight Technologies Annual Net Income (Millions of US $)": {"2020": "$627", "2019": "$621", "2018": "$165", "2017": "$102", "2016": "$335", "2015": "$513", "2014": "$392", "2013": "$457", "2012": "$841", "2006": "$30", "2005": "$22"}, "Keysight Technologies Quarterly Net Income (Millions of US $)": {"2020-10-31": "$217", "2020-07-31": "$176", "2020-04-30": "$71", "2020-01-31": "$163", "2019-10-31": "$195", "2019-07-31": "$159", "2019-04-30": "$153", "2019-01-31": "$114", "2018-10-31": "$-114", "2018-07-31": "$121", "2018-04-30": "$64", "2018-01-31": "$94", "2017-10-31": "$-38", "2017-07-31": "$-18", "2017-04-30": "$49", "2017-01-31": "$109", "2016-10-31": "$92", "2016-07-31": "$91", "2016-04-30": "$88", "2016-01-31": "$64", "2015-10-31": "$277", "2015-07-31": "$70", "2015-04-30": "$96", "2015-01-31": "$70", "2014-10-31": "$101", "2014-07-31": "$107", "2014-04-30": "$110", "2014-01-31": "$74", "2013-10-31": "", "2012-10-31": ""}}, "eps-earnings-per-share-diluted": {"Keysight Technologies Annual EPS": {"2020": "$3.31", "2019": "$3.25", "2018": "$0.86", "2017": "$0.56", "2016": "$1.95", "2015": "$3.00", "2014": "$2.35", "2013": "$2.74", "2012": "$5.04", "2006": "$0.00", "2005": "$0.00"}, "Keysight Technologies Quarterly EPS": {"2020-10-31": "$1.15", "2020-07-31": "$0.93", "2020-04-30": "$0.37", "2020-01-31": "$0.86", "2019-10-31": "$1.02", "2019-07-31": "$0.83", "2019-04-30": "$0.80", "2019-01-31": "$0.60", "2018-10-31": "$-0.61", "2018-07-31": "$0.63", "2018-04-30": "$0.34", "2018-01-31": "$0.50", "2017-10-31": "$-0.24", "2017-07-31": "$-0.10", "2017-04-30": "$0.27", "2017-01-31": "$0.63", "2016-10-31": "$0.54", "2016-07-31": "$0.53", "2016-04-30": "$0.51", "2016-01-31": "$0.37", "2015-10-31": "$1.62", "2015-07-31": "$0.41", "2015-04-30": "$0.56", "2015-01-31": "$0.41", "2014-10-31": "$0.60", "2014-07-31": "$0.64", "2014-04-30": "$0.66", "2014-01-31": "$0.44", "2013-10-31": "$0.00", "2012-10-31": "$0.00"}}, "shares-outstanding": {"Keysight Technologies Annual Shares Outstanding (Millions of Shares)": {"2020": "189", "2019": "191", "2018": "191", "2017": "182", "2016": "172", "2015": "171", "2014": "167", "2013": "167", "2012": "167", "2006": "", "2005": ""}, "Keysight Technologies Quarterly Shares Outstanding (Millions of Shares)": {"2020-10-31": "189", "2020-07-31": "190", "2020-04-30": "189", "2020-01-31": "191", "2019-10-31": "191", "2019-07-31": "191", "2019-04-30": "191", "2019-01-31": "190", "2018-10-31": "191", "2018-07-31": "191", "2018-04-30": "190", "2018-01-31": "189", "2017-10-31": "182", "2017-07-31": "186", "2017-04-30": "179", "2017-01-31": "173", "2016-10-31": "172", "2016-07-31": "172", "2016-04-30": "172", "2016-01-31": "172", "2015-10-31": "171", "2015-07-31": "172", "2015-04-30": "171", "2015-01-31": "170", "2014-10-31": "167", "2014-07-31": "167", "2014-04-30": "167", "2014-01-31": "167", "2013-10-31": "", "2012-10-31": ""}}, "total-assets": {"Keysight Technologies Annual Total Assets (Millions of US $)": {"2020": "$7,218", "2019": "$6,623", "2018": "$5,824", "2017": "$5,933", "2016": "$3,796", "2015": "$3,508", "2014": "$3,050", "2013": "$2,028", "2012": "$0", "2006": "$327", "2005": "$289"}, "Keysight Technologies Quarterly Total Assets (Millions of US $)": {"2020-10-31": "$7,218", "2020-07-31": "$7,161", "2020-04-30": "$6,757", "2020-01-31": "$6,841", "2019-10-31": "$6,623", "2019-07-31": "$6,348", "2019-04-30": "$6,190", "2019-01-31": "$5,978", "2018-10-31": "$5,824", "2018-07-31": "$5,846", "2018-04-30": "$5,923", "2018-01-31": "$6,050", "2017-10-31": "$5,933", "2017-07-31": "$5,840", "2017-04-30": "$6,014", "2017-01-31": "$3,869", "2016-10-31": "$3,796", "2016-07-31": "$3,675", "2016-04-30": "$3,655", "2016-01-31": "$3,481", "2015-10-31": "$3,508", "2015-07-31": "$3,097", "2015-04-30": "$3,061", "2015-01-31": "$3,029", "2014-10-31": "$3,050", "2014-07-31": "$0", "2014-04-30": "$0", "2014-01-31": "$0", "2013-10-31": "$2,028", "2012-10-31": "$0"}}, "cash-on-hand": {"Keysight Technologies Annual Cash on Hand (Millions of US $)": {"2020": "$1,756", "2019": "$1,598", "2018": "$913", "2017": "$818", "2016": "$783", "2015": "$483", "2014": "$810", "2013": "$", "2012": "$", "2006": "$21", "2005": "$5"}, "Keysight Technologies Quarterly Cash on Hand (Millions of US $)": {"2020-10-31": "$1,756", "2020-07-31": "$1,697", "2020-04-30": "$1,841", "2020-01-31": "$1,691", "2019-10-31": "$1,598", "2019-07-31": "$1,394", "2019-04-30": "$1,277", "2019-01-31": "$1,098", "2018-10-31": "$913", "2018-07-31": "$742", "2018-04-30": "$784", "2018-01-31": "$980", "2017-10-31": "$818", "2017-07-31": "$876", "2017-04-30": "$1,023", "2017-01-31": "$896", "2016-10-31": "$783", "2016-07-31": "$664", "2016-04-30": "$620", "2016-01-31": "$572", "2015-10-31": "$483", "2015-07-31": "$1,000", "2015-04-30": "$894", "2015-01-31": "$887", "2014-10-31": "$810", "2014-07-31": "", "2014-04-30": "", "2014-01-31": "", "2013-10-31": "", "2012-10-31": ""}}, "long-term-debt": {"Keysight Technologies Annual Long Term Debt (Millions of US $)": {"2020": "$1,789", "2019": "$1,788", "2018": "$1,291", "2017": "$2,038", "2016": "$1,093", "2015": "$1,099", "2014": "$1,099", "2013": "$", "2012": "$", "2006": "$", "2005": "$"}, "Keysight Technologies Quarterly Long Term Debt (Millions of US $)": {"2020-10-31": "$1,789", "2020-07-31": "$1,789", "2020-04-30": "$1,788", "2020-01-31": "$1,788", "2019-10-31": "$1,788", "2019-07-31": "$1,292", "2019-04-30": "$1,292", "2019-01-31": "$1,291", "2018-10-31": "$1,291", "2018-07-31": "$1,790", "2018-04-30": "$1,789", "2018-01-31": "$2,028", "2017-10-31": "$2,038", "2017-07-31": "$2,047", "2017-04-30": "$2,156", "2017-01-31": "$1,093", "2016-10-31": "$1,093", "2016-07-31": "$1,100", "2016-04-30": "$1,100", "2016-01-31": "$1,099", "2015-10-31": "$1,099", "2015-07-31": "$1,099", "2015-04-30": "$1,099", "2015-01-31": "$1,099", "2014-10-31": "$1,099", "2014-07-31": "", "2014-04-30": "", "2014-01-31": "", "2013-10-31": "", "2012-10-31": ""}}, "total-liabilities": {"Keysight Technologies Annual Total Liabilities (Millions of US $)": {"2020": "$3,921", "2019": "$3,619", "2018": "$3,391", "2017": "$3,623", "2016": "$2,283", "2015": "$2,206", "2014": "$2,281", "2013": "$783", "2012": "$0", "2006": "$67", "2005": "$66"}, "Keysight Technologies Quarterly Total Liabilities (Millions of US $)": {"2020-10-31": "$3,921", "2020-07-31": "$3,807", "2020-04-30": "$3,672", "2020-01-31": "$3,714", "2019-10-31": "$3,619", "2019-07-31": "$3,410", "2019-04-30": "$3,392", "2019-01-31": "$3,320", "2018-10-31": "$3,391", "2018-07-31": "$3,233", "2018-04-30": "$3,400", "2018-01-31": "$3,566", "2017-10-31": "$3,623", "2017-07-31": "$3,621", "2017-04-30": "$3,842", "2017-01-31": "$2,221", "2016-10-31": "$2,283", "2016-07-31": "$2,078", "2016-04-30": "$2,155", "2016-01-31": "$2,099", "2015-10-31": "$2,206", "2015-07-31": "$1,992", "2015-04-30": "$2,025", "2015-01-31": "$2,111", "2014-10-31": "$2,281", "2014-07-31": "$0", "2014-04-30": "$0", "2014-01-31": "$0", "2013-10-31": "$783", "2012-10-31": "$0"}}, "total-share-holder-equity": {"Keysight Technologies Annual Share Holder Equity (Millions of US $)": {"2020": "$3,297", "2019": "$3,004", "2018": "$2,433", "2017": "$2,310", "2016": "$1,513", "2015": "$1,302", "2014": "$769", "2013": "$1,245", "2012": "$0", "2006": "$260", "2005": "$223"}, "Keysight Technologies Quarterly Share Holder Equity (Millions of US $)": {"2020-10-31": "$3,297", "2020-07-31": "$3,354", "2020-04-30": "$3,085", "2020-01-31": "$3,127", "2019-10-31": "$3,004", "2019-07-31": "$2,938", "2019-04-30": "$2,798", "2019-01-31": "$2,658", "2018-10-31": "$2,433", "2018-07-31": "$2,613", "2018-04-30": "$2,523", "2018-01-31": "$2,484", "2017-10-31": "$2,310", "2017-07-31": "$2,219", "2017-04-30": "$2,172", "2017-01-31": "$1,648", "2016-10-31": "$1,513", "2016-07-31": "$1,597", "2016-04-30": "$1,500", "2016-01-31": "$1,382", "2015-10-31": "$1,302", "2015-07-31": "$1,105", "2015-04-30": "$1,036", "2015-01-31": "$918", "2014-10-31": "$769", "2014-07-31": "$0", "2014-04-30": "$0", "2014-01-31": "$0", "2013-10-31": "$1,245", "2012-10-31": "$0"}}, "profit-margins": {"current": "14.85%"}, "gross margin": {"2020-10-31": "60.01%", "2020-07-31": "59.26%", "2020-04-30": "59.07%", "2020-01-31": "59.45%", "2019-10-31": "58.89%", "2019-07-31": "58.01%", "2019-04-30": "57.22%", "2019-01-31": "55.94%", "2018-10-31": "54.44%", "2018-07-31": "53.79%", "2018-04-30": "52.13%", "2018-01-31": "52.06%", "2017-10-31": "53.21%", "2017-07-31": "53.82%", "2017-04-30": "55.79%", "2017-01-31": "55.97%", "2016-10-31": "55.65%", "2016-07-31": "55.61%", "2016-04-30": "55.32%", "2016-01-31": "55.49%", "2015-10-31": "55.57%", "2015-07-31": "55.37%", "2015-04-30": "55.14%", "2015-01-31": "55.05%", "2014-10-31": "55.23%"}, "operating margin": {"2020-10-31": "18.12%", "2020-07-31": "16.86%", "2020-04-30": "16.92%", "2020-01-31": "18.06%", "2019-10-31": "16.52%", "2019-07-31": "-1.82%", "2019-04-30": "-3.79%", "2019-01-31": "-6.33%", "2018-10-31": "-10.16%", "2018-07-31": "3.61%", "2018-04-30": "0.37%", "2018-01-31": "-0.94%", "2017-10-31": "4.64%", "2017-07-31": "10.03%", "2017-04-30": "14.16%", "2017-01-31": "16.08%", "2016-10-31": "13.91%", "2016-07-31": "14.06%", "2016-04-30": "14.09%", "2016-01-31": "15.37%", "2015-10-31": "15.09%", "2015-07-31": "15.69%", "2015-04-30": "15.91%", "2015-01-31": "15.69%", "2014-10-31": "15.99%"}, "ebitda margin": {"2020-10-31": "25.85%", "2020-07-31": "24.58%", "2020-04-30": "24.45%", "2020-01-31": "25.16%", "2019-10-31": "23.68%", "2019-07-31": "22.17%", "2019-04-30": "20.64%", "2019-01-31": "18.80%", "2018-10-31": "16.12%", "2018-07-31": "11.84%", "2018-04-30": "9.10%", "2018-01-31": "7.27%", "2017-10-31": "11.70%", "2017-07-31": "16.10%", "2017-04-30": "18.91%", "2017-01-31": "20.63%", "2016-10-31": "18.51%", "2016-07-31": "18.55%", "2016-04-30": "18.28%", "2016-01-31": "19.16%", "2015-10-31": "18.56%", "2015-07-31": "18.97%", "2015-04-30": "18.99%", "2015-01-31": "18.66%", "2014-10-31": "18.85%"}, "pre tax profit margin": {"2020-10-31": "18.03%", "2020-07-31": "16.94%", "2020-04-30": "16.96%", "2020-01-31": "18.15%", "2019-10-31": "16.62%", "2019-07-31": "-1.70%", "2019-04-30": "-3.81%", "2019-01-31": "-6.62%", "2018-10-31": "-10.60%", "2018-07-31": "5.47%", "2018-04-30": "1.84%", "2018-01-31": "0.12%", "2017-10-31": "5.61%", "2017-07-31": "8.07%", "2017-04-30": "12.53%", "2017-01-31": "14.85%", "2016-10-31": "12.54%", "2016-07-31": "12.65%", "2016-04-30": "12.52%", "2016-01-31": "13.70%", "2015-10-31": "13.59%", "2015-07-31": "14.64%", "2015-04-30": "15.37%", "2015-01-31": "15.56%", "2014-10-31": "16.20%"}, "net profit margin": {"2020-10-31": "14.85%", "2020-07-31": "14.68%", "2020-04-30": "14.01%", "2020-01-31": "15.26%", "2019-10-31": "14.43%", "2019-07-31": "7.38%", "2019-04-30": "6.61%", "2019-01-31": "4.57%", "2018-10-31": "4.25%", "2018-07-31": "6.50%", "2018-04-30": "2.88%", "2018-01-31": "2.64%", "2017-10-31": "3.20%", "2017-07-31": "7.58%", "2017-04-30": "11.58%", "2017-01-31": "13.00%", "2016-10-31": "11.48%", "2016-07-31": "17.83%", "2016-04-30": "17.40%", "2016-01-31": "17.63%", "2015-10-31": "17.96%", "2015-07-31": "11.75%", "2015-04-30": "12.64%", "2015-01-31": "13.09%", "2014-10-31": "13.37%"}, "pe ratio": {"current": "32.56", "2021-02-05": "43.19", "2020-10-31": "31.68", "2020-07-31": "31.41", "2020-04-30": "31.42", "2020-01-31": "26.49", "2019-10-31": "31.05", "2019-07-31": "55.26", "2019-04-30": "61.29", "2019-01-31": "77.10", "2018-10-31": "66.37", "2018-07-31": "45.67", "2018-04-30": "95.70", "2018-01-31": "99.40", "2017-10-31": "74.45", "2017-07-31": "31.27", "2017-04-30": "19.10", "2017-01-31": "16.85", "2016-10-31": "16.91", "2016-07-31": "9.68", "2016-04-30": "8.99", "2016-01-31": "7.93", "2015-10-31": "11.06", "2015-07-31": "15.42"}, "price sales": {"2021-02-05": "6.43", "2020-10-31": "4.71", "2020-07-31": "4.61", "2020-04-30": "4.39", "2020-01-31": "4.04", "2019-10-31": "4.47", "2019-07-31": "4.04", "2019-04-30": "4.00", "2019-01-31": "3.48", "2018-10-31": "2.80", "2018-07-31": "2.94", "2018-04-30": "2.73", "2018-01-31": "2.61", "2017-10-31": "2.52", "2017-07-31": "2.41", "2017-04-30": "2.21", "2017-01-31": "2.18", "2016-10-31": "1.93", "2016-07-31": "1.72", "2016-04-30": "1.56", "2016-01-31": "1.40", "2015-10-31": "1.98", "2015-07-31": "1.81"}, "price book": {"current": "8.11", "2021-02-05": "8.03", "2020-10-31": "5.89", "2020-07-31": "5.58", "2020-04-30": "5.85", "2020-01-31": "5.58", "2019-10-31": "6.30", "2019-07-31": "5.72", "2019-04-30": "5.84", "2019-01-31": "5.23", "2018-10-31": "4.38", "2018-07-31": "4.16", "2018-04-30": "3.83", "2018-01-31": "3.53", "2017-10-31": "3.59", "2017-07-31": "3.48", "2017-04-30": "3.18", "2017-01-31": "3.86", "2016-10-31": "3.68", "2016-07-31": "3.11", "2016-04-30": "2.95", "2016-01-31": "2.90", "2015-10-31": "4.32", "2015-07-31": "4.67", "2015-04-30": "5.46", "2015-01-31": "6.11", "2014-10-31": "6.84"}, "price fcf": {"2021-02-05": "", "2020-10-31": "$4.76", "2020-07-31": "$4.34", "2020-04-30": "$4.84", "2020-01-31": "$4.37", "2019-10-31": "$4.61", "2019-07-31": "$4.58", "2019-04-30": "$3.29", "2019-01-31": "$2.69", "2018-10-31": "$2.37", "2018-07-31": "$1.39", "2018-04-30": "$1.81", "2018-01-31": "$1.57", "2017-10-31": "$1.41", "2017-07-31": "$1.86", "2017-04-30": "$1.78", "2017-01-31": "$2.14", "2016-10-31": "$1.91", "2016-07-31": "$1.56", "2016-04-30": "$1.83", "2016-01-31": "$1.52", "2015-10-31": "$1.67", "2015-07-31": "$4.28"}, "net worth": {"value": "$26.6B"}, "current ratio": {"current": "3.12", "2020-10-31": "3.12", "2020-07-31": "3.35", "2020-04-30": "3.47", "2020-01-31": "3.39", "2019-10-31": "3.21", "2019-07-31": "2.05", "2019-04-30": "1.90", "2019-01-31": "1.82", "2018-10-31": "1.63", "2018-07-31": "2.42", "2018-04-30": "2.30", "2018-01-31": "2.57", "2017-10-31": "2.66", "2017-07-31": "2.75", "2017-04-30": "2.64", "2017-01-31": "3.24", "2016-10-31": "2.88", "2016-07-31": "2.85", "2016-04-30": "2.66", "2016-01-31": "2.70", "2015-10-31": "2.30", "2015-07-31": "3.20", "2015-04-30": "3.05", "2015-01-31": "2.70", "2014-10-31": "2.41", "2014-07-31": "0.00", "2014-04-30": "0.00", "2014-01-31": "0.00", "2013-10-31": "1.74", "2012-10-31": "0.00"}, "quick ratio": {"2020-10-31": "2.42", "2020-07-31": "2.55", "2020-04-30": "2.67", "2020-01-31": "2.64", "2019-10-31": "2.50", "2019-07-31": "1.56", "2019-04-30": "1.46", "2019-01-31": "1.36", "2018-10-31": "1.20", "2018-07-31": "1.75", "2018-04-30": "1.67", "2018-01-31": "1.88", "2017-10-31": "1.94", "2017-07-31": "2.04", "2017-04-30": "1.97", "2017-01-31": "2.44", "2016-10-31": "2.14", "2016-07-31": "2.05", "2016-04-30": "1.94", "2016-01-31": "1.90", "2015-10-31": "1.59", "2015-07-31": "2.43", "2015-04-30": "2.30", "2015-01-31": "2.02", "2014-10-31": "1.76", "2014-07-31": "0.00", "2014-04-30": "0.00", "2014-01-31": "0.00", "2013-10-31": "0.84", "2012-10-31": "0.00"}, "debt equity ratio": {"current": "0.54", "2020-10-31": "1.19", "2020-07-31": "1.14", "2020-04-30": "1.19", "2020-01-31": "1.19", "2019-10-31": "1.21", "2019-07-31": "1.16", "2019-04-30": "1.21", "2019-01-31": "1.25", "2018-10-31": "1.39", "2018-07-31": "1.24", "2018-04-30": "1.35", "2018-01-31": "1.44", "2017-10-31": "1.57", "2017-07-31": "1.63", "2017-04-30": "1.77", "2017-01-31": "1.35", "2016-10-31": "1.51", "2016-07-31": "1.30", "2016-04-30": "1.44", "2016-01-31": "1.52", "2015-10-31": "1.69", "2015-07-31": "1.80", "2015-04-30": "1.96", "2015-01-31": "2.30", "2014-10-31": "2.97", "2014-07-31": "0.00", "2014-04-30": "0.00", "2014-01-31": "0.00", "2013-10-31": "0.63", "2012-10-31": "0.00"}, "return on equity": {"2020-10-31": "19.50%", "2020-07-31": "19.25%", "2020-04-30": "19.35%", "2020-01-31": "22.58%", "2019-10-31": "21.79%", "2019-07-31": "11.53%", "2019-04-30": "10.44%", "2019-01-31": "7.24%", "2018-10-31": "6.57%", "2018-07-31": "9.71%", "2018-04-30": "4.28%", "2018-01-31": "3.79%", "2017-10-31": "4.89%", "2017-07-31": "12.29%", "2017-04-30": "19.68%", "2017-01-31": "24.29%", "2016-10-31": "22.36%", "2016-07-31": "35.98%", "2016-04-30": "37.74%", "2016-01-31": "42.03%", "2015-10-31": "47.05%", "2015-07-31": "35.21%", "2015-04-30": "54.94%", "2015-01-31": "92.00%", "2014-10-31": "203.90%"}, "return on assets": {"2020-10-31": "8.96%", "2020-07-31": "8.84%", "2020-04-30": "8.85%", "2020-01-31": "10.31%", "2019-10-31": "9.88%", "2019-07-31": "5.13%", "2019-04-30": "4.60%", "2019-01-31": "3.14%", "2018-10-31": "2.79%", "2018-07-31": "4.06%", "2018-04-30": "1.72%", "2018-01-31": "1.46%", "2017-10-31": "1.88%", "2017-07-31": "4.75%", "2017-04-30": "7.86%", "2017-01-31": "10.14%", "2016-10-31": "9.17%", "2016-07-31": "14.53%", "2016-04-30": "14.53%", "2016-01-31": "15.43%", "2015-10-31": "16.16%", "2015-07-31": "11.02%", "2015-04-30": "16.37%", "2015-01-31": "25.53%", "2014-10-31": "51.41%"}, "return on investments": {"2020-10-31": "15.29%", "2020-07-31": "14.10%", "2020-04-30": "15.10%", "2020-01-31": "17.60%", "2019-10-31": "16.67%", "2019-07-31": "-1.93%", "2019-04-30": "-3.88%", "2019-01-31": "-6.25%", "2018-10-31": "-9.30%", "2018-07-31": "3.05%", "2018-04-30": "0.30%", "2018-01-31": "-0.71%", "2017-10-31": "3.77%", "2017-07-31": "8.81%", "2017-04-30": "13.48%", "2017-01-31": "17.66%", "2016-10-31": "15.64%", "2016-07-31": "16.11%", "2016-04-30": "16.68%", "2016-01-31": "19.17%", "2015-10-31": "19.69%", "2015-07-31": "21.89%", "2015-04-30": "31.30%", "2015-01-31": "47.88%", "2014-10-31": "100.43%"}, "return on tangible equity": {"2020-10-31": "43.34%", "2020-07-31": "42.51%", "2020-04-30": "43.15%", "2020-01-31": "53.11%", "2019-10-31": "55.80%", "2019-07-31": "33.16%", "2019-04-30": "42.09%", "2019-01-31": "52.82%", "2018-10-31": "219.27%", "2018-07-31": "-129.74%", "2018-04-30": "-32.05%", "2018-01-31": "-21.76%", "2017-10-31": "-62.58%", "2017-07-31": "269.77%", "2017-04-30": "91.36%", "2017-01-31": "61.19%", "2016-10-31": "60.72%", "2016-07-31": "104.31%", "2016-04-30": "96.29%", "2016-01-31": "93.28%", "2015-10-31": "91.53%", "2015-07-31": "60.04%", "2015-04-30": "98.16%", "2015-01-31": "176.36%", "2014-10-31": "436.77%"}, "dividend yield history": {"last payout": "$0.00", "last yield": "0.00%"}}