{"ticker": "KHC", "price": {"title": "Kraft Heinz Historical Annual Stock Price Data", "value": 35.54, "historical": {"2020": {"Average Stock Price": "30.8309", "Year Open": "31.6100", "Year High": "35.9300", "Year Low": "20.0600", "Year Close": "34.6600", "Annual % Change": "7.87%"}, "2019": {"Average Stock Price": "32.7448", "Year Open": "43.3400", "Year High": "48.2600", "Year Low": "25.0000", "Year Close": "32.1300", "Annual % Change": "-25.35%"}, "2018": {"Average Stock Price": "60.5311", "Year Open": "77.0200", "Year High": "80.2700", "Year Low": "42.5400", "Year Close": "43.0400", "Annual % Change": "-44.65%"}, "2017": {"Average Stock Price": "85.7348", "Year Open": "87.5300", "Year High": "96.6500", "Year Low": "75.2700", "Year Close": "77.7600", "Annual % Change": "-10.95%"}, "2016": {"Average Stock Price": "82.8648", "Year Open": "72.7000", "Year High": "89.9700", "Year Low": "69.2000", "Year Close": "87.3200", "Annual % Change": "20.01%"}, "2015": {"Average Stock Price": "74.6165", "Year Open": "72.9600", "Year High": "80.4800", "Year Low": "69.2000", "Year Close": "72.7600", "Annual % Change": "0.00%"}}}, "market cap": {"value": "$41.21B"}, "income statement": {"Revenue": {"2019-12-31": "24977.00000", "2018-12-31": "26268.00000", "2017-12-31": "26076.00000", "2016-12-31": "26300.00000", "2015-12-31": "18338.00000", "2014-12-31": "10922.00000", "2013-12-31": "11529.00000", "2012-12-31": "18271.00000", "2011-12-31": "18576.00000", "2010-12-31": "17797.00000"}, "Cost Of Goods Sold": {"2019-12-31": "16830.00000", "2018-12-31": "17347.00000", "2017-12-31": "17043.00000", "2016-12-31": "17154.00000", "2015-12-31": "12577.00000", "2014-12-31": "7645.00000", "2013-12-31": "7958.00000", "2012-12-31": "12499.00000", "2011-12-31": "12813.00000", "2010-12-31": "11777.00000"}, "Gross Profit": {"2019-12-31": "8147.00000", "2018-12-31": "8921.00000", "2017-12-31": "9033.00000", "2016-12-31": "9146.00000", "2015-12-31": "5761.00000", "2014-12-31": "3277.00000", "2013-12-31": "3571.00000", "2012-12-31": "5772.00000", "2011-12-31": "5763.00000", "2010-12-31": "6020.00000"}, "Research And Development Expenses": {"2019-12-31": "", "2018-12-31": "", "2017-12-31": "", "2016-12-31": "", "2015-12-31": "", "2014-12-31": "", "2013-12-31": "", "2012-12-31": "", "2011-12-31": "", "2010-12-31": ""}, "SG&A Expenses": {"2019-12-31": "3178.00000", "2018-12-31": "3190.00000", "2017-12-31": "2927.00000", "2016-12-31": "3527.00000", "2015-12-31": "3122.00000", "2014-12-31": "1709.00000", "2013-12-31": "1909.00000", "2012-12-31": "2961.00000", "2011-12-31": "2937.00000", "2010-12-31": "3063.00000"}, "Other Operating Income Or Expenses": {"2019-12-31": "-702.00000", "2018-12-31": "-8928.00000", "2017-12-31": "-49.00000", "2016-12-31": "-18.00000", "2015-12-31": "", "2014-12-31": "", "2013-12-31": "", "2012-12-31": "-141.00000", "2011-12-31": "2.00000", "2010-12-31": "8.00000"}, "Operating Expenses": {"2019-12-31": "21907.00000", "2018-12-31": "36473.00000", "2017-12-31": "20019.00000", "2016-12-31": "20699.00000", "2015-12-31": "15699.00000", "2014-12-31": "9354.00000", "2013-12-31": "9867.00000", "2012-12-31": "15601.00000", "2011-12-31": "15748.00000", "2010-12-31": "14832.00000"}, "Operating Income": {"2019-12-31": "3070.00000", "2018-12-31": "-10205.00000", "2017-12-31": "6057.00000", "2016-12-31": "5601.00000", "2015-12-31": "2639.00000", "2014-12-31": "1568.00000", "2013-12-31": "1662.00000", "2012-12-31": "2670.00000", "2011-12-31": "2828.00000", "2010-12-31": "2965.00000"}, "Total Non-Operating Income/Expense": {"2019-12-31": "-409.00000", "2018-12-31": "-1116.00000", "2017-12-31": "-607.00000", "2016-12-31": "-662.00000", "2015-12-31": "-1626.00000", "2014-12-31": "-765.00000", "2013-12-31": "-318.00000", "2012-12-31": "-217.00000", "2011-12-31": "48.00000", "2010-12-31": "37.00000"}, "Pre-Tax Income": {"2019-12-31": "2661.00000", "2018-12-31": "-11321.00000", "2017-12-31": "5450.00000", "2016-12-31": "4939.00000", "2015-12-31": "1013.00000", "2014-12-31": "803.00000", "2013-12-31": "1344.00000", "2012-12-31": "2453.00000", "2011-12-31": "2876.00000", "2010-12-31": "3002.00000"}, "Income Taxes": {"2019-12-31": "728.00000", "2018-12-31": "-1067.00000", "2017-12-31": "-5482.00000", "2016-12-31": "1333.00000", "2015-12-31": "366.00000", "2014-12-31": "131.00000", "2013-12-31": "242.00000", "2012-12-31": "811.00000", "2011-12-31": "1101.00000", "2010-12-31": "1112.00000"}, "Income After Taxes": {"2019-12-31": "1933.00000", "2018-12-31": "-10254.00000", "2017-12-31": "10932.00000", "2016-12-31": "3606.00000", "2015-12-31": "647.00000", "2014-12-31": "672.00000", "2013-12-31": "1102.00000", "2012-12-31": "1642.00000", "2011-12-31": "1775.00000", "2010-12-31": "1890.00000"}, "Other Income": {"2019-12-31": "", "2018-12-31": "", "2017-12-31": "", "2016-12-31": "", "2015-12-31": "", "2014-12-31": "", "2013-12-31": "", "2012-12-31": "", "2011-12-31": "", "2010-12-31": ""}, "Income From Continuous Operations": {"2019-12-31": "1933.00000", "2018-12-31": "-10254.00000", "2017-12-31": "10932.00000", "2016-12-31": "3606.00000", "2015-12-31": "647.00000", "2014-12-31": "672.00000", "2013-12-31": "1102.00000", "2012-12-31": "1642.00000", "2011-12-31": "1775.00000", "2010-12-31": "1890.00000"}, "Income From Discontinued Operations": {"2019-12-31": "", "2018-12-31": "", "2017-12-31": "", "2016-12-31": "", "2015-12-31": "", "2014-12-31": "", "2013-12-31": "-75.00000", "2012-12-31": "", "2011-12-31": "", "2010-12-31": "1644.00000"}, "Net Income": {"2019-12-31": "1935.00000", "2018-12-31": "-10192.00000", "2017-12-31": "10941.00000", "2016-12-31": "3416.00000", "2015-12-31": "-266.00000", "2014-12-31": "-63.00000", "2013-12-31": "1013.00000", "2012-12-31": "1637.00000", "2011-12-31": "1775.00000", "2010-12-31": "3534.00000"}, "EBITDA": {"2019-12-31": "3758.00000", "2018-12-31": "-9561.00000", "2017-12-31": "6760.00000", "2016-12-31": "6591.00000", "2015-12-31": "3614.00000", "2014-12-31": "2092.00000", "2013-12-31": "2002.00000", "2012-12-31": "3098.00000", "2011-12-31": "3192.00000", "2010-12-31": "3319.00000"}, "EBIT": {"2019-12-31": "3070.00000", "2018-12-31": "-10205.00000", "2017-12-31": "6057.00000", "2016-12-31": "5601.00000", "2015-12-31": "2639.00000", "2014-12-31": "1568.00000", "2013-12-31": "1662.00000", "2012-12-31": "2670.00000", "2011-12-31": "2828.00000", "2010-12-31": "2965.00000"}, "Basic Shares Outstanding": {"2019-12-31": "1221.00000", "2018-12-31": "1219.00000", "2017-12-31": "1218.00000", "2016-12-31": "1217.00000", "2015-12-31": "786.00000", "2014-12-31": "377.00000", "2013-12-31": "321.00000", "2012-12-31": "591.00000", "2011-12-31": "591.00000", "2010-12-31": "591.00000"}, "Shares Outstanding": {"2019-12-31": "1224.00000", "2018-12-31": "1219.00000", "2017-12-31": "1228.00000", "2016-12-31": "1226.00000", "2015-12-31": "786.00000", "2014-12-31": "377.00000", "2013-12-31": "323.00000", "2012-12-31": "596.00000", "2011-12-31": "591.00000", "2010-12-31": "591.00000"}, "Basic EPS": {"2019-12-31": "1.59000", "2018-12-31": "-8.36000", "2017-12-31": "8.98000", "2016-12-31": "2.81000", "2015-12-31": "-0.34000", "2014-12-31": "-0.17000", "2013-12-31": "3.16000", "2012-12-31": "2.77000", "2011-12-31": "3.00000", "2010-12-31": "5.98000"}, "EPS - Earnings Per Share": {"2019-12-31": "1.58000", "2018-12-31": "-8.36000", "2017-12-31": "8.91000", "2016-12-31": "2.78000", "2015-12-31": "-0.34000", "2014-12-31": "-0.17000", "2013-12-31": "3.14000", "2012-12-31": "2.75000", "2011-12-31": "3.00000", "2010-12-31": "5.98000"}}, "income statement, quarterly": {"Revenue": {"2020-09-30": "6441.00000", "2020-06-30": "6648.00000", "2020-03-31": "6157.00000", "2019-12-31": "6536.00000", "2019-09-30": "6076.00000", "2019-06-30": "6406.00000", "2019-03-31": "5959.00000", "2018-12-31": "6891.00000", "2018-09-30": "6383.00000", "2018-06-30": "6690.00000", "2018-03-31": "6304.00000", "2017-12-31": "6835.00000", "2017-09-30": "6280.00000", "2017-06-30": "6637.00000", "2017-03-31": "6324.00000", "2016-12-31": "6670.00000", "2016-09-30": "6267.00000", "2016-06-30": "6793.00000", "2016-03-31": "6570.00000", "2015-12-31": "7124.00000", "2015-09-30": "6120.00000", "2015-06-30": "2616.00000", "2015-03-31": "2478.00000", "2014-12-31": "1237.00000", "2014-09-30": "2594.00000", "2014-06-30": "2729.00000", "2014-03-31": "4362.00000", "2013-12-31": "-2094.00000", "2013-09-30": "4394.00000", "2013-06-30": "4716.00000", "2013-03-31": "4513.00000", "2012-12-31": "4444.00000", "2012-09-30": "4588.00000", "2012-06-30": "4786.00000", "2012-03-31": "4453.00000", "2011-12-31": "", "2011-09-30": "4474.00000", "2010-12-31": ""}, "Cost Of Goods Sold": {"2020-09-30": "4097.00000", "2020-06-30": "4196.00000", "2020-03-31": "4299.00000", "2019-12-31": "4429.00000", "2019-09-30": "4129.00000", "2019-06-30": "4324.00000", "2019-03-31": "3948.00000", "2018-12-31": "4675.00000", "2018-09-30": "4289.00000", "2018-06-30": "4343.00000", "2018-03-31": "4040.00000", "2017-12-31": "4637.00000", "2017-09-30": "4077.00000", "2017-06-30": "4204.00000", "2017-03-31": "4125.00000", "2016-12-31": "4651.00000", "2016-09-30": "4049.00000", "2016-06-30": "4262.00000", "2016-03-31": "4192.00000", "2015-12-31": "4720.00000", "2015-09-30": "4492.00000", "2015-06-30": "1734.00000", "2015-03-31": "1631.00000", "2014-12-31": "1172.00000", "2014-09-30": "1827.00000", "2014-06-30": "1844.00000", "2014-03-31": "2802.00000", "2013-12-31": "-773.00000", "2013-09-30": "2908.00000", "2013-06-30": "2780.00000", "2013-03-31": "3043.00000", "2012-12-31": "3326.00000", "2012-09-30": "3019.00000", "2012-06-30": "3150.00000", "2012-03-31": "3004.00000", "2011-12-31": "", "2011-09-30": "3110.00000", "2010-12-31": ""}, "Gross Profit": {"2020-09-30": "2344.00000", "2020-06-30": "2452.00000", "2020-03-31": "1858.00000", "2019-12-31": "2107.00000", "2019-09-30": "1947.00000", "2019-06-30": "2082.00000", "2019-03-31": "2011.00000", "2018-12-31": "2216.00000", "2018-09-30": "2094.00000", "2018-06-30": "2347.00000", "2018-03-31": "2264.00000", "2017-12-31": "2198.00000", "2017-09-30": "2203.00000", "2017-06-30": "2433.00000", "2017-03-31": "2199.00000", "2016-12-31": "2019.00000", "2016-09-30": "2218.00000", "2016-06-30": "2531.00000", "2016-03-31": "2378.00000", "2015-12-31": "2404.00000", "2015-09-30": "1628.00000", "2015-06-30": "882.00000", "2015-03-31": "847.00000", "2014-12-31": "65.00000", "2014-09-30": "767.00000", "2014-06-30": "885.00000", "2014-03-31": "1560.00000", "2013-12-31": "-1321.00000", "2013-09-30": "1486.00000", "2013-06-30": "1936.00000", "2013-03-31": "1470.00000", "2012-12-31": "1118.00000", "2012-09-30": "1569.00000", "2012-06-30": "1636.00000", "2012-03-31": "1449.00000", "2011-12-31": "", "2011-09-30": "1364.00000", "2010-12-31": ""}, "Research And Development Expenses": {"2020-09-30": "", "2020-06-30": "", "2020-03-31": "", "2019-12-31": "", "2019-09-30": "", "2019-06-30": "", "2019-03-31": "", "2018-12-31": "", "2018-09-30": "", "2018-06-30": "", "2018-03-31": "", "2017-12-31": "", "2017-09-30": "", "2017-06-30": "", "2017-03-31": "", "2016-12-31": "", "2016-09-30": "", "2016-06-30": "", "2016-03-31": "", "2015-12-31": "", "2015-09-30": "", "2015-06-30": "", "2015-03-31": "", "2014-12-31": "", "2014-09-30": "", "2014-06-30": "", "2014-03-31": "", "2013-12-31": "", "2013-09-30": "", "2013-06-30": "", "2013-03-31": "", "2012-12-31": "", "2012-09-30": "", "2012-06-30": "", "2012-03-31": "", "2011-12-31": "", "2011-09-30": "", "2010-12-31": ""}, "SG&A Expenses": {"2020-09-30": "897.00000", "2020-06-30": "918.00000", "2020-03-31": "862.00000", "2019-12-31": "837.00000", "2019-09-30": "762.00000", "2019-06-30": "750.00000", "2019-03-31": "829.00000", "2018-12-31": "867.00000", "2018-09-30": "803.00000", "2018-06-30": "756.00000", "2018-03-31": "764.00000", "2017-12-31": "707.00000", "2017-09-30": "665.00000", "2017-06-30": "789.00000", "2017-03-31": "766.00000", "2016-12-31": "962.00000", "2016-09-30": "805.00000", "2016-06-30": "895.00000", "2016-03-31": "865.00000", "2015-12-31": "1117.00000", "2015-09-30": "1229.00000", "2015-06-30": "438.00000", "2015-03-31": "338.00000", "2014-12-31": "182.00000", "2014-09-30": "358.00000", "2014-06-30": "511.00000", "2014-03-31": "658.00000", "2013-12-31": "193.00000", "2013-09-30": "601.00000", "2013-06-30": "516.00000", "2013-03-31": "599.00000", "2012-12-31": "818.00000", "2012-09-30": "786.00000", "2012-06-30": "687.00000", "2012-03-31": "670.00000", "2011-12-31": "", "2011-09-30": "658.00000", "2010-12-31": ""}, "Other Operating Income Or Expenses": {"2020-09-30": "", "2020-06-30": "-1056.00000", "2020-03-31": "", "2019-12-31": "-223.00000", "2019-09-30": "-5.00000", "2019-06-30": "-474.00000", "2019-03-31": "", "2018-12-31": "-8610.00000", "2018-09-30": "-217.00000", "2018-06-30": "-101.00000", "2018-03-31": "", "2017-12-31": "", "2017-09-30": "", "2017-06-30": "", "2017-03-31": "", "2016-12-31": "", "2016-09-30": "", "2016-06-30": "", "2016-03-31": "", "2015-12-31": "", "2015-09-30": "", "2015-06-30": "", "2015-03-31": "", "2014-12-31": "", "2014-09-30": "", "2014-06-30": "", "2014-03-31": "2.00000", "2013-12-31": "", "2013-09-30": "-15.00000", "2013-06-30": "-22.00000", "2013-03-31": "-62.00000", "2012-12-31": "-39.00000", "2012-09-30": "-26.00000", "2012-06-30": "-38.00000", "2012-03-31": "-38.00000", "2011-12-31": "", "2011-09-30": "2.00000", "2010-12-31": ""}, "Operating Expenses": {"2020-09-30": "5294.00000", "2020-06-30": "7987.00000", "2020-03-31": "5387.00000", "2019-12-31": "5942.00000", "2019-09-30": "4896.00000", "2019-06-30": "5672.00000", "2019-03-31": "5397.00000", "2018-12-31": "21027.00000", "2018-09-30": "5309.00000", "2018-06-30": "5333.00000", "2018-03-31": "4804.00000", "2017-12-31": "5393.00000", "2017-09-30": "4742.00000", "2017-06-30": "4993.00000", "2017-03-31": "4891.00000", "2016-12-31": "5631.00000", "2016-09-30": "4854.00000", "2016-06-30": "5157.00000", "2016-03-31": "5057.00000", "2015-12-31": "5837.00000", "2015-09-30": "5721.00000", "2015-06-30": "2172.00000", "2015-03-31": "1969.00000", "2014-12-31": "1356.00000", "2014-09-30": "2185.00000", "2014-06-30": "2355.00000", "2014-03-31": "3458.00000", "2013-12-31": "-679.00000", "2013-09-30": "3524.00000", "2013-06-30": "3318.00000", "2013-03-31": "3704.00000", "2012-12-31": "4183.00000", "2012-09-30": "3831.00000", "2012-06-30": "3875.00000", "2012-03-31": "3712.00000", "2011-12-31": "", "2011-09-30": "3766.00000", "2010-12-31": ""}, "Operating Income": {"2020-09-30": "1147.00000", "2020-06-30": "-1339.00000", "2020-03-31": "770.00000", "2019-12-31": "594.00000", "2019-09-30": "1180.00000", "2019-06-30": "734.00000", "2019-03-31": "562.00000", "2018-12-31": "-14136.00000", "2018-09-30": "1074.00000", "2018-06-30": "1357.00000", "2018-03-31": "1500.00000", "2017-12-31": "1442.00000", "2017-09-30": "1538.00000", "2017-06-30": "1644.00000", "2017-03-31": "1433.00000", "2016-12-31": "1039.00000", "2016-09-30": "1413.00000", "2016-06-30": "1636.00000", "2016-03-31": "1513.00000", "2015-12-31": "1287.00000", "2015-09-30": "399.00000", "2015-06-30": "444.00000", "2015-03-31": "509.00000", "2014-12-31": "-119.00000", "2014-09-30": "409.00000", "2014-06-30": "374.00000", "2014-03-31": "904.00000", "2013-12-31": "-1415.00000", "2013-09-30": "870.00000", "2013-06-30": "1398.00000", "2013-03-31": "809.00000", "2012-12-31": "261.00000", "2012-09-30": "757.00000", "2012-06-30": "911.00000", "2012-03-31": "741.00000", "2011-12-31": "", "2011-09-30": "708.00000", "2010-12-31": ""}, "Total Non-Operating Income/Expense": {"2020-09-30": "-241.00000", "2020-06-30": "-364.00000", "2020-03-31": "-229.00000", "2019-12-31": "-267.00000", "2019-09-30": "-18.00000", "2019-06-30": "-183.00000", "2019-03-31": "59.00000", "2018-12-31": "-338.00000", "2018-09-30": "-255.00000", "2018-06-30": "-296.00000", "2018-03-31": "-227.00000", "2017-12-31": "-191.00000", "2017-09-30": "-179.00000", "2017-06-30": "-54.00000", "2017-03-31": "-183.00000", "2016-12-31": "157.00000", "2016-09-30": "-308.00000", "2016-06-30": "-270.00000", "2016-03-31": "-241.00000", "2015-12-31": "-257.00000", "2015-09-30": "-568.00000", "2015-06-30": "-639.00000", "2015-03-31": "-162.00000", "2014-12-31": "-249.00000", "2014-09-30": "-195.00000", "2014-06-30": "-205.00000", "2014-03-31": "-116.00000", "2013-12-31": "59.00000", "2013-09-30": "-124.00000", "2013-06-30": "-130.00000", "2013-03-31": "-123.00000", "2012-12-31": "-129.00000", "2012-09-30": "-93.00000", "2012-06-30": "-5.00000", "2012-03-31": "10.00000", "2011-12-31": "", "2011-09-30": "11.00000", "2010-12-31": ""}, "Pre-Tax Income": {"2020-09-30": "906.00000", "2020-06-30": "-1703.00000", "2020-03-31": "541.00000", "2019-12-31": "327.00000", "2019-09-30": "1162.00000", "2019-06-30": "551.00000", "2019-03-31": "621.00000", "2018-12-31": "-14474.00000", "2018-09-30": "819.00000", "2018-06-30": "1061.00000", "2018-03-31": "1273.00000", "2017-12-31": "1251.00000", "2017-09-30": "1359.00000", "2017-06-30": "1590.00000", "2017-03-31": "1250.00000", "2016-12-31": "1196.00000", "2016-09-30": "1105.00000", "2016-06-30": "1366.00000", "2016-03-31": "1272.00000", "2015-12-31": "1030.00000", "2015-09-30": "-169.00000", "2015-06-30": "-195.00000", "2015-03-31": "347.00000", "2014-12-31": "-368.00000", "2014-09-30": "214.00000", "2014-06-30": "169.00000", "2014-03-31": "788.00000", "2013-12-31": "-1356.00000", "2013-09-30": "746.00000", "2013-06-30": "1268.00000", "2013-03-31": "686.00000", "2012-12-31": "132.00000", "2012-09-30": "664.00000", "2012-06-30": "906.00000", "2012-03-31": "751.00000", "2011-12-31": "", "2011-09-30": "719.00000", "2010-12-31": ""}, "Income Taxes": {"2020-09-30": "308.00000", "2020-06-30": "-51.00000", "2020-03-31": "160.00000", "2019-12-31": "144.00000", "2019-09-30": "264.00000", "2019-06-30": "103.00000", "2019-03-31": "217.00000", "2018-12-31": "-1846.00000", "2018-09-30": "201.00000", "2018-06-30": "308.00000", "2018-03-31": "270.00000", "2017-12-31": "-6687.00000", "2017-09-30": "416.00000", "2017-06-30": "430.00000", "2017-03-31": "359.00000", "2016-12-31": "288.00000", "2016-09-30": "262.00000", "2016-06-30": "411.00000", "2016-03-31": "372.00000", "2015-12-31": "382.00000", "2015-09-30": "-49.00000", "2015-06-30": "-35.00000", "2015-03-31": "68.00000", "2014-12-31": "-218.00000", "2014-09-30": "40.00000", "2014-06-30": "34.00000", "2014-03-31": "275.00000", "2013-12-31": "-673.00000", "2013-09-30": "246.00000", "2013-06-30": "439.00000", "2013-03-31": "230.00000", "2012-12-31": "42.00000", "2012-09-30": "198.00000", "2012-06-30": "303.00000", "2012-03-31": "268.00000", "2011-12-31": "", "2011-09-30": "302.00000", "2010-12-31": ""}, "Income After Taxes": {"2020-09-30": "598.00000", "2020-06-30": "-1652.00000", "2020-03-31": "381.00000", "2019-12-31": "183.00000", "2019-09-30": "898.00000", "2019-06-30": "448.00000", "2019-03-31": "404.00000", "2018-12-31": "-12628.00000", "2018-09-30": "618.00000", "2018-06-30": "753.00000", "2018-03-31": "1003.00000", "2017-12-31": "7938.00000", "2017-09-30": "943.00000", "2017-06-30": "1160.00000", "2017-03-31": "891.00000", "2016-12-31": "908.00000", "2016-09-30": "843.00000", "2016-06-30": "955.00000", "2016-03-31": "900.00000", "2015-12-31": "648.00000", "2015-09-30": "-120.00000", "2015-06-30": "-160.00000", "2015-03-31": "279.00000", "2014-12-31": "-150.00000", "2014-09-30": "174.00000", "2014-06-30": "135.00000", "2014-03-31": "513.00000", "2013-12-31": "-683.00000", "2013-09-30": "500.00000", "2013-06-30": "829.00000", "2013-03-31": "456.00000", "2012-12-31": "90.00000", "2012-09-30": "466.00000", "2012-06-30": "603.00000", "2012-03-31": "483.00000", "2011-12-31": "", "2011-09-30": "417.00000", "2010-12-31": ""}, "Other Income": {"2020-09-30": "", "2020-06-30": "", "2020-03-31": "", "2019-12-31": "", "2019-09-30": "", "2019-06-30": "", "2019-03-31": "", "2018-12-31": "", "2018-09-30": "", "2018-06-30": "", "2018-03-31": "", "2017-12-31": "", "2017-09-30": "", "2017-06-30": "", "2017-03-31": "", "2016-12-31": "", "2016-09-30": "", "2016-06-30": "", "2016-03-31": "", "2015-12-31": "", "2015-09-30": "", "2015-06-30": "", "2015-03-31": "", "2014-12-31": "", "2014-09-30": "", "2014-06-30": "", "2014-03-31": "", "2013-12-31": "", "2013-09-30": "", "2013-06-30": "", "2013-03-31": "", "2012-12-31": "", "2012-09-30": "", "2012-06-30": "", "2012-03-31": "", "2011-12-31": "", "2011-09-30": "", "2010-12-31": ""}, "Income From Continuous Operations": {"2020-09-30": "598.00000", "2020-06-30": "-1652.00000", "2020-03-31": "381.00000", "2019-12-31": "183.00000", "2019-09-30": "898.00000", "2019-06-30": "448.00000", "2019-03-31": "404.00000", "2018-12-31": "-12628.00000", "2018-09-30": "618.00000", "2018-06-30": "753.00000", "2018-03-31": "1003.00000", "2017-12-31": "7938.00000", "2017-09-30": "943.00000", "2017-06-30": "1160.00000", "2017-03-31": "891.00000", "2016-12-31": "908.00000", "2016-09-30": "843.00000", "2016-06-30": "955.00000", "2016-03-31": "900.00000", "2015-12-31": "648.00000", "2015-09-30": "-120.00000", "2015-06-30": "-160.00000", "2015-03-31": "279.00000", "2014-12-31": "-150.00000", "2014-09-30": "174.00000", "2014-06-30": "135.00000", "2014-03-31": "513.00000", "2013-12-31": "-683.00000", "2013-09-30": "500.00000", "2013-06-30": "829.00000", "2013-03-31": "456.00000", "2012-12-31": "90.00000", "2012-09-30": "466.00000", "2012-06-30": "603.00000", "2012-03-31": "483.00000", "2011-12-31": "", "2011-09-30": "417.00000", "2010-12-31": ""}, "Income From Discontinued Operations": {"2020-09-30": "", "2020-06-30": "", "2020-03-31": "", "2019-12-31": "", "2019-09-30": "", "2019-06-30": "", "2019-03-31": "", "2018-12-31": "", "2018-09-30": "", "2018-06-30": "", "2018-03-31": "", "2017-12-31": "", "2017-09-30": "", "2017-06-30": "", "2017-03-31": "", "2016-12-31": "", "2016-09-30": "", "2016-06-30": "", "2016-03-31": "", "2015-12-31": "", "2015-09-30": "", "2015-06-30": "", "2015-03-31": "", "2014-12-31": "", "2014-09-30": "", "2014-06-30": "", "2014-03-31": "", "2013-12-31": "", "2013-09-30": "", "2013-06-30": "", "2013-03-31": "", "2012-12-31": "", "2012-09-30": "", "2012-06-30": "", "2012-03-31": "", "2011-12-31": "", "2011-09-30": "", "2010-12-31": ""}, "Net Income": {"2020-09-30": "597.00000", "2020-06-30": "-1651.00000", "2020-03-31": "378.00000", "2019-12-31": "182.00000", "2019-09-30": "899.00000", "2019-06-30": "449.00000", "2019-03-31": "405.00000", "2018-12-31": "-12568.00000", "2018-09-30": "619.00000", "2018-06-30": "754.00000", "2018-03-31": "1003.00000", "2017-12-31": "7945.00000", "2017-09-30": "944.00000", "2017-06-30": "1159.00000", "2017-03-31": "893.00000", "2016-12-31": "908.00000", "2016-09-30": "842.00000", "2016-06-30": "770.00000", "2016-03-31": "896.00000", "2015-12-31": "285.00000", "2015-09-30": "-303.00000", "2015-06-30": "-344.00000", "2015-03-31": "96.00000", "2014-12-31": "-515.00000", "2014-09-30": "-8.00000", "2014-06-30": "-53.00000", "2014-03-31": "513.00000", "2013-12-31": "-765.00000", "2013-09-30": "497.00000", "2013-06-30": "825.00000", "2013-03-31": "456.00000", "2012-12-31": "85.00000", "2012-09-30": "466.00000", "2012-06-30": "603.00000", "2012-03-31": "483.00000", "2011-12-31": "", "2011-09-30": "417.00000", "2010-12-31": ""}, "EBITDA": {"2020-09-30": "1348.00000", "2020-06-30": "-1122.00000", "2020-03-31": "982.00000", "2019-12-31": "774.00000", "2019-09-30": "1347.00000", "2019-06-30": "913.00000", "2019-03-31": "724.00000", "2018-12-31": "-13943.00000", "2018-09-30": "1246.00000", "2018-06-30": "1515.00000", "2018-03-31": "1621.00000", "2017-12-31": "1602.00000", "2017-09-30": "1735.00000", "2017-06-30": "1810.00000", "2017-03-31": "1613.00000", "2016-12-31": "1236.00000", "2016-09-30": "1617.00000", "2016-06-30": "1912.00000", "2016-03-31": "1826.00000", "2015-12-31": "1891.00000", "2015-09-30": "594.00000", "2015-06-30": "531.00000", "2015-03-31": "598.00000", "2014-12-31": "-19.00000", "2014-09-30": "476.00000", "2014-06-30": "635.00000", "2014-03-31": "1000.00000", "2013-12-31": "-1371.00000", "2013-09-30": "962.00000", "2013-06-30": "1500.00000", "2013-03-31": "911.00000", "2012-12-31": "428.00000", "2012-09-30": "849.00000", "2012-06-30": "1001.00000", "2012-03-31": "820.00000", "2011-12-31": "", "2011-09-30": "708.00000", "2010-12-31": ""}, "EBIT": {"2020-09-30": "1147.00000", "2020-06-30": "-1339.00000", "2020-03-31": "770.00000", "2019-12-31": "594.00000", "2019-09-30": "1180.00000", "2019-06-30": "734.00000", "2019-03-31": "562.00000", "2018-12-31": "-14136.00000", "2018-09-30": "1074.00000", "2018-06-30": "1357.00000", "2018-03-31": "1500.00000", "2017-12-31": "1442.00000", "2017-09-30": "1538.00000", "2017-06-30": "1644.00000", "2017-03-31": "1433.00000", "2016-12-31": "1039.00000", "2016-09-30": "1413.00000", "2016-06-30": "1636.00000", "2016-03-31": "1513.00000", "2015-12-31": "1287.00000", "2015-09-30": "399.00000", "2015-06-30": "444.00000", "2015-03-31": "509.00000", "2014-12-31": "-119.00000", "2014-09-30": "409.00000", "2014-06-30": "374.00000", "2014-03-31": "904.00000", "2013-12-31": "-1415.00000", "2013-09-30": "870.00000", "2013-06-30": "1398.00000", "2013-03-31": "809.00000", "2012-12-31": "261.00000", "2012-09-30": "757.00000", "2012-06-30": "911.00000", "2012-03-31": "741.00000", "2011-12-31": "", "2011-09-30": "708.00000", "2010-12-31": ""}, "Basic Shares Outstanding": {"2020-09-30": "1223.00000", "2020-06-30": "1223.00000", "2020-03-31": "1222.00000", "2019-12-31": "1221.00000", "2019-09-30": "1221.00000", "2019-06-30": "1220.00000", "2019-03-31": "1220.00000", "2018-12-31": "1219.00000", "2018-09-30": "1219.00000", "2018-06-30": "1219.00000", "2018-03-31": "1219.00000", "2017-12-31": "1218.00000", "2017-09-30": "1218.00000", "2017-06-30": "1218.00000", "2017-03-31": "1217.00000", "2016-12-31": "1217.00000", "2016-09-30": "1218.00000", "2016-06-30": "1217.00000", "2016-03-31": "1215.00000", "2015-12-31": "786.00000", "2015-09-30": "1142.00000", "2015-06-30": "380.00000", "2015-03-31": "377.00000", "2014-12-31": "377.00000", "2014-09-30": "377.00000", "2014-06-30": "377.00000", "2014-03-31": "596.00000", "2013-12-31": "321.00000", "2013-09-30": "595.00000", "2013-06-30": "594.00000", "2013-03-31": "592.00000", "2012-12-31": "591.00000", "2012-09-30": "591.00000", "2012-06-30": "591.00000", "2012-03-31": "591.00000", "2011-12-31": "", "2011-09-30": "592.00000", "2010-12-31": ""}, "Shares Outstanding": {"2020-09-30": "1229.00000", "2020-06-30": "1223.00000", "2020-03-31": "1224.00000", "2019-12-31": "1224.00000", "2019-09-30": "1223.00000", "2019-06-30": "1222.00000", "2019-03-31": "1224.00000", "2018-12-31": "1219.00000", "2018-09-30": "1226.00000", "2018-06-30": "1226.00000", "2018-03-31": "1228.00000", "2017-12-31": "1228.00000", "2017-09-30": "1218.00000", "2017-06-30": "1229.00000", "2017-03-31": "1229.00000", "2016-12-31": "1226.00000", "2016-09-30": "1228.00000", "2016-06-30": "1227.00000", "2016-03-31": "1225.00000", "2015-12-31": "786.00000", "2015-09-30": "1142.00000", "2015-06-30": "380.00000", "2015-03-31": "399.00000", "2014-12-31": "377.00000", "2014-09-30": "377.00000", "2014-06-30": "377.00000", "2014-03-31": "601.00000", "2013-12-31": "323.00000", "2013-09-30": "600.00000", "2013-06-30": "599.00000", "2013-03-31": "597.00000", "2012-12-31": "596.00000", "2012-09-30": "591.00000", "2012-06-30": "591.00000", "2012-03-31": "591.00000", "2011-12-31": "", "2011-09-30": "592.00000", "2010-12-31": ""}, "Basic EPS": {"2020-09-30": "0.49000", "2020-06-30": "-1.35000", "2020-03-31": "0.31000", "2019-12-31": "0.15000", "2019-09-30": "0.74000", "2019-06-30": "0.37000", "2019-03-31": "0.33000", "2018-12-31": "-10.31000", "2018-09-30": "0.51000", "2018-06-30": "0.62000", "2018-03-31": "0.82000", "2017-12-31": "6.52000", "2017-09-30": "0.78000", "2017-06-30": "0.95000", "2017-03-31": "0.73000", "2016-12-31": "0.75000", "2016-09-30": "0.69000", "2016-06-30": "0.63000", "2016-03-31": "0.74000", "2015-12-31": "0.58000", "2015-09-30": "-0.27000", "2015-06-30": "-0.91000", "2015-03-31": "0.26000", "2014-12-31": "-0.87000", "2014-09-30": "-0.02000", "2014-06-30": "-0.14000", "2014-03-31": "0.86000", "2013-12-31": "0.16000", "2013-09-30": "0.84000", "2013-06-30": "1.39000", "2013-03-31": "0.77000", "2012-12-31": "0.14000", "2012-09-30": "0.79000", "2012-06-30": "1.02000", "2012-03-31": "0.82000", "2011-12-31": "", "2011-09-30": "0.70000", "2010-12-31": ""}, "EPS - Earnings Per Share": {"2020-09-30": "0.49000", "2020-06-30": "-1.35000", "2020-03-31": "0.31000", "2019-12-31": "0.14000", "2019-09-30": "0.74000", "2019-06-30": "0.37000", "2019-03-31": "0.33000", "2018-12-31": "-10.30000", "2018-09-30": "0.50000", "2018-06-30": "0.62000", "2018-03-31": "0.82000", "2017-12-31": "6.47000", "2017-09-30": "0.77000", "2017-06-30": "0.94000", "2017-03-31": "0.73000", "2016-12-31": "0.73000", "2016-09-30": "0.69000", "2016-06-30": "0.63000", "2016-03-31": "0.73000", "2015-12-31": "0.60000", "2015-09-30": "-0.27000", "2015-06-30": "-0.91000", "2015-03-31": "0.24000", "2014-12-31": "-0.86000", "2014-09-30": "-0.02000", "2014-06-30": "-0.14000", "2014-03-31": "0.85000", "2013-12-31": "0.17000", "2013-09-30": "0.83000", "2013-06-30": "1.38000", "2013-03-31": "0.76000", "2012-12-31": "0.12000", "2012-09-30": "0.79000", "2012-06-30": "1.02000", "2012-03-31": "0.82000", "2011-12-31": "0.00000", "2011-09-30": "0.70000", "2010-12-31": "0.00000"}}, "balance sheet": {"Cash On Hand": {"2019-12-31": "2279.00000", "2018-12-31": "1130.00000", "2017-12-31": "1629.00000", "2016-12-31": "4204.00000", "2015-12-31": "4837.00000", "2014-12-31": "2298.00000", "2013-12-31": "1686.00000", "2012-12-31": "1255.00000", "2011-12-31": "", "2010-12-31": ""}, "Receivables": {"2019-12-31": "2146.00000", "2018-12-31": "2281.00000", "2017-12-31": "1812.00000", "2016-12-31": "1158.00000", "2015-12-31": "1454.00000", "2014-12-31": "851.00000", "2013-12-31": "1048.00000", "2012-12-31": "1089.00000", "2011-12-31": "903.00000", "2010-12-31": ""}, "Inventory": {"2019-12-31": "2721.00000", "2018-12-31": "2667.00000", "2017-12-31": "2760.00000", "2016-12-31": "2684.00000", "2015-12-31": "2618.00000", "2014-12-31": "1185.00000", "2013-12-31": "1616.00000", "2012-12-31": "1928.00000", "2011-12-31": "1943.00000", "2010-12-31": ""}, "Pre-Paid Expenses": {"2019-12-31": "384.00000", "2018-12-31": "400.00000", "2017-12-31": "345.00000", "2016-12-31": "", "2015-12-31": "", "2014-12-31": "", "2013-12-31": "", "2012-12-31": "", "2011-12-31": "", "2010-12-31": ""}, "Other Current Assets": {"2019-12-31": "567.00000", "2018-12-31": "2597.00000", "2017-12-31": "655.00000", "2016-12-31": "707.00000", "2015-12-31": "871.00000", "2014-12-31": "581.00000", "2013-12-31": "198.00000", "2012-12-31": "131.00000", "2011-12-31": "194.00000", "2010-12-31": ""}, "Total Current Assets": {"2019-12-31": "8097.00000", "2018-12-31": "9075.00000", "2017-12-31": "7201.00000", "2016-12-31": "8753.00000", "2015-12-31": "9780.00000", "2014-12-31": "4915.00000", "2013-12-31": "4908.00000", "2012-12-31": "4823.00000", "2011-12-31": "3272.00000", "2010-12-31": ""}, "Property, Plant, And Equipment": {"2019-12-31": "7055.00000", "2018-12-31": "7078.00000", "2017-12-31": "7061.00000", "2016-12-31": "6688.00000", "2015-12-31": "6524.00000", "2014-12-31": "2365.00000", "2013-12-31": "4115.00000", "2012-12-31": "4204.00000", "2011-12-31": "4278.00000", "2010-12-31": ""}, "Long-Term Investments": {"2019-12-31": "", "2018-12-31": "", "2017-12-31": "", "2016-12-31": "", "2015-12-31": "", "2014-12-31": "", "2013-12-31": "", "2012-12-31": "", "2011-12-31": "", "2010-12-31": ""}, "Goodwill And Intangible Assets": {"2019-12-31": "84198.00000", "2018-12-31": "85971.00000", "2017-12-31": "104257.00000", "2016-12-31": "103422.00000", "2015-12-31": "105171.00000", "2014-12-31": "28147.00000", "2013-12-31": "13734.00000", "2012-12-31": "13827.00000", "2011-12-31": "13946.00000", "2010-12-31": "0.00000"}, "Other Long-Term Assets": {"2019-12-31": "2100.00000", "2018-12-31": "1337.00000", "2017-12-31": "1573.00000", "2016-12-31": "1617.00000", "2015-12-31": "1498.00000", "2014-12-31": "1144.00000", "2013-12-31": "391.00000", "2012-12-31": "325.00000", "2011-12-31": "43.00000", "2010-12-31": ""}, "Total Long-Term Assets": {"2019-12-31": "93353.00000", "2018-12-31": "94386.00000", "2017-12-31": "112891.00000", "2016-12-31": "111727.00000", "2015-12-31": "113193.00000", "2014-12-31": "31656.00000", "2013-12-31": "18240.00000", "2012-12-31": "18356.00000", "2011-12-31": "18267.00000", "2010-12-31": ""}, "Total Assets": {"2019-12-31": "101450.00000", "2018-12-31": "103461.00000", "2017-12-31": "120092.00000", "2016-12-31": "120480.00000", "2015-12-31": "122973.00000", "2014-12-31": "36571.00000", "2013-12-31": "23148.00000", "2012-12-31": "23179.00000", "2011-12-31": "21539.00000", "2010-12-31": "0.00000"}, "Total Current Liabilities": {"2019-12-31": "7875.00000", "2018-12-31": "7503.00000", "2017-12-31": "10154.00000", "2016-12-31": "9501.00000", "2015-12-31": "6932.00000", "2014-12-31": "3092.00000", "2013-12-31": "3410.00000", "2012-12-31": "3606.00000", "2011-12-31": "2572.00000", "2010-12-31": ""}, "Long Term Debt": {"2019-12-31": "28216.00000", "2018-12-31": "30770.00000", "2017-12-31": "28308.00000", "2016-12-31": "29713.00000", "2015-12-31": "25151.00000", "2014-12-31": "13358.00000", "2013-12-31": "9976.00000", "2012-12-31": "9966.00000", "2011-12-31": "27.00000", "2010-12-31": ""}, "Other Non-Current Liabilities": {"2019-12-31": "1459.00000", "2018-12-31": "902.00000", "2017-12-31": "1088.00000", "2016-12-31": "806.00000", "2015-12-31": "752.00000", "2014-12-31": "282.00000", "2013-12-31": "428.00000", "2012-12-31": "405.00000", "2011-12-31": "641.00000", "2010-12-31": ""}, "Total Long Term Liabilities": {"2019-12-31": "41826.00000", "2018-12-31": "44183.00000", "2017-12-31": "43868.00000", "2016-12-31": "53405.00000", "2015-12-31": "49828.00000", "2014-12-31": "17823.00000", "2013-12-31": "14551.00000", "2012-12-31": "16001.00000", "2011-12-31": "2379.00000", "2010-12-31": ""}, "Total Liabilities": {"2019-12-31": "49701.00000", "2018-12-31": "51686.00000", "2017-12-31": "54022.00000", "2016-12-31": "62906.00000", "2015-12-31": "56760.00000", "2014-12-31": "20915.00000", "2013-12-31": "17961.00000", "2012-12-31": "19607.00000", "2011-12-31": "4951.00000", "2010-12-31": "0.00000"}, "Common Stock Net": {"2019-12-31": "12.00000", "2018-12-31": "12.00000", "2017-12-31": "12.00000", "2016-12-31": "12.00000", "2015-12-31": "12.00000", "2014-12-31": "4.00000", "2013-12-31": "", "2012-12-31": "", "2011-12-31": "", "2010-12-31": "0.00000"}, "Retained Earnings (Accumulated Deficit)": {"2019-12-31": "-3060.00000", "2018-12-31": "-4853.00000", "2017-12-31": "8495.00000", "2016-12-31": "588.00000", "2015-12-31": "", "2014-12-31": "", "2013-12-31": "1281.00000", "2012-12-31": "-206.00000", "2011-12-31": "", "2010-12-31": ""}, "Comprehensive Income": {"2019-12-31": "-1886.00000", "2018-12-31": "-1943.00000", "2017-12-31": "-1054.00000", "2016-12-31": "-1628.00000", "2015-12-31": "-671.00000", "2014-12-31": "-574.00000", "2013-12-31": "-499.00000", "2012-12-31": "-460.00000", "2011-12-31": "-125.00000", "2010-12-31": ""}, "Other Share Holders Equity": {"2019-12-31": "", "2018-12-31": "", "2017-12-31": "", "2016-12-31": "", "2015-12-31": "", "2014-12-31": "", "2013-12-31": "", "2012-12-31": "", "2011-12-31": "16713.00000", "2010-12-31": "0.00000"}, "Share Holder Equity": {"2019-12-31": "51749.00000", "2018-12-31": "51775.00000", "2017-12-31": "66070.00000", "2016-12-31": "57574.00000", "2015-12-31": "66213.00000", "2014-12-31": "15656.00000", "2013-12-31": "5187.00000", "2012-12-31": "3572.00000", "2011-12-31": "16588.00000", "2010-12-31": "0.00000"}, "Total Liabilities And Share Holders Equity": {"2019-12-31": "101450.00000", "2018-12-31": "103461.00000", "2017-12-31": "120092.00000", "2016-12-31": "120480.00000", "2015-12-31": "122973.00000", "2014-12-31": "36571.00000", "2013-12-31": "23148.00000", "2012-12-31": "23179.00000", "2011-12-31": "21539.00000", "2010-12-31": "0.00000"}}, "balance sheet, quarterly": {"Cash On Hand": {"2020-09-30": "2720.00000", "2020-06-30": "2812.00000", "2020-03-31": "5403.00000", "2019-12-31": "2279.00000", "2019-09-30": "2315.00000", "2019-06-30": "1452.00000", "2019-03-31": "1096.00000", "2018-12-31": "1130.00000", "2018-09-30": "1366.00000", "2018-06-30": "3369.00000", "2018-03-31": "1794.00000", "2017-12-31": "1629.00000", "2017-09-30": "1441.00000", "2017-06-30": "1445.00000", "2017-03-31": "3242.00000", "2016-12-31": "4204.00000", "2016-09-30": "3920.00000", "2016-06-30": "4237.00000", "2016-03-31": "4199.00000", "2015-12-31": "4837.00000", "2015-09-30": "4437.00000", "2015-06-30": "2147.00000", "2015-03-31": "1178.00000", "2014-12-31": "2298.00000", "2014-09-30": "935.00000", "2014-06-30": "1370.00000", "2014-03-31": "1482.00000", "2013-12-31": "1686.00000", "2013-09-30": "1231.00000", "2013-06-30": "1164.00000", "2013-03-31": "1181.00000", "2012-12-31": "1255.00000", "2012-09-30": "244.00000", "2012-06-30": "", "2012-03-31": "", "2011-12-31": "", "2011-09-30": "", "2010-12-31": ""}, "Receivables": {"2020-09-30": "1979.00000", "2020-06-30": "2045.00000", "2020-03-31": "2321.00000", "2019-12-31": "1973.00000", "2019-09-30": "2078.00000", "2019-06-30": "2154.00000", "2019-03-31": "2095.00000", "2018-12-31": "2281.00000", "2018-09-30": "2227.00000", "2018-06-30": "2164.00000", "2018-03-31": "1724.00000", "2017-12-31": "1812.00000", "2017-09-30": "1365.00000", "2017-06-30": "1434.00000", "2017-03-31": "1474.00000", "2016-12-31": "1158.00000", "2016-09-30": "1063.00000", "2016-06-30": "1260.00000", "2016-03-31": "1744.00000", "2015-12-31": "1454.00000", "2015-09-30": "1613.00000", "2015-06-30": "1021.00000", "2015-03-31": "1219.00000", "2014-12-31": "851.00000", "2014-09-30": "1086.00000", "2014-06-30": "1186.00000", "2014-03-31": "1204.00000", "2013-12-31": "1048.00000", "2013-09-30": "1106.00000", "2013-06-30": "1223.00000", "2013-03-31": "1278.00000", "2012-12-31": "1089.00000", "2012-09-30": "1157.00000", "2012-06-30": "", "2012-03-31": "", "2011-12-31": "", "2011-09-30": "", "2010-12-31": ""}, "Inventory": {"2020-09-30": "2661.00000", "2020-06-30": "2815.00000", "2020-03-31": "2831.00000", "2019-12-31": "2721.00000", "2019-09-30": "3158.00000", "2019-06-30": "3074.00000", "2019-03-31": "3118.00000", "2018-12-31": "2667.00000", "2018-09-30": "3287.00000", "2018-06-30": "3161.00000", "2018-03-31": "3144.00000", "2017-12-31": "2760.00000", "2017-09-30": "3188.00000", "2017-06-30": "3065.00000", "2017-03-31": "3151.00000", "2016-12-31": "2684.00000", "2016-09-30": "3108.00000", "2016-06-30": "2881.00000", "2016-03-31": "2892.00000", "2015-12-31": "2618.00000", "2015-09-30": "2981.00000", "2015-06-30": "1162.00000", "2015-03-31": "1886.00000", "2014-12-31": "1185.00000", "2014-09-30": "2044.00000", "2014-06-30": "2024.00000", "2014-03-31": "1909.00000", "2013-12-31": "1616.00000", "2013-09-30": "1881.00000", "2013-06-30": "1898.00000", "2013-03-31": "1948.00000", "2012-12-31": "1928.00000", "2012-09-30": "2090.00000", "2012-06-30": "", "2012-03-31": "", "2011-12-31": "", "2011-09-30": "", "2010-12-31": ""}, "Pre-Paid Expenses": {"2020-09-30": "382.00000", "2020-06-30": "471.00000", "2020-03-31": "485.00000", "2019-12-31": "384.00000", "2019-09-30": "415.00000", "2019-06-30": "395.00000", "2019-03-31": "384.00000", "2018-12-31": "400.00000", "2018-09-30": "", "2018-06-30": "", "2018-03-31": "", "2017-12-31": "345.00000", "2017-09-30": "", "2017-06-30": "", "2017-03-31": "", "2016-12-31": "", "2016-09-30": "", "2016-06-30": "", "2016-03-31": "", "2015-12-31": "", "2015-09-30": "", "2015-06-30": "191.00000", "2015-03-31": "", "2014-12-31": "", "2014-09-30": "", "2014-06-30": "", "2014-03-31": "", "2013-12-31": "", "2013-09-30": "", "2013-06-30": "", "2013-03-31": "", "2012-12-31": "", "2012-09-30": "", "2012-06-30": "", "2012-03-31": "", "2011-12-31": "", "2011-09-30": "", "2010-12-31": ""}, "Other Current Assets": {"2020-09-30": "2323.00000", "2020-06-30": "633.00000", "2020-03-31": "668.00000", "2019-12-31": "740.00000", "2019-09-30": "1159.00000", "2019-06-30": "2093.00000", "2019-03-31": "2142.00000", "2018-12-31": "2597.00000", "2018-09-30": "710.00000", "2018-06-30": "807.00000", "2018-03-31": "775.00000", "2017-12-31": "655.00000", "2017-09-30": "1234.00000", "2017-06-30": "1164.00000", "2017-03-31": "1008.00000", "2016-12-31": "707.00000", "2016-09-30": "852.00000", "2016-06-30": "969.00000", "2016-03-31": "977.00000", "2015-12-31": "871.00000", "2015-09-30": "1380.00000", "2015-06-30": "68.00000", "2015-03-31": "339.00000", "2014-12-31": "581.00000", "2014-09-30": "209.00000", "2014-06-30": "192.00000", "2014-03-31": "201.00000", "2013-12-31": "198.00000", "2013-09-30": "189.00000", "2013-06-30": "116.00000", "2013-03-31": "144.00000", "2012-12-31": "131.00000", "2012-09-30": "206.00000", "2012-06-30": "", "2012-03-31": "", "2011-12-31": "", "2011-09-30": "", "2010-12-31": ""}, "Total Current Assets": {"2020-09-30": "10065.00000", "2020-06-30": "8776.00000", "2020-03-31": "11708.00000", "2019-12-31": "8097.00000", "2019-09-30": "9125.00000", "2019-06-30": "9168.00000", "2019-03-31": "8835.00000", "2018-12-31": "9075.00000", "2018-09-30": "7590.00000", "2018-06-30": "9501.00000", "2018-03-31": "7437.00000", "2017-12-31": "7201.00000", "2017-09-30": "7228.00000", "2017-06-30": "7108.00000", "2017-03-31": "8875.00000", "2016-12-31": "8753.00000", "2016-09-30": "8943.00000", "2016-06-30": "9347.00000", "2016-03-31": "9812.00000", "2015-12-31": "9780.00000", "2015-09-30": "10411.00000", "2015-06-30": "4589.00000", "2015-03-31": "5004.00000", "2014-12-31": "4915.00000", "2014-09-30": "4622.00000", "2014-06-30": "5111.00000", "2014-03-31": "5157.00000", "2013-12-31": "4908.00000", "2013-09-30": "4835.00000", "2013-06-30": "4819.00000", "2013-03-31": "4954.00000", "2012-12-31": "4823.00000", "2012-09-30": "3905.00000", "2012-06-30": "", "2012-03-31": "", "2011-12-31": "", "2011-09-30": "", "2010-12-31": ""}, "Property, Plant, And Equipment": {"2020-09-30": "6558.00000", "2020-06-30": "6777.00000", "2020-03-31": "6813.00000", "2019-12-31": "7055.00000", "2019-09-30": "6926.00000", "2019-06-30": "7023.00000", "2019-03-31": "7031.00000", "2018-12-31": "7078.00000", "2018-09-30": "7216.00000", "2018-06-30": "7258.00000", "2018-03-31": "7267.00000", "2017-12-31": "7061.00000", "2017-09-30": "6934.00000", "2017-06-30": "6808.00000", "2017-03-31": "6693.00000", "2016-12-31": "6688.00000", "2016-09-30": "6490.00000", "2016-06-30": "6423.00000", "2016-03-31": "6434.00000", "2015-12-31": "6524.00000", "2015-09-30": "6432.00000", "2015-06-30": "2253.00000", "2015-03-31": "4194.00000", "2014-12-31": "2365.00000", "2014-09-30": "4169.00000", "2014-06-30": "4130.00000", "2014-03-31": "4106.00000", "2013-12-31": "4115.00000", "2013-09-30": "4103.00000", "2013-06-30": "4028.00000", "2013-03-31": "4026.00000", "2012-12-31": "4204.00000", "2012-09-30": "4211.00000", "2012-06-30": "", "2012-03-31": "", "2011-12-31": "", "2011-09-30": "", "2010-12-31": ""}, "Long-Term Investments": {"2020-09-30": "", "2020-06-30": "", "2020-03-31": "", "2019-12-31": "", "2019-09-30": "", "2019-06-30": "", "2019-03-31": "", "2018-12-31": "", "2018-09-30": "", "2018-06-30": "", "2018-03-31": "", "2017-12-31": "", "2017-09-30": "", "2017-06-30": "", "2017-03-31": "", "2016-12-31": "", "2016-09-30": "", "2016-06-30": "", "2016-03-31": "", "2015-12-31": "", "2015-09-30": "", "2015-06-30": "", "2015-03-31": "", "2014-12-31": "", "2014-09-30": "", "2014-06-30": "", "2014-03-31": "", "2013-12-31": "", "2013-09-30": "", "2013-06-30": "", "2013-03-31": "", "2012-12-31": "", "2012-09-30": "", "2012-06-30": "", "2012-03-31": "", "2011-12-31": "", "2011-09-30": "", "2010-12-31": ""}, "Goodwill And Intangible Assets": {"2020-09-30": "79279.00000", "2020-06-30": "80512.00000", "2020-03-31": "83321.00000", "2019-12-31": "84198.00000", "2019-09-30": "84540.00000", "2019-06-30": "84932.00000", "2019-03-31": "85644.00000", "2018-12-31": "85971.00000", "2018-09-30": "103035.00000", "2018-06-30": "103371.00000", "2018-03-31": "104443.00000", "2017-12-31": "104257.00000", "2017-09-30": "104358.00000", "2017-06-30": "103965.00000", "2017-03-31": "103630.00000", "2016-12-31": "103422.00000", "2016-09-30": "104138.00000", "2016-06-30": "104403.00000", "2016-03-31": "105591.00000", "2015-12-31": "105171.00000", "2015-09-30": "103443.00000", "2015-06-30": "27683.00000", "2015-03-31": "13551.00000", "2014-12-31": "28147.00000", "2014-09-30": "13688.00000", "2014-06-30": "13745.00000", "2014-03-31": "13699.00000", "2013-12-31": "13734.00000", "2013-09-30": "13933.00000", "2013-06-30": "13906.00000", "2013-03-31": "13950.00000", "2012-12-31": "13827.00000", "2012-09-30": "13996.00000", "2012-06-30": "0.00000", "2012-03-31": "0.00000", "2011-12-31": "", "2011-09-30": "0.00000", "2010-12-31": "0.00000"}, "Other Long-Term Assets": {"2020-09-30": "2220.00000", "2020-06-30": "2241.00000", "2020-03-31": "2231.00000", "2019-12-31": "2100.00000", "2019-09-30": "2231.00000", "2019-06-30": "2078.00000", "2019-03-31": "2052.00000", "2018-12-31": "1337.00000", "2018-09-30": "1889.00000", "2018-06-30": "1766.00000", "2018-03-31": "1640.00000", "2017-12-31": "1573.00000", "2017-09-30": "1531.00000", "2017-06-30": "1535.00000", "2017-03-31": "1604.00000", "2016-12-31": "1617.00000", "2016-09-30": "1509.00000", "2016-06-30": "1511.00000", "2016-03-31": "1436.00000", "2015-12-31": "1498.00000", "2015-09-30": "1506.00000", "2015-06-30": "1537.00000", "2015-03-31": "385.00000", "2014-12-31": "1144.00000", "2014-09-30": "324.00000", "2014-06-30": "359.00000", "2014-03-31": "399.00000", "2013-12-31": "391.00000", "2013-09-30": "255.00000", "2013-06-30": "311.00000", "2013-03-31": "337.00000", "2012-12-31": "325.00000", "2012-09-30": "172.00000", "2012-06-30": "", "2012-03-31": "", "2011-12-31": "", "2011-09-30": "", "2010-12-31": ""}, "Total Long-Term Assets": {"2020-09-30": "88057.00000", "2020-06-30": "89530.00000", "2020-03-31": "92365.00000", "2019-12-31": "93353.00000", "2019-09-30": "93697.00000", "2019-06-30": "94033.00000", "2019-03-31": "94727.00000", "2018-12-31": "94386.00000", "2018-09-30": "112140.00000", "2018-06-30": "112395.00000", "2018-03-31": "113350.00000", "2017-12-31": "112891.00000", "2017-09-30": "112823.00000", "2017-06-30": "112308.00000", "2017-03-31": "111927.00000", "2016-12-31": "111727.00000", "2016-09-30": "112137.00000", "2016-06-30": "112337.00000", "2016-03-31": "113461.00000", "2015-12-31": "113193.00000", "2015-09-30": "111381.00000", "2015-06-30": "31473.00000", "2015-03-31": "18130.00000", "2014-12-31": "31656.00000", "2014-09-30": "18181.00000", "2014-06-30": "18234.00000", "2014-03-31": "18204.00000", "2013-12-31": "18240.00000", "2013-09-30": "18291.00000", "2013-06-30": "18245.00000", "2013-03-31": "18313.00000", "2012-12-31": "18356.00000", "2012-09-30": "18379.00000", "2012-06-30": "", "2012-03-31": "", "2011-12-31": "", "2011-09-30": "", "2010-12-31": ""}, "Total Assets": {"2020-09-30": "98122.00000", "2020-06-30": "98306.00000", "2020-03-31": "104073.00000", "2019-12-31": "101450.00000", "2019-09-30": "102822.00000", "2019-06-30": "103201.00000", "2019-03-31": "103562.00000", "2018-12-31": "103461.00000", "2018-09-30": "119730.00000", "2018-06-30": "121896.00000", "2018-03-31": "120787.00000", "2017-12-31": "120092.00000", "2017-09-30": "120051.00000", "2017-06-30": "119416.00000", "2017-03-31": "120802.00000", "2016-12-31": "120480.00000", "2016-09-30": "121080.00000", "2016-06-30": "121684.00000", "2016-03-31": "123273.00000", "2015-12-31": "122973.00000", "2015-09-30": "121792.00000", "2015-06-30": "36062.00000", "2015-03-31": "23134.00000", "2014-12-31": "36571.00000", "2014-09-30": "22803.00000", "2014-06-30": "23345.00000", "2014-03-31": "23361.00000", "2013-12-31": "23148.00000", "2013-09-30": "23126.00000", "2013-06-30": "23064.00000", "2013-03-31": "23267.00000", "2012-12-31": "23179.00000", "2012-09-30": "22284.00000", "2012-06-30": "0.00000", "2012-03-31": "0.00000", "2011-12-31": "0.00000", "2011-09-30": "0.00000", "2010-12-31": "0.00000"}, "Total Current Liabilities": {"2020-09-30": "7694.00000", "2020-06-30": "8050.00000", "2020-03-31": "7934.00000", "2019-12-31": "7875.00000", "2019-09-30": "9112.00000", "2019-06-30": "7797.00000", "2019-03-31": "7972.00000", "2018-12-31": "7503.00000", "2018-09-30": "7581.00000", "2018-06-30": "9091.00000", "2018-03-31": "10329.00000", "2017-12-31": "10154.00000", "2017-09-30": "9387.00000", "2017-06-30": "7356.00000", "2017-03-31": "9383.00000", "2016-12-31": "9501.00000", "2016-09-30": "9414.00000", "2016-06-30": "9593.00000", "2016-03-31": "6730.00000", "2015-12-31": "6932.00000", "2015-09-30": "5746.00000", "2015-06-30": "2653.00000", "2015-03-31": "4884.00000", "2014-12-31": "3092.00000", "2014-09-30": "4291.00000", "2014-06-30": "4796.00000", "2014-03-31": "3534.00000", "2013-12-31": "3410.00000", "2013-09-30": "2899.00000", "2013-06-30": "3282.00000", "2013-03-31": "3367.00000", "2012-12-31": "3606.00000", "2012-09-30": "2569.00000", "2012-06-30": "", "2012-03-31": "", "2011-12-31": "", "2011-09-30": "", "2010-12-31": ""}, "Long Term Debt": {"2020-09-30": "27882.00000", "2020-06-30": "28097.00000", "2020-03-31": "31531.00000", "2019-12-31": "28216.00000", "2019-09-30": "28112.00000", "2019-06-30": "29832.00000", "2019-03-31": "29803.00000", "2018-12-31": "30770.00000", "2018-09-30": "30998.00000", "2018-06-30": "31380.00000", "2018-03-31": "28561.00000", "2017-12-31": "28308.00000", "2017-09-30": "28299.00000", "2017-06-30": "29979.00000", "2017-03-31": "29748.00000", "2016-12-31": "29713.00000", "2016-09-30": "29980.00000", "2016-06-30": "30002.00000", "2016-03-31": "25167.00000", "2015-12-31": "25151.00000", "2015-09-30": "25250.00000", "2015-06-30": "13626.00000", "2015-03-31": "8626.00000", "2014-12-31": "13358.00000", "2014-09-30": "8615.00000", "2014-06-30": "8604.00000", "2014-03-31": "9998.00000", "2013-12-31": "9976.00000", "2013-09-30": "9975.00000", "2013-06-30": "9967.00000", "2013-03-31": "9966.00000", "2012-12-31": "9966.00000", "2012-09-30": "9568.00000", "2012-06-30": "", "2012-03-31": "", "2011-12-31": "", "2011-09-30": "", "2010-12-31": ""}, "Other Non-Current Liabilities": {"2020-09-30": "1496.00000", "2020-06-30": "1370.00000", "2020-03-31": "1395.00000", "2019-12-31": "1459.00000", "2019-09-30": "1467.00000", "2019-06-30": "1459.00000", "2019-03-31": "1483.00000", "2018-12-31": "902.00000", "2018-09-30": "964.00000", "2018-06-30": "929.00000", "2018-03-31": "949.00000", "2017-12-31": "1088.00000", "2017-09-30": "688.00000", "2017-06-30": "673.00000", "2017-03-31": "801.00000", "2016-12-31": "806.00000", "2016-09-30": "745.00000", "2016-06-30": "801.00000", "2016-03-31": "737.00000", "2015-12-31": "752.00000", "2015-09-30": "734.00000", "2015-06-30": "448.00000", "2015-03-31": "335.00000", "2014-12-31": "282.00000", "2014-09-30": "315.00000", "2014-06-30": "376.00000", "2014-03-31": "398.00000", "2013-12-31": "428.00000", "2013-09-30": "435.00000", "2013-06-30": "438.00000", "2013-03-31": "445.00000", "2012-12-31": "405.00000", "2012-09-30": "537.00000", "2012-06-30": "", "2012-03-31": "", "2011-12-31": "", "2011-09-30": "", "2010-12-31": ""}, "Total Long Term Liabilities": {"2020-09-30": "41087.00000", "2020-06-30": "41090.00000", "2020-03-31": "45015.00000", "2019-12-31": "41826.00000", "2019-09-30": "41906.00000", "2019-06-30": "43729.00000", "2019-03-31": "43757.00000", "2018-12-31": "44183.00000", "2018-09-30": "46577.00000", "2018-06-30": "46940.00000", "2018-03-31": "44003.00000", "2017-12-31": "43868.00000", "2017-09-30": "51693.00000", "2017-06-30": "53514.00000", "2017-03-31": "53475.00000", "2016-12-31": "53405.00000", "2016-09-30": "53798.00000", "2016-06-30": "54044.00000", "2016-03-31": "49964.00000", "2015-12-31": "49828.00000", "2015-09-30": "48709.00000", "2015-06-30": "18135.00000", "2015-03-31": "13733.00000", "2014-12-31": "17823.00000", "2014-09-30": "12927.00000", "2014-06-30": "13086.00000", "2014-03-31": "14520.00000", "2013-12-31": "14551.00000", "2013-09-30": "15374.00000", "2013-06-30": "15482.00000", "2013-03-31": "16158.00000", "2012-12-31": "16001.00000", "2012-09-30": "12257.00000", "2012-06-30": "", "2012-03-31": "", "2011-12-31": "", "2011-09-30": "", "2010-12-31": ""}, "Total Liabilities": {"2020-09-30": "48781.00000", "2020-06-30": "49140.00000", "2020-03-31": "52949.00000", "2019-12-31": "49701.00000", "2019-09-30": "51018.00000", "2019-06-30": "51526.00000", "2019-03-31": "51729.00000", "2018-12-31": "51686.00000", "2018-09-30": "54158.00000", "2018-06-30": "56031.00000", "2018-03-31": "54332.00000", "2017-12-31": "54022.00000", "2017-09-30": "61080.00000", "2017-06-30": "60870.00000", "2017-03-31": "62858.00000", "2016-12-31": "62906.00000", "2016-09-30": "63212.00000", "2016-06-30": "63637.00000", "2016-03-31": "56694.00000", "2015-12-31": "56760.00000", "2015-09-30": "54455.00000", "2015-06-30": "20788.00000", "2015-03-31": "18617.00000", "2014-12-31": "20915.00000", "2014-09-30": "17218.00000", "2014-06-30": "17882.00000", "2014-03-31": "18054.00000", "2013-12-31": "17961.00000", "2013-09-30": "18273.00000", "2013-06-30": "18764.00000", "2013-03-31": "19525.00000", "2012-12-31": "19607.00000", "2012-09-30": "14826.00000", "2012-06-30": "0.00000", "2012-03-31": "0.00000", "2011-12-31": "", "2011-09-30": "0.00000", "2010-12-31": "0.00000"}, "Common Stock Net": {"2020-09-30": "12.00000", "2020-06-30": "12.00000", "2020-03-31": "12.00000", "2019-12-31": "12.00000", "2019-09-30": "12.00000", "2019-06-30": "12.00000", "2019-03-31": "12.00000", "2018-12-31": "12.00000", "2018-09-30": "12.00000", "2018-06-30": "12.00000", "2018-03-31": "12.00000", "2017-12-31": "12.00000", "2017-09-30": "12.00000", "2017-06-30": "12.00000", "2017-03-31": "12.00000", "2016-12-31": "12.00000", "2016-09-30": "12.00000", "2016-06-30": "12.00000", "2016-03-31": "12.00000", "2015-12-31": "12.00000", "2015-09-30": "12.00000", "2015-06-30": "4.00000", "2015-03-31": "", "2014-12-31": "4.00000", "2014-09-30": "", "2014-06-30": "", "2014-03-31": "", "2013-12-31": "", "2013-09-30": "", "2013-06-30": "", "2013-03-31": "", "2012-12-31": "", "2012-09-30": "", "2012-06-30": "0.00000", "2012-03-31": "0.00000", "2011-12-31": "", "2011-09-30": "0.00000", "2010-12-31": "0.00000"}, "Retained Earnings (Accumulated Deficit)": {"2020-09-30": "-3739.00000", "2020-06-30": "-4336.00000", "2020-03-31": "-2686.00000", "2019-12-31": "-3060.00000", "2019-09-30": "-3241.00000", "2019-06-30": "-4140.00000", "2019-03-31": "-4586.00000", "2018-12-31": "-4853.00000", "2018-09-30": "8576.00000", "2018-06-30": "8710.00000", "2018-03-31": "8718.00000", "2017-12-31": "8495.00000", "2017-09-30": "1360.00000", "2017-06-30": "1178.00000", "2017-03-31": "750.00000", "2016-12-31": "588.00000", "2016-09-30": "374.00000", "2016-06-30": "263.00000", "2016-03-31": "193.00000", "2015-12-31": "", "2015-09-30": "-196.00000", "2015-06-30": "", "2015-03-31": "1148.00000", "2014-12-31": "", "2014-09-30": "2094.00000", "2014-06-30": "1648.00000", "2014-03-31": "1481.00000", "2013-12-31": "1281.00000", "2013-09-30": "980.00000", "2013-06-30": "481.00000", "2013-03-31": "-477.00000", "2012-12-31": "-206.00000", "2012-09-30": "", "2012-06-30": "", "2012-03-31": "", "2011-12-31": "", "2011-09-30": "", "2010-12-31": ""}, "Comprehensive Income": {"2020-09-30": "-2258.00000", "2020-06-30": "-2296.00000", "2020-03-31": "-2426.00000", "2019-12-31": "-1886.00000", "2019-09-30": "-2126.00000", "2019-06-30": "-1807.00000", "2019-03-31": "-1684.00000", "2018-12-31": "-1943.00000", "2018-09-30": "-1732.00000", "2018-06-30": "-1557.00000", "2018-03-31": "-975.00000", "2017-12-31": "-1054.00000", "2017-09-30": "-1085.00000", "2017-06-30": "-1308.00000", "2017-03-31": "-1449.00000", "2016-12-31": "-1628.00000", "2016-09-30": "-1229.00000", "2016-06-30": "-933.00000", "2016-03-31": "-560.00000", "2015-12-31": "-671.00000", "2015-09-30": "-613.00000", "2015-06-30": "-719.00000", "2015-03-31": "-634.00000", "2014-12-31": "-574.00000", "2014-09-30": "-561.00000", "2014-06-30": "-483.00000", "2014-03-31": "-518.00000", "2013-12-31": "-499.00000", "2013-09-30": "-489.00000", "2013-06-30": "-509.00000", "2013-03-31": "", "2012-12-31": "-460.00000", "2012-09-30": "-460.00000", "2012-06-30": "", "2012-03-31": "", "2011-12-31": "", "2011-09-30": "", "2010-12-31": ""}, "Other Share Holders Equity": {"2020-09-30": "", "2020-06-30": "", "2020-03-31": "", "2019-12-31": "", "2019-09-30": "", "2019-06-30": "", "2019-03-31": "", "2018-12-31": "", "2018-09-30": "", "2018-06-30": "", "2018-03-31": "", "2017-12-31": "", "2017-09-30": "", "2017-06-30": "", "2017-03-31": "", "2016-12-31": "", "2016-09-30": "", "2016-06-30": "", "2016-03-31": "", "2015-12-31": "", "2015-09-30": "", "2015-06-30": "", "2015-03-31": "", "2014-12-31": "", "2014-09-30": "", "2014-06-30": "", "2014-03-31": "", "2013-12-31": "", "2013-09-30": "", "2013-06-30": "", "2013-03-31": "-48.00000", "2012-12-31": "", "2012-09-30": "7918.00000", "2012-06-30": "0.00000", "2012-03-31": "0.00000", "2011-12-31": "", "2011-09-30": "0.00000", "2010-12-31": "0.00000"}, "Share Holder Equity": {"2020-09-30": "49341.00000", "2020-06-30": "49166.00000", "2020-03-31": "51124.00000", "2019-12-31": "51749.00000", "2019-09-30": "51804.00000", "2019-06-30": "51675.00000", "2019-03-31": "51833.00000", "2018-12-31": "51775.00000", "2018-09-30": "65572.00000", "2018-06-30": "65865.00000", "2018-03-31": "66455.00000", "2017-12-31": "66070.00000", "2017-09-30": "58971.00000", "2017-06-30": "58546.00000", "2017-03-31": "57944.00000", "2016-12-31": "57574.00000", "2016-09-30": "57868.00000", "2016-06-30": "58047.00000", "2016-03-31": "66579.00000", "2015-12-31": "66213.00000", "2015-09-30": "67337.00000", "2015-06-30": "15274.00000", "2015-03-31": "4517.00000", "2014-12-31": "15656.00000", "2014-09-30": "5585.00000", "2014-06-30": "5463.00000", "2014-03-31": "5307.00000", "2013-12-31": "5187.00000", "2013-09-30": "4853.00000", "2013-06-30": "4300.00000", "2013-03-31": "3742.00000", "2012-12-31": "3572.00000", "2012-09-30": "7458.00000", "2012-06-30": "0.00000", "2012-03-31": "0.00000", "2011-12-31": "", "2011-09-30": "0.00000", "2010-12-31": "0.00000"}, "Total Liabilities And Share Holders Equity": {"2020-09-30": "98122.00000", "2020-06-30": "98306.00000", "2020-03-31": "104073.00000", "2019-12-31": "101450.00000", "2019-09-30": "102822.00000", "2019-06-30": "103201.00000", "2019-03-31": "103562.00000", "2018-12-31": "103461.00000", "2018-09-30": "119730.00000", "2018-06-30": "121896.00000", "2018-03-31": "120787.00000", "2017-12-31": "120092.00000", "2017-09-30": "120051.00000", "2017-06-30": "119416.00000", "2017-03-31": "120802.00000", "2016-12-31": "120480.00000", "2016-09-30": "121080.00000", "2016-06-30": "121684.00000", "2016-03-31": "123273.00000", "2015-12-31": "122973.00000", "2015-09-30": "121792.00000", "2015-06-30": "36062.00000", "2015-03-31": "23134.00000", "2014-12-31": "36571.00000", "2014-09-30": "22803.00000", "2014-06-30": "23345.00000", "2014-03-31": "23361.00000", "2013-12-31": "23148.00000", "2013-09-30": "23126.00000", "2013-06-30": "23064.00000", "2013-03-31": "23267.00000", "2012-12-31": "23179.00000", "2012-09-30": "22284.00000", "2012-06-30": "0.00000", "2012-03-31": "0.00000", "2011-12-31": "", "2011-09-30": "0.00000", "2010-12-31": "0.00000"}}, "cash flow statement": {"Net Income/Loss": {"2019-12-31": "1933.00000", "2018-12-31": "-10254.00000", "2017-12-31": "10932.00000", "2016-12-31": "3606.00000", "2015-12-31": "647.00000", "2014-12-31": "672.00000", "2013-12-31": "1027.00000", "2012-12-31": "1642.00000", "2011-12-31": "1775.00000", "2010-12-31": "3534.00000"}, "Total Depreciation And Amortization - Cash Flow": {"2019-12-31": "688.00000", "2018-12-31": "644.00000", "2017-12-31": "703.00000", "2016-12-31": "990.00000", "2015-12-31": "975.00000", "2014-12-31": "524.00000", "2013-12-31": "340.00000", "2012-12-31": "428.00000", "2011-12-31": "364.00000", "2010-12-31": "354.00000"}, "Other Non-Cash Items": {"2019-12-31": "1164.00000", "2018-12-31": "14247.00000", "2017-12-31": "-7770.00000", "2016-12-31": "-453.00000", "2015-12-31": "283.00000", "2014-12-31": "147.00000", "2013-12-31": "-8.00000", "2012-12-31": "934.00000", "2011-12-31": "312.00000", "2010-12-31": "-1561.00000"}, "Total Non-Cash Items": {"2019-12-31": "1852.00000", "2018-12-31": "14891.00000", "2017-12-31": "-7067.00000", "2016-12-31": "537.00000", "2015-12-31": "1258.00000", "2014-12-31": "671.00000", "2013-12-31": "332.00000", "2012-12-31": "1362.00000", "2011-12-31": "676.00000", "2010-12-31": "-1207.00000"}, "Change In Accounts Receivable": {"2019-12-31": "140.00000", "2018-12-31": "-2280.00000", "2017-12-31": "-2629.00000", "2016-12-31": "-2055.00000", "2015-12-31": "-915.00000", "2014-12-31": "144.00000", "2013-12-31": "-103.00000", "2012-12-31": "220.00000", "2011-12-31": "238.00000", "2010-12-31": "-80.00000"}, "Change In Inventories": {"2019-12-31": "-277.00000", "2018-12-31": "-251.00000", "2017-12-31": "-236.00000", "2016-12-31": "-130.00000", "2015-12-31": "25.00000", "2014-12-31": "153.00000", "2013-12-31": "-49.00000", "2012-12-31": "21.00000", "2011-12-31": "-169.00000", "2010-12-31": "-69.00000"}, "Change In Accounts Payable": {"2019-12-31": "-58.00000", "2018-12-31": "-23.00000", "2017-12-31": "441.00000", "2016-12-31": "879.00000", "2015-12-31": "-119.00000", "2014-12-31": "562.00000", "2013-12-31": "169.00000", "2012-12-31": "-241.00000", "2011-12-31": "226.00000", "2010-12-31": "-5.00000"}, "Change In Assets/Liabilities": {"2019-12-31": "-38.00000", "2018-12-31": "491.00000", "2017-12-31": "-940.00000", "2016-12-31": "-189.00000", "2015-12-31": "376.00000", "2014-12-31": "-62.00000", "2013-12-31": "14.00000", "2012-12-31": "31.00000", "2011-12-31": "-82.00000", "2010-12-31": "-1345.00000"}, "Total Change In Assets/Liabilities": {"2019-12-31": "-233.00000", "2018-12-31": "-2063.00000", "2017-12-31": "-3364.00000", "2016-12-31": "-1495.00000", "2015-12-31": "-633.00000", "2014-12-31": "797.00000", "2013-12-31": "31.00000", "2012-12-31": "31.00000", "2011-12-31": "213.00000", "2010-12-31": "-1499.00000"}, "Cash Flow From Operating Activities": {"2019-12-31": "3552.00000", "2018-12-31": "2574.00000", "2017-12-31": "501.00000", "2016-12-31": "2648.00000", "2015-12-31": "1272.00000", "2014-12-31": "2140.00000", "2013-12-31": "1390.00000", "2012-12-31": "3035.00000", "2011-12-31": "2664.00000", "2010-12-31": "828.00000"}, "Net Change In Property, Plant, And Equipment": {"2019-12-31": "1107.00000", "2018-12-31": "-808.00000", "2017-12-31": "-1194.00000", "2016-12-31": "-1247.00000", "2015-12-31": "-648.00000", "2014-12-31": "-399.00000", "2013-12-31": "-399.00000", "2012-12-31": "-422.00000", "2011-12-31": "-401.00000", "2010-12-31": "-448.00000"}, "Net Change In Intangible Assets": {"2019-12-31": "", "2018-12-31": "", "2017-12-31": "", "2016-12-31": "", "2015-12-31": "", "2014-12-31": "", "2013-12-31": "", "2012-12-31": "", "2011-12-31": "", "2010-12-31": ""}, "Net Acquisitions/Divestitures": {"2019-12-31": "-199.00000", "2018-12-31": "-248.00000", "2017-12-31": "", "2016-12-31": "", "2015-12-31": "-9468.00000", "2014-12-31": "", "2013-12-31": "", "2012-12-31": "", "2011-12-31": "", "2010-12-31": "3698.00000"}, "Net Change In Short-term Investments": {"2019-12-31": "", "2018-12-31": "", "2017-12-31": "", "2016-12-31": "", "2015-12-31": "", "2014-12-31": "", "2013-12-31": "", "2012-12-31": "", "2011-12-31": "", "2010-12-31": ""}, "Net Change In Long-Term Investments": {"2019-12-31": "590.00000", "2018-12-31": "24.00000", "2017-12-31": "6.00000", "2016-12-31": "", "2015-12-31": "488.00000", "2014-12-31": "", "2013-12-31": "", "2012-12-31": "", "2011-12-31": "", "2010-12-31": ""}, "Net Change In Investments - Total": {"2019-12-31": "590.00000", "2018-12-31": "24.00000", "2017-12-31": "6.00000", "2016-12-31": "", "2015-12-31": "488.00000", "2014-12-31": "", "2013-12-31": "", "2012-12-31": "", "2011-12-31": "", "2010-12-31": ""}, "Investing Activities - Other": {"2019-12-31": "13.00000", "2018-12-31": "1320.00000", "2017-12-31": "2365.00000", "2016-12-31": "2699.00000", "2015-12-31": "1319.00000", "2014-12-31": "50.00000", "2013-12-31": "26.00000", "2012-12-31": "", "2011-12-31": "", "2010-12-31": ""}, "Cash Flow From Investing Activities": {"2019-12-31": "1511.00000", "2018-12-31": "288.00000", "2017-12-31": "1177.00000", "2016-12-31": "1452.00000", "2015-12-31": "-8309.00000", "2014-12-31": "-349.00000", "2013-12-31": "-373.00000", "2012-12-31": "-422.00000", "2011-12-31": "-401.00000", "2010-12-31": "3250.00000"}, "Net Long-Term Debt": {"2019-12-31": "-1828.00000", "2018-12-31": "277.00000", "2017-12-31": "-1145.00000", "2016-12-31": "6896.00000", "2015-12-31": "2520.00000", "2014-12-31": "-1103.00000", "2013-12-31": "-19.00000", "2012-12-31": "5963.00000", "2011-12-31": "-9.00000", "2010-12-31": "-9.00000"}, "Net Current Debt": {"2019-12-31": "", "2018-12-31": "-429.00000", "2017-12-31": "-206.00000", "2016-12-31": "637.00000", "2015-12-31": "", "2014-12-31": "", "2013-12-31": "1090.00000", "2012-12-31": "", "2011-12-31": "", "2010-12-31": ""}, "Debt Issuance/Retirement Net - Total": {"2019-12-31": "-1828.00000", "2018-12-31": "-152.00000", "2017-12-31": "-1351.00000", "2016-12-31": "7533.00000", "2015-12-31": "2520.00000", "2014-12-31": "-1103.00000", "2013-12-31": "1071.00000", "2012-12-31": "5963.00000", "2011-12-31": "-9.00000", "2010-12-31": "-9.00000"}, "Net Common Equity Issued/Repurchased": {"2019-12-31": "", "2018-12-31": "", "2017-12-31": "", "2016-12-31": "", "2015-12-31": "10000.00000", "2014-12-31": "", "2013-12-31": "", "2012-12-31": "", "2011-12-31": "", "2010-12-31": ""}, "Net Total Equity Issued/Repurchased": {"2019-12-31": "", "2018-12-31": "", "2017-12-31": "", "2016-12-31": "-8320.00000", "2015-12-31": "10000.00000", "2014-12-31": "", "2013-12-31": "", "2012-12-31": "", "2011-12-31": "", "2010-12-31": ""}, "Total Common And Preferred Stock Dividends Paid": {"2019-12-31": "-1953.00000", "2018-12-31": "-3183.00000", "2017-12-31": "-2888.00000", "2016-12-31": "-3764.00000", "2015-12-31": "-2202.00000", "2014-12-31": "-720.00000", "2013-12-31": "-666.00000", "2012-12-31": "", "2011-12-31": "", "2010-12-31": ""}, "Financial Activities - Other": {"2019-12-31": "-132.00000", "2018-12-31": "-28.00000", "2017-12-31": "18.00000", "2016-12-31": "-69.00000", "2015-12-31": "-271.00000", "2014-12-31": "3.00000", "2013-12-31": "-149.00000", "2012-12-31": "-7321.00000", "2011-12-31": "-2256.00000", "2010-12-31": "-4069.00000"}, "Cash Flow From Financial Activities": {"2019-12-31": "-3913.00000", "2018-12-31": "-3363.00000", "2017-12-31": "-4221.00000", "2016-12-31": "-4620.00000", "2015-12-31": "10047.00000", "2014-12-31": "-1820.00000", "2013-12-31": "256.00000", "2012-12-31": "-1358.00000", "2011-12-31": "-2265.00000", "2010-12-31": "-4078.00000"}, "Net Cash Flow": {"2019-12-31": "1144.00000", "2018-12-31": "-633.00000", "2017-12-31": "-2486.00000", "2016-12-31": "-657.00000", "2015-12-31": "2602.00000", "2014-12-31": "-161.00000", "2013-12-31": "1146.00000", "2012-12-31": "1255.00000", "2011-12-31": "-2.00000", "2010-12-31": "0.00000"}, "Stock-Based Compensation": {"2019-12-31": "46.00000", "2018-12-31": "33.00000", "2017-12-31": "46.00000", "2016-12-31": "46.00000", "2015-12-31": "133.00000", "2014-12-31": "8.00000", "2013-12-31": "34.00000", "2012-12-31": "54.00000", "2011-12-31": "51.00000", "2010-12-31": "49.00000"}, "Common Stock Dividends Paid": {"2019-12-31": "-1953.00000", "2018-12-31": "-3183.00000", "2017-12-31": "-2888.00000", "2016-12-31": "-3584.00000", "2015-12-31": "-1302.00000", "2014-12-31": "", "2013-12-31": "-666.00000", "2012-12-31": "", "2011-12-31": "0.00000", "2010-12-31": ""}}, "cash flow statement, quarterly": {"Net Income/Loss": {"2020-09-30": 598, "2020-06-30": -1652, "2020-03-31": "381.00000", "2019-12-31": 183, "2019-09-30": 898, "2019-06-30": 448, "2019-03-31": "404.00000", "2018-12-31": -12628, "2018-09-30": 618, "2018-06-30": 753, "2018-03-31": "1003.00000", "2017-12-31": 7938, "2017-09-30": 943, "2017-06-30": 1160, "2017-03-31": "891.00000", "2016-12-31": 908, "2016-09-30": 843, "2016-06-30": 955, "2016-03-31": "900.00000", "2015-12-31": 648, "2015-09-30": -120, "2015-06-30": -160, "2015-03-31": "279.00000", "2014-12-31": 165, "2014-09-30": 174, "2014-06-30": -180, "2014-03-31": "513.00000", "2013-12-31": -757, "2013-09-30": 499, "2013-06-30": 829, "2013-03-31": "456.00000", "2012-12-31": 90, "2012-09-30": 466, "2012-06-30": 603, "2012-03-31": "483.00000", "2011-12-31": 337, "2011-09-30": -2096, "2010-12-31": 3534}, "Total Depreciation And Amortization - Cash Flow": {"2020-09-30": 201, "2020-06-30": 217, "2020-03-31": "212.00000", "2019-12-31": 180, "2019-09-30": 167, "2019-06-30": 179, "2019-03-31": "162.00000", "2018-12-31": 193, "2018-09-30": 172, "2018-06-30": 158, "2018-03-31": "121.00000", "2017-12-31": 160, "2017-09-30": 197, "2017-06-30": 166, "2017-03-31": "180.00000", "2016-12-31": 197, "2016-09-30": 204, "2016-06-30": 276, "2016-03-31": "313.00000", "2015-12-31": 604, "2015-09-30": 195, "2015-06-30": 87, "2015-03-31": "89.00000", "2014-12-31": 100, "2014-09-30": 67, "2014-06-30": 261, "2014-03-31": "96.00000", "2013-12-31": 44, "2013-09-30": 92, "2013-06-30": 102, "2013-03-31": "102.00000", "2012-12-31": 167, "2012-09-30": 92, "2012-06-30": 90, "2012-03-31": "79.00000", "2011-12-31": 95, "2011-09-30": -85, "2010-12-31": 354}, "Other Non-Cash Items": {"2020-09-30": 429, "2020-06-30": 2495, "2020-03-31": "377.00000", "2019-12-31": 592, "2019-09-30": -237, "2019-06-30": 566, "2019-03-31": "243.00000", "2018-12-31": 13482, "2018-09-30": 391, "2018-06-30": 410, "2018-03-31": "-36.00000", "2017-12-31": -8048, "2017-09-30": 25, "2017-06-30": 132, "2017-03-31": "121.00000", "2016-12-31": -9, "2016-09-30": -199, "2016-06-30": -5, "2016-03-31": "-240.00000", "2015-12-31": 52, "2015-09-30": -55, "2015-06-30": 316, "2015-03-31": "-30.00000", "2014-12-31": 132, "2014-09-30": 130, "2014-06-30": -86, "2014-03-31": "-29.00000", "2013-12-31": 123, "2013-09-30": 63, "2013-06-30": -300, "2013-03-31": "106.00000", "2012-12-31": 132, "2012-09-30": 661, "2012-06-30": 87, "2012-03-31": "54.00000", "2011-12-31": -54, "2011-09-30": 1650, "2010-12-31": -1596}, "Total Non-Cash Items": {"2020-09-30": 630, "2020-06-30": 2712, "2020-03-31": "589.00000", "2019-12-31": 772, "2019-09-30": -70, "2019-06-30": 745, "2019-03-31": "405.00000", "2018-12-31": 13675, "2018-09-30": 563, "2018-06-30": 568, "2018-03-31": "85.00000", "2017-12-31": -7888, "2017-09-30": 222, "2017-06-30": 298, "2017-03-31": "301.00000", "2016-12-31": 188, "2016-09-30": 5, "2016-06-30": 271, "2016-03-31": "73.00000", "2015-12-31": 656, "2015-09-30": 140, "2015-06-30": 403, "2015-03-31": "59.00000", "2014-12-31": 232, "2014-09-30": 197, "2014-06-30": 175, "2014-03-31": "67.00000", "2013-12-31": 167, "2013-09-30": 155, "2013-06-30": -198, "2013-03-31": "208.00000", "2012-12-31": 299, "2012-09-30": 753, "2012-06-30": 177, "2012-03-31": "133.00000", "2011-12-31": 41, "2011-09-30": 1565, "2010-12-31": -1242}, "Change In Accounts Receivable": {"2020-09-30": 54, "2020-06-30": 363, "2020-03-31": "-423.00000", "2019-12-31": 2, "2019-09-30": 63, "2019-06-30": -41, "2019-03-31": "116.00000", "2018-12-31": -126, "2018-09-30": -153, "2018-06-30": -1289, "2018-03-31": "-712.00000", "2017-12-31": -568, "2017-09-30": -463, "2017-06-30": -558, "2017-03-31": "-1040.00000", "2016-12-31": -612, "2016-09-30": -1217, "2016-06-30": -188, "2016-03-31": "-38.00000", "2015-12-31": -1111, "2015-09-30": 231, "2015-06-30": -6, "2015-03-31": "-29.00000", "2014-12-31": 41, "2014-09-30": 75, "2014-06-30": 177, "2014-03-31": "-149.00000", "2013-12-31": -102, "2013-09-30": 110, "2013-06-30": 54, "2013-03-31": "-165.00000", "2012-12-31": 450, "2012-09-30": -50, "2012-06-30": 75, "2012-03-31": "-255.00000", "2011-12-31": -87, "2011-09-30": 87, "2010-12-31": 0}, "Change In Inventories": {"2020-09-30": -258, "2020-06-30": 29, "2020-03-31": "-226.00000", "2019-12-31": 360, "2019-09-30": -153, "2019-06-30": 4, "2019-03-31": "-488.00000", "2018-12-31": 394, "2018-09-30": -217, "2018-06-30": -116, "2018-03-31": "-312.00000", "2017-12-31": 344, "2017-09-30": -149, "2017-06-30": 61, "2017-03-31": "-492.00000", "2016-12-31": 351, "2016-09-30": -225, "2016-06-30": 17, "2016-03-31": "-273.00000", "2015-12-31": 2, "2015-09-30": 103, "2015-06-30": 16, "2015-03-31": "-96.00000", "2014-12-31": 180, "2014-09-30": -56, "2014-06-30": 272, "2014-03-31": "-243.00000", "2013-12-31": -87, "2013-09-30": 22, "2013-06-30": 42, "2013-03-31": "-26.00000", "2012-12-31": 165, "2012-09-30": -32, "2012-06-30": 117, "2012-03-31": "-229.00000", "2011-12-31": 453, "2011-09-30": -453, "2010-12-31": 0}, "Change In Accounts Payable": {"2020-09-30": 116, "2020-06-30": -52, "2020-03-31": "-2.00000", "2019-12-31": -171, "2019-09-30": 50, "2019-06-30": -1, "2019-03-31": "64.00000", "2018-12-31": -153, "2018-09-30": 3, "2018-06-30": 212, "2018-03-31": "-85.00000", "2017-12-31": 318, "2017-09-30": 39, "2017-06-30": 22, "2017-03-31": "62.00000", "2016-12-31": 399, "2016-09-30": 390, "2016-06-30": 31, "2016-03-31": "59.00000", "2015-12-31": -22, "2015-09-30": -110, "2015-06-30": 76, "2015-03-31": "-63.00000", "2014-12-31": 377, "2014-09-30": 143, "2014-06-30": 5, "2014-03-31": "37.00000", "2013-12-31": 218, "2013-09-30": 13, "2013-06-30": -10, "2013-03-31": "-52.00000", "2012-12-31": -295, "2012-09-30": 178, "2012-06-30": 21, "2012-03-31": "-145.00000", "2011-12-31": -105, "2011-09-30": 105, "2010-12-31": 0}, "Change In Assets/Liabilities": {"2020-09-30": -30, "2020-06-30": 604, "2020-03-31": "-107.00000", "2019-12-31": 416, "2019-09-30": -123, "2019-06-30": -134, "2019-03-31": "-197.00000", "2018-12-31": 534, "2018-09-30": -152, "2018-06-30": -320, "2018-03-31": "429.00000", "2017-12-31": 341, "2017-09-30": -398, "2017-06-30": -546, "2017-03-31": "-337.00000", "2016-12-31": 398, "2016-09-30": -884, "2016-06-30": 748, "2016-03-31": "-451.00000", "2015-12-31": 353, "2015-09-30": 91, "2015-06-30": 165, "2015-03-31": "-233.00000", "2014-12-31": -186, "2014-09-30": 182, "2014-06-30": -84, "2014-03-31": "26.00000", "2013-12-31": 832, "2013-09-30": -291, "2013-06-30": -338, "2013-03-31": "-189.00000", "2012-12-31": 259, "2012-09-30": -349, "2012-06-30": 200, "2012-03-31": "-79.00000", "2011-12-31": -545, "2011-09-30": 545, "2010-12-31": 0}, "Total Change In Assets/Liabilities": {"2020-09-30": -118, "2020-06-30": 944, "2020-03-31": "-758.00000", "2019-12-31": 607, "2019-09-30": -163, "2019-06-30": -172, "2019-03-31": "-505.00000", "2018-12-31": 649, "2018-09-30": -519, "2018-06-30": -1513, "2018-03-31": "-680.00000", "2017-12-31": 435, "2017-09-30": -971, "2017-06-30": -1021, "2017-03-31": "-1807.00000", "2016-12-31": 536, "2016-09-30": -1936, "2016-06-30": 608, "2016-03-31": "-703.00000", "2015-12-31": -778, "2015-09-30": 315, "2015-06-30": 251, "2015-03-31": "-421.00000", "2014-12-31": 412, "2014-09-30": 113, "2014-06-30": 601, "2014-03-31": "-329.00000", "2013-12-31": 861, "2013-09-30": -146, "2013-06-30": -252, "2013-03-31": "-432.00000", "2012-12-31": 579, "2012-09-30": -253, "2012-06-30": 413, "2012-03-31": "-708.00000", "2011-12-31": -1, "2011-09-30": 1783, "2010-12-31": -1499}, "Cash Flow From Operating Activities": {"2020-09-30": 1110, "2020-06-30": 2004, "2020-03-31": "212.00000", "2019-12-31": 1562, "2019-09-30": 665, "2019-06-30": 1021, "2019-03-31": "304.00000", "2018-12-31": 1696, "2018-09-30": 662, "2018-06-30": -192, "2018-03-31": "408.00000", "2017-12-31": 485, "2017-09-30": 194, "2017-06-30": 437, "2017-03-31": "-615.00000", "2016-12-31": 1632, "2016-09-30": -1088, "2016-06-30": 1834, "2016-03-31": "270.00000", "2015-12-31": 526, "2015-09-30": 335, "2015-06-30": 494, "2015-03-31": "-83.00000", "2014-12-31": 809, "2014-09-30": 484, "2014-06-30": 596, "2014-03-31": "251.00000", "2013-12-31": 271, "2013-09-30": 508, "2013-06-30": 379, "2013-03-31": "232.00000", "2012-12-31": 968, "2012-09-30": 966, "2012-06-30": 1193, "2012-03-31": "-92.00000", "2011-12-31": 619, "2011-09-30": 1217, "2010-12-31": 828}, "Net Change In Property, Plant, And Equipment": {"2020-09-30": -139, "2020-06-30": -127, "2020-03-31": "-131.00000", "2019-12-31": -187, "2019-09-30": 1102, "2019-06-30": 441, "2019-03-31": "-249.00000", "2018-12-31": -214, "2018-09-30": -156, "2018-06-30": -215, "2018-03-31": "-223.00000", "2017-12-31": -238, "2017-09-30": -266, "2017-06-30": -322, "2017-03-31": "-368.00000", "2016-12-31": -411, "2016-09-30": -322, "2016-06-30": -211, "2016-03-31": "-303.00000", "2015-12-31": -282, "2015-09-30": -203, "2015-06-30": -110, "2015-03-31": "-53.00000", "2014-12-31": -194, "2014-09-30": -92, "2014-06-30": -37, "2014-03-31": "-76.00000", "2013-12-31": -133, "2013-09-30": -158, "2013-06-30": -124, "2013-03-31": "16.00000", "2012-12-31": -143, "2012-09-30": -100, "2012-06-30": -88, "2012-03-31": "-91.00000", "2011-12-31": -134, "2011-09-30": 181, "2010-12-31": -448}, "Net Change In Intangible Assets": {"2020-09-30": 0, "2020-06-30": 0, "2020-03-31": "", "2019-12-31": 0, "2019-09-30": 0, "2019-06-30": 0, "2019-03-31": "", "2018-12-31": 0, "2018-09-30": 0, "2018-06-30": 0, "2018-03-31": "", "2017-12-31": 0, "2017-09-30": 0, "2017-06-30": 0, "2017-03-31": "", "2016-12-31": 0, "2016-09-30": 0, "2016-06-30": 0, "2016-03-31": "", "2015-12-31": 0, "2015-09-30": 0, "2015-06-30": 0, "2015-03-31": "", "2014-12-31": 0, "2014-09-30": 0, "2014-06-30": 0, "2014-03-31": "", "2013-12-31": 0, "2013-09-30": 0, "2013-06-30": 0, "2013-03-31": "", "2012-12-31": 0, "2012-09-30": 0, "2012-06-30": 0, "2012-03-31": "", "2011-12-31": 0, "2011-09-30": 0, "2010-12-31": 0}, "Net Acquisitions/Divestitures": {"2020-09-30": 0, "2020-06-30": 0, "2020-03-31": "", "2019-12-31": 0, "2019-09-30": 1, "2019-06-30": -640, "2019-03-31": "440.00000", "2018-12-31": -18, "2018-09-30": -33, "2018-06-30": 18, "2018-03-31": "-215.00000", "2017-12-31": 0, "2017-09-30": 0, "2017-06-30": 0, "2017-03-31": "", "2016-12-31": 0, "2016-09-30": 0, "2016-06-30": 0, "2016-03-31": "", "2015-12-31": 0, "2015-09-30": -9468, "2015-06-30": 0, "2015-03-31": "", "2014-12-31": 0, "2014-09-30": 0, "2014-06-30": 0, "2014-03-31": "", "2013-12-31": 0, "2013-09-30": 0, "2013-06-30": 0, "2013-03-31": "", "2012-12-31": 0, "2012-09-30": 0, "2012-06-30": 0, "2012-03-31": "", "2011-12-31": 0, "2011-09-30": -3698, "2010-12-31": 3698}, "Net Change In Short-term Investments": {"2020-09-30": 0, "2020-06-30": 0, "2020-03-31": "", "2019-12-31": 0, "2019-09-30": 0, "2019-06-30": 0, "2019-03-31": "", "2018-12-31": 0, "2018-09-30": 0, "2018-06-30": 0, "2018-03-31": "", "2017-12-31": 0, "2017-09-30": 0, "2017-06-30": 0, "2017-03-31": "", "2016-12-31": 0, "2016-09-30": 0, "2016-06-30": 0, "2016-03-31": "", "2015-12-31": 0, "2015-09-30": 0, "2015-06-30": 0, "2015-03-31": "", "2014-12-31": 0, "2014-09-30": 0, "2014-06-30": 0, "2014-03-31": "", "2013-12-31": 0, "2013-09-30": 0, "2013-06-30": 0, "2013-03-31": "", "2012-12-31": 0, "2012-09-30": 0, "2012-06-30": 0, "2012-03-31": "", "2011-12-31": 0, "2011-09-30": 0, "2010-12-31": 0}, "Net Change In Long-Term Investments": {"2020-09-30": 0, "2020-06-30": 0, "2020-03-31": "", "2019-12-31": 590, "2019-09-30": 0, "2019-06-30": 0, "2019-03-31": "", "2018-12-31": 24, "2018-09-30": 0, "2018-06-30": 0, "2018-03-31": "", "2017-12-31": 6, "2017-09-30": 0, "2017-06-30": 0, "2017-03-31": "", "2016-12-31": 0, "2016-09-30": 0, "2016-06-30": 0, "2016-03-31": "", "2015-12-31": 7, "2015-09-30": 175, "2015-06-30": 306, "2015-03-31": "", "2014-12-31": 0, "2014-09-30": 0, "2014-06-30": 0, "2014-03-31": "", "2013-12-31": 0, "2013-09-30": 0, "2013-06-30": 0, "2013-03-31": "", "2012-12-31": 0, "2012-09-30": 0, "2012-06-30": 0, "2012-03-31": "", "2011-12-31": 0, "2011-09-30": 0, "2010-12-31": 0}, "Net Change In Investments - Total": {"2020-09-30": 0, "2020-06-30": 0, "2020-03-31": "", "2019-12-31": 590, "2019-09-30": 0, "2019-06-30": 0, "2019-03-31": "", "2018-12-31": 24, "2018-09-30": 0, "2018-06-30": 0, "2018-03-31": "", "2017-12-31": 6, "2017-09-30": 0, "2017-06-30": 0, "2017-03-31": "", "2016-12-31": 0, "2016-09-30": 0, "2016-06-30": 0, "2016-03-31": "", "2015-12-31": 7, "2015-09-30": 175, "2015-06-30": 306, "2015-03-31": "", "2014-12-31": 0, "2014-09-30": 0, "2014-06-30": 0, "2014-03-31": "", "2013-12-31": 0, "2013-09-30": 0, "2013-06-30": 0, "2013-03-31": "", "2012-12-31": 0, "2012-09-30": 0, "2012-06-30": 0, "2012-03-31": "", "2011-12-31": 0, "2011-09-30": 0, "2010-12-31": 0}, "Investing Activities - Other": {"2020-09-30": 14, "2020-06-30": 12, "2020-03-31": "9.00000", "2019-12-31": -3, "2019-09-30": 26, "2019-06-30": 4, "2019-03-31": "-14.00000", "2018-12-31": 11, "2018-09-30": 95, "2018-06-30": 772, "2018-03-31": "442.00000", "2017-12-31": 685, "2017-09-30": 567, "2017-06-30": 611, "2017-03-31": "502.00000", "2016-12-31": 779, "2016-09-30": 1858, "2016-06-30": 52, "2016-03-31": "10.00000", "2015-12-31": 1367, "2015-09-30": -55, "2015-06-30": 3, "2015-03-31": "4.00000", "2014-12-31": 54, "2014-09-30": -2, "2014-06-30": -2, "2014-03-31": "", "2013-12-31": 26, "2013-09-30": 0, "2013-06-30": 0, "2013-03-31": "", "2012-12-31": 0, "2012-09-30": 0, "2012-06-30": 0, "2012-03-31": "", "2011-12-31": 0, "2011-09-30": 0, "2010-12-31": 0}, "Cash Flow From Investing Activities": {"2020-09-30": -125, "2020-06-30": -115, "2020-03-31": "-122.00000", "2019-12-31": 400, "2019-09-30": 1129, "2019-06-30": -195, "2019-03-31": "177.00000", "2018-12-31": -197, "2018-09-30": -94, "2018-06-30": 575, "2018-03-31": "4.00000", "2017-12-31": 453, "2017-09-30": 301, "2017-06-30": 289, "2017-03-31": "134.00000", "2016-12-31": 368, "2016-09-30": 1536, "2016-06-30": -159, "2016-03-31": "-293.00000", "2015-12-31": 1092, "2015-09-30": -9551, "2015-06-30": 199, "2015-03-31": "-49.00000", "2014-12-31": -140, "2014-09-30": -94, "2014-06-30": -39, "2014-03-31": "-76.00000", "2013-12-31": -107, "2013-09-30": -158, "2013-06-30": -124, "2013-03-31": "16.00000", "2012-12-31": -143, "2012-09-30": -100, "2012-06-30": -88, "2012-03-31": "-91.00000", "2011-12-31": -134, "2011-09-30": -3517, "2010-12-31": 3250}, "Net Long-Term Debt": {"2020-09-30": -571, "2020-06-30": -3917, "2020-03-31": "3593.00000", "2019-12-31": -1523, "2019-09-30": -319, "2019-06-30": 15, "2019-03-31": "-1.00000", "2018-12-31": -7, "2018-09-30": -2694, "2018-06-30": 2984, "2018-03-31": "-6.00000", "2017-12-31": -5, "2017-09-30": 892, "2017-06-30": -2032, "2017-03-31": "", "2016-12-31": -11, "2016-09-30": -63, "2016-06-30": 6970, "2016-03-31": "", "2015-12-31": 5, "2015-09-30": 2478, "2015-06-30": -1, "2015-03-31": "38.00000", "2014-12-31": -1030, "2014-09-30": -23, "2014-06-30": -50, "2014-03-31": "", "2013-12-31": -19, "2013-09-30": 0, "2013-06-30": 0, "2013-03-31": "", "2012-12-31": 6, "2012-09-30": -2, "2012-06-30": 5959, "2012-03-31": "", "2011-12-31": 0, "2011-09-30": 0, "2010-12-31": 0}, "Net Current Debt": {"2020-09-30": 0, "2020-06-30": 0, "2020-03-31": "", "2019-12-31": 0, "2019-09-30": 0, "2019-06-30": 0, "2019-03-31": "", "2018-12-31": -964, "2018-09-30": 960, "2018-06-30": -943, "2018-03-31": "518.00000", "2017-12-31": 8, "2017-09-30": -650, "2017-06-30": 180, "2017-03-31": "256.00000", "2016-12-31": 1, "2016-09-30": 4, "2016-06-30": 632, "2016-03-31": "", "2015-12-31": 0, "2015-09-30": 0, "2015-06-30": 0, "2015-03-31": "", "2014-12-31": 11, "2014-09-30": 0, "2014-06-30": -11, "2014-03-31": "", "2013-12-31": 1090, "2013-09-30": 0, "2013-06-30": 0, "2013-03-31": "", "2012-12-31": 0, "2012-09-30": 0, "2012-06-30": 2, "2012-03-31": "-2.00000", "2011-12-31": 6, "2011-09-30": -6, "2010-12-31": 0}, "Debt Issuance/Retirement Net - Total": {"2020-09-30": -571, "2020-06-30": -3917, "2020-03-31": "3593.00000", "2019-12-31": -1523, "2019-09-30": -319, "2019-06-30": 15, "2019-03-31": "-1.00000", "2018-12-31": -971, "2018-09-30": -1734, "2018-06-30": 2041, "2018-03-31": "512.00000", "2017-12-31": 3, "2017-09-30": 242, "2017-06-30": -1852, "2017-03-31": "256.00000", "2016-12-31": -10, "2016-09-30": -59, "2016-06-30": 7602, "2016-03-31": "", "2015-12-31": 5, "2015-09-30": 2478, "2015-06-30": -1, "2015-03-31": "38.00000", "2014-12-31": -1019, "2014-09-30": -23, "2014-06-30": -61, "2014-03-31": "", "2013-12-31": 1071, "2013-09-30": 0, "2013-06-30": 0, "2013-03-31": "", "2012-12-31": 6, "2012-09-30": -2, "2012-06-30": 5961, "2012-03-31": "-2.00000", "2011-12-31": -3, "2011-09-30": 3, "2010-12-31": -9}, "Net Common Equity Issued/Repurchased": {"2020-09-30": 0, "2020-06-30": 0, "2020-03-31": "", "2019-12-31": 0, "2019-09-30": 0, "2019-06-30": 0, "2019-03-31": "", "2018-12-31": 0, "2018-09-30": 0, "2018-06-30": 0, "2018-03-31": "", "2017-12-31": 0, "2017-09-30": 0, "2017-06-30": 0, "2017-03-31": "", "2016-12-31": 0, "2016-09-30": 0, "2016-06-30": 0, "2016-03-31": "", "2015-12-31": 0, "2015-09-30": 10000, "2015-06-30": 0, "2015-03-31": "", "2014-12-31": 0, "2014-09-30": 0, "2014-06-30": 113, "2014-03-31": "-113.00000", "2013-12-31": 0, "2013-09-30": 0, "2013-06-30": 0, "2013-03-31": "", "2012-12-31": 0, "2012-09-30": 0, "2012-06-30": 0, "2012-03-31": "", "2011-12-31": 0, "2011-09-30": 0, "2010-12-31": 0}, "Net Total Equity Issued/Repurchased": {"2020-09-30": 0, "2020-06-30": 0, "2020-03-31": "", "2019-12-31": 0, "2019-09-30": 0, "2019-06-30": 0, "2019-03-31": "", "2018-12-31": 0, "2018-09-30": 0, "2018-06-30": 0, "2018-03-31": "", "2017-12-31": 0, "2017-09-30": 0, "2017-06-30": 0, "2017-03-31": "", "2016-12-31": 0, "2016-09-30": 0, "2016-06-30": -8320, "2016-03-31": "", "2015-12-31": 0, "2015-09-30": 10000, "2015-06-30": 0, "2015-03-31": "", "2014-12-31": 0, "2014-09-30": 0, "2014-06-30": 113, "2014-03-31": "-113.00000", "2013-12-31": 0, "2013-09-30": 0, "2013-06-30": 0, "2013-03-31": "", "2012-12-31": 0, "2012-09-30": 0, "2012-06-30": 0, "2012-03-31": "", "2011-12-31": 0, "2011-09-30": 0, "2010-12-31": 0}, "Total Common And Preferred Stock Dividends Paid": {"2020-09-30": -490, "2020-06-30": -489, "2020-03-31": "-488.00000", "2019-12-31": -489, "2019-09-30": -488, "2019-06-30": -488, "2019-03-31": "-488.00000", "2018-12-31": -762, "2018-09-30": -762, "2018-06-30": -762, "2018-03-31": "-897.00000", "2017-12-31": -727, "2017-09-30": -727, "2017-06-30": -698, "2017-03-31": "-736.00000", "2016-12-31": -1461, "2016-09-30": -789, "2016-06-30": -847, "2016-03-31": "-667.00000", "2015-12-31": -1025, "2015-09-30": -817, "2015-06-30": -180, "2015-03-31": "-180.00000", "2014-12-31": -180, "2014-09-30": -180, "2014-06-30": -47, "2014-03-31": "-313.00000", "2013-12-31": 228, "2013-09-30": -300, "2013-06-30": -298, "2013-03-31": "-296.00000", "2012-12-31": 0, "2012-09-30": 0, "2012-06-30": 0, "2012-03-31": "", "2011-12-31": 0, "2011-09-30": 0, "2010-12-31": 0}, "Financial Activities - Other": {"2020-09-30": -11, "2020-06-30": -136, "2020-03-31": "", "2019-12-31": -20, "2019-09-30": -97, "2019-06-30": 0, "2019-03-31": "-15.00000", "2018-12-31": 7, "2018-09-30": -32, "2018-06-30": -17, "2018-03-31": "14.00000", "2017-12-31": -8, "2017-09-30": 7, "2017-06-30": 44, "2017-03-31": "-25.00000", "2016-12-31": -125, "2016-09-30": 13, "2016-06-30": 3, "2016-03-31": "40.00000", "2015-12-31": -124, "2015-09-30": -91, "2015-06-30": 16, "2015-03-31": "-72.00000", "2014-12-31": -11, "2014-09-30": 2, "2014-06-30": -38, "2014-03-31": "50.00000", "2013-12-31": -173, "2013-09-30": 12, "2013-06-30": 34, "2013-03-31": "-22.00000", "2012-12-31": 184, "2012-09-30": -627, "2012-06-30": -7066, "2012-03-31": "188.00000", "2011-12-31": -484, "2011-09-30": 2297, "2010-12-31": -4069}, "Cash Flow From Financial Activities": {"2020-09-30": -1072, "2020-06-30": -4542, "2020-03-31": "3105.00000", "2019-12-31": -2032, "2019-09-30": -904, "2019-06-30": -473, "2019-03-31": "-504.00000", "2018-12-31": -1726, "2018-09-30": -2528, "2018-06-30": 1262, "2018-03-31": "-371.00000", "2017-12-31": -732, "2017-09-30": -478, "2017-06-30": -2506, "2017-03-31": "-505.00000", "2016-12-31": -1596, "2016-09-30": -835, "2016-06-30": -1562, "2016-03-31": "-627.00000", "2015-12-31": -1144, "2015-09-30": 11570, "2015-06-30": -165, "2015-03-31": "-214.00000", "2014-12-31": -1210, "2014-09-30": -201, "2014-06-30": -33, "2014-03-31": "-376.00000", "2013-12-31": 1126, "2013-09-30": -288, "2013-06-30": -264, "2013-03-31": "-318.00000", "2012-12-31": 190, "2012-09-30": -629, "2012-06-30": -1105, "2012-03-31": "186.00000", "2011-12-31": -487, "2011-09-30": 2300, "2010-12-31": -4078}, "Net Cash Flow": {"2020-09-30": -92, "2020-06-30": -2591, "2020-03-31": "3124.00000", "2019-12-31": -36, "2019-09-30": 858, "2019-06-30": 356, "2019-03-31": "-34.00000", "2018-12-31": -231, "2018-09-30": -2008, "2018-06-30": 1575, "2018-03-31": "31.00000", "2017-12-31": 220, "2017-09-30": 31, "2017-06-30": -1764, "2017-03-31": "-973.00000", "2016-12-31": 284, "2016-09-30": -405, "2016-06-30": 70, "2016-03-31": "-606.00000", "2015-12-31": 463, "2015-09-30": 2290, "2015-06-30": 248, "2015-03-31": "-399.00000", "2014-12-31": -556, "2014-09-30": 49, "2014-06-30": 550, "2014-03-31": "-204.00000", "2013-12-31": 1170, "2013-09-30": 67, "2013-06-30": -17, "2013-03-31": "-74.00000", "2012-12-31": 1011, "2012-09-30": 241, "2012-06-30": 0, "2012-03-31": "3.00000", "2011-12-31": -2, "2011-09-30": 0, "2010-12-31": 0}, "Stock-Based Compensation": {"2020-09-30": 41, "2020-06-30": 40, "2020-03-31": "33.00000", "2019-12-31": 20, "2019-09-30": 11, "2019-06-30": 6, "2019-03-31": "9.00000", "2018-12-31": -11, "2018-09-30": 17, "2018-06-30": 20, "2018-03-31": "7.00000", "2017-12-31": 10, "2017-09-30": 12, "2017-06-30": 13, "2017-03-31": "11.00000", "2016-12-31": 8, "2016-09-30": 12, "2016-06-30": 13, "2016-03-31": "13.00000", "2015-12-31": 35, "2015-09-30": 93, "2015-06-30": 3, "2015-03-31": "2.00000", "2014-12-31": 2, "2014-09-30": 6, "2014-06-30": -29, "2014-03-31": "29.00000", "2013-12-31": -16, "2013-09-30": 18, "2013-06-30": 17, "2013-03-31": "15.00000", "2012-12-31": 15, "2012-09-30": 12, "2012-06-30": 13, "2012-03-31": "14.00000", "2011-12-31": -39, "2011-09-30": 39, "2010-12-31": 0}, "Common Stock Dividends Paid": {"2020-09-30": -490, "2020-06-30": -489, "2020-03-31": "-488.00000", "2019-12-31": -489, "2019-09-30": -488, "2019-06-30": -488, "2019-03-31": "-488.00000", "2018-12-31": -762, "2018-09-30": -762, "2018-06-30": -762, "2018-03-31": "-897.00000", "2017-12-31": -727, "2017-09-30": -727, "2017-06-30": -698, "2017-03-31": "-736.00000", "2016-12-31": -1461, "2016-09-30": -789, "2016-06-30": -667, "2016-03-31": "-667.00000", "2015-12-31": -665, "2015-09-30": -637, "2015-06-30": 0, "2015-03-31": "", "2014-12-31": 540, "2014-09-30": -540, "2014-06-30": 313, "2014-03-31": "-313.00000", "2013-12-31": 228, "2013-09-30": -300, "2013-06-30": -298, "2013-03-31": "-296.00000", "2012-12-31": 0, "2012-09-30": 0, "2012-06-30": 0, "2012-03-31": "", "2011-12-31": 0, "2011-09-30": 0, "2010-12-31": 0}}, "financial ratios": {"Current Ratio": {"2019-12-31": "1.02820", "2018-12-31": "1.20950", "2017-12-31": "0.70920", "2016-12-31": "0.92130", "2015-12-31": "1.41080", "2014-12-31": "1.58960", "2013-12-31": "1.43930", "2012-12-31": "1.33750", "2011-12-31": "1.27220", "2010-12-31": ""}, "Long-term Debt / Capital": {"2019-12-31": "0.35290", "2018-12-31": "0.37280", "2017-12-31": "0.29990", "2016-12-31": "0.34040", "2015-12-31": "0.27530", "2014-12-31": "0.46040", "2013-12-31": "0.65790", "2012-12-31": "0.73620", "2011-12-31": "0.00160", "2010-12-31": ""}, "Debt/Equity Ratio": {"2019-12-31": "0.56510", "2018-12-31": "0.60200", "2017-12-31": "0.47680", "2016-12-31": "0.56280", "2015-12-31": "0.38110", "2014-12-31": "0.85320", "2013-12-31": "1.92400", "2012-12-31": "2.79000", "2011-12-31": "0.00210", "2010-12-31": ""}, "Gross Margin": {"2019-12-31": "32.61800", "2018-12-31": "33.96150", "2017-12-31": "34.64110", "2016-12-31": "34.77570", "2015-12-31": "31.41560", "2014-12-31": "30.00370", "2013-12-31": "30.97410", "2012-12-31": "31.59110", "2011-12-31": "31.02390", "2010-12-31": "33.82590"}, "Operating Margin": {"2019-12-31": "12.29130", "2018-12-31": "-38.84960", "2017-12-31": "23.22830", "2016-12-31": "21.29660", "2015-12-31": "14.39090", "2014-12-31": "14.35640", "2013-12-31": "14.41580", "2012-12-31": "14.61330", "2011-12-31": "15.22390", "2010-12-31": "16.66010"}, "EBIT Margin": {"2019-12-31": "12.29130", "2018-12-31": "-38.84960", "2017-12-31": "23.22830", "2016-12-31": "21.29660", "2015-12-31": "14.39090", "2014-12-31": "14.35640", "2013-12-31": "14.41580", "2012-12-31": "14.61330", "2011-12-31": "15.22390", "2010-12-31": "16.66010"}, "EBITDA Margin": {"2019-12-31": "15.04580", "2018-12-31": "-36.39790", "2017-12-31": "25.92420", "2016-12-31": "25.06080", "2015-12-31": "19.70770", "2014-12-31": "19.15400", "2013-12-31": "17.36490", "2012-12-31": "16.95580", "2011-12-31": "17.18350", "2010-12-31": "18.64920"}, "Pre-Tax Profit Margin": {"2019-12-31": "10.65380", "2018-12-31": "-43.09810", "2017-12-31": "20.90040", "2016-12-31": "18.77950", "2015-12-31": "5.52400", "2014-12-31": "7.35210", "2013-12-31": "11.65760", "2012-12-31": "13.42570", "2011-12-31": "15.48230", "2010-12-31": "16.86800"}, "Net Profit Margin": {"2019-12-31": "7.74710", "2018-12-31": "-38.80010", "2017-12-31": "41.95810", "2016-12-31": "12.98860", "2015-12-31": "-1.45050", "2014-12-31": "-0.57680", "2013-12-31": "8.78650", "2012-12-31": "8.95960", "2011-12-31": "9.55530", "2010-12-31": "19.85730"}, "Asset Turnover": {"2019-12-31": "0.24620", "2018-12-31": "0.25390", "2017-12-31": "0.21710", "2016-12-31": "0.21830", "2015-12-31": "0.14910", "2014-12-31": "0.29870", "2013-12-31": "0.49810", "2012-12-31": "0.78830", "2011-12-31": "0.86240", "2010-12-31": ""}, "Inventory Turnover Ratio": {"2019-12-31": "6.18520", "2018-12-31": "6.50430", "2017-12-31": "6.17500", "2016-12-31": "6.39120", "2015-12-31": "4.80400", "2014-12-31": "6.45150", "2013-12-31": "4.92450", "2012-12-31": "6.48290", "2011-12-31": "6.59440", "2010-12-31": ""}, "Receiveable Turnover": {"2019-12-31": "11.63890", "2018-12-31": "11.51600", "2017-12-31": "14.39070", "2016-12-31": "22.71160", "2015-12-31": "12.61210", "2014-12-31": "12.83430", "2013-12-31": "11.00100", "2012-12-31": "16.77780", "2011-12-31": "20.57140", "2010-12-31": ""}, "Days Sales In Receivables": {"2019-12-31": "31.36050", "2018-12-31": "31.69500", "2017-12-31": "25.36360", "2016-12-31": "16.07110", "2015-12-31": "28.94050", "2014-12-31": "28.43940", "2013-12-31": "33.17890", "2012-12-31": "21.75500", "2011-12-31": "17.74310", "2010-12-31": ""}, "ROE - Return On Equity": {"2019-12-31": "3.73530", "2018-12-31": "-19.80490", "2017-12-31": "16.54610", "2016-12-31": "6.26320", "2015-12-31": "1.11760", "2014-12-31": "9.16030", "2013-12-31": "21.24540", "2012-12-31": "45.96870", "2011-12-31": "10.70050", "2010-12-31": ""}, "Return On Tangible Equity": {"2019-12-31": "-5.95700", "2018-12-31": "29.98600", "2017-12-31": "-28.62750", "2016-12-31": "-7.86510", "2015-12-31": "-1.66080", "2014-12-31": "-5.37990", "2013-12-31": "-12.89340", "2012-12-31": "-16.01170", "2011-12-31": "67.18400", "2010-12-31": ""}, "ROA - Return On Assets": {"2019-12-31": "1.90540", "2018-12-31": "-9.91100", "2017-12-31": "9.10300", "2016-12-31": "2.99300", "2015-12-31": "0.52610", "2014-12-31": "1.83750", "2013-12-31": "4.76070", "2012-12-31": "7.08400", "2011-12-31": "8.24090", "2010-12-31": ""}, "ROI - Return On Investment": {"2019-12-31": "2.41730", "2018-12-31": "-12.42230", "2017-12-31": "11.58320", "2016-12-31": "4.13120", "2015-12-31": "0.70820", "2014-12-31": "2.31610", "2013-12-31": "7.26770", "2012-12-31": "12.12880", "2011-12-31": "10.68310", "2010-12-31": ""}, "Book Value Per Share": {"2019-12-31": "42.38250", "2018-12-31": "42.43850", "2017-12-31": "54.20020", "2016-12-31": "47.30810", "2015-12-31": "54.54210", "2014-12-31": "41.52680", "2013-12-31": "8.69070", "2012-12-31": "6.02580", "2011-12-31": "", "2010-12-31": ""}, "Operating Cash Flow Per Share": {"2019-12-31": 0.7904, "2018-12-31": 1.7036, "2017-12-31": -1.7519, "2016-12-31": 0.5416, "2015-12-31": -4.0581, "2014-12-31": 1.373, "2013-12-31": -0.7889, "2012-12-31": 0.5847, "2011-12-31": 3.1066, "2010-12-31": 1.401}, "Free Cash Flow Per Share": {"2019-12-31": 2.3577, "2018-12-31": 2.013, "2017-12-31": -1.707, "2016-12-31": 0.3488, "2015-12-31": -3.8241, "2014-12-31": 1.5499, "2013-12-31": -1.3161, "2012-12-31": 0.5551, "2011-12-31": 3.1861, "2010-12-31": 0.643}}, "financial ratios, quarterly": {"Current Ratio": {"2020-09-30": "1.30820", "2020-06-30": "1.09020", "2020-03-31": "1.47570", "2019-12-31": "1.02820", "2019-09-30": "1.00140", "2019-06-30": "1.17580", "2019-03-31": "1.10830", "2018-12-31": "1.20950", "2018-09-30": "1.00120", "2018-06-30": "1.04510", "2018-03-31": "0.72000", "2017-12-31": "0.70920", "2017-09-30": "0.77000", "2017-06-30": "0.96630", "2017-03-31": "0.94590", "2016-12-31": "0.92130", "2016-09-30": "0.95000", "2016-06-30": "0.97440", "2016-03-31": "1.45800", "2015-12-31": "1.41080", "2015-09-30": "1.81190", "2015-06-30": "1.72970", "2015-03-31": "1.02460", "2014-12-31": "1.58960", "2014-09-30": "1.07710", "2014-06-30": "1.06570", "2014-03-31": "1.45930", "2013-12-31": "1.43930", "2013-09-30": "1.66780", "2013-06-30": "1.46830", "2013-03-31": "1.47130", "2012-12-31": "1.33750", "2012-09-30": "1.52000", "2012-06-30": "", "2012-03-31": "", "2011-12-31": "", "2011-09-30": "", "2010-12-31": ""}, "Long-term Debt / Capital": {"2020-09-30": "0.36110", "2020-06-30": "0.36370", "2020-03-31": "0.38150", "2019-12-31": "0.35290", "2019-09-30": "0.35180", "2019-06-30": "0.36600", "2019-03-31": "0.36510", "2018-12-31": "0.37280", "2018-09-30": "0.32100", "2018-06-30": "0.32270", "2018-03-31": "0.30060", "2017-12-31": "0.29990", "2017-09-30": "0.32430", "2017-06-30": "0.33870", "2017-03-31": "0.33920", "2016-12-31": "0.34040", "2016-09-30": "0.34130", "2016-06-30": "0.34070", "2016-03-31": "0.27430", "2015-12-31": "0.27530", "2015-09-30": "0.27270", "2015-06-30": "0.47150", "2015-03-31": "0.65630", "2014-12-31": "0.46040", "2014-09-30": "0.60670", "2014-06-30": "0.61160", "2014-03-31": "0.65330", "2013-12-31": "0.65790", "2013-09-30": "0.67270", "2013-06-30": "0.69860", "2013-03-31": "0.72700", "2012-12-31": "0.73620", "2012-09-30": "0.56200", "2012-06-30": "", "2012-03-31": "", "2011-12-31": "", "2011-09-30": "", "2010-12-31": ""}, "Debt/Equity Ratio": {"2020-09-30": "0.57590", "2020-06-30": "0.58700", "2020-03-31": "0.64120", "2019-12-31": "0.56510", "2019-09-30": "0.59210", "2019-06-30": "0.60240", "2019-03-31": "0.60020", "2018-12-31": "0.60200", "2018-09-30": "0.49370", "2018-06-30": "0.51880", "2018-03-31": "0.48610", "2017-12-31": "0.47680", "2017-09-30": "0.53430", "2017-06-30": "0.53100", "2017-03-31": "0.56400", "2016-12-31": "0.56280", "2016-09-30": "0.56470", "2016-06-30": "0.56420", "2016-03-31": "0.37800", "2015-12-31": "0.38110", "2015-09-30": "0.37500", "2015-06-30": "0.89290", "2015-03-31": "2.22090", "2014-12-31": "0.85320", "2014-09-30": "1.79390", "2014-06-30": "1.83200", "2014-03-31": "1.88390", "2013-12-31": "1.92400", "2013-09-30": "2.05630", "2013-06-30": "2.31860", "2013-03-31": "2.66410", "2012-12-31": "2.79000", "2012-09-30": "1.28370", "2012-06-30": "", "2012-03-31": "", "2011-12-31": "", "2011-09-30": "", "2010-12-31": ""}, "Gross Margin": {"2020-09-30": "36.39190", "2020-06-30": "36.88330", "2020-03-31": "30.17700", "2019-12-31": "32.23680", "2019-09-30": "32.04410", "2019-06-30": "32.50080", "2019-03-31": "33.74730", "2018-12-31": "32.15790", "2018-09-30": "32.80590", "2018-06-30": "35.08220", "2018-03-31": "35.91370", "2017-12-31": "32.15800", "2017-09-30": "35.07960", "2017-06-30": "36.65810", "2017-03-31": "34.77230", "2016-12-31": "30.26990", "2016-09-30": "35.39170", "2016-06-30": "37.25900", "2016-03-31": "36.19480", "2015-12-31": "33.74510", "2015-09-30": "26.60130", "2015-06-30": "33.71560", "2015-03-31": "34.18080", "2014-12-31": "5.25460", "2014-09-30": "29.56820", "2014-06-30": "32.42950", "2014-03-31": "35.76340", "2013-12-31": "63.08500", "2013-09-30": "33.81880", "2013-06-30": "41.05170", "2013-03-31": "32.57260", "2012-12-31": "25.15750", "2012-09-30": "34.19790", "2012-06-30": "34.18300", "2012-03-31": "32.53990", "2011-12-31": "", "2011-09-30": "30.48730", "2010-12-31": ""}, "Operating Margin": {"2020-09-30": "17.80780", "2020-06-30": "-20.14140", "2020-03-31": "12.50610", "2019-12-31": "9.08810", "2019-09-30": "19.42070", "2019-06-30": "11.45800", "2019-03-31": "9.43110", "2018-12-31": "-205.13710", "2018-09-30": "16.82590", "2018-06-30": "20.28400", "2018-03-31": "23.79440", "2017-12-31": "21.09730", "2017-09-30": "24.49050", "2017-06-30": "24.77020", "2017-03-31": "22.65970", "2016-12-31": "15.57720", "2016-09-30": "22.54670", "2016-06-30": "24.08360", "2016-03-31": "23.02890", "2015-12-31": "18.06570", "2015-09-30": "6.51960", "2015-06-30": "16.97250", "2015-03-31": "20.54080", "2014-12-31": "-9.62000", "2014-09-30": "15.76720", "2014-06-30": "13.70470", "2014-03-31": "20.72440", "2013-12-31": "67.57400", "2013-09-30": "19.79970", "2013-06-30": "29.64380", "2013-03-31": "17.92600", "2012-12-31": "5.87310", "2012-09-30": "16.49960", "2012-06-30": "19.03470", "2012-03-31": "16.64050", "2011-12-31": "", "2011-09-30": "15.82480", "2010-12-31": ""}, "EBIT Margin": {"2020-09-30": "17.80780", "2020-06-30": "-20.14140", "2020-03-31": "12.50610", "2019-12-31": "9.08810", "2019-09-30": "19.42070", "2019-06-30": "11.45800", "2019-03-31": "9.43110", "2018-12-31": "-205.13710", "2018-09-30": "16.82590", "2018-06-30": "20.28400", "2018-03-31": "23.79440", "2017-12-31": "21.09730", "2017-09-30": "24.49050", "2017-06-30": "24.77020", "2017-03-31": "22.65970", "2016-12-31": "15.57720", "2016-09-30": "22.54670", "2016-06-30": "24.08360", "2016-03-31": "23.02890", "2015-12-31": "18.06570", "2015-09-30": "6.51960", "2015-06-30": "16.97250", "2015-03-31": "20.54080", "2014-12-31": "-9.62000", "2014-09-30": "15.76720", "2014-06-30": "13.70470", "2014-03-31": "20.72440", "2013-12-31": "67.57400", "2013-09-30": "19.79970", "2013-06-30": "29.64380", "2013-03-31": "17.92600", "2012-12-31": "5.87310", "2012-09-30": "16.49960", "2012-06-30": "19.03470", "2012-03-31": "16.64050", "2011-12-31": "", "2011-09-30": "15.82480", "2010-12-31": ""}, "EBITDA Margin": {"2020-09-30": "", "2020-06-30": "", "2020-03-31": "", "2019-12-31": "", "2019-09-30": "", "2019-06-30": "", "2019-03-31": "", "2018-12-31": "", "2018-09-30": "", "2018-06-30": "", "2018-03-31": "", "2017-12-31": "", "2017-09-30": "", "2017-06-30": "", "2017-03-31": "", "2016-12-31": "", "2016-09-30": "", "2016-06-30": "", "2016-03-31": "", "2015-12-31": "", "2015-09-30": "", "2015-06-30": "", "2015-03-31": "", "2014-12-31": "", "2014-09-30": "", "2014-06-30": "", "2014-03-31": "", "2013-12-31": "", "2013-09-30": "", "2013-06-30": "", "2013-03-31": "", "2012-12-31": "", "2012-09-30": "", "2012-06-30": "", "2012-03-31": "", "2011-12-31": "", "2011-09-30": "", "2010-12-31": ""}, "Pre-Tax Profit Margin": {"2020-09-30": "14.06610", "2020-06-30": "-25.61670", "2020-03-31": "8.78670", "2019-12-31": "5.00310", "2019-09-30": "19.12440", "2019-06-30": "8.60130", "2019-03-31": "10.42120", "2018-12-31": "-210.04210", "2018-09-30": "12.83100", "2018-06-30": "15.85950", "2018-03-31": "20.19350", "2017-12-31": "18.30290", "2017-09-30": "21.64010", "2017-06-30": "23.95660", "2017-03-31": "19.76600", "2016-12-31": "17.93100", "2016-09-30": "17.63200", "2016-06-30": "20.10890", "2016-03-31": "19.36070", "2015-12-31": "14.45820", "2015-09-30": "-2.76140", "2015-06-30": "-7.45410", "2015-03-31": "14.00320", "2014-12-31": "-29.74940", "2014-09-30": "8.24980", "2014-06-30": "6.19270", "2014-03-31": "18.06510", "2013-12-31": "64.75650", "2013-09-30": "16.97770", "2013-06-30": "26.88720", "2013-03-31": "15.20050", "2012-12-31": "2.97030", "2012-09-30": "14.47250", "2012-06-30": "18.93020", "2012-03-31": "16.86500", "2011-12-31": "", "2011-09-30": "16.07060", "2010-12-31": ""}, "Net Profit Margin": {"2020-09-30": "9.26870", "2020-06-30": "-24.83450", "2020-03-31": "6.13940", "2019-12-31": "2.78460", "2019-09-30": "14.79590", "2019-06-30": "7.00910", "2019-03-31": "6.79640", "2018-12-31": "-182.38280", "2018-09-30": "9.69760", "2018-06-30": "11.27060", "2018-03-31": "15.91050", "2017-12-31": "116.23990", "2017-09-30": "15.03190", "2017-06-30": "17.46270", "2017-03-31": "14.12080", "2016-12-31": "13.61320", "2016-09-30": "13.43550", "2016-06-30": "11.33520", "2016-03-31": "13.63780", "2015-12-31": "4.00060", "2015-09-30": "-4.95100", "2015-06-30": "-13.14990", "2015-03-31": "3.87410", "2014-12-31": "-41.63300", "2014-09-30": "-0.30840", "2014-06-30": "-1.94210", "2014-03-31": "11.76070", "2013-12-31": "36.53300", "2013-09-30": "11.31090", "2013-06-30": "17.49360", "2013-03-31": "10.10410", "2012-12-31": "1.91270", "2012-09-30": "10.15690", "2012-06-30": "12.59930", "2012-03-31": "10.84660", "2011-12-31": "", "2011-09-30": "9.32050", "2010-12-31": ""}, "Asset Turnover": {"2020-09-30": "0.06560", "2020-06-30": "0.06760", "2020-03-31": "0.05920", "2019-12-31": "0.06440", "2019-09-30": "0.05910", "2019-06-30": "0.06210", "2019-03-31": "0.05750", "2018-12-31": "0.06660", "2018-09-30": "0.05330", "2018-06-30": "0.05490", "2018-03-31": "0.05220", "2017-12-31": "0.05690", "2017-09-30": "0.05230", "2017-06-30": "0.05560", "2017-03-31": "0.05240", "2016-12-31": "0.05540", "2016-09-30": "0.05180", "2016-06-30": "0.05580", "2016-03-31": "0.05330", "2015-12-31": "0.05790", "2015-09-30": "0.05020", "2015-06-30": "0.07250", "2015-03-31": "0.10710", "2014-12-31": "0.03380", "2014-09-30": "0.11380", "2014-06-30": "0.11690", "2014-03-31": "0.18670", "2013-12-31": "-0.09050", "2013-09-30": "0.19000", "2013-06-30": "0.20450", "2013-03-31": "0.19400", "2012-12-31": "0.19170", "2012-09-30": "0.20590", "2012-06-30": "", "2012-03-31": "", "2011-12-31": "", "2011-09-30": "", "2010-12-31": ""}, "Inventory Turnover Ratio": {"2020-09-30": "1.53960", "2020-06-30": "1.49060", "2020-03-31": "1.51850", "2019-12-31": "1.62770", "2019-09-30": "1.30750", "2019-06-30": "1.40660", "2019-03-31": "1.26620", "2018-12-31": "1.75290", "2018-09-30": "1.30480", "2018-06-30": "1.37390", "2018-03-31": "1.28500", "2017-12-31": "1.68010", "2017-09-30": "1.27890", "2017-06-30": "1.37160", "2017-03-31": "1.30910", "2016-12-31": "1.73290", "2016-09-30": "1.30280", "2016-06-30": "1.47930", "2016-03-31": "1.44950", "2015-12-31": "1.80290", "2015-09-30": "1.50690", "2015-06-30": "1.49230", "2015-03-31": "0.86480", "2014-12-31": "0.98900", "2014-09-30": "0.89380", "2014-06-30": "0.91110", "2014-03-31": "1.46780", "2013-12-31": "-0.47830", "2013-09-30": "1.54600", "2013-06-30": "1.46470", "2013-03-31": "1.56210", "2012-12-31": "1.72510", "2012-09-30": "1.44450", "2012-06-30": "", "2012-03-31": "", "2011-12-31": "", "2011-09-30": "", "2010-12-31": ""}, "Receiveable Turnover": {"2020-09-30": "3.25470", "2020-06-30": "3.25090", "2020-03-31": "2.65270", "2019-12-31": "3.31270", "2019-09-30": "2.92400", "2019-06-30": "2.97400", "2019-03-31": "2.84440", "2018-12-31": "3.02100", "2018-09-30": "2.86620", "2018-06-30": "3.09150", "2018-03-31": "3.65660", "2017-12-31": "3.77210", "2017-09-30": "4.60070", "2017-06-30": "4.62830", "2017-03-31": "4.29040", "2016-12-31": "5.75990", "2016-09-30": "5.89560", "2016-06-30": "5.39130", "2016-03-31": "3.76720", "2015-12-31": "4.89960", "2015-09-30": "3.79420", "2015-06-30": "2.56220", "2015-03-31": "2.03280", "2014-12-31": "1.45360", "2014-09-30": "2.38860", "2014-06-30": "2.30100", "2014-03-31": "3.62290", "2013-12-31": "-1.99810", "2013-09-30": "3.97290", "2013-06-30": "3.85610", "2013-03-31": "3.53130", "2012-12-31": "4.08080", "2012-09-30": "3.96540", "2012-06-30": "", "2012-03-31": "", "2011-12-31": "", "2011-09-30": "", "2010-12-31": ""}, "Days Sales In Receivables": {"2020-09-30": "27.65250", "2020-06-30": "27.68500", "2020-03-31": "33.92720", "2019-12-31": "27.16800", "2019-09-30": "30.78010", "2019-06-30": "30.26230", "2019-03-31": "31.64120", "2018-12-31": "29.79100", "2018-09-30": "31.40060", "2018-06-30": "29.11210", "2018-03-31": "24.61290", "2017-12-31": "23.85960", "2017-09-30": "19.56210", "2017-06-30": "19.44550", "2017-03-31": "20.97720", "2016-12-31": "15.62520", "2016-09-30": "15.26570", "2016-06-30": "16.69370", "2016-03-31": "23.89040", "2015-12-31": "18.36890", "2015-09-30": "23.72060", "2015-06-30": "35.12620", "2015-03-31": "44.27360", "2014-12-31": "61.91590", "2014-09-30": "37.67930", "2014-06-30": "39.11320", "2014-03-31": "24.84180", "2013-12-31": "-45.04300", "2013-09-30": "22.65360", "2013-06-30": "23.33970", "2013-03-31": "25.48640", "2012-12-31": "22.05450", "2012-09-30": "22.69620", "2012-06-30": "", "2012-03-31": "", "2011-12-31": "", "2011-09-30": "", "2010-12-31": ""}, "ROE - Return On Equity": {"2020-09-30": "1.21200", "2020-06-30": "-3.36000", "2020-03-31": "0.74520", "2019-12-31": "0.35360", "2019-09-30": "1.73350", "2019-06-30": "0.86700", "2019-03-31": "0.77940", "2018-12-31": "-24.39020", "2018-09-30": "0.94250", "2018-06-30": "1.14320", "2018-03-31": "1.50930", "2017-12-31": "12.01450", "2017-09-30": "1.59910", "2017-06-30": "1.98130", "2017-03-31": "1.53770", "2016-12-31": "1.57710", "2016-09-30": "1.45680", "2016-06-30": "1.64520", "2016-03-31": "1.54480", "2015-12-31": "1.11930", "2015-09-30": "-0.20330", "2015-06-30": "-2.30080", "2015-03-31": "6.17670", "2014-12-31": "-2.04470", "2014-09-30": "3.11550", "2014-06-30": "2.47120", "2014-03-31": "9.66650", "2013-12-31": "-13.16750", "2013-09-30": "10.30290", "2013-06-30": "19.27910", "2013-03-31": "12.18600", "2012-12-31": "2.51960", "2012-09-30": "6.24830", "2012-06-30": "", "2012-03-31": "", "2011-12-31": "", "2011-09-30": "", "2010-12-31": ""}, "Return On Tangible Equity": {"2020-09-30": "-1.99750", "2020-06-30": "5.27020", "2020-03-31": "-1.18330", "2019-12-31": "-0.56400", "2019-09-30": "-2.74320", "2019-06-30": "-1.34710", "2019-03-31": "-1.19490", "2018-12-31": "36.92830", "2018-09-30": "-1.64960", "2018-06-30": "-2.00770", "2018-03-31": "-2.64030", "2017-12-31": "-20.78720", "2017-09-30": "-2.07770", "2017-06-30": "-2.55400", "2017-03-31": "-1.95030", "2016-12-31": "-1.98050", "2016-09-30": "-1.82190", "2016-06-30": "-2.06010", "2016-03-31": "-2.30700", "2015-12-31": "-1.66330", "2015-09-30": "0.33240", "2015-06-30": "1.28940", "2015-03-31": "-3.08830", "2014-12-31": "1.20090", "2014-09-30": "-2.14740", "2014-06-30": "-1.63000", "2014-03-31": "-6.11300", "2013-12-31": "7.99110", "2013-09-30": "-5.50660", "2013-06-30": "-8.63000", "2013-03-31": "-4.46710", "2012-12-31": "-0.87760", "2012-09-30": "-7.12760", "2012-06-30": "", "2012-03-31": "", "2011-12-31": "", "2011-09-30": "", "2010-12-31": ""}, "ROA - Return On Assets": {"2020-09-30": "0.60940", "2020-06-30": "-1.68050", "2020-03-31": "0.36610", "2019-12-31": "0.18040", "2019-09-30": "0.87340", "2019-06-30": "0.43410", "2019-03-31": "0.39010", "2018-12-31": "-12.20560", "2018-09-30": "0.51620", "2018-06-30": "0.61770", "2018-03-31": "0.83040", "2017-12-31": "6.60990", "2017-09-30": "0.78550", "2017-06-30": "0.97140", "2017-03-31": "0.73760", "2016-12-31": "0.75370", "2016-09-30": "0.69620", "2016-06-30": "0.78480", "2016-03-31": "0.73010", "2015-12-31": "0.52690", "2015-09-30": "-0.09850", "2015-06-30": "-0.44370", "2015-03-31": "1.20600", "2014-12-31": "-0.41020", "2014-09-30": "0.76310", "2014-06-30": "0.57830", "2014-03-31": "2.19600", "2013-12-31": "-2.95060", "2013-09-30": "2.16210", "2013-06-30": "3.59430", "2013-03-31": "1.95990", "2012-12-31": "0.38830", "2012-09-30": "2.09120", "2012-06-30": "", "2012-03-31": "", "2011-12-31": "", "2011-09-30": "", "2010-12-31": ""}, "ROI - Return On Investment": {"2020-09-30": "0.77440", "2020-06-30": "-2.13820", "2020-03-31": "0.46100", "2019-12-31": "0.22890", "2019-09-30": "1.12370", "2019-06-30": "0.54960", "2019-03-31": "0.49490", "2018-12-31": "-15.29830", "2018-09-30": "0.64000", "2018-06-30": "0.77430", "2018-03-31": "1.05560", "2017-12-31": "8.41090", "2017-09-30": "1.08060", "2017-06-30": "1.31040", "2017-03-31": "1.01610", "2016-12-31": "1.04020", "2016-09-30": "0.95960", "2016-06-30": "1.08460", "2016-03-31": "0.98100", "2015-12-31": "0.70930", "2015-09-30": "-0.12960", "2015-06-30": "-0.55360", "2015-03-31": "2.12280", "2014-12-31": "-0.51700", "2014-09-30": "1.22540", "2014-06-30": "0.95970", "2014-03-31": "3.35180", "2013-12-31": "-4.50440", "2013-09-30": "3.37200", "2013-06-30": "5.81060", "2013-03-31": "3.32650", "2012-12-31": "0.66480", "2012-09-30": "2.73700", "2012-06-30": "", "2012-03-31": "", "2011-12-31": "", "2011-09-30": "", "2010-12-31": ""}, "Book Value Per Share": {"2020-09-30": "40.34420", "2020-06-30": "40.20120", "2020-03-31": "41.83630", "2019-12-31": "42.38250", "2019-09-30": "42.42750", "2019-06-30": "42.35660", "2019-03-31": "42.48610", "2018-12-31": "42.43850", "2018-09-30": "53.79160", "2018-06-30": "54.03200", "2018-03-31": "54.51600", "2017-12-31": "54.20020", "2017-09-30": "48.41630", "2017-06-30": "48.06010", "2017-03-31": "47.59090", "2016-12-31": "47.30810", "2016-09-30": "47.52710", "2016-06-30": "47.68290", "2016-03-31": "54.77310", "2015-12-31": "54.54210", "2015-09-30": "55.50500", "2015-06-30": "38.38070", "2015-03-31": "7.65350", "2014-12-31": "41.52680", "2014-09-30": "9.30140", "2014-06-30": "9.10570", "2014-03-31": "8.86490", "2013-12-31": "8.69070", "2013-09-30": "8.13940", "2013-06-30": "7.21580", "2013-03-31": "6.29240", "2012-12-31": "6.02580", "2012-09-30": "12.58930", "2012-06-30": "", "2012-03-31": "", "2011-12-31": "", "2011-09-30": "", "2010-12-31": ""}, "Operating Cash Flow Per Share": {"2020-09-30": 0.8944, "2020-06-30": 1.6387, "2020-03-31": "0.17320", "2019-12-31": 1.2749, "2019-09-30": 0.5428, "2019-06-30": 0.8359, "2019-03-31": "0.24840", "2018-12-31": 1.3954, "2018-09-30": 0.54, "2018-06-30": -0.156, "2018-03-31": "0.33220", "2017-12-31": 0.3949, "2017-09-30": 0.1579, "2017-06-30": 0.3556, "2017-03-31": "-0.50040", "2016-12-31": 1.3325, "2016-09-30": -0.8874, "2016-06-30": 1.4944, "2016-03-31": "0.22040", "2015-12-31": 0.9651, "2015-09-30": -0.4284, "2015-06-30": 1.2896, "2015-03-31": "-0.20800", "2014-12-31": 2.1459, "2014-09-30": 1.2838, "2014-06-30": 1.8291, "2014-03-31": "0.41760", "2013-12-31": 2.4384, "2013-09-30": 0.845, "2013-06-30": 0.6314, "2013-03-31": "0.38860", "2012-12-31": 1.5948, "2012-09-30": 1.6346, "2012-06-30": 2.0186, "2012-03-31": "-0.15570", "2011-12-31": -3.4544, "2011-09-30": 3.4544, "2010-12-31": 0}, "Free Cash Flow Per Share": {"2020-09-30": 0.7822, "2020-06-30": 1.5348, "2020-03-31": "0.06620", "2019-12-31": 1.1212, "2019-09-30": 1.4438, "2019-06-30": 1.1965, "2019-03-31": "0.04490", "2018-12-31": 1.2171, "2018-09-30": 0.4127, "2018-06-30": -0.3318, "2018-03-31": "0.15070", "2017-12-31": 0.2075, "2017-09-30": -0.0655, "2017-06-30": 0.0935, "2017-03-31": "-0.79980", "2016-12-31": 0.9961, "2016-09-30": -1.1492, "2016-06-30": 1.3227, "2016-03-31": "-0.02690", "2015-12-31": 0.4612, "2015-09-30": -0.3199, "2015-06-30": 0.9935, "2015-03-31": "-0.34090", "2014-12-31": 1.6313, "2014-09-30": 1.0397, "2014-06-30": 1.6558, "2014-03-31": "0.29120", "2013-12-31": 1.6464, "2013-09-30": 0.582, "2013-06-30": 0.4243, "2013-03-31": "0.41540", "2012-12-31": 1.3588, "2012-09-30": 1.4653, "2012-06-30": 1.8697, "2012-03-31": "-0.30960", "2011-12-31": -3.0034, "2011-09-30": 3.0034, "2010-12-31": 0}}, "revenue": {"Kraft Heinz Annual Revenue (Millions of US $)": {"2019": "$24,977", "2018": "$26,268", "2017": "$26,076", "2016": "$26,300", "2015": "$18,338", "2014": "$10,922", "2013": "$11,529", "2012": "$18,271", "2011": "$18,576", "2010": "$17,797"}, "Kraft Heinz Quarterly Revenue (Millions of US $)": {"2020-09-30": "$6,441", "2020-06-30": "$6,648", "2020-03-31": "$6,157", "2019-12-31": "$6,536", "2019-09-30": "$6,076", "2019-06-30": "$6,406", "2019-03-31": "$5,959", "2018-12-31": "$6,891", "2018-09-30": "$6,383", "2018-06-30": "$6,690", "2018-03-31": "$6,304", "2017-12-31": "$6,835", "2017-09-30": "$6,280", "2017-06-30": "$6,637", "2017-03-31": "$6,324", "2016-12-31": "$6,670", "2016-09-30": "$6,267", "2016-06-30": "$6,793", "2016-03-31": "$6,570", "2015-12-31": "$7,124", "2015-09-30": "$6,120", "2015-06-30": "$2,616", "2015-03-31": "$2,478", "2014-12-31": "$1,237", "2014-09-30": "$2,594", "2014-06-30": "$2,729", "2014-03-31": "$4,362", "2013-12-31": "$-2,094", "2013-09-30": "$4,394", "2013-06-30": "$4,716", "2013-03-31": "$4,513", "2012-12-31": "$4,444", "2012-09-30": "$4,588", "2012-06-30": "$4,786", "2012-03-31": "$4,453", "2011-12-31": "", "2011-09-30": "$4,474", "2010-12-31": ""}}, "gross-profit": {"Kraft Heinz Annual Gross Profit (Millions of US $)": {"2019": "$8,147", "2018": "$8,921", "2017": "$9,033", "2016": "$9,146", "2015": "$5,761", "2014": "$3,277", "2013": "$3,571", "2012": "$5,772", "2011": "$5,763", "2010": "$6,020"}, "Kraft Heinz Quarterly Gross Profit (Millions of US $)": {"2020-09-30": "$2,344", "2020-06-30": "$2,452", "2020-03-31": "$1,858", "2019-12-31": "$2,107", "2019-09-30": "$1,947", "2019-06-30": "$2,082", "2019-03-31": "$2,011", "2018-12-31": "$2,216", "2018-09-30": "$2,094", "2018-06-30": "$2,347", "2018-03-31": "$2,264", "2017-12-31": "$2,198", "2017-09-30": "$2,203", "2017-06-30": "$2,433", "2017-03-31": "$2,199", "2016-12-31": "$2,019", "2016-09-30": "$2,218", "2016-06-30": "$2,531", "2016-03-31": "$2,378", "2015-12-31": "$2,404", "2015-09-30": "$1,628", "2015-06-30": "$882", "2015-03-31": "$847", "2014-12-31": "$65", "2014-09-30": "$767", "2014-06-30": "$885", "2014-03-31": "$1,560", "2013-12-31": "$-1,321", "2013-09-30": "$1,486", "2013-06-30": "$1,936", "2013-03-31": "$1,470", "2012-12-31": "$1,118", "2012-09-30": "$1,569", "2012-06-30": "$1,636", "2012-03-31": "$1,449", "2011-12-31": "", "2011-09-30": "$1,364", "2010-12-31": ""}}, "operating-income": {"Kraft Heinz Annual Operating Income (Millions of US $)": {"2019": "$3,070", "2018": "$-10,205", "2017": "$6,057", "2016": "$5,601", "2015": "$2,639", "2014": "$1,568", "2013": "$1,662", "2012": "$2,670", "2011": "$2,828", "2010": "$2,965"}, "Kraft Heinz Quarterly Operating Income (Millions of US $)": {"2020-09-30": "$1,147", "2020-06-30": "$-1,339", "2020-03-31": "$770", "2019-12-31": "$594", "2019-09-30": "$1,180", "2019-06-30": "$734", "2019-03-31": "$562", "2018-12-31": "$-14,136", "2018-09-30": "$1,074", "2018-06-30": "$1,357", "2018-03-31": "$1,500", "2017-12-31": "$1,442", "2017-09-30": "$1,538", "2017-06-30": "$1,644", "2017-03-31": "$1,433", "2016-12-31": "$1,039", "2016-09-30": "$1,413", "2016-06-30": "$1,636", "2016-03-31": "$1,513", "2015-12-31": "$1,287", "2015-09-30": "$399", "2015-06-30": "$444", "2015-03-31": "$509", "2014-12-31": "$-119", "2014-09-30": "$409", "2014-06-30": "$374", "2014-03-31": "$904", "2013-12-31": "$-1,415", "2013-09-30": "$870", "2013-06-30": "$1,398", "2013-03-31": "$809", "2012-12-31": "$261", "2012-09-30": "$757", "2012-06-30": "$911", "2012-03-31": "$741", "2011-12-31": "", "2011-09-30": "$708", "2010-12-31": ""}}, "ebitda": {"Kraft Heinz Annual EBITDA (Millions of US $)": {"2019": "$3,758", "2018": "$-9,561", "2017": "$6,760", "2016": "$6,591", "2015": "$3,614", "2014": "$2,092", "2013": "$2,002", "2012": "$3,098", "2011": "$3,192", "2010": "$3,319"}, "Kraft Heinz Quarterly EBITDA (Millions of US $)": {"2020-09-30": "$1,348", "2020-06-30": "$-1,122", "2020-03-31": "$982", "2019-12-31": "$774", "2019-09-30": "$1,347", "2019-06-30": "$913", "2019-03-31": "$724", "2018-12-31": "$-13,943", "2018-09-30": "$1,246", "2018-06-30": "$1,515", "2018-03-31": "$1,621", "2017-12-31": "$1,602", "2017-09-30": "$1,735", "2017-06-30": "$1,810", "2017-03-31": "$1,613", "2016-12-31": "$1,236", "2016-09-30": "$1,617", "2016-06-30": "$1,912", "2016-03-31": "$1,826", "2015-12-31": "$1,891", "2015-09-30": "$594", "2015-06-30": "$531", "2015-03-31": "$598", "2014-12-31": "$-19", "2014-09-30": "$476", "2014-06-30": "$635", "2014-03-31": "$1,000", "2013-12-31": "$-1,371", "2013-09-30": "$962", "2013-06-30": "$1,500", "2013-03-31": "$911", "2012-12-31": "$428", "2012-09-30": "$849", "2012-06-30": "$1,001", "2012-03-31": "$820", "2011-12-31": "", "2011-09-30": "$708", "2010-12-31": ""}}, "net-income": {"Kraft Heinz Annual Net Income (Millions of US $)": {"2019": "$1,935", "2018": "$-10,192", "2017": "$10,941", "2016": "$3,416", "2015": "$-266", "2014": "$-63", "2013": "$1,013", "2012": "$1,637", "2011": "$1,775", "2010": "$3,534"}, "Kraft Heinz Quarterly Net Income (Millions of US $)": {"2020-09-30": "$597", "2020-06-30": "$-1,651", "2020-03-31": "$378", "2019-12-31": "$182", "2019-09-30": "$899", "2019-06-30": "$449", "2019-03-31": "$405", "2018-12-31": "$-12,568", "2018-09-30": "$619", "2018-06-30": "$754", "2018-03-31": "$1,003", "2017-12-31": "$7,945", "2017-09-30": "$944", "2017-06-30": "$1,159", "2017-03-31": "$893", "2016-12-31": "$908", "2016-09-30": "$842", "2016-06-30": "$770", "2016-03-31": "$896", "2015-12-31": "$285", "2015-09-30": "$-303", "2015-06-30": "$-344", "2015-03-31": "$96", "2014-12-31": "$-515", "2014-09-30": "$-8", "2014-06-30": "$-53", "2014-03-31": "$513", "2013-12-31": "$-765", "2013-09-30": "$497", "2013-06-30": "$825", "2013-03-31": "$456", "2012-12-31": "$85", "2012-09-30": "$466", "2012-06-30": "$603", "2012-03-31": "$483", "2011-12-31": "", "2011-09-30": "$417", "2010-12-31": ""}}, "eps-earnings-per-share-diluted": {"Kraft Heinz Annual EPS": {"2019": "$1.58", "2018": "$-8.36", "2017": "$8.91", "2016": "$2.78", "2015": "$-0.34", "2014": "$-0.17", "2013": "$3.14", "2012": "$2.75", "2011": "$3.00", "2010": "$5.98"}, "Kraft Heinz Quarterly EPS": {"2020-09-30": "$0.49", "2020-06-30": "$-1.35", "2020-03-31": "$0.31", "2019-12-31": "$0.14", "2019-09-30": "$0.74", "2019-06-30": "$0.37", "2019-03-31": "$0.33", "2018-12-31": "$-10.30", "2018-09-30": "$0.50", "2018-06-30": "$0.62", "2018-03-31": "$0.82", "2017-12-31": "$6.47", "2017-09-30": "$0.77", "2017-06-30": "$0.94", "2017-03-31": "$0.73", "2016-12-31": "$0.73", "2016-09-30": "$0.69", "2016-06-30": "$0.63", "2016-03-31": "$0.73", "2015-12-31": "$0.60", "2015-09-30": "$-0.27", "2015-06-30": "$-0.91", "2015-03-31": "$0.24", "2014-12-31": "$-0.86", "2014-09-30": "$-0.02", "2014-06-30": "$-0.14", "2014-03-31": "$0.85", "2013-12-31": "$0.17", "2013-09-30": "$0.83", "2013-06-30": "$1.38", "2013-03-31": "$0.76", "2012-12-31": "$0.12", "2012-09-30": "$0.79", "2012-06-30": "$1.02", "2012-03-31": "$0.82", "2011-12-31": "$0.00", "2011-09-30": "$0.70", "2010-12-31": "$0.00"}}, "shares-outstanding": {"Kraft Heinz Annual Shares Outstanding (Millions of Shares)": {"2019": "1,224", "2018": "1,219", "2017": "1,228", "2016": "1,226", "2015": "786", "2014": "377", "2013": "323", "2012": "596", "2011": "591", "2010": "591"}, "Kraft Heinz Quarterly Shares Outstanding (Millions of Shares)": {"2020-09-30": "1,229", "2020-06-30": "1,223", "2020-03-31": "1,224", "2019-12-31": "1,224", "2019-09-30": "1,223", "2019-06-30": "1,222", "2019-03-31": "1,224", "2018-12-31": "1,219", "2018-09-30": "1,226", "2018-06-30": "1,226", "2018-03-31": "1,228", "2017-12-31": "1,228", "2017-09-30": "1,218", "2017-06-30": "1,229", "2017-03-31": "1,229", "2016-12-31": "1,226", "2016-09-30": "1,228", "2016-06-30": "1,227", "2016-03-31": "1,225", "2015-12-31": "786", "2015-09-30": "1,142", "2015-06-30": "380", "2015-03-31": "399", "2014-12-31": "377", "2014-09-30": "377", "2014-06-30": "377", "2014-03-31": "601", "2013-12-31": "323", "2013-09-30": "600", "2013-06-30": "599", "2013-03-31": "597", "2012-12-31": "596", "2012-09-30": "591", "2012-06-30": "591", "2012-03-31": "591", "2011-12-31": "", "2011-09-30": "592", "2010-12-31": ""}}, "total-assets": {"Kraft Heinz Annual Total Assets (Millions of US $)": {"2019": "$101,450", "2018": "$103,461", "2017": "$120,092", "2016": "$120,480", "2015": "$122,973", "2014": "$36,571", "2013": "$23,148", "2012": "$23,179", "2011": "$21,539", "2010": "$0"}, "Kraft Heinz Quarterly Total Assets (Millions of US $)": {"2020-09-30": "$98,122", "2020-06-30": "$98,306", "2020-03-31": "$104,073", "2019-12-31": "$101,450", "2019-09-30": "$102,822", "2019-06-30": "$103,201", "2019-03-31": "$103,562", "2018-12-31": "$103,461", "2018-09-30": "$119,730", "2018-06-30": "$121,896", "2018-03-31": "$120,787", "2017-12-31": "$120,092", "2017-09-30": "$120,051", "2017-06-30": "$119,416", "2017-03-31": "$120,802", "2016-12-31": "$120,480", "2016-09-30": "$121,080", "2016-06-30": "$121,684", "2016-03-31": "$123,273", "2015-12-31": "$122,973", "2015-09-30": "$121,792", "2015-06-30": "$36,062", "2015-03-31": "$23,134", "2014-12-31": "$36,571", "2014-09-30": "$22,803", "2014-06-30": "$23,345", "2014-03-31": "$23,361", "2013-12-31": "$23,148", "2013-09-30": "$23,126", "2013-06-30": "$23,064", "2013-03-31": "$23,267", "2012-12-31": "$23,179", "2012-09-30": "$22,284", "2012-06-30": "$0", "2012-03-31": "$0", "2011-12-31": "$0", "2011-09-30": "$0", "2010-12-31": "$0"}}, "cash-on-hand": {"Kraft Heinz Annual Cash on Hand (Millions of US $)": {"2019": "$2,279", "2018": "$1,130", "2017": "$1,629", "2016": "$4,204", "2015": "$4,837", "2014": "$2,298", "2013": "$1,686", "2012": "$1,255", "2011": "$", "2010": "$"}, "Kraft Heinz Quarterly Cash on Hand (Millions of US $)": {"2020-09-30": "$2,720", "2020-06-30": "$2,812", "2020-03-31": "$5,403", "2019-12-31": "$2,279", "2019-09-30": "$2,315", "2019-06-30": "$1,452", "2019-03-31": "$1,096", "2018-12-31": "$1,130", "2018-09-30": "$1,366", "2018-06-30": "$3,369", "2018-03-31": "$1,794", "2017-12-31": "$1,629", "2017-09-30": "$1,441", "2017-06-30": "$1,445", "2017-03-31": "$3,242", "2016-12-31": "$4,204", "2016-09-30": "$3,920", "2016-06-30": "$4,237", "2016-03-31": "$4,199", "2015-12-31": "$4,837", "2015-09-30": "$4,437", "2015-06-30": "$2,147", "2015-03-31": "$1,178", "2014-12-31": "$2,298", "2014-09-30": "$935", "2014-06-30": "$1,370", "2014-03-31": "$1,482", "2013-12-31": "$1,686", "2013-09-30": "$1,231", "2013-06-30": "$1,164", "2013-03-31": "$1,181", "2012-12-31": "$1,255", "2012-09-30": "$244", "2012-06-30": "", "2012-03-31": "", "2011-12-31": "", "2011-09-30": "", "2010-12-31": ""}}, "long-term-debt": {"Kraft Heinz Annual Long Term Debt (Millions of US $)": {"2019": "$28,216", "2018": "$30,770", "2017": "$28,308", "2016": "$29,713", "2015": "$25,151", "2014": "$13,358", "2013": "$9,976", "2012": "$9,966", "2011": "$27", "2010": "$"}, "Kraft Heinz Quarterly Long Term Debt (Millions of US $)": {"2020-09-30": "$27,882", "2020-06-30": "$28,097", "2020-03-31": "$31,531", "2019-12-31": "$28,216", "2019-09-30": "$28,112", "2019-06-30": "$29,832", "2019-03-31": "$29,803", "2018-12-31": "$30,770", "2018-09-30": "$30,998", "2018-06-30": "$31,380", "2018-03-31": "$28,561", "2017-12-31": "$28,308", "2017-09-30": "$28,299", "2017-06-30": "$29,979", "2017-03-31": "$29,748", "2016-12-31": "$29,713", "2016-09-30": "$29,980", "2016-06-30": "$30,002", "2016-03-31": "$25,167", "2015-12-31": "$25,151", "2015-09-30": "$25,250", "2015-06-30": "$13,626", "2015-03-31": "$8,626", "2014-12-31": "$13,358", "2014-09-30": "$8,615", "2014-06-30": "$8,604", "2014-03-31": "$9,998", "2013-12-31": "$9,976", "2013-09-30": "$9,975", "2013-06-30": "$9,967", "2013-03-31": "$9,966", "2012-12-31": "$9,966", "2012-09-30": "$9,568", "2012-06-30": "", "2012-03-31": "", "2011-12-31": "", "2011-09-30": "", "2010-12-31": ""}}, "total-liabilities": {"Kraft Heinz Annual Total Liabilities (Millions of US $)": {"2019": "$49,701", "2018": "$51,686", "2017": "$54,022", "2016": "$62,906", "2015": "$56,760", "2014": "$20,915", "2013": "$17,961", "2012": "$19,607", "2011": "$4,951", "2010": "$0"}, "Kraft Heinz Quarterly Total Liabilities (Millions of US $)": {"2020-09-30": "$48,781", "2020-06-30": "$49,140", "2020-03-31": "$52,949", "2019-12-31": "$49,701", "2019-09-30": "$51,018", "2019-06-30": "$51,526", "2019-03-31": "$51,729", "2018-12-31": "$51,686", "2018-09-30": "$54,158", "2018-06-30": "$56,031", "2018-03-31": "$54,332", "2017-12-31": "$54,022", "2017-09-30": "$61,080", "2017-06-30": "$60,870", "2017-03-31": "$62,858", "2016-12-31": "$62,906", "2016-09-30": "$63,212", "2016-06-30": "$63,637", "2016-03-31": "$56,694", "2015-12-31": "$56,760", "2015-09-30": "$54,455", "2015-06-30": "$20,788", "2015-03-31": "$18,617", "2014-12-31": "$20,915", "2014-09-30": "$17,218", "2014-06-30": "$17,882", "2014-03-31": "$18,054", "2013-12-31": "$17,961", "2013-09-30": "$18,273", "2013-06-30": "$18,764", "2013-03-31": "$19,525", "2012-12-31": "$19,607", "2012-09-30": "$14,826", "2012-06-30": "$0", "2012-03-31": "$0", "2011-12-31": "", "2011-09-30": "$0", "2010-12-31": "$0"}}, "total-share-holder-equity": {"Kraft Heinz Annual Share Holder Equity (Millions of US $)": {"2019": "$51,749", "2018": "$51,775", "2017": "$66,070", "2016": "$57,574", "2015": "$66,213", "2014": "$15,656", "2013": "$5,187", "2012": "$3,572", "2011": "$16,588", "2010": "$0"}, "Kraft Heinz Quarterly Share Holder Equity (Millions of US $)": {"2020-09-30": "$49,341", "2020-06-30": "$49,166", "2020-03-31": "$51,124", "2019-12-31": "$51,749", "2019-09-30": "$51,804", "2019-06-30": "$51,675", "2019-03-31": "$51,833", "2018-12-31": "$51,775", "2018-09-30": "$65,572", "2018-06-30": "$65,865", "2018-03-31": "$66,455", "2017-12-31": "$66,070", "2017-09-30": "$58,971", "2017-06-30": "$58,546", "2017-03-31": "$57,944", "2016-12-31": "$57,574", "2016-09-30": "$57,868", "2016-06-30": "$58,047", "2016-03-31": "$66,579", "2015-12-31": "$66,213", "2015-09-30": "$67,337", "2015-06-30": "$15,274", "2015-03-31": "$4,517", "2014-12-31": "$15,656", "2014-09-30": "$5,585", "2014-06-30": "$5,463", "2014-03-31": "$5,307", "2013-12-31": "$5,187", "2013-09-30": "$4,853", "2013-06-30": "$4,300", "2013-03-31": "$3,742", "2012-12-31": "$3,572", "2012-09-30": "$7,458", "2012-06-30": "$0", "2012-03-31": "$0", "2011-12-31": "", "2011-09-30": "$0", "2010-12-31": "$0"}}, "profit-margins": {"current": "-1.92%"}, "gross margin": {"2020-09-30": "33.98%", "2020-06-30": "32.91%", "2020-03-31": "31.75%", "2019-12-31": "32.62%", "2019-09-30": "32.59%", "2019-06-30": "32.77%", "2019-03-31": "33.44%", "2018-12-31": "33.96%", "2018-09-30": "33.97%", "2018-06-30": "34.52%", "2018-03-31": "34.92%", "2017-12-31": "34.64%", "2017-09-30": "34.17%", "2017-06-30": "34.25%", "2017-03-31": "34.42%", "2016-12-31": "34.78%", "2016-09-30": "35.62%", "2016-06-30": "33.60%", "2016-03-31": "32.51%", "2015-12-31": "31.42%", "2015-09-30": "27.48%", "2015-06-30": "28.69%", "2015-03-31": "28.37%", "2014-12-31": "30.00%", "2014-09-30": "24.91%", "2014-06-30": "27.79%", "2014-03-31": "32.18%", "2013-12-31": "30.97%", "2013-09-30": "33.27%", "2013-06-30": "33.37%", "2013-03-31": "31.60%", "2012-12-31": "31.59%", "2012-06-30": "32.44%"}, "operating margin": {"2020-09-30": "4.55%", "2020-06-30": "4.74%", "2020-03-31": "13.02%", "2019-12-31": "12.29%", "2019-09-30": "-46.03%", "2019-06-30": "-45.89%", "2019-03-31": "-42.98%", "2018-12-31": "-38.85%", "2018-09-30": "20.50%", "2018-06-30": "22.36%", "2018-03-31": "23.50%", "2017-12-31": "23.23%", "2017-09-30": "21.82%", "2017-06-30": "21.35%", "2017-03-31": "21.19%", "2016-12-31": "21.30%", "2016-09-30": "21.86%", "2016-06-30": "18.17%", "2016-03-31": "16.24%", "2015-12-31": "14.39%", "2015-09-30": "9.90%", "2015-06-30": "13.93%", "2015-03-31": "12.98%", "2014-12-31": "14.36%", "2014-09-30": "3.58%", "2014-06-30": "7.81%", "2014-03-31": "15.44%", "2013-12-31": "14.42%", "2013-09-30": "18.48%", "2013-06-30": "17.66%", "2013-03-31": "14.94%", "2012-12-31": "14.61%", "2012-06-30": "17.21%"}, "ebitda margin": {"2020-09-30": "7.69%", "2020-06-30": "7.79%", "2020-03-31": "15.95%", "2019-12-31": "15.05%", "2019-09-30": "-43.26%", "2019-06-30": "-43.14%", "2019-03-31": "-40.34%", "2018-12-31": "-36.40%", "2018-09-30": "22.83%", "2018-06-30": "24.79%", "2018-03-31": "25.97%", "2017-12-31": "25.92%", "2017-09-30": "24.68%", "2017-06-30": "24.23%", "2017-03-31": "24.48%", "2016-12-31": "25.06%", "2016-09-30": "27.08%", "2016-06-30": "23.39%", "2016-03-31": "21.59%", "2015-12-31": "19.71%", "2015-09-30": "13.69%", "2015-06-30": "17.77%", "2015-03-31": "18.70%", "2014-12-31": "19.15%", "2014-09-30": "9.75%", "2014-06-30": "13.06%", "2014-03-31": "18.38%", "2013-12-31": "17.36%", "2013-09-30": "21.04%", "2013-06-30": "20.20%", "2013-03-31": "17.40%", "2012-12-31": "16.96%", "2012-06-30": "18.44%"}, "pre tax profit margin": {"2020-09-30": "0.28%", "2020-06-30": "1.29%", "2020-03-31": "10.25%", "2019-12-31": "10.65%", "2019-09-30": "-47.92%", "2019-06-30": "-48.69%", "2019-03-31": "-46.19%", "2018-12-31": "-43.10%", "2018-09-30": "16.80%", "2018-06-30": "18.94%", "2018-03-31": "21.00%", "2017-12-31": "20.90%", "2017-09-30": "20.82%", "2017-06-30": "19.85%", "2017-03-31": "18.87%", "2016-12-31": "18.78%", "2016-09-30": "17.84%", "2016-06-30": "13.15%", "2016-03-31": "8.64%", "2015-12-31": "5.52%", "2015-09-30": "-3.09%", "2015-06-30": "-0.02%", "2015-03-31": "4.01%", "2014-12-31": "7.35%", "2014-09-30": "-2.44%", "2014-06-30": "3.70%", "2014-03-31": "12.71%", "2013-12-31": "11.66%", "2013-09-30": "15.67%", "2013-06-30": "15.06%", "2013-03-31": "13.03%", "2012-12-31": "13.43%", "2012-06-30": "17.33%"}, "net profit margin": {"2020-09-30": "-1.92%", "2020-06-30": "-0.76%", "2020-03-31": "7.58%", "2019-12-31": "7.75%", "2019-09-30": "-42.69%", "2019-06-30": "-43.27%", "2019-03-31": "-41.62%", "2018-12-31": "-38.80%", "2018-09-30": "39.38%", "2018-06-30": "40.78%", "2018-03-31": "42.41%", "2017-12-31": "41.96%", "2017-09-30": "15.07%", "2017-06-30": "14.68%", "2017-03-31": "13.10%", "2016-12-31": "12.99%", "2016-09-30": "10.44%", "2016-06-30": "6.19%", "2016-03-31": "2.38%", "2015-12-31": "-1.45%", "2015-09-30": "-8.56%", "2015-06-30": "-8.64%", "2015-03-31": "-5.31%", "2014-12-31": "-0.58%", "2014-09-30": "-4.12%", "2014-06-30": "2.04%", "2014-03-31": "9.40%", "2013-12-31": "8.79%", "2013-09-30": "10.31%", "2013-06-30": "10.03%", "2013-03-31": "8.78%", "2012-12-31": "8.96%", "2012-06-30": "10.96%"}, "pe ratio": {"current": "12.04", "2021-02-11": "0.00", "2020-09-30": "0.00", "2020-06-30": "0.00", "2020-03-31": "15.19", "2019-12-31": "19.10", "2019-09-30": "0.00", "2019-06-30": "0.00", "2019-03-31": "0.00", "2018-12-31": "0.00", "2018-09-30": "5.75", "2018-06-30": "6.30", "2018-03-31": "5.96", "2017-12-31": "7.44", "2017-09-30": "20.54", "2017-06-30": "23.10", "2017-03-31": "27.00", "2016-12-31": "25.80", "2016-09-30": "32.47", "2016-06-30": "55.06"}, "price sales": {"2021-02-11": "1.69", "2020-09-30": "1.41", "2020-06-30": "1.50", "2020-03-31": "1.16", "2019-12-31": "1.49", "2019-09-30": "1.26", "2019-06-30": "1.36", "2019-03-31": "1.40", "2018-12-31": "1.79", "2018-09-30": "2.28", "2018-06-30": "2.58", "2018-03-31": "2.53", "2017-12-31": "3.13", "2017-09-30": "3.12", "2017-06-30": "3.43", "2017-03-31": "3.59", "2016-12-31": "3.39", "2016-09-30": "2.95", "2016-06-30": "2.87"}, "price book": {"current": "0.84", "2021-02-11": "0.88", "2020-09-30": "0.73", "2020-06-30": "0.77", "2020-03-31": "0.57", "2019-12-31": "0.72", "2019-09-30": "0.61", "2019-06-30": "0.67", "2019-03-31": "0.70", "2018-12-31": "0.91", "2018-09-30": "0.91", "2018-06-30": "1.02", "2018-03-31": "0.99", "2017-12-31": "1.23", "2017-09-30": "1.36", "2017-06-30": "1.50", "2017-03-31": "1.60", "2016-12-31": "1.54", "2016-09-30": "1.56", "2016-06-30": "1.52", "2016-03-31": "1.17", "2015-12-31": "1.08", "2015-09-30": "1.01"}, "price fcf": {"2021-02-11": "", "2020-09-30": "$3.50", "2020-06-30": "$4.17", "2020-03-31": "$3.83", "2019-12-31": "$3.81", "2019-09-30": "$3.90", "2019-06-30": "$2.87", "2019-03-31": "$1.34", "2018-12-31": "$1.45", "2018-09-30": "$0.44", "2018-06-30": "$-0.04", "2018-03-31": "$0.39", "2017-12-31": "$-0.56", "2017-09-30": "$0.22", "2017-06-30": "$-0.86", "2017-03-31": "$0.37", "2016-12-31": "$1.14", "2016-09-30": "$0.61", "2016-06-30": "$2.09"}, "net worth": {"value": "$41.21B"}, "current ratio": {"current": "1.31", "2020-09-30": "1.31", "2020-06-30": "1.09", "2020-03-31": "1.48", "2019-12-31": "1.03", "2019-09-30": "1.00", "2019-06-30": "1.18", "2019-03-31": "1.11", "2018-12-31": "1.21", "2018-09-30": "1.00", "2018-06-30": "1.05", "2018-03-31": "0.72", "2017-12-31": "0.71", "2017-09-30": "0.77", "2017-06-30": "0.97", "2017-03-31": "0.95", "2016-12-31": "0.92", "2016-09-30": "0.95", "2016-06-30": "0.97", "2016-03-31": "1.46", "2015-12-31": "1.41", "2015-09-30": "1.81", "2015-06-30": "1.73", "2015-03-31": "1.03", "2014-12-31": "1.59", "2014-09-30": "1.08", "2014-06-30": "1.07", "2014-03-31": "1.46", "2013-12-31": "1.44", "2013-09-30": "1.67", "2013-06-30": "1.47", "2013-03-31": "1.47", "2012-12-31": "1.34", "2012-09-30": "1.52", "2012-06-30": "0.00", "2012-03-31": "0.00", "2011-12-31": "0.00", "2011-09-30": "0.00", "2010-12-31": "0.00"}, "quick ratio": {"2020-09-30": "0.96", "2020-06-30": "0.74", "2020-03-31": "1.12", "2019-12-31": "0.68", "2019-09-30": "0.66", "2019-06-30": "0.78", "2019-03-31": "0.72", "2018-12-31": "0.85", "2018-09-30": "0.57", "2018-06-30": "0.70", "2018-03-31": "0.42", "2017-12-31": "0.44", "2017-09-30": "0.43", "2017-06-30": "0.55", "2017-03-31": "0.61", "2016-12-31": "0.64", "2016-09-30": "0.62", "2016-06-30": "0.67", "2016-03-31": "1.03", "2015-12-31": "1.03", "2015-09-30": "1.29", "2015-06-30": "1.29", "2015-03-31": "0.64", "2014-12-31": "1.21", "2014-09-30": "0.60", "2014-06-30": "0.64", "2014-03-31": "0.92", "2013-12-31": "0.97", "2013-09-30": "1.02", "2013-06-30": "0.89", "2013-03-31": "0.89", "2012-12-31": "0.80", "2012-09-30": "0.71", "2012-06-30": "0.00", "2012-03-31": "0.00", "2011-12-31": "0.00", "2011-09-30": "0.00", "2010-12-31": "0.00"}, "debt equity ratio": {"current": "0.57", "2020-09-30": "0.99", "2020-06-30": "1.00", "2020-03-31": "1.04", "2019-12-31": "0.96", "2019-09-30": "0.99", "2019-06-30": "1.00", "2019-03-31": "1.00", "2018-12-31": "1.00", "2018-09-30": "0.83", "2018-06-30": "0.85", "2018-03-31": "0.82", "2017-12-31": "0.82", "2017-09-30": "1.04", "2017-06-30": "1.04", "2017-03-31": "1.09", "2016-12-31": "1.09", "2016-09-30": "1.09", "2016-06-30": "1.10", "2016-03-31": "0.85", "2015-12-31": "0.86", "2015-09-30": "0.81", "2015-06-30": "1.36", "2015-03-31": "4.12", "2014-12-31": "1.34", "2014-09-30": "3.08", "2014-06-30": "3.27", "2014-03-31": "3.40", "2013-12-31": "3.46", "2013-09-30": "3.77", "2013-06-30": "4.36", "2013-03-31": "5.22", "2012-12-31": "5.49", "2012-09-30": "1.99", "2012-06-30": "0.00", "2012-03-31": "0.00", "2011-12-31": "0.00", "2011-09-30": "0.00", "2010-12-31": "0.00"}, "return on equity": {"2020-09-30": "-0.98%", "2020-06-30": "-0.38%", "2020-03-31": "3.70%", "2019-12-31": "3.74%", "2019-09-30": "-20.89%", "2019-06-30": "-20.09%", "2019-03-31": "-18.36%", "2018-12-31": "-16.33%", "2018-09-30": "15.64%", "2018-06-30": "16.55%", "2018-03-31": "17.68%", "2017-12-31": "18.12%", "2017-09-30": "6.70%", "2017-06-30": "6.56%", "2017-03-31": "5.90%", "2016-12-31": "5.69%", "2016-09-30": "4.49%", "2016-06-30": "2.55%", "2016-03-31": "0.99%", "2015-12-31": "-0.69%", "2015-09-30": "-4.15%", "2015-06-30": "-7.52%", "2015-03-31": "-6.15%", "2014-12-31": "-0.79%", "2014-09-30": "-5.81%", "2014-06-30": "3.69%", "2014-03-31": "21.78%", "2013-12-31": "22.41%", "2013-09-30": "45.25%", "2013-06-30": "38.42%", "2013-03-31": "43.60%", "2012-12-31": "59.37%", "2012-06-30": "inf%"}, "return on assets": {"2020-09-30": "-0.49%", "2020-06-30": "-0.19%", "2020-03-31": "1.85%", "2019-12-31": "1.88%", "2019-09-30": "-10.47%", "2019-06-30": "-10.32%", "2019-03-31": "-9.62%", "2018-12-31": "-8.75%", "2018-09-30": "8.56%", "2018-06-30": "8.82%", "2018-03-31": "9.20%", "2017-12-31": "9.11%", "2017-09-30": "3.25%", "2017-06-30": "3.16%", "2017-03-31": "2.82%", "2016-12-31": "2.81%", "2016-09-30": "2.28%", "2016-06-30": "1.35%", "2016-03-31": "0.53%", "2015-12-31": "-0.35%", "2015-09-30": "-1.96%", "2015-06-30": "-2.60%", "2015-03-31": "-1.81%", "2014-12-31": "-0.24%", "2014-09-30": "-1.35%", "2014-06-30": "0.83%", "2014-03-31": "4.62%", "2013-12-31": "4.38%", "2013-09-30": "8.04%", "2013-06-30": "7.98%", "2013-03-31": "9.37%", "2012-12-31": "14.40%", "2012-06-30": "inf%"}, "return on investments": {"2020-09-30": "1.48%", "2020-06-30": "1.51%", "2020-03-31": "4.05%", "2019-12-31": "3.80%", "2019-09-30": "-14.32%", "2019-06-30": "-13.75%", "2019-03-31": "-12.45%", "2018-12-31": "-10.99%", "2018-09-30": "5.61%", "2018-06-30": "6.24%", "2018-03-31": "6.71%", "2017-12-31": "6.77%", "2017-09-30": "6.45%", "2017-06-30": "6.29%", "2017-03-31": "6.29%", "2016-12-31": "6.31%", "2016-09-30": "6.52%", "2016-06-30": "5.32%", "2016-03-31": "4.78%", "2015-12-31": "4.67%", "2015-09-30": "3.01%", "2015-06-30": "5.83%", "2015-03-31": "6.66%", "2014-12-31": "8.64%", "2014-09-30": "1.85%", "2014-06-30": "4.94%", "2014-03-31": "11.80%", "2013-12-31": "11.47%", "2013-09-30": "23.70%", "2013-06-30": "22.04%", "2013-03-31": "24.74%", "2012-12-31": "34.94%", "2012-06-30": "inf%"}, "return on tangible equity": {"2020-09-30": "1.57%", "2020-06-30": "0.60%", "2020-03-31": "-5.84%", "2019-12-31": "-5.85%", "2019-09-30": "32.28%", "2019-06-30": "31.99%", "2019-03-31": "30.19%", "2018-12-31": "27.70%", "2018-09-30": "-27.31%", "2018-06-30": "-26.77%", "2018-03-31": "-26.47%", "2017-12-31": "-25.05%", "2017-09-30": "-8.56%", "2017-06-30": "-8.30%", "2017-03-31": "-7.41%", "2016-12-31": "-7.70%", "2016-09-30": "-6.55%", "2016-06-30": "-4.11%", "2016-03-31": "-1.69%", "2015-12-31": "1.10%", "2015-09-30": "6.09%", "2015-06-30": "7.34%", "2015-03-31": "5.06%", "2014-12-31": "0.68%", "2014-09-30": "3.76%", "2014-06-30": "-2.24%", "2014-03-31": "-12.01%", "2013-12-31": "-10.82%", "2013-09-30": "-19.03%", "2013-06-30": "-20.02%", "2013-03-31": "-23.85%", "2012-12-31": "-38.99%", "2012-06-30": "inf%"}, "dividend yield history": {"last payout": "$1.60", "last yield": "4.75%"}}