{"ticker": "KRC", "price": {"title": "Kilroy Realty Historical Annual Stock Price Data", "value": 59.09, "historical": {"2021": {"Average Stock Price": "57.5742", "Year Open": "55.2200", "Year High": "60.9400", "Year Low": "54.6700", "Year Close": "59.0900", "Annual % Change": "2.94%"}, "2020": {"Average Stock Price": "62.4295", "Year Open": "82.4900", "Year High": "88.2800", "Year Low": "46.4600", "Year Close": "57.4000", "Annual % Change": "-31.59%"}, "2019": {"Average Stock Price": "76.7510", "Year Open": "61.4400", "Year High": "84.5000", "Year Low": "61.4400", "Year Close": "83.9000", "Annual % Change": "33.43%"}, "2018": {"Average Stock Price": "71.0977", "Year Open": "74.2700", "Year High": "77.3400", "Year Low": "59.4600", "Year Close": "62.8800", "Annual % Change": "-15.77%"}, "2017": {"Average Stock Price": "72.8641", "Year Open": "73.2100", "Year High": "77.9100", "Year Low": "67.4700", "Year Close": "74.6500", "Annual % Change": "1.95%"}, "2016": {"Average Stock Price": "65.4193", "Year Open": "62.1000", "Year High": "76.8800", "Year Low": "47.3800", "Year Close": "73.2200", "Annual % Change": "15.71%"}, "2015": {"Average Stock Price": "69.8871", "Year Open": "70.4800", "Year High": "78.8600", "Year Low": "62.8300", "Year Close": "63.2800", "Annual % Change": "-8.38%"}, "2014": {"Average Stock Price": "61.1194", "Year Open": "50.2600", "Year High": "71.1000", "Year Low": "50.2600", "Year Close": "69.0700", "Annual % Change": "37.64%"}, "2013": {"Average Stock Price": "52.1194", "Year Open": "47.8600", "Year High": "59.5800", "Year Low": "47.7300", "Year Close": "50.1800", "Annual % Change": "5.93%"}, "2012": {"Average Stock Price": "45.7219", "Year Open": "38.2400", "Year High": "49.8800", "Year Low": "37.9200", "Year Close": "47.3700", "Annual % Change": "24.43%"}, "2011": {"Average Stock Price": "37.2722", "Year Open": "37.1600", "Year High": "41.9400", "Year Low": "29.2500", "Year Close": "38.0700", "Annual % Change": "4.39%"}, "2010": {"Average Stock Price": "32.3030", "Year Open": "30.3900", "Year High": "36.7200", "Year Low": "26.7500", "Year Close": "36.4700", "Annual % Change": "18.91%"}, "2009": {"Average Stock Price": "24.1844", "Year Open": "32.4700", "Year High": "32.8300", "Year Low": "15.4000", "Year Close": "30.6700", "Annual % Change": "-8.34%"}, "2008": {"Average Stock Price": "44.9117", "Year Open": "53.6400", "Year High": "55.5400", "Year Low": "22.1000", "Year Close": "33.4600", "Annual % Change": "-39.12%"}, "2007": {"Average Stock Price": "69.5243", "Year Open": "77.7400", "Year High": "89.8000", "Year Low": "52.6600", "Year Close": "54.9600", "Annual % Change": "-29.54%"}, "2006": {"Average Stock Price": "73.0335", "Year Open": "63.4500", "Year High": "83.4200", "Year Low": "63.4500", "Year Close": "78.0000", "Annual % Change": "26.01%"}, "2005": {"Average Stock Price": "49.1497", "Year Open": "42.1500", "Year High": "63.7100", "Year Low": "38.9500", "Year Close": "61.9000", "Annual % Change": "44.80%"}, "2004": {"Average Stock Price": "35.9712", "Year Open": "32.8000", "Year High": "43.8500", "Year Low": "30.6200", "Year Close": "42.7500", "Annual % Change": "30.53%"}, "2003": {"Average Stock Price": "26.7498", "Year Open": "23.2500", "Year High": "33.5500", "Year Low": "20.7400", "Year Close": "32.7500", "Annual % Change": "42.08%"}, "2002": {"Average Stock Price": "25.0616", "Year Open": "26.2900", "Year High": "29.6400", "Year Low": "20.2500", "Year Close": "23.0500", "Annual % Change": "-12.26%"}, "2001": {"Average Stock Price": "26.1429", "Year Open": "27.7500", "Year High": "29.1000", "Year Low": "23.4100", "Year Close": "26.2700", "Annual % Change": "-6.38%"}, "2000": {"Average Stock Price": "24.2517", "Year Open": "21.0000", "Year High": "29.1300", "Year Low": "19.4400", "Year Close": "28.0600", "Annual % Change": "25.38%"}, "1999": {"Average Stock Price": "21.8431", "Year Open": "23.2500", "Year High": "26.1900", "Year Low": "18.0000", "Year Close": "22.3800", "Annual % Change": "-2.70%"}, "1998": {"Average Stock Price": "24.5089", "Year Open": "29.2500", "Year High": "29.2500", "Year Low": "19.0000", "Year Close": "23.0000", "Annual % Change": "-20.00%"}}}, "market cap": {"value": "$6.81B"}, "income statement": {"Revenue": {"2020-12-31": "898.39700", "2019-12-31": "837.45400", "2018-12-31": "747.29800", "2017-12-31": "719.00100", "2016-12-31": "642.57200", "2015-12-31": "581.27500", "2014-12-31": "521.72500", "2013-12-31": "457.11100", "2012-12-31": "373.31800", "2011-12-31": "310.42400", "2010-12-31": "254.99400", "2009-12-31": "264.80400", "2008-12-31": "289.35500", "2007-12-31": "257.87600", "2006-12-31": "241.54100", "2005-12-31": "226.11100"}, "Cost Of Goods Sold": {"2020-12-31": "260.72000", "2019-12-31": "253.86200", "2018-12-31": "210.78300", "2017-12-31": "202.75700", "2016-12-31": "172.57700", "2015-12-31": "158.69700", "2014-12-31": "148.78600", "2013-12-31": "137.03600", "2012-12-31": "108.72800", "2011-12-31": "92.26800", "2010-12-31": "75.62700", "2009-12-31": "72.21100", "2008-12-31": "72.54100", "2007-12-31": "64.35300", "2006-12-31": "59.43200", "2005-12-31": "53.60200"}, "Gross Profit": {"2020-12-31": "637.67700", "2019-12-31": "583.59200", "2018-12-31": "536.51500", "2017-12-31": "516.24400", "2016-12-31": "469.99500", "2015-12-31": "422.57800", "2014-12-31": "372.93900", "2013-12-31": "320.07500", "2012-12-31": "264.59000", "2011-12-31": "218.15600", "2010-12-31": "179.36700", "2009-12-31": "192.59300", "2008-12-31": "216.81400", "2007-12-31": "193.52300", "2006-12-31": "182.10900", "2005-12-31": "172.50900"}, "Research And Development Expenses": {"2020-12-31": "", "2019-12-31": "", "2018-12-31": "", "2017-12-31": "", "2016-12-31": "", "2015-12-31": "", "2014-12-31": "", "2013-12-31": "", "2012-12-31": "", "2011-12-31": "", "2010-12-31": "", "2009-12-31": "", "2008-12-31": "", "2007-12-31": "", "2006-12-31": "", "2005-12-31": ""}, "SG&A Expenses": {"2020-12-31": "99.26400", "2019-12-31": "88.13900", "2018-12-31": "96.15600", "2017-12-31": "63.85000", "2016-12-31": "57.02900", "2015-12-31": "48.81000", "2014-12-31": "46.21000", "2013-12-31": "40.05600", "2012-12-31": "36.34100", "2011-12-31": "28.84300", "2010-12-31": "28.02800", "2009-12-31": "40.36100", "2008-12-31": "42.31100", "2007-12-31": "37.05300", "2006-12-31": "23.54400", "2005-12-31": "65.78800"}, "Other Operating Income Or Expenses": {"2020-12-31": "", "2019-12-31": "", "2018-12-31": "", "2017-12-31": "", "2016-12-31": "", "2015-12-31": "", "2014-12-31": "", "2013-12-31": "", "2012-12-31": "", "2011-12-31": "", "2010-12-31": "", "2009-12-31": "", "2008-12-31": "", "2007-12-31": "", "2006-12-31": "", "2005-12-31": ""}, "Operating Expenses": {"2020-12-31": "659.29200", "2019-12-31": "615.13100", "2018-12-31": "561.22000", "2017-12-31": "512.49300", "2016-12-31": "448.74200", "2015-12-31": "412.29800", "2014-12-31": "398.89200", "2013-12-31": "367.94100", "2012-12-31": "300.52700", "2011-12-31": "240.79400", "2010-12-31": "196.73900", "2009-12-31": "196.86200", "2008-12-31": "198.06700", "2007-12-31": "174.16000", "2006-12-31": "151.80600", "2005-12-31": "183.66300"}, "Operating Income": {"2020-12-31": "239.10500", "2019-12-31": "222.32300", "2018-12-31": "186.07800", "2017-12-31": "206.50800", "2016-12-31": "193.83000", "2015-12-31": "168.97700", "2014-12-31": "122.83300", "2013-12-31": "89.17000", "2012-12-31": "72.79100", "2011-12-31": "69.63000", "2010-12-31": "58.25500", "2009-12-31": "67.94200", "2008-12-31": "91.28800", "2007-12-31": "83.71600", "2006-12-31": "89.73500", "2005-12-31": "42.44800"}, "Total Non-Operating Income/Expense": {"2020-12-31": "-67.34800", "2019-12-31": "-43.89600", "2018-12-31": "-62.90300", "2017-12-31": "-65.84900", "2016-12-31": "-54.03900", "2015-12-31": "-57.43900", "2014-12-31": "-67.01000", "2013-12-31": "-74.23500", "2012-12-31": "-78.26600", "2011-12-31": "-85.21400", "2010-12-31": "-58.68200", "2009-12-31": "-39.91000", "2008-12-31": "-45.43900", "2007-12-31": "-39.15600", "2006-12-31": "-41.71500", "2005-12-31": "-37.61000"}, "Pre-Tax Income": {"2020-12-31": "171.75700", "2019-12-31": "178.42700", "2018-12-31": "123.17500", "2017-12-31": "140.65900", "2016-12-31": "139.79100", "2015-12-31": "111.53800", "2014-12-31": "55.82300", "2013-12-31": "14.93500", "2012-12-31": "-5.47500", "2011-12-31": "-15.58400", "2010-12-31": "-0.42700", "2009-12-31": "28.03200", "2008-12-31": "45.84900", "2007-12-31": "44.56000", "2006-12-31": "48.02000", "2005-12-31": "4.83800"}, "Income Taxes": {"2020-12-31": "", "2019-12-31": "", "2018-12-31": "", "2017-12-31": "", "2016-12-31": "", "2015-12-31": "", "2014-12-31": "", "2013-12-31": "", "2012-12-31": "", "2011-12-31": "", "2010-12-31": "", "2009-12-31": "", "2008-12-31": "", "2007-12-31": "", "2006-12-31": "", "2005-12-31": ""}, "Income After Taxes": {"2020-12-31": "171.75700", "2019-12-31": "178.42700", "2018-12-31": "123.17500", "2017-12-31": "140.65900", "2016-12-31": "139.79100", "2015-12-31": "111.53800", "2014-12-31": "55.82300", "2013-12-31": "14.93500", "2012-12-31": "-5.47500", "2011-12-31": "-15.58400", "2010-12-31": "-0.42700", "2009-12-31": "28.03200", "2008-12-31": "45.84900", "2007-12-31": "44.56000", "2006-12-31": "48.02000", "2005-12-31": "4.83800"}, "Other Income": {"2020-12-31": "35.53600", "2019-12-31": "36.80200", "2018-12-31": "154.75100", "2017-12-31": "39.95600", "2016-12-31": "164.00700", "2015-12-31": "127.06600", "2014-12-31": "3.49000", "2013-12-31": "", "2012-12-31": "", "2011-12-31": "", "2010-12-31": "", "2009-12-31": "", "2008-12-31": "", "2007-12-31": "", "2006-12-31": "", "2005-12-31": ""}, "Income From Continuous Operations": {"2020-12-31": "207.29300", "2019-12-31": "215.22900", "2018-12-31": "277.92600", "2017-12-31": "180.61500", "2016-12-31": "303.79800", "2015-12-31": "238.60400", "2014-12-31": "59.31300", "2013-12-31": "14.93500", "2012-12-31": "-5.47500", "2011-12-31": "-15.58400", "2010-12-31": "-0.42700", "2009-12-31": "28.03200", "2008-12-31": "45.84900", "2007-12-31": "44.56000", "2006-12-31": "39.91800", "2005-12-31": "0.44300"}, "Income From Discontinued Operations": {"2020-12-31": "", "2019-12-31": "", "2018-12-31": "", "2017-12-31": "", "2016-12-31": "", "2015-12-31": "", "2014-12-31": "124.49500", "2013-12-31": "29.63000", "2012-12-31": "282.57600", "2011-12-31": "83.07300", "2010-12-31": "20.31300", "2009-12-31": "9.98300", "2008-12-31": "1.06200", "2007-12-31": "78.75700", "2006-12-31": "41.94600", "2005-12-31": "33.37600"}, "Net Income": {"2020-12-31": "187.10500", "2019-12-31": "195.44300", "2018-12-31": "258.41500", "2017-12-31": "151.24900", "2016-12-31": "280.53800", "2015-12-31": "220.83100", "2014-12-31": "165.27000", "2013-12-31": "28.94100", "2012-12-31": "248.22400", "2011-12-31": "50.81900", "2010-12-31": "3.36100", "2009-12-31": "21.79400", "2008-12-31": "29.82900", "2007-12-31": "101.16400", "2006-12-31": "72.25600", "2005-12-31": "24.21100"}, "EBITDA": {"2020-12-31": "239.10500", "2019-12-31": "495.49100", "2018-12-31": "441.19900", "2017-12-31": "449.39200", "2016-12-31": "414.43800", "2015-12-31": "368.87400", "2014-12-31": "324.41400", "2013-12-31": "286.09800", "2012-12-31": "242.95900", "2011-12-31": "215.95600", "2010-12-31": "172.27300", "2009-12-31": "167.90200", "2008-12-31": "185.95100", "2007-12-31": "173.39700", "2006-12-31": "164.84700", "2005-12-31": "111.50700"}, "EBIT": {"2020-12-31": "239.10500", "2019-12-31": "222.32300", "2018-12-31": "186.07800", "2017-12-31": "206.50800", "2016-12-31": "193.83000", "2015-12-31": "168.97700", "2014-12-31": "122.83300", "2013-12-31": "89.17000", "2012-12-31": "72.79100", "2011-12-31": "69.63000", "2010-12-31": "58.25500", "2009-12-31": "67.94200", "2008-12-31": "91.28800", "2007-12-31": "83.71600", "2006-12-31": "89.73500", "2005-12-31": "42.44800"}, "Basic Shares Outstanding": {"2020-12-31": "113.24100", "2019-12-31": "103.20100", "2018-12-31": "99.97200", "2017-12-31": "98.11400", "2016-12-31": "92.34200", "2015-12-31": "89.85400", "2014-12-31": "83.09000", "2013-12-31": "77.34400", "2012-12-31": "69.64000", "2011-12-31": "56.71700", "2010-12-31": "49.49700", "2009-12-31": "38.70500", "2008-12-31": "32.46600", "2007-12-31": "32.38000", "2006-12-31": "31.24400", "2005-12-31": "28.71100"}, "Shares Outstanding": {"2020-12-31": "113.72000", "2019-12-31": "103.84900", "2018-12-31": "100.48200", "2017-12-31": "98.72700", "2016-12-31": "93.02300", "2015-12-31": "90.39600", "2014-12-31": "84.96800", "2013-12-31": "77.34400", "2012-12-31": "69.64000", "2011-12-31": "56.71700", "2010-12-31": "49.49700", "2009-12-31": "38.73200", "2008-12-31": "32.54100", "2007-12-31": "32.40900", "2006-12-31": "31.39000", "2005-12-31": "28.71100"}, "Basic EPS": {"2020-12-31": "1.63000", "2019-12-31": "1.87000", "2018-12-31": "2.56000", "2017-12-31": "1.52000", "2016-12-31": "3.00000", "2015-12-31": "2.44000", "2014-12-31": "1.99000", "2013-12-31": "0.37000", "2012-12-31": "3.56000", "2011-12-31": "0.87000", "2010-12-31": "0.07000", "2009-12-31": "0.53000", "2008-12-31": "0.91000", "2007-12-31": "3.09000", "2006-12-31": "2.31000", "2005-12-31": "0.84000"}, "EPS - Earnings Per Share": {"2020-12-31": "1.63000", "2019-12-31": "1.86000", "2018-12-31": "2.55000", "2017-12-31": "1.51000", "2016-12-31": "2.97000", "2015-12-31": "2.42000", "2014-12-31": "1.95000", "2013-12-31": "0.37000", "2012-12-31": "3.56000", "2011-12-31": "0.87000", "2010-12-31": "0.07000", "2009-12-31": "0.53000", "2008-12-31": "0.91000", "2007-12-31": "3.09000", "2006-12-31": "2.30000", "2005-12-31": "0.84000"}}, "income statement, quarterly": {"Revenue": {"2020-12-31": "229.33200", "2020-09-30": "228.31400", "2020-06-30": "219.42300", "2020-03-31": "221.32800", "2019-12-31": "220.23500", "2019-09-30": "215.52500", "2019-06-30": "200.49200", "2019-03-31": "201.20200", "2018-12-31": "190.84190", "2018-09-30": "186.56200", "2018-06-30": "187.07200", "2018-03-31": "182.82200", "2017-12-31": "177.56100", "2017-09-30": "181.53400", "2017-06-30": "180.59800", "2017-03-31": "179.30800", "2016-12-31": "168.64500", "2016-09-30": "168.34800", "2016-06-30": "160.13300", "2016-03-31": "145.44600", "2015-12-31": "147.41310", "2015-09-30": "141.55300", "2015-06-30": "146.22700", "2015-03-31": "146.08200", "2014-12-31": "141.76500", "2014-09-30": "129.02400", "2014-06-30": "127.17800", "2014-03-31": "123.75800", "2013-12-31": "114.76700", "2013-09-30": "113.54500", "2013-06-30": "117.83500", "2013-03-31": "110.96400", "2012-12-31": "84.82500", "2012-09-30": "98.98500", "2012-06-30": "97.11100", "2012-03-31": "92.39700", "2011-12-31": "51.86200", "2011-09-30": "86.39900", "2011-06-30": "88.39000", "2011-03-31": "83.77300", "2010-12-31": "36.48300", "2010-09-30": "79.27600", "2010-06-30": "72.41600", "2010-03-31": "66.81900", "2009-12-31": "52.74800", "2009-09-30": "68.49400", "2009-06-30": "71.05000", "2009-03-31": "72.51200", "2008-12-31": "72.13100", "2008-09-30": "76.94600", "2008-06-30": "69.47600", "2008-03-31": "70.80200", "2007-12-31": "69.14600", "2007-09-30": "65.11700", "2007-06-30": "62.18000", "2007-03-31": "61.43300", "2006-12-31": "54.25000", "2006-09-30": "62.66100", "2006-06-30": "62.60700", "2006-03-31": "62.02300", "2005-12-31": "47.20400", "2005-09-30": "59.29500", "2005-06-30": "60.19800", "2005-03-31": "59.41400"}, "Cost Of Goods Sold": {"2020-12-31": "66.21000", "2020-09-30": "66.20900", "2020-06-30": "63.34300", "2020-03-31": "64.95800", "2019-12-31": "67.57200", "2019-09-30": "64.54700", "2019-06-30": "61.22600", "2019-03-31": "60.51700", "2018-12-31": "54.23500", "2018-09-30": "54.20400", "2018-06-30": "51.96600", "2018-03-31": "50.37800", "2017-12-31": "49.51300", "2017-09-30": "51.00300", "2017-06-30": "51.39400", "2017-03-31": "50.84700", "2016-12-31": "45.45700", "2016-09-30": "45.46000", "2016-06-30": "43.83400", "2016-03-31": "37.82600", "2015-12-31": "40.75000", "2015-09-30": "39.63300", "2015-06-30": "40.10900", "2015-03-31": "38.20500", "2014-12-31": "38.30400", "2014-09-30": "37.58000", "2014-06-30": "36.66800", "2014-03-31": "36.23400", "2013-12-31": "33.79600", "2013-09-30": "35.48700", "2013-06-30": "34.43700", "2013-03-31": "33.31600", "2012-12-31": "24.82200", "2012-09-30": "30.62100", "2012-06-30": "28.68100", "2012-03-31": "24.60400", "2011-12-31": "14.63600", "2011-09-30": "25.98700", "2011-06-30": "25.90700", "2011-03-31": "25.73800", "2010-12-31": "12.51400", "2010-09-30": "23.72000", "2010-06-30": "21.39500", "2010-03-31": "17.99800", "2009-12-31": "15.11400", "2009-09-30": "19.08500", "2009-06-30": "19.15700", "2009-03-31": "18.85500", "2008-12-31": "19.00700", "2008-09-30": "19.06900", "2008-06-30": "17.10300", "2008-03-31": "17.36200", "2007-12-31": "16.70900", "2007-09-30": "17.06100", "2007-06-30": "15.66100", "2007-03-31": "14.92200", "2006-12-31": "11.65800", "2006-09-30": "16.58600", "2006-06-30": "15.93400", "2006-03-31": "15.25400", "2005-12-31": "9.52000", "2005-09-30": "15.15000", "2005-06-30": "14.84900", "2005-03-31": "14.08300"}, "Gross Profit": {"2020-12-31": "163.12200", "2020-09-30": "162.10500", "2020-06-30": "156.08000", "2020-03-31": "156.37000", "2019-12-31": "152.66290", "2019-09-30": "150.97800", "2019-06-30": "139.26600", "2019-03-31": "140.68500", "2018-12-31": "136.60690", "2018-09-30": "132.35800", "2018-06-30": "135.10600", "2018-03-31": "132.44400", "2017-12-31": "128.04800", "2017-09-30": "130.53100", "2017-06-30": "129.20400", "2017-03-31": "128.46100", "2016-12-31": "123.18800", "2016-09-30": "122.88800", "2016-06-30": "116.29900", "2016-03-31": "107.62000", "2015-12-31": "106.66310", "2015-09-30": "101.92000", "2015-06-30": "106.11800", "2015-03-31": "107.87700", "2014-12-31": "103.46100", "2014-09-30": "91.44400", "2014-06-30": "90.51000", "2014-03-31": "87.52400", "2013-12-31": "80.97100", "2013-09-30": "78.05800", "2013-06-30": "83.39800", "2013-03-31": "77.64800", "2012-12-31": "60.00300", "2012-09-30": "68.36400", "2012-06-30": "68.43000", "2012-03-31": "67.79300", "2011-12-31": "37.22600", "2011-09-30": "60.41200", "2011-06-30": "62.48300", "2011-03-31": "58.03500", "2010-12-31": "23.96900", "2010-09-30": "55.55600", "2010-06-30": "51.02100", "2010-03-31": "48.82100", "2009-12-31": "37.63400", "2009-09-30": "49.40900", "2009-06-30": "51.89300", "2009-03-31": "53.65700", "2008-12-31": "53.12400", "2008-09-30": "57.87700", "2008-06-30": "52.37300", "2008-03-31": "53.44000", "2007-12-31": "52.43700", "2007-09-30": "48.05600", "2007-06-30": "46.51900", "2007-03-31": "46.51100", "2006-12-31": "42.59200", "2006-09-30": "46.07500", "2006-06-30": "46.67300", "2006-03-31": "46.76900", "2005-12-31": "37.68400", "2005-09-30": "44.14500", "2005-06-30": "45.34900", "2005-03-31": "45.33100"}, "Research And Development Expenses": {"2020-12-31": "", "2020-09-30": "", "2020-06-30": "", "2020-03-31": "", "2019-12-31": "", "2019-09-30": "", "2019-06-30": "", "2019-03-31": "", "2018-12-31": "", "2018-09-30": "", "2018-06-30": "", "2018-03-31": "", "2017-12-31": "", "2017-09-30": "", "2017-06-30": "", "2017-03-31": "", "2016-12-31": "", "2016-09-30": "", "2016-06-30": "", "2016-03-31": "", "2015-12-31": "", "2015-09-30": "", "2015-06-30": "", "2015-03-31": "", "2014-12-31": "", "2014-09-30": "", "2014-06-30": "", "2014-03-31": "", "2013-12-31": "", "2013-09-30": "", "2013-06-30": "", "2013-03-31": "", "2012-12-31": "", "2012-09-30": "", "2012-06-30": "", "2012-03-31": "", "2011-12-31": "", "2011-09-30": "", "2011-06-30": "", "2011-03-31": "", "2010-12-31": "", "2010-09-30": "", "2010-06-30": "", "2010-03-31": "", "2009-12-31": "", "2009-09-30": "", "2009-06-30": "", "2009-03-31": "", "2008-12-31": "", "2008-09-30": "", "2008-06-30": "", "2008-03-31": "", "2007-12-31": "", "2007-09-30": "", "2007-06-30": "", "2007-03-31": "", "2006-12-31": "", "2006-09-30": "", "2006-06-30": "", "2006-03-31": "", "2005-12-31": "", "2005-09-30": "", "2005-06-30": "", "2005-03-31": ""}, "SG&A Expenses": {"2020-12-31": "23.08500", "2020-09-30": "18.57200", "2020-06-30": "38.59700", "2020-03-31": "19.01000", "2019-12-31": "22.36500", "2019-09-30": "22.57600", "2019-06-30": "19.85700", "2019-03-31": "23.34100", "2018-12-31": "32.84300", "2018-09-30": "20.61500", "2018-06-30": "27.40400", "2018-03-31": "15.29400", "2017-12-31": "17.35700", "2017-09-30": "15.55000", "2017-06-30": "14.71200", "2017-03-31": "16.23100", "2016-12-31": "16.08000", "2016-09-30": "13.53300", "2016-06-30": "13.97900", "2016-03-31": "13.43700", "2015-12-31": "12.32100", "2015-09-30": "10.79900", "2015-06-30": "12.68000", "2015-03-31": "13.01000", "2014-12-31": "12.34600", "2014-09-30": "11.19600", "2014-06-30": "11.85700", "2014-03-31": "10.81100", "2013-12-31": "10.11000", "2013-09-30": "10.32700", "2013-06-30": "9.85500", "2013-03-31": "9.76400", "2012-12-31": "9.59400", "2012-09-30": "8.72700", "2012-06-30": "9.25100", "2012-03-31": "8.76900", "2011-12-31": "8.19800", "2011-09-30": "6.49900", "2011-06-30": "7.56000", "2011-03-31": "6.58600", "2010-12-31": "7.77500", "2010-09-30": "6.41600", "2010-06-30": "6.71600", "2010-03-31": "7.12100", "2009-12-31": "17.94300", "2009-09-30": "7.90500", "2009-06-30": "6.03600", "2009-03-31": "8.47700", "2008-12-31": "10.59300", "2008-09-30": "9.63600", "2008-06-30": "12.39100", "2008-03-31": "9.69100", "2007-12-31": "10.13500", "2007-09-30": "8.60800", "2007-06-30": "9.43400", "2007-03-31": "8.87600", "2006-12-31": "7.59900", "2006-09-30": "5.72900", "2006-06-30": "4.77000", "2006-03-31": "5.44600", "2005-12-31": "23.78600", "2005-09-30": "17.78300", "2005-06-30": "17.06200", "2005-03-31": "7.15700"}, "Other Operating Income Or Expenses": {"2020-12-31": "", "2020-09-30": "", "2020-06-30": "", "2020-03-31": "", "2019-12-31": "", "2019-09-30": "", "2019-06-30": "", "2019-03-31": "", "2018-12-31": "", "2018-09-30": "", "2018-06-30": "", "2018-03-31": "", "2017-12-31": "", "2017-09-30": "", "2017-06-30": "", "2017-03-31": "", "2016-12-31": "", "2016-09-30": "", "2016-06-30": "", "2016-03-31": "", "2015-12-31": "", "2015-09-30": "", "2015-06-30": "", "2015-03-31": "", "2014-12-31": "", "2014-09-30": "", "2014-06-30": "", "2014-03-31": "", "2013-12-31": "", "2013-09-30": "", "2013-06-30": "", "2013-03-31": "", "2012-12-31": "", "2012-09-30": "", "2012-06-30": "", "2012-03-31": "", "2011-12-31": "", "2011-09-30": "", "2011-06-30": "", "2011-03-31": "", "2010-12-31": "", "2010-09-30": "", "2010-06-30": "", "2010-03-31": "", "2009-12-31": "", "2009-09-30": "", "2009-06-30": "", "2009-03-31": "", "2008-12-31": "", "2008-09-30": "", "2008-06-30": "", "2008-03-31": "", "2007-12-31": "", "2007-09-30": "", "2007-06-30": "", "2007-03-31": "", "2006-12-31": "", "2006-09-30": "", "2006-06-30": "", "2006-03-31": "", "2005-12-31": "", "2005-09-30": "", "2005-06-30": "", "2005-03-31": ""}, "Operating Expenses": {"2020-12-31": "162.28500", "2020-09-30": "156.64400", "2020-06-30": "182.02500", "2020-03-31": "158.33800", "2019-12-31": "159.45000", "2019-09-30": "156.35300", "2019-06-30": "149.33500", "2019-03-31": "149.99300", "2018-12-31": "151.93800", "2018-09-30": "137.51900", "2018-06-30": "143.37600", "2018-03-31": "128.38700", "2017-12-31": "127.01900", "2017-09-30": "129.12000", "2017-06-30": "128.35700", "2017-03-31": "127.99700", "2016-12-31": "119.25700", "2016-09-30": "115.84700", "2016-06-30": "111.87300", "2016-03-31": "101.76500", "2015-12-31": "104.89800", "2015-09-30": "99.85800", "2015-06-30": "104.71200", "2015-03-31": "102.83000", "2014-12-31": "104.63100", "2014-09-30": "99.23900", "2014-06-30": "99.21300", "2014-03-31": "95.80900", "2013-12-31": "93.33600", "2013-09-30": "92.18600", "2013-06-30": "90.98300", "2013-03-31": "91.43600", "2012-12-31": "71.53600", "2012-09-30": "81.62800", "2012-06-30": "77.81000", "2012-03-31": "69.55300", "2011-12-31": "46.59400", "2011-09-30": "66.92400", "2011-06-30": "66.03900", "2011-03-31": "61.23700", "2010-12-31": "37.13800", "2010-09-30": "60.44100", "2010-06-30": "52.79000", "2010-03-31": "46.37000", "2009-12-31": "50.73900", "2009-09-30": "48.95800", "2009-06-30": "48.66300", "2009-03-31": "48.50200", "2008-12-31": "50.78200", "2008-09-30": "49.35100", "2008-06-30": "51.01500", "2008-03-31": "46.91900", "2007-12-31": "47.04100", "2007-09-30": "44.00300", "2007-06-30": "42.47300", "2007-03-31": "40.64300", "2006-12-31": "35.27800", "2006-09-30": "40.07900", "2006-06-30": "38.37000", "2006-03-31": "38.07900", "2005-12-31": "48.28900", "2005-09-30": "48.97300", "2005-06-30": "48.58000", "2005-03-31": "37.82100"}, "Operating Income": {"2020-12-31": "67.04700", "2020-09-30": "71.67000", "2020-06-30": "37.39800", "2020-03-31": "62.99000", "2019-12-31": "60.78500", "2019-09-30": "59.17200", "2019-06-30": "51.15700", "2019-03-31": "51.20900", "2018-12-31": "38.90400", "2018-09-30": "49.04300", "2018-06-30": "43.69600", "2018-03-31": "54.43500", "2017-12-31": "50.54200", "2017-09-30": "52.41400", "2017-06-30": "52.24100", "2017-03-31": "51.31100", "2016-12-31": "49.38800", "2016-09-30": "52.50100", "2016-06-30": "48.26000", "2016-03-31": "43.68100", "2015-12-31": "42.51510", "2015-09-30": "41.69500", "2015-06-30": "41.51500", "2015-03-31": "43.25200", "2014-12-31": "37.13400", "2014-09-30": "29.78500", "2014-06-30": "27.96500", "2014-03-31": "27.94900", "2013-12-31": "21.43100", "2013-09-30": "21.35900", "2013-06-30": "26.85200", "2013-03-31": "19.52800", "2012-12-31": "13.28900", "2012-09-30": "17.35700", "2012-06-30": "19.30100", "2012-03-31": "22.84400", "2011-12-31": "5.26800", "2011-09-30": "19.47500", "2011-06-30": "22.35100", "2011-03-31": "22.53600", "2010-12-31": "-0.65500", "2010-09-30": "18.83500", "2010-06-30": "19.62600", "2010-03-31": "20.44900", "2009-12-31": "2.00900", "2009-09-30": "19.53600", "2009-06-30": "22.38700", "2009-03-31": "24.01000", "2008-12-31": "21.34900", "2008-09-30": "27.59500", "2008-06-30": "18.46100", "2008-03-31": "23.88300", "2007-12-31": "22.10500", "2007-09-30": "21.11400", "2007-06-30": "19.70700", "2007-03-31": "20.79000", "2006-12-31": "18.97200", "2006-09-30": "22.58200", "2006-06-30": "24.23700", "2006-03-31": "23.94400", "2005-12-31": "-1.08500", "2005-09-30": "10.32200", "2005-06-30": "11.61800", "2005-03-31": "21.59300"}, "Total Non-Operating Income/Expense": {"2020-12-31": "-19.13100", "2020-09-30": "-17.59900", "2020-06-30": "-13.04600", "2020-03-31": "-17.57200", "2019-12-31": "-19.66500", "2019-09-30": "-10.87400", "2019-06-30": "-3.94200", "2019-03-31": "-9.41500", "2018-12-31": "-26.76500", "2018-09-30": "-10.73300", "2018-06-30": "-11.94100", "2018-03-31": "-13.46400", "2017-12-31": "-18.00200", "2017-09-30": "-14.62500", "2017-06-30": "-16.93500", "2017-03-31": "-16.28700", "2016-12-31": "-13.97000", "2016-09-30": "-14.43800", "2016-06-30": "-14.07300", "2016-03-31": "-11.55800", "2015-12-31": "-13.05500", "2015-09-30": "-13.51300", "2015-06-30": "-14.35300", "2015-03-31": "-16.51800", "2014-12-31": "-17.71700", "2014-09-30": "-16.61700", "2014-06-30": "-15.60100", "2014-03-31": "-17.07500", "2013-12-31": "-17.29800", "2013-09-30": "-18.18000", "2013-06-30": "-19.41500", "2013-03-31": "-19.34200", "2012-12-31": "-18.79800", "2012-09-30": "-19.52400", "2012-06-30": "-19.26500", "2012-03-31": "-20.67900", "2011-12-31": "-20.48600", "2011-09-30": "-22.86600", "2011-06-30": "-21.17000", "2011-03-31": "-20.69200", "2010-12-31": "-13.92400", "2010-09-30": "-15.51600", "2010-06-30": "-17.67000", "2010-03-31": "-11.57200", "2009-12-31": "-9.06200", "2009-09-30": "-7.30600", "2009-06-30": "-11.39400", "2009-03-31": "-12.14800", "2008-12-31": "-13.20900", "2008-09-30": "-11.09000", "2008-06-30": "-10.43200", "2008-03-31": "-10.70800", "2007-12-31": "-13.71400", "2007-09-30": "-8.70400", "2007-06-30": "-7.70100", "2007-03-31": "-9.03700", "2006-12-31": "-9.23400", "2006-09-30": "-9.97800", "2006-06-30": "-10.90200", "2006-03-31": "-11.60100", "2005-12-31": "-10.03200", "2005-09-30": "-9.04900", "2005-06-30": "-9.72700", "2005-03-31": "-8.80200"}, "Pre-Tax Income": {"2020-12-31": "47.91600", "2020-09-30": "54.07100", "2020-06-30": "24.35200", "2020-03-31": "45.41800", "2019-12-31": "41.12000", "2019-09-30": "48.29800", "2019-06-30": "47.21500", "2019-03-31": "41.79400", "2018-12-31": "12.13900", "2018-09-30": "38.31000", "2018-06-30": "31.75500", "2018-03-31": "40.97100", "2017-12-31": "32.54000", "2017-09-30": "37.78900", "2017-06-30": "35.30600", "2017-03-31": "35.02400", "2016-12-31": "35.41800", "2016-09-30": "38.06300", "2016-06-30": "34.18700", "2016-03-31": "32.12300", "2015-12-31": "29.46000", "2015-09-30": "28.18200", "2015-06-30": "27.16200", "2015-03-31": "26.73400", "2014-12-31": "19.41700", "2014-09-30": "13.16800", "2014-06-30": "12.36400", "2014-03-31": "10.87400", "2013-12-31": "4.13300", "2013-09-30": "3.17900", "2013-06-30": "7.43700", "2013-03-31": "0.18600", "2012-12-31": "-5.50900", "2012-09-30": "-2.16700", "2012-06-30": "0.03600", "2012-03-31": "2.16500", "2011-12-31": "-15.21800", "2011-09-30": "-3.39100", "2011-06-30": "1.18100", "2011-03-31": "1.84400", "2010-12-31": "-14.57900", "2010-09-30": "3.31900", "2010-06-30": "1.95600", "2010-03-31": "8.87700", "2009-12-31": "-7.05300", "2009-09-30": "12.23000", "2009-06-30": "10.99300", "2009-03-31": "11.86200", "2008-12-31": "8.14000", "2008-09-30": "16.50500", "2008-06-30": "8.02900", "2008-03-31": "13.17500", "2007-12-31": "8.39100", "2007-09-30": "12.41000", "2007-06-30": "12.00600", "2007-03-31": "11.75300", "2006-12-31": "9.73800", "2006-09-30": "12.60400", "2006-06-30": "13.33500", "2006-03-31": "12.34300", "2005-12-31": "-11.11700", "2005-09-30": "1.27300", "2005-06-30": "1.89100", "2005-03-31": "12.79100"}, "Income Taxes": {"2020-12-31": "", "2020-09-30": "", "2020-06-30": "", "2020-03-31": "", "2019-12-31": "", "2019-09-30": "", "2019-06-30": "", "2019-03-31": "", "2018-12-31": "", "2018-09-30": "", "2018-06-30": "", "2018-03-31": "", "2017-12-31": "", "2017-09-30": "", "2017-06-30": "", "2017-03-31": "", "2016-12-31": "", "2016-09-30": "", "2016-06-30": "", "2016-03-31": "", "2015-12-31": "", "2015-09-30": "", "2015-06-30": "", "2015-03-31": "", "2014-12-31": "", "2014-09-30": "", "2014-06-30": "", "2014-03-31": "", "2013-12-31": "", "2013-09-30": "", "2013-06-30": "", "2013-03-31": "", "2012-12-31": "", "2012-09-30": "", "2012-06-30": "", "2012-03-31": "", "2011-12-31": "", "2011-09-30": "", "2011-06-30": "", "2011-03-31": "", "2010-12-31": "", "2010-09-30": "", "2010-06-30": "", "2010-03-31": "", "2009-12-31": "", "2009-09-30": "", "2009-06-30": "", "2009-03-31": "", "2008-12-31": "", "2008-09-30": "", "2008-06-30": "", "2008-03-31": "", "2007-12-31": "", "2007-09-30": "", "2007-06-30": "", "2007-03-31": "", "2006-12-31": "", "2006-09-30": "", "2006-06-30": "", "2006-03-31": "", "2005-12-31": "", "2005-09-30": "", "2005-06-30": "", "2005-03-31": ""}, "Income After Taxes": {"2020-12-31": "47.91600", "2020-09-30": "54.07100", "2020-06-30": "24.35200", "2020-03-31": "45.41800", "2019-12-31": "41.12000", "2019-09-30": "48.29800", "2019-06-30": "47.21500", "2019-03-31": "41.79400", "2018-12-31": "12.13900", "2018-09-30": "38.31000", "2018-06-30": "31.75500", "2018-03-31": "40.97100", "2017-12-31": "32.54000", "2017-09-30": "37.78900", "2017-06-30": "35.30600", "2017-03-31": "35.02400", "2016-12-31": "35.41800", "2016-09-30": "38.06300", "2016-06-30": "34.18700", "2016-03-31": "32.12300", "2015-12-31": "29.46000", "2015-09-30": "28.18200", "2015-06-30": "27.16200", "2015-03-31": "26.73400", "2014-12-31": "19.41700", "2014-09-30": "13.16800", "2014-06-30": "12.36400", "2014-03-31": "10.87400", "2013-12-31": "4.13300", "2013-09-30": "3.17900", "2013-06-30": "7.43700", "2013-03-31": "0.18600", "2012-12-31": "-5.50900", "2012-09-30": "-2.16700", "2012-06-30": "0.03600", "2012-03-31": "2.16500", "2011-12-31": "-15.21800", "2011-09-30": "-3.39100", "2011-06-30": "1.18100", "2011-03-31": "1.84400", "2010-12-31": "-14.57900", "2010-09-30": "3.31900", "2010-06-30": "1.95600", "2010-03-31": "8.87700", "2009-12-31": "-7.05300", "2009-09-30": "12.23000", "2009-06-30": "10.99300", "2009-03-31": "11.86200", "2008-12-31": "8.14000", "2008-09-30": "16.50500", "2008-06-30": "8.02900", "2008-03-31": "13.17500", "2007-12-31": "8.39100", "2007-09-30": "12.41000", "2007-06-30": "12.00600", "2007-03-31": "11.75300", "2006-12-31": "9.73800", "2006-09-30": "12.60400", "2006-06-30": "13.33500", "2006-03-31": "12.34300", "2005-12-31": "-11.11700", "2005-09-30": "1.27300", "2005-06-30": "1.89100", "2005-03-31": "12.79100"}, "Other Income": {"2020-12-31": "35.53600", "2020-09-30": "", "2020-06-30": "", "2020-03-31": "", "2019-12-31": "", "2019-09-30": "", "2019-06-30": "", "2019-03-31": "", "2018-12-31": "", "2018-09-30": "", "2018-06-30": "", "2018-03-31": "", "2017-12-31": "", "2017-09-30": "37.69900", "2017-06-30": "", "2017-03-31": "2.25700", "2016-12-31": "", "2016-09-30": "18.31200", "2016-06-30": "-0.29500", "2016-03-31": "145.99000", "2015-12-31": "-0.15200", "2015-09-30": "78.52200", "2015-06-30": "31.42800", "2015-03-31": "17.26800", "2014-12-31": "", "2014-09-30": "", "2014-06-30": "3.49000", "2014-03-31": "", "2013-12-31": "", "2013-09-30": "", "2013-06-30": "", "2013-03-31": "", "2012-12-31": "", "2012-09-30": "", "2012-06-30": "", "2012-03-31": "", "2011-12-31": "", "2011-09-30": "", "2011-06-30": "", "2011-03-31": "", "2010-12-31": "", "2010-09-30": "", "2010-06-30": "", "2010-03-31": "", "2009-12-31": "", "2009-09-30": "", "2009-06-30": "", "2009-03-31": "", "2008-12-31": "", "2008-09-30": "", "2008-06-30": "", "2008-03-31": "", "2007-12-31": "", "2007-09-30": "", "2007-06-30": "", "2007-03-31": "", "2006-12-31": "", "2006-09-30": "", "2006-06-30": "", "2006-03-31": "", "2005-12-31": "", "2005-09-30": "", "2005-06-30": "", "2005-03-31": ""}, "Income From Continuous Operations": {"2020-12-31": "83.45200", "2020-09-30": "54.07100", "2020-06-30": "24.35200", "2020-03-31": "45.41800", "2019-12-31": "77.92200", "2019-09-30": "48.29800", "2019-06-30": "47.21500", "2019-03-31": "41.79400", "2018-12-31": "166.89000", "2018-09-30": "38.31000", "2018-06-30": "31.75500", "2018-03-31": "40.97100", "2017-12-31": "32.54000", "2017-09-30": "75.48800", "2017-06-30": "35.30600", "2017-03-31": "37.28100", "2016-12-31": "35.41800", "2016-09-30": "56.37500", "2016-06-30": "33.89200", "2016-03-31": "178.11300", "2015-12-31": "29.30800", "2015-09-30": "106.70400", "2015-06-30": "58.59000", "2015-03-31": "44.00200", "2014-12-31": "19.41700", "2014-09-30": "13.16800", "2014-06-30": "15.85400", "2014-03-31": "10.87400", "2013-12-31": "4.13300", "2013-09-30": "3.17900", "2013-06-30": "7.43700", "2013-03-31": "0.18600", "2012-12-31": "-5.50900", "2012-09-30": "-2.16700", "2012-06-30": "0.03600", "2012-03-31": "2.16500", "2011-12-31": "-15.21800", "2011-09-30": "-3.39100", "2011-06-30": "1.18100", "2011-03-31": "1.84400", "2010-12-31": "-14.57900", "2010-09-30": "3.31900", "2010-06-30": "1.95600", "2010-03-31": "8.87700", "2009-12-31": "-7.05300", "2009-09-30": "12.23000", "2009-06-30": "10.99300", "2009-03-31": "11.86200", "2008-12-31": "8.73100", "2008-09-30": "16.50500", "2008-06-30": "8.02900", "2008-03-31": "12.58400", "2007-12-31": "14.18300", "2007-09-30": "10.45600", "2007-06-30": "10.07800", "2007-03-31": "9.84300", "2006-12-31": "7.97400", "2006-09-30": "10.61400", "2006-06-30": "11.18800", "2006-03-31": "10.14200", "2005-12-31": "-10.79400", "2005-09-30": "0.17200", "2005-06-30": "0.73900", "2005-03-31": "10.32600"}, "Income From Discontinued Operations": {"2020-12-31": "", "2020-09-30": "", "2020-06-30": "", "2020-03-31": "", "2019-12-31": "", "2019-09-30": "", "2019-06-30": "", "2019-03-31": "", "2018-12-31": "", "2018-09-30": "", "2018-06-30": "", "2018-03-31": "", "2017-12-31": "", "2017-09-30": "", "2017-06-30": "", "2017-03-31": "", "2016-12-31": "", "2016-09-30": "", "2016-06-30": "", "2016-03-31": "", "2015-12-31": "", "2015-09-30": "", "2015-06-30": "", "2015-03-31": "", "2014-12-31": "12.01300", "2014-09-30": "6.13500", "2014-06-30": "15.28900", "2014-03-31": "91.05800", "2013-12-31": "18.91400", "2013-09-30": "5.84800", "2013-06-30": "2.66600", "2013-03-31": "2.20200", "2012-12-31": "199.14000", "2012-09-30": "4.68900", "2012-06-30": "2.24100", "2012-03-31": "76.50600", "2011-12-31": "60.07800", "2011-09-30": "17.68100", "2011-06-30": "2.29100", "2011-03-31": "3.02300", "2010-12-31": "19.96300", "2010-09-30": "0.35000", "2010-06-30": "", "2010-03-31": "", "2009-12-31": "7.72200", "2009-09-30": "", "2009-06-30": "2.35000", "2009-03-31": "-0.08900", "2008-12-31": "0.37800", "2008-09-30": "0.12600", "2008-06-30": "0.55800", "2008-03-31": "", "2007-12-31": "63.33200", "2007-09-30": "0.97400", "2007-06-30": "5.41400", "2007-03-31": "9.03700", "2006-12-31": "3.60600", "2006-09-30": "23.36200", "2006-06-30": "9.18900", "2006-03-31": "5.78900", "2005-12-31": "11.54700", "2005-09-30": "16.30100", "2005-06-30": "0.02700", "2005-03-31": "5.50100"}, "Net Income": {"2020-12-31": "78.64200", "2020-09-30": "49.02800", "2020-06-30": "19.61800", "2020-03-31": "39.81700", "2019-12-31": "72.50000", "2019-09-30": "43.84600", "2019-06-30": "42.19400", "2019-03-31": "36.90300", "2018-12-31": "160.72700", "2018-09-30": "33.89300", "2018-06-30": "27.54900", "2018-03-31": "36.24600", "2017-12-31": "29.03000", "2017-09-30": "66.05700", "2017-06-30": "29.83300", "2017-03-31": "26.32900", "2016-12-31": "29.42600", "2016-09-30": "50.58200", "2016-06-30": "29.53500", "2016-03-31": "170.99500", "2015-12-31": "25.32300", "2015-09-30": "101.44600", "2015-06-30": "54.18800", "2015-03-31": "39.87400", "2014-12-31": "25.84100", "2014-09-30": "15.66900", "2014-06-30": "27.22800", "2014-03-31": "96.53200", "2013-12-31": "17.62700", "2013-09-30": "5.58400", "2013-06-30": "6.63300", "2013-03-31": "-0.90300", "2012-12-31": "184.23700", "2012-09-30": "-2.75300", "2012-06-30": "-0.80000", "2012-03-31": "67.54000", "2011-12-31": "39.90700", "2011-09-30": "10.19500", "2011-06-30": "-0.31700", "2011-03-31": "1.03400", "2010-12-31": "0.38400", "2010-09-30": "-0.12600", "2010-06-30": "-1.78300", "2010-03-31": "4.88600", "2009-12-31": "-3.01100", "2009-09-30": "8.11100", "2009-06-30": "9.11700", "2009-03-31": "7.57700", "2008-12-31": "4.52100", "2008-09-30": "12.03700", "2008-06-30": "4.48600", "2008-03-31": "8.78500", "2007-12-31": "62.56800", "2007-09-30": "9.02800", "2007-06-30": "13.09000", "2007-03-31": "16.47800", "2006-12-31": "9.17800", "2006-09-30": "31.57400", "2006-06-30": "17.97500", "2006-03-31": "13.52900", "2005-12-31": "-1.64900", "2005-09-30": "14.07100", "2005-06-30": "-1.63600", "2005-03-31": "13.42500"}, "EBITDA": {"2020-12-31": "", "2020-09-30": "144.59800", "2020-06-30": "123.29500", "2020-03-31": "137.64200", "2019-12-31": "130.41300", "2019-09-30": "126.12200", "2019-06-30": "120.17700", "2019-03-31": "118.77900", "2018-12-31": "106.21400", "2018-09-30": "111.63400", "2018-06-30": "109.11200", "2018-03-31": "114.23900", "2017-12-31": "110.09400", "2017-09-30": "113.98700", "2017-06-30": "114.31600", "2017-03-31": "110.99500", "2016-12-31": "107.08900", "2016-09-30": "109.62500", "2016-06-30": "102.78200", "2016-03-31": "94.94200", "2015-12-31": "93.88710", "2015-09-30": "89.86900", "2015-06-30": "91.29500", "2015-03-31": "93.82300", "2014-12-31": "89.63700", "2014-09-30": "80.47900", "2014-06-30": "77.47600", "2014-03-31": "76.82200", "2013-12-31": "71.11300", "2013-09-30": "71.00100", "2013-06-30": "74.90700", "2013-03-31": "69.07700", "2012-12-31": "58.65200", "2012-09-30": "63.10600", "2012-06-30": "60.12800", "2012-03-31": "61.07300", "2011-12-31": "45.74000", "2011-09-30": "57.91700", "2011-06-30": "57.56900", "2011-03-31": "54.73000", "2010-12-31": "30.63500", "2010-09-30": "52.37700", "2010-06-30": "45.62400", "2010-03-31": "43.63700", "2009-12-31": "27.65900", "2009-09-30": "44.06200", "2009-06-30": "48.17900", "2009-03-31": "48.00200", "2008-12-31": "46.08700", "2008-09-30": "49.09900", "2008-06-30": "43.57500", "2008-03-31": "47.19000", "2007-12-31": "48.56000", "2007-09-30": "42.93900", "2007-06-30": "41.00200", "2007-03-31": "40.89600", "2006-12-31": "39.12400", "2006-09-30": "41.13600", "2006-06-30": "42.67000", "2006-03-31": "41.91700", "2005-12-31": "16.79200", "2005-09-30": "26.84000", "2005-06-30": "28.90100", "2005-03-31": "38.97400"}, "EBIT": {"2020-12-31": "67.04700", "2020-09-30": "71.67000", "2020-06-30": "37.39800", "2020-03-31": "62.99000", "2019-12-31": "60.78500", "2019-09-30": "59.17200", "2019-06-30": "51.15700", "2019-03-31": "51.20900", "2018-12-31": "38.90400", "2018-09-30": "49.04300", "2018-06-30": "43.69600", "2018-03-31": "54.43500", "2017-12-31": "50.54200", "2017-09-30": "52.41400", "2017-06-30": "52.24100", "2017-03-31": "51.31100", "2016-12-31": "49.38800", "2016-09-30": "52.50100", "2016-06-30": "48.26000", "2016-03-31": "43.68100", "2015-12-31": "42.51500", "2015-09-30": "41.69500", "2015-06-30": "41.51500", "2015-03-31": "43.25200", "2014-12-31": "37.13400", "2014-09-30": "29.78500", "2014-06-30": "27.96500", "2014-03-31": "27.94900", "2013-12-31": "21.43100", "2013-09-30": "21.35900", "2013-06-30": "26.85200", "2013-03-31": "19.52800", "2012-12-31": "13.28900", "2012-09-30": "17.35700", "2012-06-30": "19.30100", "2012-03-31": "22.84400", "2011-12-31": "5.26800", "2011-09-30": "19.47500", "2011-06-30": "22.35100", "2011-03-31": "22.53600", "2010-12-31": "-0.65500", "2010-09-30": "18.83500", "2010-06-30": "19.62600", "2010-03-31": "20.44900", "2009-12-31": "2.00900", "2009-09-30": "19.53600", "2009-06-30": "22.38700", "2009-03-31": "24.01000", "2008-12-31": "21.34900", "2008-09-30": "27.59500", "2008-06-30": "18.46100", "2008-03-31": "23.88300", "2007-12-31": "22.10500", "2007-09-30": "21.11400", "2007-06-30": "19.70700", "2007-03-31": "20.79000", "2006-12-31": "18.97200", "2006-09-30": "22.58200", "2006-06-30": "24.23700", "2006-03-31": "23.94400", "2005-12-31": "-1.08500", "2005-09-30": "10.32200", "2005-06-30": "11.61800", "2005-03-31": "21.59300"}, "Basic Shares Outstanding": {"2020-12-31": "115.73000", "2020-09-30": "115.22600", "2020-06-30": "115.08500", "2020-03-31": "106.87500", "2019-12-31": "103.20100", "2019-09-30": "104.84100", "2019-06-30": "100.97200", "2019-03-31": "100.90100", "2018-12-31": "99.97200", "2018-09-30": "100.67700", "2018-06-30": "99.69200", "2018-03-31": "98.74400", "2017-12-31": "98.11400", "2017-09-30": "98.35210", "2017-06-30": "98.27500", "2017-03-31": "97.38800", "2016-12-31": "92.34200", "2016-09-30": "92.22700", "2016-06-30": "92.21000", "2016-03-31": "92.22500", "2015-12-31": "89.85400", "2015-09-30": "92.15000", "2015-06-30": "88.12600", "2015-03-31": "86.89700", "2014-12-31": "83.09000", "2014-09-30": "83.16100", "2014-06-30": "82.27800", "2014-03-31": "82.12500", "2013-12-31": "77.34400", "2013-09-30": "76.76900", "2013-06-30": "75.48600", "2013-03-31": "74.97700", "2012-12-31": "69.64000", "2012-09-30": "71.88900", "2012-06-30": "68.34500", "2012-03-31": "63.64900", "2011-12-31": "56.71700", "2011-09-30": "60.07300", "2011-06-30": "57.68600", "2011-03-31": "52.30200", "2010-12-31": "49.49700", "2010-09-30": "52.27400", "2010-06-30": "50.29700", "2010-03-31": "43.01200", "2009-12-31": "38.70500", "2009-09-30": "42.93500", "2009-06-30": "35.96500", "2009-03-31": "32.82700", "2008-12-31": "32.46600", "2008-09-30": "32.33880", "2008-06-30": "32.35100", "2008-03-31": "32.45700", "2007-12-31": "32.38000", "2007-09-30": "32.37300", "2007-06-30": "32.37100", "2007-03-31": "32.34900", "2006-12-31": "31.24400", "2006-09-30": "32.20000", "2006-06-30": "31.04900", "2006-03-31": "29.44000", "2005-12-31": "28.71100", "2005-09-30": "28.76000", "2005-06-30": "28.73900", "2005-03-31": "28.55400"}, "Shares Outstanding": {"2020-12-31": "116.24300", "2020-09-30": "115.66800", "2020-06-30": "115.54000", "2020-03-31": "107.39000", "2019-12-31": "103.84900", "2019-09-30": "105.36000", "2019-06-30": "101.81000", "2019-03-31": "101.44300", "2018-12-31": "100.48200", "2018-09-30": "101.22800", "2018-06-30": "100.15100", "2018-03-31": "99.21400", "2017-12-31": "98.72700", "2017-09-30": "98.91160", "2017-06-30": "98.82700", "2017-03-31": "98.01800", "2016-12-31": "93.02300", "2016-09-30": "92.92000", "2016-06-30": "92.82500", "2016-03-31": "92.73500", "2015-12-31": "90.39600", "2015-09-30": "92.63900", "2015-06-30": "88.64600", "2015-03-31": "87.43400", "2014-12-31": "84.96800", "2014-09-30": "85.11000", "2014-06-30": "84.60200", "2014-03-31": "84.14000", "2013-12-31": "77.34400", "2013-09-30": "76.76900", "2013-06-30": "77.45400", "2013-03-31": "74.97700", "2012-12-31": "69.64000", "2012-09-30": "71.88900", "2012-06-30": "68.34500", "2012-03-31": "63.64900", "2011-12-31": "56.71700", "2011-09-30": "60.07300", "2011-06-30": "57.68600", "2011-03-31": "52.30200", "2010-12-31": "49.49700", "2010-09-30": "52.27400", "2010-06-30": "50.29700", "2010-03-31": "43.01400", "2009-12-31": "38.73200", "2009-09-30": "42.93500", "2009-06-30": "35.96500", "2009-03-31": "32.87900", "2008-12-31": "32.54100", "2008-09-30": "32.38260", "2008-06-30": "32.38100", "2008-03-31": "32.46900", "2007-12-31": "32.40900", "2007-09-30": "32.50200", "2007-06-30": "32.48600", "2007-03-31": "32.48500", "2006-12-31": "31.39000", "2006-09-30": "32.32400", "2006-06-30": "31.17200", "2006-03-31": "29.60800", "2005-12-31": "28.71100", "2005-09-30": "28.76000", "2005-06-30": "28.73900", "2005-03-31": "28.71900"}, "Basic EPS": {"2020-12-31": "0.67000", "2020-09-30": "0.42000", "2020-06-30": "0.17000", "2020-03-31": "0.37000", "2019-12-31": "0.69000", "2019-09-30": "0.41000", "2019-06-30": "0.41000", "2019-03-31": "0.36000", "2018-12-31": "1.59000", "2018-09-30": "0.34000", "2018-06-30": "0.27000", "2018-03-31": "0.36000", "2017-12-31": "0.28000", "2017-09-30": "0.67000", "2017-06-30": "0.30000", "2017-03-31": "0.27000", "2016-12-31": "0.29000", "2016-09-30": "0.54000", "2016-06-30": "0.32000", "2016-03-31": "1.85000", "2015-12-31": "0.28000", "2015-09-30": "1.10000", "2015-06-30": "0.61000", "2015-03-31": "0.45000", "2014-12-31": "0.31000", "2014-09-30": "0.18000", "2014-06-30": "0.33000", "2014-03-31": "1.17000", "2013-12-31": "0.24000", "2013-09-30": "0.07000", "2013-06-30": "0.08000", "2013-03-31": "-0.02000", "2012-12-31": "2.56000", "2012-09-30": "-0.04000", "2012-06-30": "-0.02000", "2012-03-31": "1.06000", "2011-12-31": "0.70000", "2011-09-30": "0.17000", "2011-06-30": "-0.01000", "2011-03-31": "0.01000", "2010-12-31": "0.01000", "2010-09-30": "-0.01000", "2010-06-30": "-0.04000", "2010-03-31": "0.11000", "2009-12-31": "-0.12000", "2009-09-30": "0.17000", "2009-06-30": "0.25000", "2009-03-31": "0.23000", "2008-12-31": "0.13000", "2008-09-30": "0.37000", "2008-06-30": "0.14000", "2008-03-31": "0.27000", "2007-12-31": "1.90000", "2007-09-30": "0.28000", "2007-06-30": "0.40000", "2007-03-31": "0.51000", "2006-12-31": "0.29000", "2006-09-30": "0.98000", "2006-06-30": "0.58000", "2006-03-31": "0.46000", "2005-12-31": "-0.07000", "2005-09-30": "0.49000", "2005-06-30": "-0.05000", "2005-03-31": "0.47000"}, "EPS - Earnings Per Share": {"2020-12-31": "0.67000", "2020-09-30": "0.42000", "2020-06-30": "0.17000", "2020-03-31": "0.37000", "2019-12-31": "0.68000", "2019-09-30": "0.41000", "2019-06-30": "0.41000", "2019-03-31": "0.36000", "2018-12-31": "1.59000", "2018-09-30": "0.33000", "2018-06-30": "0.27000", "2018-03-31": "0.36000", "2017-12-31": "0.28000", "2017-09-30": "0.67000", "2017-06-30": "0.30000", "2017-03-31": "0.26000", "2016-12-31": "0.28000", "2016-09-30": "0.54000", "2016-06-30": "0.31000", "2016-03-31": "1.84000", "2015-12-31": "0.27000", "2015-09-30": "1.09000", "2015-06-30": "0.61000", "2015-03-31": "0.45000", "2014-12-31": "0.31000", "2014-09-30": "0.18000", "2014-06-30": "0.32000", "2014-03-31": "1.14000", "2013-12-31": "0.24000", "2013-09-30": "0.07000", "2013-06-30": "0.08000", "2013-03-31": "-0.02000", "2012-12-31": "2.56000", "2012-09-30": "-0.04000", "2012-06-30": "-0.02000", "2012-03-31": "1.06000", "2011-12-31": "0.70000", "2011-09-30": "0.17000", "2011-06-30": "-0.01000", "2011-03-31": "0.01000", "2010-12-31": "0.01000", "2010-09-30": "-0.01000", "2010-06-30": "-0.04000", "2010-03-31": "0.11000", "2009-12-31": "-0.12000", "2009-09-30": "0.17000", "2009-06-30": "0.25000", "2009-03-31": "0.23000", "2008-12-31": "0.13000", "2008-09-30": "0.37000", "2008-06-30": "0.14000", "2008-03-31": "0.27000", "2007-12-31": "1.90000", "2007-09-30": "0.28000", "2007-06-30": "0.40000", "2007-03-31": "0.51000", "2006-12-31": "0.28000", "2006-09-30": "0.98000", "2006-06-30": "0.58000", "2006-03-31": "0.46000", "2005-12-31": "-0.07000", "2005-09-30": "0.49000", "2005-06-30": "-0.05000", "2005-03-31": "0.47000"}}, "balance sheet": {"Cash On Hand": {"2020-12-31": "823.13000", "2019-12-31": "76.34400", "2018-12-31": "171.03400", "2017-12-31": "66.79800", "2016-12-31": "250.12900", "2015-12-31": "57.20400", "2014-12-31": "98.96600", "2013-12-31": "85.15700", "2012-12-31": "264.24400", "2011-12-31": "5.13500", "2010-12-31": "16.30100", "2009-12-31": "11.94200", "2008-12-31": "10.22500", "2007-12-31": "12.27800", "2006-12-31": "56.23600", "2005-12-31": "4.58400"}, "Receivables": {"2020-12-31": "398.66500", "2019-12-31": "364.42600", "2018-12-31": "287.18300", "2017-12-31": "263.31700", "2016-12-31": "232.43700", "2015-12-31": "200.85700", "2014-12-31": "163.64500", "2013-12-31": "137.86600", "2012-12-31": "124.63800", "2011-12-31": "109.53700", "2010-12-31": "95.31000", "2009-12-31": "77.62800", "2008-12-31": "72.89700", "2007-12-31": "72.17400", "2006-12-31": "67.81900", "2005-12-31": "60.80700"}, "Inventory": {"2020-12-31": "", "2019-12-31": "", "2018-12-31": "", "2017-12-31": "", "2016-12-31": "", "2015-12-31": "", "2014-12-31": "", "2013-12-31": "", "2012-12-31": "", "2011-12-31": "", "2010-12-31": "", "2009-12-31": "", "2008-12-31": "", "2007-12-31": "", "2006-12-31": "", "2005-12-31": ""}, "Pre-Paid Expenses": {"2020-12-31": "", "2019-12-31": "", "2018-12-31": "", "2017-12-31": "", "2016-12-31": "", "2015-12-31": "", "2014-12-31": "", "2013-12-31": "", "2012-12-31": "", "2011-12-31": "", "2010-12-31": "", "2009-12-31": "", "2008-12-31": "", "2007-12-31": "", "2006-12-31": "", "2005-12-31": ""}, "Other Current Assets": {"2020-12-31": "", "2019-12-31": "", "2018-12-31": "", "2017-12-31": "", "2016-12-31": "", "2015-12-31": "", "2014-12-31": "", "2013-12-31": "", "2012-12-31": "", "2011-12-31": "", "2010-12-31": "", "2009-12-31": "", "2008-12-31": "", "2007-12-31": "", "2006-12-31": "", "2005-12-31": ""}, "Total Current Assets": {"2020-12-31": "1221.79500", "2019-12-31": "440.77000", "2018-12-31": "458.21700", "2017-12-31": "330.11500", "2016-12-31": "482.56600", "2015-12-31": "258.06100", "2014-12-31": "262.61100", "2013-12-31": "223.02300", "2012-12-31": "388.88200", "2011-12-31": "114.67200", "2010-12-31": "111.61100", "2009-12-31": "100.24900", "2008-12-31": "93.94600", "2007-12-31": "95.42200", "2006-12-31": "135.15100", "2005-12-31": "76.60400"}, "Property, Plant, And Equipment": {"2020-12-31": "8391.40000", "2019-12-31": "8067.41200", "2018-12-31": "7035.26400", "2017-12-31": "6153.61500", "2016-12-31": "5920.90100", "2015-12-31": "5333.90500", "2014-12-31": "5110.26800", "2013-12-31": "4445.99000", "2012-12-31": "4000.87900", "2011-12-31": "3056.18700", "2010-12-31": "2544.44200", "2009-12-31": "1914.10700", "2008-12-31": "1942.82700", "2007-12-31": "1904.62400", "2006-12-31": "1596.95400", "2005-12-31": "1537.37400"}, "Long-Term Investments": {"2020-12-31": "", "2019-12-31": "", "2018-12-31": "", "2017-12-31": "", "2016-12-31": "", "2015-12-31": "", "2014-12-31": "", "2013-12-31": "", "2012-12-31": "", "2011-12-31": "", "2010-12-31": "", "2009-12-31": "", "2008-12-31": "", "2007-12-31": "", "2006-12-31": "", "2005-12-31": ""}, "Goodwill And Intangible Assets": {"2020-12-31": "", "2019-12-31": "", "2018-12-31": "", "2017-12-31": "", "2016-12-31": "", "2015-12-31": "", "2014-12-31": "", "2013-12-31": "", "2012-12-31": "", "2011-12-31": "", "2010-12-31": "", "2009-12-31": "", "2008-12-31": "", "2007-12-31": "", "2006-12-31": "", "2005-12-31": ""}, "Other Long-Term Assets": {"2020-12-31": "81.04100", "2019-12-31": "82.75900", "2018-12-31": "74.65200", "2017-12-31": "135.38000", "2016-12-31": "94.79800", "2015-12-31": "157.78100", "2014-12-31": "40.55700", "2013-12-31": "238.89100", "2012-12-31": "17.38400", "2011-12-31": "102.04600", "2010-12-31": "12.99900", "2009-12-31": "9.75900", "2008-12-31": "6.72300", "2007-12-31": "5.76400", "2006-12-31": "13.12800", "2005-12-31": "5.16600"}, "Total Long-Term Assets": {"2020-12-31": "8683.39100", "2019-12-31": "8362.97600", "2018-12-31": "7307.49000", "2017-12-31": "6472.72300", "2016-12-31": "6224.06700", "2015-12-31": "5668.36900", "2014-12-31": "5371.12500", "2013-12-31": "4888.00500", "2012-12-31": "4227.20200", "2011-12-31": "3332.12300", "2010-12-31": "2704.95400", "2009-12-31": "1984.03200", "2008-12-31": "2008.97200", "2007-12-31": "1973.29800", "2006-12-31": "1664.20100", "2005-12-31": "1597.87000"}, "Total Assets": {"2020-12-31": "10000.71000", "2019-12-31": "8900.09400", "2018-12-31": "7765.70700", "2017-12-31": "6802.83800", "2016-12-31": "6706.63300", "2015-12-31": "5926.43000", "2014-12-31": "5633.73600", "2013-12-31": "5111.02800", "2012-12-31": "4616.08400", "2011-12-31": "3446.79500", "2010-12-31": "2816.56500", "2009-12-31": "2084.28100", "2008-12-31": "2102.91800", "2007-12-31": "2068.72000", "2006-12-31": "1799.35200", "2005-12-31": "1674.47400"}, "Total Current Liabilities": {"2020-12-31": "445.10000", "2019-12-31": "418.84800", "2018-12-31": "374.41500", "2017-12-31": "249.63700", "2016-12-31": "202.39100", "2015-12-31": "246.32300", "2014-12-31": "225.83000", "2013-12-31": "198.46700", "2012-12-31": "154.73400", "2011-12-31": "81.71300", "2010-12-31": "68.52500", "2009-12-31": "52.53300", "2008-12-31": "55.06600", "2007-12-31": "58.24900", "2006-12-31": "67.72900", "2005-12-31": "129.08900"}, "Long Term Debt": {"2020-12-31": "3923.68100", "2019-12-31": "3552.77800", "2018-12-31": "2932.60100", "2017-12-31": "2347.06300", "2016-12-31": "2320.12300", "2015-12-31": "2225.46900", "2014-12-31": "2469.41300", "2013-12-31": "2204.93800", "2012-12-31": "2040.93500", "2011-12-31": "1821.28600", "2010-12-31": "1427.77600", "2009-12-31": "972.01600", "2008-12-31": "1142.34800", "2007-12-31": "1107.00200", "2006-12-31": "879.19800", "2005-12-31": "842.28200"}, "Other Non-Current Liabilities": {"2020-12-31": "256.82800", "2019-12-31": "259.21000", "2018-12-31": "257.43000", "2017-12-31": "245.82200", "2016-12-31": "424.80200", "2015-12-31": "220.05200", "2014-12-31": "214.55700", "2013-12-31": "191.46300", "2012-12-31": "184.48200", "2011-12-31": "142.67600", "2010-12-31": "128.89600", "2009-12-31": "102.25600", "2008-12-31": "116.98000", "2007-12-31": "98.23000", "2006-12-31": "64.86300", "2005-12-31": "59.73500"}, "Total Long Term Liabilities": {"2020-12-31": "4180.50900", "2019-12-31": "3811.98800", "2018-12-31": "3190.03100", "2017-12-31": "2592.88500", "2016-12-31": "2744.92500", "2015-12-31": "2445.52100", "2014-12-31": "2683.97000", "2013-12-31": "2396.40100", "2012-12-31": "2225.41700", "2011-12-31": "2037.60000", "2010-12-31": "1630.31000", "2009-12-31": "1147.91000", "2008-12-31": "1332.96600", "2007-12-31": "1317.17900", "2006-12-31": "1057.32700", "2005-12-31": "1026.11700"}, "Total Liabilities": {"2020-12-31": "4723.38700", "2019-12-31": "4329.23600", "2018-12-31": "3564.44600", "2017-12-31": "2842.52200", "2016-12-31": "2947.31600", "2015-12-31": "2691.84400", "2014-12-31": "2909.80000", "2013-12-31": "2594.86800", "2012-12-31": "2380.15100", "2011-12-31": "2119.31300", "2010-12-31": "1698.83500", "2009-12-31": "1200.44300", "2008-12-31": "1388.03200", "2007-12-31": "1375.42800", "2006-12-31": "1125.05600", "2005-12-31": "1155.20600"}, "Common Stock Net": {"2020-12-31": "1.16000", "2019-12-31": "1.06000", "2018-12-31": "1.00700", "2017-12-31": "0.98600", "2016-12-31": "0.93200", "2015-12-31": "0.92300", "2014-12-31": "0.86300", "2013-12-31": "0.82200", "2012-12-31": "0.74900", "2011-12-31": "0.58800", "2010-12-31": "0.52300", "2009-12-31": "0.43100", "2008-12-31": "0.33100", "2007-12-31": "0.32800", "2006-12-31": "0.32400", "2005-12-31": "0.28900"}, "Retained Earnings (Accumulated Deficit)": {"2020-12-31": "-103.13300", "2019-12-31": "-58.46700", "2018-12-31": "-48.05300", "2017-12-31": "-122.68500", "2016-12-31": "-107.99700", "2015-12-31": "-70.26200", "2014-12-31": "-162.96400", "2013-12-31": "-210.89600", "2012-12-31": "-129.53500", "2011-12-31": "-277.45000", "2010-12-31": "-247.25200", "2009-12-31": "-180.72200", "2008-12-31": "-137.05200", "2007-12-31": "-87.51200", "2006-12-31": "-119.09400", "2005-12-31": "-124.21400"}, "Comprehensive Income": {"2020-12-31": "", "2019-12-31": "", "2018-12-31": "", "2017-12-31": "", "2016-12-31": "", "2015-12-31": "", "2014-12-31": "", "2013-12-31": "", "2012-12-31": "", "2011-12-31": "", "2010-12-31": "", "2009-12-31": "", "2008-12-31": "", "2007-12-31": "", "2006-12-31": "", "2005-12-31": ""}, "Other Share Holders Equity": {"2020-12-31": "", "2019-12-31": "", "2018-12-31": "", "2017-12-31": "", "2016-12-31": "", "2015-12-31": "", "2014-12-31": "", "2013-12-31": "", "2012-12-31": "", "2011-12-31": "", "2010-12-31": "", "2009-12-31": "", "2008-12-31": "", "2007-12-31": "", "2006-12-31": "", "2005-12-31": ""}, "Share Holder Equity": {"2020-12-31": "5277.32100", "2019-12-31": "4570.85800", "2018-12-31": "4201.26100", "2017-12-31": "3960.31600", "2016-12-31": "3759.31700", "2015-12-31": "3234.58600", "2014-12-31": "2723.93600", "2013-12-31": "2516.16000", "2012-12-31": "2235.93300", "2011-12-31": "1327.48200", "2010-12-31": "1117.73000", "2009-12-31": "883.83800", "2008-12-31": "714.88600", "2007-12-31": "693.29200", "2006-12-31": "674.29600", "2005-12-31": "519.26800"}, "Total Liabilities And Share Holders Equity": {"2020-12-31": "10000.71000", "2019-12-31": "8900.09400", "2018-12-31": "7765.70700", "2017-12-31": "6802.83800", "2016-12-31": "6706.63300", "2015-12-31": "5926.43000", "2014-12-31": "5633.73600", "2013-12-31": "5111.02800", "2012-12-31": "4616.08400", "2011-12-31": "3446.79500", "2010-12-31": "2816.56500", "2009-12-31": "2084.28100", "2008-12-31": "2102.91800", "2007-12-31": "2068.72000", "2006-12-31": "1799.35200", "2005-12-31": "1674.47400"}}, "balance sheet, quarterly": {"Cash On Hand": {"2020-12-31": "823.13000", "2020-09-30": "865.30900", "2020-06-30": "621.31200", "2020-03-31": "778.43400", "2019-12-31": "76.34400", "2019-09-30": "303.92000", "2019-06-30": "58.71500", "2019-03-31": "55.99300", "2018-12-31": "171.03400", "2018-09-30": "86.51700", "2018-06-30": "50.81700", "2018-03-31": "53.06900", "2017-12-31": "66.79800", "2017-09-30": "244.23000", "2017-06-30": "395.86500", "2017-03-31": "485.59000", "2016-12-31": "250.12900", "2016-09-30": "308.02400", "2016-06-30": "292.49000", "2016-03-31": "300.24500", "2015-12-31": "57.20400", "2015-09-30": "576.07000", "2015-06-30": "35.60400", "2015-03-31": "58.46800", "2014-12-31": "98.96600", "2014-09-30": "217.91800", "2014-06-30": "118.09300", "2014-03-31": "129.25100", "2013-12-31": "85.15700", "2013-09-30": "215.08100", "2013-06-30": "127.06400", "2013-03-31": "155.14100", "2012-12-31": "264.24400", "2012-09-30": "21.99700", "2012-06-30": "18.20800", "2012-03-31": "417.50800", "2011-12-31": "5.13500", "2011-09-30": "40.91700", "2011-06-30": "26.76100", "2011-03-31": "8.60700", "2010-12-31": "16.30100", "2010-09-30": "11.57800", "2010-06-30": "32.91300", "2010-03-31": "10.76800", "2009-12-31": "11.94200", "2009-09-30": "12.20100", "2009-06-30": "13.93900", "2009-03-31": "16.98400", "2008-12-31": "10.22500", "2008-09-30": "11.55800", "2008-06-30": "5.12300", "2008-03-31": "4.89200", "2007-12-31": "12.27800", "2007-09-30": "5.01700", "2007-06-30": "11.75300", "2007-03-31": "5.16700", "2006-12-31": "56.23600", "2006-09-30": "52.84600", "2006-06-30": "9.19700", "2006-03-31": "12.04400", "2005-12-31": "4.58400", "2005-09-30": "10.27000", "2005-06-30": "8.43400", "2005-03-31": "11.04200"}, "Receivables": {"2020-12-31": "398.66500", "2020-09-30": "392.02200", "2020-06-30": "379.83900", "2020-03-31": "368.88600", "2019-12-31": "364.42600", "2019-09-30": "348.92800", "2019-06-30": "324.92100", "2019-03-31": "308.77200", "2018-12-31": "287.18300", "2018-09-30": "278.52200", "2018-06-30": "271.70200", "2018-03-31": "269.34600", "2017-12-31": "263.31700", "2017-09-30": "257.58500", "2017-06-30": "247.13000", "2017-03-31": "239.60000", "2016-12-31": "232.43700", "2016-09-30": "221.91300", "2016-06-30": "217.96300", "2016-03-31": "208.77200", "2015-12-31": "200.85700", "2015-09-30": "194.88500", "2015-06-30": "185.44900", "2015-03-31": "176.70300", "2014-12-31": "163.64500", "2014-09-30": "146.35300", "2014-06-30": "144.85700", "2014-03-31": "141.84200", "2013-12-31": "137.86600", "2013-09-30": "133.42800", "2013-06-30": "135.33000", "2013-03-31": "132.80800", "2012-12-31": "124.63800", "2012-09-30": "117.24100", "2012-06-30": "118.33200", "2012-03-31": "113.29900", "2011-12-31": "109.53700", "2011-09-30": "110.52800", "2011-06-30": "102.69000", "2011-03-31": "98.20800", "2010-12-31": "95.31000", "2010-09-30": "87.61800", "2010-06-30": "83.55200", "2010-03-31": "79.31900", "2009-12-31": "77.62800", "2009-09-30": "75.76200", "2009-06-30": "74.30000", "2009-03-31": "72.60800", "2008-12-31": "72.89700", "2008-09-30": "69.10200", "2008-06-30": "70.39700", "2008-03-31": "73.14700", "2007-12-31": "72.17400", "2007-09-30": "70.30400", "2007-06-30": "67.23000", "2007-03-31": "69.29700", "2006-12-31": "67.81900", "2006-09-30": "63.70300", "2006-06-30": "62.53000", "2006-03-31": "64.08800", "2005-12-31": "60.80700", "2005-09-30": "56.86200", "2005-06-30": "55.19200", "2005-03-31": "52.19200"}, "Inventory": {"2020-12-31": "", "2020-09-30": "", "2020-06-30": "", "2020-03-31": "", "2019-12-31": "", "2019-09-30": "", "2019-06-30": "", "2019-03-31": "", "2018-12-31": "", "2018-09-30": "", "2018-06-30": "", "2018-03-31": "", "2017-12-31": "", "2017-09-30": "", "2017-06-30": "", "2017-03-31": "", "2016-12-31": "", "2016-09-30": "", "2016-06-30": "", "2016-03-31": "", "2015-12-31": "", "2015-09-30": "", "2015-06-30": "", "2015-03-31": "", "2014-12-31": "", "2014-09-30": "", "2014-06-30": "", "2014-03-31": "", "2013-12-31": "", "2013-09-30": "", "2013-06-30": "", "2013-03-31": "", "2012-12-31": "", "2012-09-30": "", "2012-06-30": "", "2012-03-31": "", "2011-12-31": "", "2011-09-30": "", "2011-06-30": "", "2011-03-31": "", "2010-12-31": "", "2010-09-30": "", "2010-06-30": "", "2010-03-31": "", "2009-12-31": "", "2009-09-30": "", "2009-06-30": "", "2009-03-31": "", "2008-12-31": "", "2008-09-30": "", "2008-06-30": "", "2008-03-31": "", "2007-12-31": "", "2007-09-30": "", "2007-06-30": "", "2007-03-31": "", "2006-12-31": "", "2006-09-30": "", "2006-06-30": "", "2006-03-31": "", "2005-12-31": "", "2005-09-30": "", "2005-06-30": "", "2005-03-31": ""}, "Pre-Paid Expenses": {"2020-12-31": "", "2020-09-30": "", "2020-06-30": "", "2020-03-31": "", "2019-12-31": "", "2019-09-30": "", "2019-06-30": "", "2019-03-31": "", "2018-12-31": "", "2018-09-30": "", "2018-06-30": "", "2018-03-31": "", "2017-12-31": "", "2017-09-30": "", "2017-06-30": "", "2017-03-31": "", "2016-12-31": "", "2016-09-30": "", "2016-06-30": "", "2016-03-31": "", "2015-12-31": "", "2015-09-30": "", "2015-06-30": "", "2015-03-31": "", "2014-12-31": "", "2014-09-30": "", "2014-06-30": "", "2014-03-31": "", "2013-12-31": "", "2013-09-30": "", "2013-06-30": "", "2013-03-31": "", "2012-12-31": "", "2012-09-30": "", "2012-06-30": "", "2012-03-31": "", "2011-12-31": "", "2011-09-30": "", "2011-06-30": "", "2011-03-31": "", "2010-12-31": "", "2010-09-30": "", "2010-06-30": "", "2010-03-31": "", "2009-12-31": "", "2009-09-30": "", "2009-06-30": "", "2009-03-31": "", "2008-12-31": "", "2008-09-30": "", "2008-06-30": "", "2008-03-31": "", "2007-12-31": "", "2007-09-30": "", "2007-06-30": "", "2007-03-31": "", "2006-12-31": "", "2006-09-30": "", "2006-06-30": "", "2006-03-31": "", "2005-12-31": "", "2005-09-30": "", "2005-06-30": "", "2005-03-31": ""}, "Other Current Assets": {"2020-12-31": "", "2020-09-30": "", "2020-06-30": "", "2020-03-31": "", "2019-12-31": "", "2019-09-30": "", "2019-06-30": "", "2019-03-31": "", "2018-12-31": "", "2018-09-30": "", "2018-06-30": "", "2018-03-31": "", "2017-12-31": "", "2017-09-30": "", "2017-06-30": "", "2017-03-31": "", "2016-12-31": "", "2016-09-30": "", "2016-06-30": "", "2016-03-31": "", "2015-12-31": "", "2015-09-30": "", "2015-06-30": "", "2015-03-31": "", "2014-12-31": "", "2014-09-30": "", "2014-06-30": "", "2014-03-31": "", "2013-12-31": "", "2013-09-30": "", "2013-06-30": "", "2013-03-31": "", "2012-12-31": "", "2012-09-30": "", "2012-06-30": "", "2012-03-31": "", "2011-12-31": "", "2011-09-30": "", "2011-06-30": "", "2011-03-31": "", "2010-12-31": "", "2010-09-30": "", "2010-06-30": "", "2010-03-31": "", "2009-12-31": "", "2009-09-30": "", "2009-06-30": "", "2009-03-31": "", "2008-12-31": "", "2008-09-30": "", "2008-06-30": "", "2008-03-31": "", "2007-12-31": "", "2007-09-30": "", "2007-06-30": "", "2007-03-31": "", "2006-12-31": "", "2006-09-30": "", "2006-06-30": "", "2006-03-31": "", "2005-12-31": "", "2005-09-30": "", "2005-06-30": "", "2005-03-31": ""}, "Total Current Assets": {"2020-12-31": "1221.79500", "2020-09-30": "1257.33100", "2020-06-30": "1001.15100", "2020-03-31": "1147.32000", "2019-12-31": "440.77000", "2019-09-30": "652.84800", "2019-06-30": "383.63600", "2019-03-31": "364.76500", "2018-12-31": "458.21700", "2018-09-30": "365.03900", "2018-06-30": "322.51900", "2018-03-31": "322.41500", "2017-12-31": "330.11500", "2017-09-30": "501.81500", "2017-06-30": "642.99500", "2017-03-31": "725.19000", "2016-12-31": "482.56600", "2016-09-30": "529.93700", "2016-06-30": "510.45300", "2016-03-31": "509.01700", "2015-12-31": "258.06100", "2015-09-30": "770.95500", "2015-06-30": "221.05300", "2015-03-31": "235.17100", "2014-12-31": "262.61100", "2014-09-30": "364.27100", "2014-06-30": "262.95000", "2014-03-31": "271.09300", "2013-12-31": "223.02300", "2013-09-30": "348.50900", "2013-06-30": "262.39400", "2013-03-31": "287.94900", "2012-12-31": "388.88200", "2012-09-30": "139.23800", "2012-06-30": "136.54000", "2012-03-31": "530.80700", "2011-12-31": "114.67200", "2011-09-30": "151.44500", "2011-06-30": "129.45100", "2011-03-31": "106.81500", "2010-12-31": "111.61100", "2010-09-30": "99.19600", "2010-06-30": "127.06800", "2010-03-31": "100.72800", "2009-12-31": "100.24900", "2009-09-30": "98.67900", "2009-06-30": "98.99200", "2009-03-31": "100.38100", "2008-12-31": "93.94600", "2008-09-30": "91.53000", "2008-06-30": "86.42400", "2008-03-31": "88.97700", "2007-12-31": "95.42200", "2007-09-30": "86.32300", "2007-06-30": "90.01700", "2007-03-31": "85.52900", "2006-12-31": "135.15100", "2006-09-30": "127.67500", "2006-06-30": "82.88200", "2006-03-31": "87.31600", "2005-12-31": "76.60400", "2005-09-30": "78.37300", "2005-06-30": "63.62600", "2005-03-31": "63.23400"}, "Property, Plant, And Equipment": {"2020-12-31": "8391.40000", "2020-09-30": "8342.45900", "2020-06-30": "8260.38400", "2020-03-31": "8199.74700", "2019-12-31": "8067.41200", "2019-09-30": "7472.05800", "2019-06-30": "7343.79200", "2019-03-31": "7174.66100", "2018-12-31": "7035.26400", "2018-09-30": "6918.05100", "2018-06-30": "6776.60200", "2018-03-31": "6333.05400", "2017-12-31": "6153.61500", "2017-09-30": "6023.49800", "2017-06-30": "6042.14800", "2017-03-31": "5973.13500", "2016-12-31": "5920.90100", "2016-09-30": "5537.27600", "2016-06-30": "5498.51900", "2016-03-31": "5464.12800", "2015-12-31": "5333.90500", "2015-09-30": "5354.48500", "2015-06-30": "5148.36800", "2015-03-31": "5064.19000", "2014-12-31": "5110.26800", "2014-09-30": "4838.47400", "2014-06-30": "4781.44700", "2014-03-31": "4579.04700", "2013-12-31": "4445.99000", "2013-09-30": "4266.95100", "2013-06-30": "4280.94900", "2013-03-31": "4225.71200", "2012-12-31": "4000.87900", "2012-09-30": "3673.62500", "2012-06-30": "3470.67200", "2012-03-31": "3222.94900", "2011-12-31": "3056.18700", "2011-09-30": "3016.10000", "2011-06-30": "2931.98200", "2011-03-31": "2570.64900", "2010-12-31": "2544.44200", "2010-09-30": "2311.75400", "2010-06-30": "2309.36300", "2010-03-31": "1932.32200", "2009-12-31": "1914.10700", "2009-09-30": "1916.94800", "2009-06-30": "1923.93700", "2009-03-31": "1934.55900", "2008-12-31": "1942.82700", "2008-09-30": "1938.82600", "2008-06-30": "1932.06200", "2008-03-31": "1925.63000", "2007-12-31": "1904.62400", "2007-09-30": "1804.86800", "2007-06-30": "1774.74500", "2007-03-31": "1707.37300", "2006-12-31": "1596.95400", "2006-09-30": "1568.77300", "2006-06-30": "1565.84300", "2006-03-31": "1535.79400", "2005-12-31": "1537.37400", "2005-09-30": "1506.96300", "2005-06-30": "1478.23000", "2005-03-31": "1453.35200"}, "Long-Term Investments": {"2020-12-31": "", "2020-09-30": "", "2020-06-30": "", "2020-03-31": "", "2019-12-31": "", "2019-09-30": "", "2019-06-30": "", "2019-03-31": "", "2018-12-31": "", "2018-09-30": "", "2018-06-30": "", "2018-03-31": "", "2017-12-31": "", "2017-09-30": "", "2017-06-30": "", "2017-03-31": "", "2016-12-31": "", "2016-09-30": "", "2016-06-30": "", "2016-03-31": "", "2015-12-31": "", "2015-09-30": "", "2015-06-30": "", "2015-03-31": "", "2014-12-31": "", "2014-09-30": "", "2014-06-30": "", "2014-03-31": "", "2013-12-31": "", "2013-09-30": "", "2013-06-30": "", "2013-03-31": "", "2012-12-31": "", "2012-09-30": "", "2012-06-30": "", "2012-03-31": "", "2011-12-31": "", "2011-09-30": "", "2011-06-30": "", "2011-03-31": "", "2010-12-31": "", "2010-09-30": "", "2010-06-30": "", "2010-03-31": "", "2009-12-31": "", "2009-09-30": "", "2009-06-30": "", "2009-03-31": "", "2008-12-31": "", "2008-09-30": "", "2008-06-30": "", "2008-03-31": "", "2007-12-31": "", "2007-09-30": "", "2007-06-30": "", "2007-03-31": "", "2006-12-31": "", "2006-09-30": "", "2006-06-30": "", "2006-03-31": "", "2005-12-31": "", "2005-09-30": "", "2005-06-30": "", "2005-03-31": ""}, "Goodwill And Intangible Assets": {"2020-12-31": "", "2020-09-30": "", "2020-06-30": "", "2020-03-31": "", "2019-12-31": "", "2019-09-30": "", "2019-06-30": "", "2019-03-31": "", "2018-12-31": "", "2018-09-30": "", "2018-06-30": "", "2018-03-31": "", "2017-12-31": "", "2017-09-30": "", "2017-06-30": "", "2017-03-31": "", "2016-12-31": "", "2016-09-30": "", "2016-06-30": "", "2016-03-31": "", "2015-12-31": "", "2015-09-30": "", "2015-06-30": "", "2015-03-31": "", "2014-12-31": "", "2014-09-30": "", "2014-06-30": "", "2014-03-31": "", "2013-12-31": "", "2013-09-30": "", "2013-06-30": "", "2013-03-31": "", "2012-12-31": "", "2012-09-30": "", "2012-06-30": "", "2012-03-31": "", "2011-12-31": "", "2011-09-30": "", "2011-06-30": "", "2011-03-31": "", "2010-12-31": "", "2010-09-30": "", "2010-06-30": "", "2010-03-31": "", "2009-12-31": "", "2009-09-30": "", "2009-06-30": "", "2009-03-31": "", "2008-12-31": "", "2008-09-30": "", "2008-06-30": "", "2008-03-31": "", "2007-12-31": "", "2007-09-30": "", "2007-06-30": "", "2007-03-31": "", "2006-12-31": "", "2006-09-30": "", "2006-06-30": "", "2006-03-31": "", "2005-12-31": "", "2005-09-30": "", "2005-06-30": "", "2005-03-31": ""}, "Other Long-Term Assets": {"2020-12-31": "81.04100", "2020-09-30": "80.77900", "2020-06-30": "91.55300", "2020-03-31": "87.54300", "2019-12-31": "82.75900", "2019-09-30": "213.64600", "2019-06-30": "81.19500", "2019-03-31": "74.45800", "2018-12-31": "74.65200", "2018-09-30": "96.02800", "2018-06-30": "99.01400", "2018-03-31": "128.89600", "2017-12-31": "135.38000", "2017-09-30": "127.56600", "2017-06-30": "114.90400", "2017-03-31": "92.84100", "2016-12-31": "94.79800", "2016-09-30": "84.31300", "2016-06-30": "102.55800", "2016-03-31": "44.69400", "2015-12-31": "157.78100", "2015-09-30": "35.78600", "2015-06-30": "126.79300", "2015-03-31": "226.52200", "2014-12-31": "40.55700", "2014-09-30": "82.28900", "2014-06-30": "33.57600", "2014-03-31": "60.74200", "2013-12-31": "238.89100", "2013-09-30": "265.92200", "2013-06-30": "24.36200", "2013-03-31": "24.60000", "2012-12-31": "17.38400", "2012-09-30": "197.22900", "2012-06-30": "52.90300", "2012-03-31": "28.39300", "2011-12-31": "102.04600", "2011-09-30": "24.74400", "2011-06-30": "31.21300", "2011-03-31": "19.14900", "2010-12-31": "12.99900", "2010-09-30": "13.46900", "2010-06-30": "11.53400", "2010-03-31": "14.97100", "2009-12-31": "9.75900", "2009-09-30": "9.35500", "2009-06-30": "9.60000", "2009-03-31": "11.12600", "2008-12-31": "6.72300", "2008-09-30": "8.36700", "2008-06-30": "9.61600", "2008-03-31": "10.02100", "2007-12-31": "5.76400", "2007-09-30": "6.78600", "2007-06-30": "6.84000", "2007-03-31": "7.67000", "2006-12-31": "13.12800", "2006-09-30": "8.80700", "2006-06-30": "9.53300", "2006-03-31": "7.51800", "2005-12-31": "5.16600", "2005-09-30": "5.67300", "2005-06-30": "9.93900", "2005-03-31": "8.33200"}, "Total Long-Term Assets": {"2020-12-31": "8683.39100", "2020-09-30": "8631.54400", "2020-06-30": "8561.57300", "2020-03-31": "8491.68200", "2019-12-31": "8362.97600", "2019-09-30": "7887.76700", "2019-06-30": "7628.43800", "2019-03-31": "7436.42800", "2018-12-31": "7307.49000", "2018-09-30": "7197.19700", "2018-06-30": "7062.26500", "2018-03-31": "6643.51700", "2017-12-31": "6472.72300", "2017-09-30": "6336.48400", "2017-06-30": "6352.37200", "2017-03-31": "6268.47500", "2016-12-31": "6224.06700", "2016-09-30": "5802.20200", "2016-06-30": "5787.98000", "2016-03-31": "5695.09300", "2015-12-31": "5668.36900", "2015-09-30": "5582.43700", "2015-06-30": "5465.87200", "2015-03-31": "5490.30900", "2014-12-31": "5371.12500", "2014-09-30": "5123.19300", "2014-06-30": "5010.84200", "2014-03-31": "4843.45000", "2013-12-31": "4888.00500", "2013-09-30": "4740.76700", "2013-06-30": "4513.12800", "2013-03-31": "4467.33800", "2012-12-31": "4227.20200", "2012-09-30": "4076.60300", "2012-06-30": "3710.98200", "2012-03-31": "3428.53400", "2011-12-31": "3332.12300", "2011-09-30": "3216.23900", "2011-06-30": "3135.33600", "2011-03-31": "2735.11800", "2010-12-31": "2704.95400", "2010-09-30": "2436.48800", "2010-06-30": "2429.44100", "2010-03-31": "2011.51400", "2009-12-31": "1984.03200", "2009-09-30": "1980.32300", "2009-06-30": "1988.59000", "2009-03-31": "2003.11700", "2008-12-31": "2008.97200", "2008-09-30": "2007.96800", "2008-06-30": "2001.30100", "2008-03-31": "1996.93200", "2007-12-31": "1973.29800", "2007-09-30": "1877.42700", "2007-06-30": "1837.66800", "2007-03-31": "1769.18600", "2006-12-31": "1664.20100", "2006-09-30": "1632.12400", "2006-06-30": "1630.88000", "2006-03-31": "1596.99300", "2005-12-31": "1597.87000", "2005-09-30": "1566.29100", "2005-06-30": "1542.96600", "2005-03-31": "1517.37200"}, "Total Assets": {"2020-12-31": "10000.71000", "2020-09-30": "9984.60800", "2020-06-30": "9658.66500", "2020-03-31": "9735.14700", "2019-12-31": "8900.09400", "2019-09-30": "8623.81500", "2019-06-30": "8094.72100", "2019-03-31": "7883.98700", "2018-12-31": "7765.70700", "2018-09-30": "7562.23600", "2018-06-30": "7384.78400", "2018-03-31": "6965.93200", "2017-12-31": "6802.83800", "2017-09-30": "6838.29900", "2017-06-30": "6995.36700", "2017-03-31": "6993.66500", "2016-12-31": "6706.63300", "2016-09-30": "6332.13900", "2016-06-30": "6298.43300", "2016-03-31": "6204.11000", "2015-12-31": "5926.43000", "2015-09-30": "6353.39200", "2015-06-30": "5686.92500", "2015-03-31": "5725.48000", "2014-12-31": "5633.73600", "2014-09-30": "5487.46400", "2014-06-30": "5273.79200", "2014-03-31": "5114.54300", "2013-12-31": "5111.02800", "2013-09-30": "5089.27600", "2013-06-30": "4775.52200", "2013-03-31": "4755.28700", "2012-12-31": "4616.08400", "2012-09-30": "4215.84100", "2012-06-30": "3847.52200", "2012-03-31": "3959.34100", "2011-12-31": "3446.79500", "2011-09-30": "3367.68400", "2011-06-30": "3264.78700", "2011-03-31": "2841.93300", "2010-12-31": "2816.56500", "2010-09-30": "2535.68400", "2010-06-30": "2556.50900", "2010-03-31": "2112.24200", "2009-12-31": "2084.28100", "2009-09-30": "2079.00200", "2009-06-30": "2087.58200", "2009-03-31": "2103.49800", "2008-12-31": "2102.91800", "2008-09-30": "2099.49800", "2008-06-30": "2087.72500", "2008-03-31": "2085.90900", "2007-12-31": "2068.72000", "2007-09-30": "1963.75000", "2007-06-30": "1927.68500", "2007-03-31": "1854.71500", "2006-12-31": "1799.35200", "2006-09-30": "1759.79900", "2006-06-30": "1713.76200", "2006-03-31": "1684.30900", "2005-12-31": "1674.47400", "2005-09-30": "1644.66400", "2005-06-30": "1606.59200", "2005-03-31": "1580.60600"}, "Total Current Liabilities": {"2020-12-31": "445.10000", "2020-09-30": "458.42100", "2020-06-30": "401.37800", "2020-03-31": "417.54700", "2019-12-31": "418.84800", "2019-09-30": "439.08100", "2019-06-30": "385.56700", "2019-03-31": "373.69100", "2018-12-31": "374.41500", "2018-09-30": "360.67400", "2018-06-30": "278.50800", "2018-03-31": "223.97300", "2017-12-31": "249.63700", "2017-09-30": "271.40500", "2017-06-30": "219.48300", "2017-03-31": "215.46900", "2016-12-31": "202.39100", "2016-09-30": "252.12200", "2016-06-30": "211.19600", "2016-03-31": "265.86300", "2015-12-31": "246.32300", "2015-09-30": "249.98000", "2015-06-30": "199.00500", "2015-03-31": "217.35200", "2014-12-31": "225.83000", "2014-09-30": "243.60200", "2014-06-30": "215.53500", "2014-03-31": "187.63100", "2013-12-31": "198.46700", "2013-09-30": "210.11100", "2013-06-30": "184.82100", "2013-03-31": "171.69400", "2012-12-31": "154.73400", "2012-09-30": "127.47200", "2012-06-30": "98.94000", "2012-03-31": "92.57400", "2011-12-31": "81.71300", "2011-09-30": "93.05000", "2011-06-30": "66.66400", "2011-03-31": "78.84700", "2010-12-31": "68.52500", "2010-09-30": "66.81400", "2010-06-30": "57.79200", "2010-03-31": "58.33300", "2009-12-31": "52.53300", "2009-09-30": "42.56500", "2009-06-30": "32.36500", "2009-03-31": "41.50600", "2008-12-31": "55.06600", "2008-09-30": "58.93800", "2008-06-30": "44.89300", "2008-03-31": "49.29500", "2007-12-31": "58.24900", "2007-09-30": "67.35600", "2007-06-30": "61.49700", "2007-03-31": "90.52500", "2006-12-31": "67.72900", "2006-09-30": "66.23000", "2006-06-30": "60.20300", "2006-03-31": "55.59600", "2005-12-31": "129.08900", "2005-09-30": "96.54700", "2005-06-30": "81.68900", "2005-03-31": "71.87400"}, "Long Term Debt": {"2020-12-31": "3923.68100", "2020-09-30": "3923.83000", "2020-06-30": "3655.21800", "2020-03-31": "3687.46200", "2019-12-31": "3552.77800", "2019-09-30": "3307.23600", "2019-06-30": "3188.10600", "2019-03-31": "2997.76100", "2018-12-31": "2932.60100", "2018-09-30": "2873.91500", "2018-06-30": "2789.71000", "2018-03-31": "2545.29500", "2017-12-31": "2347.06300", "2017-09-30": "2435.20900", "2017-06-30": "2564.84100", "2017-03-31": "2566.02600", "2016-12-31": "2320.12300", "2016-09-30": "2217.33800", "2016-06-30": "2439.49200", "2016-03-31": "2298.39300", "2015-12-31": "2225.46900", "2015-09-30": "2657.30500", "2015-06-30": "2362.80600", "2015-03-31": "2430.00500", "2014-12-31": "2469.41300", "2014-09-30": "2428.90700", "2014-06-30": "2245.43200", "2014-03-31": "2157.69100", "2013-12-31": "2204.93800", "2013-09-30": "2162.18200", "2013-06-30": "2166.12500", "2013-03-31": "2166.57800", "2012-12-31": "2040.93500", "2012-09-30": "1841.56600", "2012-06-30": "1775.67300", "2012-03-31": "1789.55900", "2011-12-31": "1821.28600", "2011-09-30": "1759.59900", "2011-06-30": "1680.12300", "2011-03-31": "1461.05700", "2010-12-31": "1427.77600", "2010-09-30": "1149.38600", "2010-06-30": "1155.11800", "2010-03-31": "999.76300", "2009-12-31": "972.01600", "2009-09-30": "965.13500", "2009-06-30": "973.07600", "2009-03-31": "1163.87400", "2008-12-31": "1142.34800", "2008-09-30": "1155.65800", "2008-06-30": "1152.06100", "2008-03-31": "1132.30300", "2007-12-31": "1107.00200", "2007-09-30": "1050.14300", "2007-06-30": "1018.24700", "2007-03-31": "930.23000", "2006-12-31": "879.19800", "2006-09-30": "837.00500", "2006-06-30": "811.56200", "2006-03-31": "929.57800", "2005-12-31": "842.28200", "2005-09-30": "830.72700", "2005-06-30": "818.41700", "2005-03-31": "783.56300"}, "Other Non-Current Liabilities": {"2020-12-31": "256.82800", "2020-09-30": "252.45700", "2020-06-30": "250.38700", "2020-03-31": "254.37600", "2019-12-31": "259.21000", "2019-09-30": "250.37200", "2019-06-30": "247.06300", "2019-03-31": "242.10600", "2018-12-31": "257.43000", "2018-09-30": "252.72800", "2018-06-30": "252.69300", "2018-03-31": "249.19200", "2017-12-31": "245.82200", "2017-09-30": "235.80500", "2017-06-30": "248.57200", "2017-03-31": "246.02900", "2016-12-31": "424.80200", "2016-09-30": "220.77700", "2016-06-30": "221.11100", "2016-03-31": "215.15600", "2015-12-31": "220.05200", "2015-09-30": "209.04500", "2015-06-30": "212.00900", "2015-03-31": "218.91700", "2014-12-31": "214.55700", "2014-09-30": "194.58600", "2014-06-30": "189.48500", "2014-03-31": "183.61100", "2013-12-31": "191.46300", "2013-09-30": "192.88900", "2013-06-30": "186.19700", "2013-03-31": "184.47500", "2012-12-31": "184.48200", "2012-09-30": "185.43500", "2012-06-30": "166.20500", "2012-03-31": "147.22000", "2011-12-31": "142.67600", "2011-09-30": "147.05400", "2011-06-30": "140.82900", "2011-03-31": "125.86800", "2010-12-31": "128.89600", "2010-09-30": "112.41000", "2010-06-30": "117.89500", "2010-03-31": "106.47600", "2009-12-31": "102.25600", "2009-09-30": "104.76600", "2009-06-30": "110.50000", "2009-03-31": "114.96600", "2008-12-31": "116.98000", "2008-09-30": "115.21900", "2008-06-30": "117.22900", "2008-03-31": "114.73600", "2007-12-31": "98.23000", "2007-09-30": "95.11000", "2007-06-30": "90.15700", "2007-03-31": "69.78400", "2006-12-31": "64.86300", "2006-09-30": "61.07200", "2006-06-30": "62.90700", "2006-03-31": "58.80300", "2005-12-31": "59.73500", "2005-09-30": "55.92600", "2005-06-30": "38.57800", "2005-03-31": "39.24800"}, "Total Long Term Liabilities": {"2020-12-31": "4180.50900", "2020-09-30": "4176.28700", "2020-06-30": "3905.60500", "2020-03-31": "3941.83800", "2019-12-31": "3811.98800", "2019-09-30": "3557.60800", "2019-06-30": "3435.16900", "2019-03-31": "3239.86700", "2018-12-31": "3190.03100", "2018-09-30": "3126.64300", "2018-06-30": "3042.40300", "2018-03-31": "2794.48700", "2017-12-31": "2592.88500", "2017-09-30": "2671.01400", "2017-06-30": "2813.41300", "2017-03-31": "2812.05500", "2016-12-31": "2744.92500", "2016-09-30": "2438.11500", "2016-06-30": "2660.60300", "2016-03-31": "2513.54900", "2015-12-31": "2445.52100", "2015-09-30": "2866.35000", "2015-06-30": "2574.81500", "2015-03-31": "2648.92200", "2014-12-31": "2683.97000", "2014-09-30": "2623.49300", "2014-06-30": "2434.91700", "2014-03-31": "2341.30200", "2013-12-31": "2396.40100", "2013-09-30": "2355.07100", "2013-06-30": "2352.32200", "2013-03-31": "2351.05300", "2012-12-31": "2225.41700", "2012-09-30": "2027.00100", "2012-06-30": "2015.51600", "2012-03-31": "2136.91700", "2011-12-31": "2037.60000", "2011-09-30": "1980.29100", "2011-06-30": "1894.59000", "2011-03-31": "1660.56300", "2010-12-31": "1630.31000", "2010-09-30": "1335.43400", "2010-06-30": "1346.65100", "2010-03-31": "1179.87700", "2009-12-31": "1147.91000", "2009-09-30": "1143.53900", "2009-06-30": "1157.21400", "2009-03-31": "1352.47800", "2008-12-31": "1332.96600", "2008-09-30": "1373.64000", "2008-06-30": "1379.53600", "2008-03-31": "1358.24000", "2007-12-31": "1317.17900", "2007-09-30": "1254.85900", "2007-06-30": "1218.44000", "2007-03-31": "1110.46400", "2006-12-31": "1057.32700", "2006-09-30": "1012.05300", "2006-06-30": "992.30600", "2006-03-31": "1101.45600", "2005-12-31": "1026.11700", "2005-09-30": "1013.44300", "2005-06-30": "984.56700", "2005-03-31": "952.48800"}, "Total Liabilities": {"2020-12-31": "4723.38700", "2020-09-30": "4732.64400", "2020-06-30": "4405.07600", "2020-03-31": "4457.63200", "2019-12-31": "4329.23600", "2019-09-30": "4084.30600", "2019-06-30": "3907.81800", "2019-03-31": "3700.80500", "2018-12-31": "3564.44600", "2018-09-30": "3487.31700", "2018-06-30": "3320.91100", "2018-03-31": "3018.46000", "2017-12-31": "2842.52200", "2017-09-30": "2942.41900", "2017-06-30": "3032.89600", "2017-03-31": "3027.52400", "2016-12-31": "2947.31600", "2016-09-30": "2690.23700", "2016-06-30": "2871.79900", "2016-03-31": "2779.41200", "2015-12-31": "2691.84400", "2015-09-30": "3116.33000", "2015-06-30": "2773.82000", "2015-03-31": "2866.27400", "2014-12-31": "2909.80000", "2014-09-30": "2867.09500", "2014-06-30": "2650.45200", "2014-03-31": "2528.93300", "2013-12-31": "2594.86800", "2013-09-30": "2565.18200", "2013-06-30": "2537.14300", "2013-03-31": "2522.74700", "2012-12-31": "2380.15100", "2012-09-30": "2154.47300", "2012-06-30": "2114.45600", "2012-03-31": "2229.49100", "2011-12-31": "2119.31300", "2011-09-30": "2073.34100", "2011-06-30": "1961.25400", "2011-03-31": "1739.41000", "2010-12-31": "1698.83500", "2010-09-30": "1402.24800", "2010-06-30": "1404.44300", "2010-03-31": "1238.21000", "2009-12-31": "1200.44300", "2009-09-30": "1186.10400", "2009-06-30": "1189.57900", "2009-03-31": "1393.98400", "2008-12-31": "1388.03200", "2008-09-30": "1432.57800", "2008-06-30": "1424.42900", "2008-03-31": "1407.53500", "2007-12-31": "1375.42800", "2007-09-30": "1322.21500", "2007-06-30": "1279.93700", "2007-03-31": "1200.98900", "2006-12-31": "1125.05600", "2006-09-30": "1078.28300", "2006-06-30": "1052.50900", "2006-03-31": "1157.05200", "2005-12-31": "1155.20600", "2005-09-30": "1109.99000", "2005-06-30": "1066.25600", "2005-03-31": "1024.36200"}, "Common Stock Net": {"2020-12-31": "1.16000", "2020-09-30": "1.15200", "2020-06-30": "1.15200", "2020-03-31": "1.15100", "2019-12-31": "1.06000", "2019-09-30": "1.06000", "2019-06-30": "1.01000", "2019-03-31": "1.01000", "2018-12-31": "1.00700", "2018-09-30": "1.00700", "2018-06-30": "1.00600", "2018-03-31": "0.98800", "2017-12-31": "0.98600", "2017-09-30": "0.98400", "2017-06-30": "0.98400", "2017-03-31": "0.98300", "2016-12-31": "0.93200", "2016-09-30": "0.92300", "2016-06-30": "0.92300", "2016-03-31": "0.92200", "2015-12-31": "0.92300", "2015-09-30": "0.92200", "2015-06-30": "0.88400", "2015-03-31": "0.88000", "2014-12-31": "0.86300", "2014-09-30": "0.83400", "2014-06-30": "0.82900", "2014-03-31": "0.82200", "2013-12-31": "0.82200", "2013-09-30": "0.82100", "2013-06-30": "0.75700", "2013-03-31": "0.75300", "2012-12-31": "0.74900", "2012-09-30": "0.74700", "2012-06-30": "0.68900", "2012-03-31": "0.68300", "2011-12-31": "0.58800", "2011-09-30": "0.58500", "2011-06-30": "0.58500", "2011-03-31": "0.52400", "2010-12-31": "0.52300", "2010-09-30": "0.52300", "2010-06-30": "0.52300", "2010-03-31": "0.43100", "2009-12-31": "0.43100", "2009-09-30": "0.43100", "2009-06-30": "0.43100", "2009-03-31": "0.33100", "2008-12-31": "0.33100", "2008-09-30": "0.33100", "2008-06-30": "0.32700", "2008-03-31": "0.32700", "2007-12-31": "0.32800", "2007-09-30": "0.32700", "2007-06-30": "0.32700", "2007-03-31": "0.32700", "2006-12-31": "0.32400", "2006-09-30": "0.32400", "2006-06-30": "0.32100", "2006-03-31": "0.29800", "2005-12-31": "0.28900", "2005-09-30": "0.28900", "2005-06-30": "0.28900", "2005-03-31": "0.29000"}, "Retained Earnings (Accumulated Deficit)": {"2020-12-31": "-103.13300", "2020-09-30": "-122.93600", "2020-06-30": "-113.22300", "2020-03-31": "-76.18200", "2019-12-31": "-58.46700", "2019-09-30": "-78.70700", "2019-06-30": "-70.34500", "2019-03-31": "-62.69000", "2018-12-31": "-48.05300", "2018-09-30": "-161.65400", "2018-06-30": "-149.36800", "2018-03-31": "-130.51400", "2017-12-31": "-122.68500", "2017-09-30": "-108.66700", "2017-06-30": "-132.79900", "2017-03-31": "-120.20700", "2016-12-31": "-107.99700", "2016-09-30": "78.10700", "2016-06-30": "62.64700", "2016-03-31": "67.98100", "2015-12-31": "-70.26200", "2015-09-30": "-62.85000", "2015-06-30": "-131.56900", "2015-03-31": "-154.35500", "2014-12-31": "-162.96400", "2014-09-30": "-159.79900", "2014-06-30": "-145.85100", "2014-03-31": "-143.63600", "2013-12-31": "-210.89600", "2013-09-30": "-201.04800", "2013-06-30": "-177.48400", "2013-03-31": "-157.21100", "2012-12-31": "-129.53500", "2012-09-30": "-288.76500", "2012-06-30": "-259.49500", "2012-03-31": "-234.19900", "2011-12-31": "-277.45000", "2011-09-30": "-296.47600", "2011-06-30": "-285.91600", "2011-03-31": "-264.84800", "2010-12-31": "-247.25200", "2010-09-30": "-230.21500", "2010-06-30": "-211.55500", "2010-03-31": "-191.19000", "2009-12-31": "-180.72200", "2009-09-30": "-162.39100", "2009-06-30": "-155.18300", "2009-03-31": "-148.98200", "2008-12-31": "-137.05200", "2008-09-30": "-116.01200", "2008-06-30": "-109.99900", "2008-03-31": "-96.63600", "2007-12-31": "-87.51200", "2007-09-30": "-134.94300", "2007-06-30": "-125.82000", "2007-03-31": "-120.76300", "2006-12-31": "-119.09400", "2006-09-30": "-111.10500", "2006-06-30": "-125.51000", "2006-03-31": "-126.47500", "2005-12-31": "-124.21400", "2005-09-30": "-107.79400", "2005-06-30": "-101.59100", "2005-03-31": "-85.38700"}, "Comprehensive Income": {"2020-12-31": "", "2020-09-30": "", "2020-06-30": "", "2020-03-31": "", "2019-12-31": "", "2019-09-30": "", "2019-06-30": "", "2019-03-31": "", "2018-12-31": "", "2018-09-30": "", "2018-06-30": "", "2018-03-31": "", "2017-12-31": "", "2017-09-30": "", "2017-06-30": "", "2017-03-31": "", "2016-12-31": "", "2016-09-30": "", "2016-06-30": "", "2016-03-31": "", "2015-12-31": "", "2015-09-30": "", "2015-06-30": "", "2015-03-31": "", "2014-12-31": "", "2014-09-30": "", "2014-06-30": "", "2014-03-31": "", "2013-12-31": "", "2013-09-30": "", "2013-06-30": "", "2013-03-31": "", "2012-12-31": "", "2012-09-30": "", "2012-06-30": "", "2012-03-31": "", "2011-12-31": "", "2011-09-30": "", "2011-06-30": "", "2011-03-31": "", "2010-12-31": "", "2010-09-30": "", "2010-06-30": "", "2010-03-31": "", "2009-12-31": "", "2009-09-30": "", "2009-06-30": "", "2009-03-31": "", "2008-12-31": "", "2008-09-30": "", "2008-06-30": "", "2008-03-31": "", "2007-12-31": "", "2007-09-30": "", "2007-06-30": "", "2007-03-31": "", "2006-12-31": "", "2006-09-30": "", "2006-06-30": "", "2006-03-31": "", "2005-12-31": "", "2005-09-30": "", "2005-06-30": "0.80400", "2005-03-31": "1.08400"}, "Other Share Holders Equity": {"2020-12-31": "", "2020-09-30": "", "2020-06-30": "", "2020-03-31": "", "2019-12-31": "", "2019-09-30": "", "2019-06-30": "", "2019-03-31": "", "2018-12-31": "", "2018-09-30": "", "2018-06-30": "", "2018-03-31": "", "2017-12-31": "", "2017-09-30": "", "2017-06-30": "", "2017-03-31": "", "2016-12-31": "", "2016-09-30": "", "2016-06-30": "", "2016-03-31": "", "2015-12-31": "", "2015-09-30": "", "2015-06-30": "", "2015-03-31": "", "2014-12-31": "", "2014-09-30": "", "2014-06-30": "", "2014-03-31": "", "2013-12-31": "", "2013-09-30": "", "2013-06-30": "", "2013-03-31": "", "2012-12-31": "", "2012-09-30": "", "2012-06-30": "", "2012-03-31": "", "2011-12-31": "", "2011-09-30": "", "2011-06-30": "", "2011-03-31": "", "2010-12-31": "", "2010-09-30": "", "2010-06-30": "", "2010-03-31": "", "2009-12-31": "", "2009-09-30": "", "2009-06-30": "", "2009-03-31": "", "2008-12-31": "", "2008-09-30": "", "2008-06-30": "", "2008-03-31": "", "2007-12-31": "", "2007-09-30": "", "2007-06-30": "", "2007-03-31": "", "2006-12-31": "", "2006-09-30": "", "2006-06-30": "", "2006-03-31": "", "2005-12-31": "", "2005-09-30": "", "2005-06-30": "", "2005-03-31": ""}, "Share Holder Equity": {"2020-12-31": "5277.32100", "2020-09-30": "5251.96400", "2020-06-30": "5253.58900", "2020-03-31": "5277.51500", "2019-12-31": "4570.85800", "2019-09-30": "4539.50900", "2019-06-30": "4186.90300", "2019-03-31": "4183.18200", "2018-12-31": "4201.26100", "2018-09-30": "4074.91900", "2018-06-30": "4063.87300", "2018-03-31": "3947.47200", "2017-12-31": "3960.31600", "2017-09-30": "3895.88000", "2017-06-30": "3962.47100", "2017-03-31": "3966.14100", "2016-12-31": "3759.31700", "2016-09-30": "3641.90200", "2016-06-30": "3426.63400", "2016-03-31": "3424.69800", "2015-12-31": "3234.58600", "2015-09-30": "3237.06200", "2015-06-30": "2913.10500", "2015-03-31": "2859.20600", "2014-12-31": "2723.93600", "2014-09-30": "2620.36900", "2014-06-30": "2623.34000", "2014-03-31": "2585.61000", "2013-12-31": "2516.16000", "2013-09-30": "2524.09400", "2013-06-30": "2238.37900", "2013-03-31": "2232.54000", "2012-12-31": "2235.93300", "2012-09-30": "2061.36800", "2012-06-30": "1733.06600", "2012-03-31": "1729.85000", "2011-12-31": "1327.48200", "2011-09-30": "1294.34300", "2011-06-30": "1303.53300", "2011-03-31": "1102.52300", "2010-12-31": "1117.73000", "2010-09-30": "1133.43600", "2010-06-30": "1152.06600", "2010-03-31": "874.03200", "2009-12-31": "883.83800", "2009-09-30": "892.89800", "2009-06-30": "898.00300", "2009-03-31": "709.51400", "2008-12-31": "714.88600", "2008-09-30": "666.92000", "2008-06-30": "663.29600", "2008-03-31": "678.37400", "2007-12-31": "693.29200", "2007-09-30": "641.53500", "2007-06-30": "647.74800", "2007-03-31": "653.72600", "2006-12-31": "674.29600", "2006-09-30": "681.51600", "2006-06-30": "661.25300", "2006-03-31": "527.25700", "2005-12-31": "519.26800", "2005-09-30": "534.67400", "2005-06-30": "540.33600", "2005-03-31": "556.24400"}, "Total Liabilities And Share Holders Equity": {"2020-12-31": "10000.71000", "2020-09-30": "9984.60800", "2020-06-30": "9658.66500", "2020-03-31": "9735.14700", "2019-12-31": "8900.09400", "2019-09-30": "8623.81500", "2019-06-30": "8094.72100", "2019-03-31": "7883.98700", "2018-12-31": "7765.70700", "2018-09-30": "7562.23600", "2018-06-30": "7384.78400", "2018-03-31": "6965.93200", "2017-12-31": "6802.83800", "2017-09-30": "6838.29900", "2017-06-30": "6995.36700", "2017-03-31": "6993.66500", "2016-12-31": "6706.63300", "2016-09-30": "6332.13900", "2016-06-30": "6298.43300", "2016-03-31": "6204.11000", "2015-12-31": "5926.43000", "2015-09-30": "6353.39200", "2015-06-30": "5686.92500", "2015-03-31": "5725.48000", "2014-12-31": "5633.73600", "2014-09-30": "5487.46400", "2014-06-30": "5273.79200", "2014-03-31": "5114.54300", "2013-12-31": "5111.02800", "2013-09-30": "5089.27600", "2013-06-30": "4775.52200", "2013-03-31": "4755.28700", "2012-12-31": "4616.08400", "2012-09-30": "4215.84100", "2012-06-30": "3847.52200", "2012-03-31": "3959.34100", "2011-12-31": "3446.79500", "2011-09-30": "3367.68400", "2011-06-30": "3264.78700", "2011-03-31": "2841.93300", "2010-12-31": "2816.56500", "2010-09-30": "2535.68400", "2010-06-30": "2556.50900", "2010-03-31": "2112.24200", "2009-12-31": "2084.28100", "2009-09-30": "2079.00200", "2009-06-30": "2087.58200", "2009-03-31": "2103.49800", "2008-12-31": "2102.91800", "2008-09-30": "2099.49800", "2008-06-30": "2087.72500", "2008-03-31": "2085.90900", "2007-12-31": "2068.72000", "2007-09-30": "1963.75000", "2007-06-30": "1927.68500", "2007-03-31": "1854.71500", "2006-12-31": "1799.35200", "2006-09-30": "1759.79900", "2006-06-30": "1713.76200", "2006-03-31": "1684.30900", "2005-12-31": "1674.47400", "2005-09-30": "1644.66400", "2005-06-30": "1606.59200", "2005-03-31": "1580.60600"}}, "cash flow statement": {"Net Income/Loss": {"2020-12-31": "0.00000", "2019-12-31": "215.22900", "2018-12-31": "277.92600", "2017-12-31": "180.61500", "2016-12-31": "303.79800", "2015-12-31": "238.60400", "2014-12-31": "183.80800", "2013-12-31": "44.56500", "2012-12-31": "277.10100", "2011-12-31": "67.48900", "2010-12-31": "19.88600", "2009-12-31": "38.01500", "2008-12-31": "46.91100", "2007-12-31": "123.31700", "2006-12-31": "81.86400", "2005-12-31": "33.81900"}, "Total Depreciation And Amortization - Cash Flow": {"2020-12-31": "", "2019-12-31": "273.16800", "2018-12-31": "255.12100", "2017-12-31": "242.88400", "2016-12-31": "220.60800", "2015-12-31": "199.89700", "2014-12-31": "201.58100", "2013-12-31": "196.92800", "2012-12-31": "170.16800", "2011-12-31": "146.32600", "2010-12-31": "114.01800", "2009-12-31": "99.96000", "2008-12-31": "94.66300", "2007-12-31": "89.68100", "2006-12-31": "75.11200", "2005-12-31": "69.05900"}, "Other Non-Cash Items": {"2020-12-31": "", "2019-12-31": "-112.25800", "2018-12-31": "-163.41900", "2017-12-31": "-64.65000", "2016-12-31": "-193.63600", "2015-12-31": "-170.90400", "2014-12-31": "-157.13600", "2013-12-31": "-36.43900", "2012-12-31": "-282.56800", "2011-12-31": "-72.90400", "2010-12-31": "-10.52100", "2009-12-31": "-6.82500", "2008-12-31": "3.81700", "2007-12-31": "-74.03200", "2006-12-31": "-26.19700", "2005-12-31": "-29.38600"}, "Total Non-Cash Items": {"2020-12-31": "", "2019-12-31": "160.91000", "2018-12-31": "91.70200", "2017-12-31": "178.23400", "2016-12-31": "26.97200", "2015-12-31": "28.99300", "2014-12-31": "44.44500", "2013-12-31": "160.48900", "2012-12-31": "-112.40000", "2011-12-31": "73.42200", "2010-12-31": "103.49700", "2009-12-31": "93.13500", "2008-12-31": "98.48000", "2007-12-31": "15.64900", "2006-12-31": "48.91500", "2005-12-31": "39.67300"}, "Change In Accounts Receivable": {"2020-12-31": "", "2019-12-31": "", "2018-12-31": "", "2017-12-31": "", "2016-12-31": "", "2015-12-31": "", "2014-12-31": "", "2013-12-31": "", "2012-12-31": "", "2011-12-31": "", "2010-12-31": "", "2009-12-31": "-6.91100", "2008-12-31": "-4.77400", "2007-12-31": "-6.40000", "2006-12-31": "-8.16700", "2005-12-31": "-9.77900"}, "Change In Inventories": {"2020-12-31": "", "2019-12-31": "", "2018-12-31": "", "2017-12-31": "", "2016-12-31": "", "2015-12-31": "", "2014-12-31": "", "2013-12-31": "", "2012-12-31": "", "2011-12-31": "", "2010-12-31": "", "2009-12-31": "", "2008-12-31": "", "2007-12-31": "", "2006-12-31": "", "2005-12-31": ""}, "Change In Accounts Payable": {"2020-12-31": "", "2019-12-31": "", "2018-12-31": "", "2017-12-31": "", "2016-12-31": "", "2015-12-31": "", "2014-12-31": "", "2013-12-31": "", "2012-12-31": "", "2011-12-31": "", "2010-12-31": "", "2009-12-31": "", "2008-12-31": "", "2007-12-31": "", "2006-12-31": "", "2005-12-31": ""}, "Change In Assets/Liabilities": {"2020-12-31": "", "2019-12-31": "10.38200", "2018-12-31": "40.41500", "2017-12-31": "-11.83700", "2016-12-31": "14.28400", "2015-12-31": "4.41100", "2014-12-31": "17.00000", "2013-12-31": "35.52200", "2012-12-31": "16.02300", "2011-12-31": "-2.65500", "2010-12-31": "-3.55600", "2009-12-31": "0.72600", "2008-12-31": "5.33400", "2007-12-31": "5.29800", "2006-12-31": "9.94600", "2005-12-31": "4.12600"}, "Total Change In Assets/Liabilities": {"2020-12-31": "", "2019-12-31": "10.38200", "2018-12-31": "40.41500", "2017-12-31": "-11.83700", "2016-12-31": "14.28400", "2015-12-31": "4.41100", "2014-12-31": "17.00000", "2013-12-31": "35.52200", "2012-12-31": "16.02300", "2011-12-31": "-2.65500", "2010-12-31": "-3.55600", "2009-12-31": "-6.18500", "2008-12-31": "-0.27600", "2007-12-31": "8.79300", "2006-12-31": "-68.70400", "2005-12-31": "42.13000"}, "Cash Flow From Operating Activities": {"2020-12-31": "", "2019-12-31": "386.52100", "2018-12-31": "410.04300", "2017-12-31": "347.01200", "2016-12-31": "345.05400", "2015-12-31": "272.00800", "2014-12-31": "245.25300", "2013-12-31": "240.57600", "2012-12-31": "180.72400", "2011-12-31": "138.25600", "2010-12-31": "119.82700", "2009-12-31": "124.96500", "2008-12-31": "144.48100", "2007-12-31": "147.50000", "2006-12-31": "61.57000", "2005-12-31": "116.00200"}, "Net Change In Property, Plant, And Equipment": {"2020-12-31": "", "2019-12-31": "-1228.27900", "2018-12-31": "-860.01510", "2017-12-31": "-323.20200", "2016-12-31": "-565.22200", "2015-12-31": "-336.23900", "2014-12-31": "-474.04800", "2013-12-31": "-734.28700", "2012-12-31": "-694.89790", "2011-12-31": "-630.38600", "2010-12-31": "-715.57300", "2009-12-31": "-49.23200", "2008-12-31": "-94.47900", "2007-12-31": "-296.91800", "2006-12-31": "-135.84300", "2005-12-31": "-75.26900"}, "Net Change In Intangible Assets": {"2020-12-31": "", "2019-12-31": "", "2018-12-31": "", "2017-12-31": "", "2016-12-31": "", "2015-12-31": "", "2014-12-31": "", "2013-12-31": "", "2012-12-31": "", "2011-12-31": "", "2010-12-31": "", "2009-12-31": "", "2008-12-31": "", "2007-12-31": "", "2006-12-31": "", "2005-12-31": ""}, "Net Acquisitions/Divestitures": {"2020-12-31": "", "2019-12-31": "", "2018-12-31": "", "2017-12-31": "", "2016-12-31": "", "2015-12-31": "", "2014-12-31": "", "2013-12-31": "", "2012-12-31": "", "2011-12-31": "", "2010-12-31": "0.00010", "2009-12-31": "", "2008-12-31": "", "2007-12-31": "", "2006-12-31": "", "2005-12-31": ""}, "Net Change In Short-term Investments": {"2020-12-31": "", "2019-12-31": "", "2018-12-31": "", "2017-12-31": "", "2016-12-31": "", "2015-12-31": "", "2014-12-31": "", "2013-12-31": "", "2012-12-31": "", "2011-12-31": "", "2010-12-31": "", "2009-12-31": "", "2008-12-31": "", "2007-12-31": "0.25900", "2006-12-31": "", "2005-12-31": ""}, "Net Change In Long-Term Investments": {"2020-12-31": "", "2019-12-31": "", "2018-12-31": "", "2017-12-31": "", "2016-12-31": "", "2015-12-31": "", "2014-12-31": "", "2013-12-31": "", "2012-12-31": "", "2011-12-31": "", "2010-12-31": "", "2009-12-31": "", "2008-12-31": "", "2007-12-31": "", "2006-12-31": "", "2005-12-31": ""}, "Net Change In Investments - Total": {"2020-12-31": "", "2019-12-31": "", "2018-12-31": "", "2017-12-31": "", "2016-12-31": "", "2015-12-31": "", "2014-12-31": "", "2013-12-31": "", "2012-12-31": "", "2011-12-31": "", "2010-12-31": "", "2009-12-31": "", "2008-12-31": "", "2007-12-31": "0.25900", "2006-12-31": "", "2005-12-31": ""}, "Investing Activities - Other": {"2020-12-31": "", "2019-12-31": "", "2018-12-31": "51.10000", "2017-12-31": "-35.90000", "2016-12-31": "-14.19800", "2015-12-31": "-1.00200", "2014-12-31": "-27.38800", "2013-12-31": "227.76700", "2012-12-31": "-11.60800", "2011-12-31": "-3.89700", "2010-12-31": "13.79900", "2009-12-31": "-1.24200", "2008-12-31": "0.65400", "2007-12-31": "51.85700", "2006-12-31": "-0.35000", "2005-12-31": "-0.41300"}, "Cash Flow From Investing Activities": {"2020-12-31": "", "2019-12-31": "-1228.27900", "2018-12-31": "-808.91500", "2017-12-31": "-359.10200", "2016-12-31": "-579.42000", "2015-12-31": "-337.24100", "2014-12-31": "-501.43600", "2013-12-31": "-506.52000", "2012-12-31": "-706.50600", "2011-12-31": "-634.28300", "2010-12-31": "-701.77400", "2009-12-31": "-50.47400", "2008-12-31": "-93.82500", "2007-12-31": "-244.80200", "2006-12-31": "-136.19300", "2005-12-31": "-75.68200"}, "Net Long-Term Debt": {"2020-12-31": "", "2019-12-31": "423.08100", "2018-12-31": "503.13000", "2017-12-31": "25.05200", "2016-12-31": "95.86000", "2015-12-31": "-86.99000", "2014-12-31": "169.18300", "2013-12-31": "206.21300", "2012-12-31": "-7.26200", "2011-12-31": "331.81100", "2010-12-31": "328.32800", "2009-12-31": "0.34400", "2008-12-31": "-82.93200", "2007-12-31": "392.11400", "2006-12-31": "-14.08400", "2005-12-31": "-17.15900"}, "Net Current Debt": {"2020-12-31": "", "2019-12-31": "200.00000", "2018-12-31": "75.00000", "2017-12-31": "", "2016-12-31": "", "2015-12-31": "-140.00000", "2014-12-31": "95.00000", "2013-12-31": "-140.00000", "2012-12-31": "3.00000", "2011-12-31": "23.00000", "2010-12-31": "62.00000", "2009-12-31": "-155.00000", "2008-12-31": "141.00000", "2007-12-31": "-165.00000", "2006-12-31": "51.00000", "2005-12-31": "58.00000"}, "Debt Issuance/Retirement Net - Total": {"2020-12-31": "", "2019-12-31": "623.08110", "2018-12-31": "578.13000", "2017-12-31": "25.05200", "2016-12-31": "95.86000", "2015-12-31": "-226.99000", "2014-12-31": "264.18300", "2013-12-31": "66.21300", "2012-12-31": "-4.26200", "2011-12-31": "354.81100", "2010-12-31": "390.32800", "2009-12-31": "-154.65600", "2008-12-31": "58.06800", "2007-12-31": "227.11400", "2006-12-31": "36.91600", "2005-12-31": "40.84100"}, "Net Common Equity Issued/Repurchased": {"2020-12-31": "", "2019-12-31": "339.86900", "2018-12-31": "114.18100", "2017-12-31": "325.25100", "2016-12-31": "34.45000", "2015-12-31": "394.89000", "2014-12-31": "119.78800", "2013-12-31": "347.55900", "2012-12-31": "670.57000", "2011-12-31": "232.55500", "2010-12-31": "296.51300", "2009-12-31": "188.94700", "2008-12-31": "-14.77700", "2007-12-31": "-2.60200", "2006-12-31": "133.92800", "2005-12-31": "-0.78500"}, "Net Total Equity Issued/Repurchased": {"2020-12-31": "", "2019-12-31": "339.86900", "2018-12-31": "114.18100", "2017-12-31": "125.25100", "2016-12-31": "34.45000", "2015-12-31": "394.89000", "2014-12-31": "119.78800", "2013-12-31": "347.55900", "2012-12-31": "661.48100", "2011-12-31": "232.55500", "2010-12-31": "296.51300", "2009-12-31": "188.94700", "2008-12-31": "-14.77700", "2007-12-31": "-2.60200", "2006-12-31": "133.92800", "2005-12-31": "-0.78500"}, "Total Common And Preferred Stock Dividends Paid": {"2020-12-31": "", "2019-12-31": "-196.25200", "2018-12-31": "-179.41100", "2017-12-31": "-348.10600", "2016-12-31": "-150.69400", "2015-12-31": "-140.08900", "2014-12-31": "-131.71300", "2013-12-31": "-124.76700", "2012-12-31": "-111.55100", "2011-12-31": "-95.20100", "2010-12-31": "-84.42000", "2009-12-31": "-87.00000", "2008-12-31": "-95.26900", "2007-12-31": "-91.78500", "2006-12-31": "-85.96400", "2005-12-31": "-80.82500"}, "Financial Activities - Other": {"2020-12-31": "", "2019-12-31": "-19.63000", "2018-12-31": "-9.79200", "2017-12-31": "26.56200", "2016-12-31": "447.67500", "2015-12-31": "-4.34000", "2014-12-31": "-7.67100", "2013-12-31": "-4.38400", "2012-12-31": "-7.96300", "2011-12-31": "-6.20100", "2010-12-31": "-15.51700", "2009-12-31": "-21.45200", "2008-12-31": "-0.85700", "2007-12-31": "-35.64100", "2006-12-31": "-2.19000", "2005-12-31": "-0.52300"}, "Cash Flow From Financial Activities": {"2020-12-31": "", "2019-12-31": "747.06800", "2018-12-31": "503.10800", "2017-12-31": "-171.24100", "2016-12-31": "427.29100", "2015-12-31": "23.47100", "2014-12-31": "244.58700", "2013-12-31": "284.62100", "2012-12-31": "537.70500", "2011-12-31": "485.96400", "2010-12-31": "586.90400", "2009-12-31": "-74.16100", "2008-12-31": "-52.83500", "2007-12-31": "97.08600", "2006-12-31": "82.69000", "2005-12-31": "-41.29200"}, "Net Cash Flow": {"2020-12-31": "", "2019-12-31": "-94.69000", "2018-12-31": "104.23600", "2017-12-31": "-183.33100", "2016-12-31": "192.92500", "2015-12-31": "-41.76200", "2014-12-31": "-11.59600", "2013-12-31": "18.67700", "2012-12-31": "11.92300", "2011-12-31": "-10.06300", "2010-12-31": "4.95700", "2009-12-31": "0.33000", "2008-12-31": "-2.17900", "2007-12-31": "-0.21600", "2006-12-31": "8.06700", "2005-12-31": "-0.97200"}, "Stock-Based Compensation": {"2020-12-31": "", "2019-12-31": "", "2018-12-31": "", "2017-12-31": "", "2016-12-31": "", "2015-12-31": "", "2014-12-31": "", "2013-12-31": "", "2012-12-31": "", "2011-12-31": "", "2010-12-31": "", "2009-12-31": "", "2008-12-31": "", "2007-12-31": "", "2006-12-31": "", "2005-12-31": ""}, "Common Stock Dividends Paid": {"2020-12-31": "", "2019-12-31": "-196.25200", "2018-12-31": "-179.41100", "2017-12-31": "-340.69700", "2016-12-31": "-137.44400", "2015-12-31": "-126.83900", "2014-12-31": "-118.46300", "2013-12-31": "-111.51700", "2012-12-31": "-97.38600", "2011-12-31": "-80.00500", "2010-12-31": "-69.22400", "2009-12-31": "-71.80400", "2008-12-31": "-80.07300", "2007-12-31": "-76.58900", "2006-12-31": "-70.76800", "2005-12-31": "-66.02100"}}, "cash flow statement, quarterly": {"Net Income/Loss": {"2020-12-31": -123.841, "2020-09-30": 54.071, "2020-06-30": 24.352, "2020-03-31": "45.41800", "2019-12-31": 77.922, "2019-09-30": 48.298, "2019-06-30": 47.215, "2019-03-31": "41.79400", "2018-12-31": 166.89, "2018-09-30": 38.31, "2018-06-30": 31.755, "2018-03-31": "40.97100", "2017-12-31": 32.54, "2017-09-30": 75.488, "2017-06-30": 35.306, "2017-03-31": "37.28100", "2016-12-31": 35.418, "2016-09-30": 56.375, "2016-06-30": 33.892, "2016-03-31": "178.11300", "2015-12-31": 29.308, "2015-09-30": 106.704, "2015-06-30": 58.59, "2015-03-31": "44.00200", "2014-12-31": 31.43, "2014-09-30": 19.303, "2014-06-30": 31.143, "2014-03-31": "101.93200", "2013-12-31": 23.047, "2013-09-30": 9.027, "2013-06-30": 10.103, "2013-03-31": "2.38800", "2012-12-31": 193.63, "2012-09-30": 2.523, "2012-06-30": 2.277, "2012-03-31": "78.67100", "2011-12-31": 44.86, "2011-09-30": 14.29, "2011-06-30": 3.472, "2011-03-31": "4.86700", "2010-12-31": 5.384, "2010-09-30": 3.669, "2010-06-30": 1.956, "2010-03-31": "8.87700", "2009-12-31": 0.671, "2009-09-30": 12.23, "2009-06-30": 13.341, "2009-03-31": "11.77300", "2008-12-31": 8.518, "2008-09-30": 16.631, "2008-06-30": 8.587, "2008-03-31": "13.17500", "2007-12-31": 77.51, "2007-09-30": 11.431, "2007-06-30": 15.496, "2007-03-31": "18.88000", "2006-12-31": 11.585, "2006-09-30": 33.973, "2006-06-30": 20.375, "2006-03-31": "15.93100", "2005-12-31": 0.755, "2005-09-30": 16.472, "2005-06-30": 0.765, "2005-03-31": "15.82700"}, "Total Depreciation And Amortization - Cash Flow": {"2020-12-31": -233.477, "2020-09-30": 72.928, "2020-06-30": 85.897, "2020-03-31": "74.65200", "2019-12-31": 69.628, "2019-09-30": 66.95, "2019-06-30": 69.02, "2019-03-31": "67.57000", "2018-12-31": 67.31, "2018-09-30": 62.591, "2018-06-30": 65.416, "2018-03-31": "59.80400", "2017-12-31": 59.552, "2017-09-30": 61.573, "2017-06-30": 62.075, "2017-03-31": "59.68400", "2016-12-31": 57.701, "2016-09-30": 57.124, "2016-06-30": 54.522, "2016-03-31": "51.26100", "2015-12-31": 51.372, "2015-09-30": 48.174, "2015-06-30": 49.78, "2015-03-31": "50.57100", "2014-12-31": 52.503, "2014-09-30": 50.694, "2014-06-30": 49.511, "2014-03-31": "48.87300", "2013-12-31": 49.682, "2013-09-30": 49.642, "2013-06-30": 48.055, "2013-03-31": "49.54900", "2012-12-31": 45.363, "2012-09-30": 45.749, "2012-06-30": 40.827, "2012-03-31": "38.22900", "2011-12-31": 40.472, "2011-09-30": 38.442, "2011-06-30": 35.218, "2011-03-31": "32.19400", "2010-12-31": 31.29, "2010-09-30": 33.542, "2010-06-30": 25.998, "2010-03-31": "23.18800", "2009-12-31": 25.65, "2009-09-30": 24.526, "2009-06-30": 25.792, "2009-03-31": "23.99200", "2008-12-31": 24.738, "2008-09-30": 21.504, "2008-06-30": 25.114, "2008-03-31": "23.30700", "2007-12-31": 26.455, "2007-09-30": 21.825, "2007-06-30": 21.295, "2007-03-31": "20.10600", "2006-12-31": 20.152, "2006-09-30": 18.554, "2006-06-30": 18.433, "2006-03-31": "17.97300", "2005-12-31": 17.877, "2005-09-30": 16.518, "2005-06-30": 17.283, "2005-03-31": "17.38100"}, "Other Non-Cash Items": {"2020-12-31": 37.685, "2020-09-30": -16.552, "2020-06-30": -7.625, "2020-03-31": "-13.50800", "2019-12-31": -52.679, "2019-09-30": -19.382, "2019-06-30": -23.759, "2019-03-31": "-16.43800", "2018-12-31": -153.84, "2018-09-30": -4.389, "2018-06-30": 0.434, "2018-03-31": "-5.62400", "2017-12-31": -1.9, "2017-09-30": -46.663, "2017-06-30": -7.517, "2017-03-31": "-8.57000", "2016-12-31": -6.773, "2016-09-30": -22.631, "2016-06-30": -8.791, "2016-03-31": "-155.44100", "2015-12-31": -8.445, "2015-09-30": -85.477, "2015-06-30": -40.264, "2015-03-31": "-36.71800", "2014-12-31": -28.068, "2014-09-30": -12.981, "2014-06-30": -22.013, "2014-03-31": "-94.07400", "2013-12-31": -17.576, "2013-09-30": -6.002, "2013-06-30": -6.232, "2013-03-31": "-6.62900", "2012-12-31": -192.183, "2012-09-30": -6.052, "2012-06-30": -5.088, "2012-03-31": "-79.24500", "2011-12-31": -44.317, "2011-09-30": -19.827, "2011-06-30": -8.786, "2011-03-31": "0.02600", "2010-12-31": -14.242, "2010-09-30": -0.857, "2010-06-30": 4.552, "2010-03-31": "0.02600", "2009-12-31": -1.616, "2009-09-30": -2.876, "2009-06-30": -3.757, "2009-03-31": "1.42400", "2008-12-31": 0.914, "2008-09-30": 0.009, "2008-06-30": 2.439, "2008-03-31": "0.45500", "2007-12-31": -62.662, "2007-09-30": 0.254, "2007-06-30": -3.969, "2007-03-31": "-7.65500", "2006-12-31": 1.445, "2006-09-30": -23.006, "2006-06-30": -0.796, "2006-03-31": "-3.84000", "2005-12-31": -9.331, "2005-09-30": -16.908, "2005-06-30": 0.234, "2005-03-31": "-3.38100"}, "Total Non-Cash Items": {"2020-12-31": -195.792, "2020-09-30": 56.376, "2020-06-30": 78.272, "2020-03-31": "61.14400", "2019-12-31": 16.949, "2019-09-30": 47.568, "2019-06-30": 45.261, "2019-03-31": "51.13200", "2018-12-31": -86.53, "2018-09-30": 58.202, "2018-06-30": 65.85, "2018-03-31": "54.18000", "2017-12-31": 57.652, "2017-09-30": 14.91, "2017-06-30": 54.558, "2017-03-31": "51.11400", "2016-12-31": 50.928, "2016-09-30": 34.493, "2016-06-30": 45.731, "2016-03-31": "-104.18000", "2015-12-31": 42.927, "2015-09-30": -37.303, "2015-06-30": 9.516, "2015-03-31": "13.85300", "2014-12-31": 24.435, "2014-09-30": 37.713, "2014-06-30": 27.498, "2014-03-31": "-45.20100", "2013-12-31": 32.106, "2013-09-30": 43.64, "2013-06-30": 41.823, "2013-03-31": "42.92000", "2012-12-31": -146.82, "2012-09-30": 39.697, "2012-06-30": 35.739, "2012-03-31": "-41.01600", "2011-12-31": -3.845, "2011-09-30": 18.615, "2011-06-30": 26.432, "2011-03-31": "32.22000", "2010-12-31": 17.048, "2010-09-30": 32.685, "2010-06-30": 30.55, "2010-03-31": "23.21400", "2009-12-31": 24.034, "2009-09-30": 21.65, "2009-06-30": 22.035, "2009-03-31": "25.41600", "2008-12-31": 25.652, "2008-09-30": 21.513, "2008-06-30": 27.553, "2008-03-31": "23.76200", "2007-12-31": -36.207, "2007-09-30": 22.079, "2007-06-30": 17.326, "2007-03-31": "12.45100", "2006-12-31": 21.597, "2006-09-30": -4.452, "2006-06-30": 17.637, "2006-03-31": "14.13300", "2005-12-31": 8.546, "2005-09-30": -0.39, "2005-06-30": 17.517, "2005-03-31": "14.00000"}, "Change In Accounts Receivable": {"2020-12-31": 0, "2020-09-30": 0, "2020-06-30": 0, "2020-03-31": "", "2019-12-31": 0, "2019-09-30": 0, "2019-06-30": 0, "2019-03-31": "", "2018-12-31": 0, "2018-09-30": 0, "2018-06-30": 0, "2018-03-31": "", "2017-12-31": 0, "2017-09-30": 0, "2017-06-30": 0, "2017-03-31": "", "2016-12-31": 0, "2016-09-30": 0, "2016-06-30": 0, "2016-03-31": "", "2015-12-31": 0, "2015-09-30": 0, "2015-06-30": 0, "2015-03-31": "", "2014-12-31": 0, "2014-09-30": 0, "2014-06-30": 0, "2014-03-31": "", "2013-12-31": 0, "2013-09-30": 0, "2013-06-30": 0, "2013-03-31": "", "2012-12-31": 0, "2012-09-30": 0, "2012-06-30": 0, "2012-03-31": "", "2011-12-31": 0, "2011-09-30": 0, "2011-06-30": 4.34, "2011-03-31": "-4.34000", "2010-12-31": 9.147, "2010-09-30": -4.209, "2010-06-30": -3.221, "2010-03-31": "-1.71700", "2009-12-31": -3.651, "2009-09-30": -1.705, "2009-06-30": -0.42, "2009-03-31": "-1.13500", "2008-12-31": -4.178, "2008-09-30": 1.286, "2008-06-30": -0.454, "2008-03-31": "-1.42800", "2007-12-31": -3.485, "2007-09-30": -2.963, "2007-06-30": 2.094, "2007-03-31": "-2.04600", "2006-12-31": -4.522, "2006-09-30": -1.232, "2006-06-30": 1.502, "2006-03-31": "-3.91500", "2005-12-31": -2.215, "2005-09-30": -1.059, "2005-06-30": -3.275, "2005-03-31": "-3.23000"}, "Change In Inventories": {"2020-12-31": 0, "2020-09-30": 0, "2020-06-30": 0, "2020-03-31": "", "2019-12-31": 0, "2019-09-30": 0, "2019-06-30": 0, "2019-03-31": "", "2018-12-31": 0, "2018-09-30": 0, "2018-06-30": 0, "2018-03-31": "", "2017-12-31": 0, "2017-09-30": 0, "2017-06-30": 0, "2017-03-31": "", "2016-12-31": 0, "2016-09-30": 0, "2016-06-30": 0, "2016-03-31": "", "2015-12-31": 0, "2015-09-30": 0, "2015-06-30": 0, "2015-03-31": "", "2014-12-31": 0, "2014-09-30": 0, "2014-06-30": 0, "2014-03-31": "", "2013-12-31": 0, "2013-09-30": 0, "2013-06-30": 0, "2013-03-31": "", "2012-12-31": 0, "2012-09-30": 0, "2012-06-30": 0, "2012-03-31": "", "2011-12-31": 0, "2011-09-30": 0, "2011-06-30": 0, "2011-03-31": "", "2010-12-31": 0, "2010-09-30": 0, "2010-06-30": 0, "2010-03-31": "", "2009-12-31": 0, "2009-09-30": 0, "2009-06-30": 0, "2009-03-31": "", "2008-12-31": 0, "2008-09-30": 0, "2008-06-30": 0, "2008-03-31": "", "2007-12-31": 0, "2007-09-30": 0, "2007-06-30": 0, "2007-03-31": "", "2006-12-31": 0, "2006-09-30": 0, "2006-06-30": 0, "2006-03-31": "", "2005-12-31": 0, "2005-09-30": 0, "2005-06-30": 0, "2005-03-31": ""}, "Change In Accounts Payable": {"2020-12-31": 0, "2020-09-30": 0, "2020-06-30": 0, "2020-03-31": "", "2019-12-31": 0, "2019-09-30": 0, "2019-06-30": 0, "2019-03-31": "", "2018-12-31": 0, "2018-09-30": 0, "2018-06-30": 0, "2018-03-31": "", "2017-12-31": 0, "2017-09-30": 0, "2017-06-30": 0, "2017-03-31": "", "2016-12-31": 0, "2016-09-30": 0, "2016-06-30": 0, "2016-03-31": "", "2015-12-31": 0, "2015-09-30": 0, "2015-06-30": 0, "2015-03-31": "", "2014-12-31": 0, "2014-09-30": 0, "2014-06-30": 0, "2014-03-31": "", "2013-12-31": 0, "2013-09-30": 0, "2013-06-30": 0, "2013-03-31": "", "2012-12-31": 0, "2012-09-30": 0, "2012-06-30": 0, "2012-03-31": "", "2011-12-31": 0, "2011-09-30": 0, "2011-06-30": 0, "2011-03-31": "", "2010-12-31": 0, "2010-09-30": 0, "2010-06-30": 0, "2010-03-31": "", "2009-12-31": 0, "2009-09-30": 0, "2009-06-30": 0, "2009-03-31": "", "2008-12-31": 0, "2008-09-30": 0, "2008-06-30": 0, "2008-03-31": "", "2007-12-31": 0, "2007-09-30": 0, "2007-06-30": 0, "2007-03-31": "", "2006-12-31": 0, "2006-09-30": 0, "2006-06-30": 0, "2006-03-31": "", "2005-12-31": 0, "2005-09-30": 0, "2005-06-30": 0, "2005-03-31": ""}, "Change In Assets/Liabilities": {"2020-12-31": -44.347, "2020-09-30": 29.511, "2020-06-30": -1.542, "2020-03-31": "16.37800", "2019-12-31": -9.74, "2019-09-30": 39.864, "2019-06-30": -26.606, "2019-03-31": "6.86400", "2018-12-31": 12.468, "2018-09-30": 31.86, "2018-06-30": -2.871, "2018-03-31": "-1.04200", "2017-12-31": -19.722, "2017-09-30": 7.728, "2017-06-30": -7.823, "2017-03-31": "7.98000", "2016-12-31": 6.103, "2016-09-30": 24.108, "2016-06-30": -20.198, "2016-03-31": "4.27100", "2015-12-31": -2.839, "2015-09-30": 16.383, "2015-06-30": -6.257, "2015-03-31": "-2.87600", "2014-12-31": -7.876, "2014-09-30": 33.386, "2014-06-30": 3.14, "2014-03-31": "-11.65000", "2013-12-31": -0.887, "2013-09-30": 26.639, "2013-06-30": -1.421, "2013-03-31": "11.19100", "2012-12-31": -13.413, "2012-09-30": 26.469, "2012-06-30": -8.12, "2012-03-31": "11.08700", "2011-12-31": -16.825, "2011-09-30": 24.696, "2011-06-30": -21.576, "2011-03-31": "11.05000", "2010-12-31": -3.631, "2010-09-30": -1.831, "2010-06-30": 2.086, "2010-03-31": "-0.18000", "2009-12-31": 6.046, "2009-09-30": -3.647, "2009-06-30": 4.207, "2009-03-31": "-5.88000", "2008-12-31": 4.244, "2008-09-30": 2.23, "2008-06-30": 0.611, "2008-03-31": "-1.75100", "2007-12-31": -3.648, "2007-09-30": 2.711, "2007-06-30": 0.533, "2007-03-31": "5.70200", "2006-12-31": 2.174, "2006-09-30": 0.343, "2006-06-30": 4.484, "2006-03-31": "2.94500", "2005-12-31": 0.304, "2005-09-30": 3.624, "2005-06-30": 2.621, "2005-03-31": "-2.42300"}, "Total Change In Assets/Liabilities": {"2020-12-31": -44.347, "2020-09-30": 29.511, "2020-06-30": -1.542, "2020-03-31": "16.37800", "2019-12-31": -9.74, "2019-09-30": 39.864, "2019-06-30": -26.606, "2019-03-31": "6.86400", "2018-12-31": 12.468, "2018-09-30": 31.86, "2018-06-30": -2.871, "2018-03-31": "-1.04200", "2017-12-31": -19.722, "2017-09-30": 7.728, "2017-06-30": -7.823, "2017-03-31": "7.98000", "2016-12-31": 6.103, "2016-09-30": 24.108, "2016-06-30": -20.198, "2016-03-31": "4.27100", "2015-12-31": -2.839, "2015-09-30": 16.383, "2015-06-30": -6.257, "2015-03-31": "-2.87600", "2014-12-31": -7.876, "2014-09-30": 33.386, "2014-06-30": 3.14, "2014-03-31": "-11.65000", "2013-12-31": -0.887, "2013-09-30": 26.639, "2013-06-30": -1.421, "2013-03-31": "11.19100", "2012-12-31": -13.413, "2012-09-30": 26.469, "2012-06-30": -8.12, "2012-03-31": "11.08700", "2011-12-31": -16.825, "2011-09-30": 24.696, "2011-06-30": -17.236, "2011-03-31": "6.71000", "2010-12-31": 2.467, "2010-09-30": 1.186, "2010-06-30": -8.687, "2010-03-31": "1.47800", "2009-12-31": 2.26, "2009-09-30": 3.218, "2009-06-30": -3.579, "2009-03-31": "-8.08400", "2008-12-31": -4.497, "2008-09-30": 13.178, "2008-06-30": -3.53, "2008-03-31": "-5.42700", "2007-12-31": -10.283, "2007-09-30": 8.612, "2007-06-30": 7.12, "2007-03-31": "3.34400", "2006-12-31": -3.075, "2006-09-30": 4.124, "2006-06-30": 4.866, "2006-03-31": "-74.61900", "2005-12-31": 16.688, "2005-09-30": 20.7, "2005-06-30": 10.673, "2005-03-31": "-5.93100"}, "Cash Flow From Operating Activities": {"2020-12-31": -363.98, "2020-09-30": 139.958, "2020-06-30": 101.082, "2020-03-31": "122.94000", "2019-12-31": 85.131, "2019-09-30": 135.73, "2019-06-30": 65.87, "2019-03-31": "99.79000", "2018-12-31": 92.828, "2018-09-30": 128.372, "2018-06-30": 94.734, "2018-03-31": "94.10900", "2017-12-31": 70.47, "2017-09-30": 98.126, "2017-06-30": 82.041, "2017-03-31": "96.37500", "2016-12-31": 92.449, "2016-09-30": 114.976, "2016-06-30": 59.425, "2016-03-31": "78.20400", "2015-12-31": 69.396, "2015-09-30": 85.784, "2015-06-30": 61.849, "2015-03-31": "54.97900", "2014-12-31": 47.989, "2014-09-30": 90.402, "2014-06-30": 61.781, "2014-03-31": "45.08100", "2013-12-31": 54.266, "2013-09-30": 79.306, "2013-06-30": 50.505, "2013-03-31": "56.49900", "2012-12-31": 33.397, "2012-09-30": 68.694, "2012-06-30": 29.891, "2012-03-31": "48.74200", "2011-12-31": 24.191, "2011-09-30": 57.6, "2011-06-30": 12.668, "2011-03-31": "43.79700", "2010-12-31": 24.899, "2010-09-30": 37.54, "2010-06-30": 23.82, "2010-03-31": "33.56800", "2009-12-31": 26.965, "2009-09-30": 37.098, "2009-06-30": 31.797, "2009-03-31": "29.10500", "2008-12-31": 29.039, "2008-09-30": 51.322, "2008-06-30": 32.61, "2008-03-31": "31.51000", "2007-12-31": 30.761, "2007-09-30": 42.122, "2007-06-30": 39.955, "2007-03-31": "34.66200", "2006-12-31": 29.534, "2006-09-30": 33.727, "2006-06-30": 42.875, "2006-03-31": "-44.56600", "2005-12-31": 26.366, "2005-09-30": 36.775, "2005-06-30": 28.954, "2005-03-31": "23.90700"}, "Net Change In Property, Plant, And Equipment": {"2020-12-31": 475.701, "2020-09-30": -101.36, "2020-06-30": -162.929, "2020-03-31": "-211.41200", "2019-12-31": -551.093, "2019-09-30": -260.15, "2019-06-30": -203.504, "2019-03-31": "-213.53200", "2018-12-31": -18.5151, "2018-09-30": -141.054, "2018-06-30": -442.691, "2018-03-31": "-257.75500", "2017-12-31": -172.98, "2017-09-30": 39.696, "2017-06-30": -112.38, "2017-03-31": "-77.53800", "2016-12-31": -496.918, "2016-09-30": -28.333, "2016-06-30": -179.227, "2016-03-31": "139.25600", "2015-12-31": -141.597, "2015-09-30": -57.978, "2015-06-30": 2.363, "2015-03-31": "-139.02700", "2014-12-31": -251.7971, "2014-09-30": -144.1289, "2014-06-30": -176.179, "2014-03-31": "98.05700", "2013-12-31": -226.562, "2013-09-30": -258.352, "2013-06-30": -64.741, "2013-03-31": "-184.63200", "2012-12-31": -166.3999, "2012-09-30": -253.944, "2012-06-30": -182.155, "2012-03-31": "-92.39900", "2011-12-31": -88.861, "2011-09-30": -122.394, "2011-06-30": -363.432, "2011-03-31": "-55.69900", "2010-12-31": -270.925, "2010-09-30": -29.368, "2010-06-30": -378.751, "2010-03-31": "-36.52900", "2009-12-31": -13.989, "2009-09-30": -11.493, "2009-06-30": -8.735, "2009-03-31": "-15.01500", "2008-12-31": -19.206, "2008-09-30": -24.108, "2008-06-30": -24.08, "2008-03-31": "-27.08500", "2007-12-31": -56.132, "2007-09-30": -57.321, "2007-06-30": -68.611, "2007-03-31": "-114.85400", "2006-12-31": -46.766, "2006-09-30": -37.313, "2006-06-30": -39.645, "2006-03-31": "-12.11900", "2005-12-31": -23.303, "2005-09-30": -27.189, "2005-06-30": -45.669, "2005-03-31": "20.89200"}, "Net Change In Intangible Assets": {"2020-12-31": 0, "2020-09-30": 0, "2020-06-30": 0, "2020-03-31": "", "2019-12-31": 0, "2019-09-30": 0, "2019-06-30": 0, "2019-03-31": "", "2018-12-31": 0, "2018-09-30": 0, "2018-06-30": 0, "2018-03-31": "", "2017-12-31": 0, "2017-09-30": 0, "2017-06-30": 0, "2017-03-31": "", "2016-12-31": 0, "2016-09-30": 0, "2016-06-30": 0, "2016-03-31": "", "2015-12-31": 0, "2015-09-30": 0, "2015-06-30": 0, "2015-03-31": "", "2014-12-31": 0, "2014-09-30": 0, "2014-06-30": 0, "2014-03-31": "", "2013-12-31": 0, "2013-09-30": 0, "2013-06-30": 0, "2013-03-31": "", "2012-12-31": 0, "2012-09-30": 0, "2012-06-30": 0, "2012-03-31": "", "2011-12-31": 0, "2011-09-30": 0, "2011-06-30": 0, "2011-03-31": "", "2010-12-31": 0, "2010-09-30": 0, "2010-06-30": 0, "2010-03-31": "", "2009-12-31": 0, "2009-09-30": 0, "2009-06-30": 0, "2009-03-31": "", "2008-12-31": 0, "2008-09-30": 0, "2008-06-30": 0, "2008-03-31": "", "2007-12-31": 0, "2007-09-30": 0, "2007-06-30": 0, "2007-03-31": "", "2006-12-31": 0, "2006-09-30": 0, "2006-06-30": 0, "2006-03-31": "", "2005-12-31": 0, "2005-09-30": 0, "2005-06-30": 0, "2005-03-31": ""}, "Net Acquisitions/Divestitures": {"2020-12-31": 0, "2020-09-30": 0, "2020-06-30": 0, "2020-03-31": "", "2019-12-31": 0, "2019-09-30": 0, "2019-06-30": 0, "2019-03-31": "", "2018-12-31": 0, "2018-09-30": 0, "2018-06-30": 0, "2018-03-31": "", "2017-12-31": 0, "2017-09-30": 0, "2017-06-30": 0, "2017-03-31": "", "2016-12-31": 0, "2016-09-30": 0, "2016-06-30": 0, "2016-03-31": "", "2015-12-31": 0, "2015-09-30": 0, "2015-06-30": 0, "2015-03-31": "", "2014-12-31": 0, "2014-09-30": 0, "2014-06-30": 0, "2014-03-31": "", "2013-12-31": 0, "2013-09-30": 0, "2013-06-30": 0, "2013-03-31": "", "2012-12-31": 0, "2012-09-30": 0, "2012-06-30": 0, "2012-03-31": "", "2011-12-31": 0, "2011-09-30": 0, "2011-06-30": 0, "2011-03-31": "", "2010-12-31": 0.0001, "2010-09-30": 0, "2010-06-30": 0, "2010-03-31": "", "2009-12-31": 0, "2009-09-30": 0, "2009-06-30": 0, "2009-03-31": "", "2008-12-31": 0, "2008-09-30": 0, "2008-06-30": 0, "2008-03-31": "", "2007-12-31": 0, "2007-09-30": 0, "2007-06-30": 0, "2007-03-31": "", "2006-12-31": 0, "2006-09-30": 0, "2006-06-30": 0, "2006-03-31": "", "2005-12-31": 0, "2005-09-30": 0, "2005-06-30": 0, "2005-03-31": ""}, "Net Change In Short-term Investments": {"2020-12-31": 0, "2020-09-30": 0, "2020-06-30": 0, "2020-03-31": "", "2019-12-31": 0, "2019-09-30": 0, "2019-06-30": 0, "2019-03-31": "", "2018-12-31": 0, "2018-09-30": 0, "2018-06-30": 0, "2018-03-31": "", "2017-12-31": 0, "2017-09-30": 0, "2017-06-30": 0, "2017-03-31": "", "2016-12-31": 0, "2016-09-30": 0, "2016-06-30": 0, "2016-03-31": "", "2015-12-31": 0, "2015-09-30": 0, "2015-06-30": 0, "2015-03-31": "", "2014-12-31": 0, "2014-09-30": 0, "2014-06-30": 0, "2014-03-31": "", "2013-12-31": 0, "2013-09-30": 0, "2013-06-30": 0, "2013-03-31": "", "2012-12-31": 0, "2012-09-30": 0, "2012-06-30": 0, "2012-03-31": "", "2011-12-31": 0, "2011-09-30": 0, "2011-06-30": 0, "2011-03-31": "", "2010-12-31": 0, "2010-09-30": 0, "2010-06-30": 0, "2010-03-31": "", "2009-12-31": 0, "2009-09-30": 0, "2009-06-30": 0, "2009-03-31": "", "2008-12-31": 0, "2008-09-30": 0, "2008-06-30": 0, "2008-03-31": "", "2007-12-31": 0, "2007-09-30": 0.259, "2007-06-30": 0, "2007-03-31": "", "2006-12-31": 0, "2006-09-30": 0, "2006-06-30": 0, "2006-03-31": "", "2005-12-31": 0, "2005-09-30": 0, "2005-06-30": 0, "2005-03-31": ""}, "Net Change In Long-Term Investments": {"2020-12-31": 0, "2020-09-30": 0, "2020-06-30": 0, "2020-03-31": "", "2019-12-31": 0, "2019-09-30": 0, "2019-06-30": 0, "2019-03-31": "", "2018-12-31": 0, "2018-09-30": 0, "2018-06-30": 0, "2018-03-31": "", "2017-12-31": 0, "2017-09-30": 0, "2017-06-30": 0, "2017-03-31": "", "2016-12-31": 0, "2016-09-30": 0, "2016-06-30": 0, "2016-03-31": "", "2015-12-31": 0, "2015-09-30": 0, "2015-06-30": 0, "2015-03-31": "", "2014-12-31": 0, "2014-09-30": 0, "2014-06-30": 0, "2014-03-31": "", "2013-12-31": 0, "2013-09-30": 0, "2013-06-30": 0, "2013-03-31": "", "2012-12-31": 0, "2012-09-30": 0, "2012-06-30": 0, "2012-03-31": "", "2011-12-31": 0, "2011-09-30": 0, "2011-06-30": 0, "2011-03-31": "", "2010-12-31": 0, "2010-09-30": 0, "2010-06-30": 0, "2010-03-31": "", "2009-12-31": 0, "2009-09-30": 0, "2009-06-30": 0, "2009-03-31": "", "2008-12-31": 0, "2008-09-30": 0, "2008-06-30": 0, "2008-03-31": "", "2007-12-31": 0, "2007-09-30": 0, "2007-06-30": 0, "2007-03-31": "", "2006-12-31": 0, "2006-09-30": 0, "2006-06-30": 0, "2006-03-31": "", "2005-12-31": 0, "2005-09-30": 0, "2005-06-30": 0, "2005-03-31": ""}, "Net Change In Investments - Total": {"2020-12-31": 0, "2020-09-30": 0, "2020-06-30": 0, "2020-03-31": "", "2019-12-31": 0, "2019-09-30": 0, "2019-06-30": 0, "2019-03-31": "", "2018-12-31": 0, "2018-09-30": 0, "2018-06-30": 0, "2018-03-31": "", "2017-12-31": 0, "2017-09-30": 0, "2017-06-30": 0, "2017-03-31": "", "2016-12-31": 0, "2016-09-30": 0, "2016-06-30": 0, "2016-03-31": "", "2015-12-31": 0, "2015-09-30": 0, "2015-06-30": 0, "2015-03-31": "", "2014-12-31": 0, "2014-09-30": 0, "2014-06-30": 0, "2014-03-31": "", "2013-12-31": 0, "2013-09-30": 0, "2013-06-30": 0, "2013-03-31": "", "2012-12-31": 0, "2012-09-30": 0, "2012-06-30": 0, "2012-03-31": "", "2011-12-31": 0, "2011-09-30": 0, "2011-06-30": 0, "2011-03-31": "", "2010-12-31": 0, "2010-09-30": 0, "2010-06-30": 0, "2010-03-31": "", "2009-12-31": 0, "2009-09-30": 0, "2009-06-30": 0, "2009-03-31": "", "2008-12-31": 0, "2008-09-30": 0, "2008-06-30": 0, "2008-03-31": "", "2007-12-31": 0, "2007-09-30": 0.259, "2007-06-30": 0, "2007-03-31": "", "2006-12-31": 0, "2006-09-30": 0, "2006-06-30": 0, "2006-03-31": "", "2005-12-31": 0, "2005-09-30": 0, "2005-06-30": 0, "2005-03-31": ""}, "Investing Activities - Other": {"2020-12-31": 0, "2020-09-30": 0, "2020-06-30": 0, "2020-03-31": "", "2019-12-31": 49.998, "2019-09-30": -49.998, "2019-06-30": 0, "2019-03-31": "", "2018-12-31": 15, "2018-09-30": 0, "2018-06-30": 26, "2018-03-31": "10.10000", "2017-12-31": -5.41, "2017-09-30": -4.39, "2017-06-30": -17.25, "2017-03-31": "-8.85000", "2016-12-31": -15.1, "2016-09-30": 0, "2016-06-30": 5.987, "2016-03-31": "-5.08500", "2015-12-31": -58.978, "2015-09-30": 6.332, "2015-06-30": -10.074, "2015-03-31": "61.71800", "2014-12-31": -60.681, "2014-09-30": 77.035, "2014-06-30": -42.963, "2014-03-31": "-0.77900", "2013-12-31": 1.706, "2013-09-30": -2.69, "2013-06-30": 0.672, "2013-03-31": "228.07900", "2012-12-31": 1.217, "2012-09-30": 14.213, "2012-06-30": -22.353, "2012-03-31": "-4.68500", "2011-12-31": 7.793, "2011-09-30": 4.698, "2011-06-30": -10.95, "2011-03-31": "-5.43800", "2010-12-31": 3.806, "2010-09-30": 8.821, "2010-06-30": 2.107, "2010-03-31": "-0.93500", "2009-12-31": 0.914, "2009-09-30": -2.308, "2009-06-30": 0.173, "2009-03-31": "-0.02100", "2008-12-31": 0.98, "2008-09-30": -0.713, "2008-06-30": -0.18, "2008-03-31": "0.56700", "2007-12-31": 0.989, "2007-09-30": -0.711, "2007-06-30": 4.26, "2007-03-31": "47.31900", "2006-12-31": 1.434, "2006-09-30": -0.363, "2006-06-30": -1.69, "2006-03-31": "0.26900", "2005-12-31": 1.037, "2005-09-30": -0.929, "2005-06-30": -0.681, "2005-03-31": "0.16000"}, "Cash Flow From Investing Activities": {"2020-12-31": 475.701, "2020-09-30": -101.36, "2020-06-30": -162.929, "2020-03-31": "-211.41200", "2019-12-31": -501.095, "2019-09-30": -310.148, "2019-06-30": -203.504, "2019-03-31": "-213.53200", "2018-12-31": -3.515, "2018-09-30": -141.054, "2018-06-30": -416.691, "2018-03-31": "-247.65500", "2017-12-31": -178.39, "2017-09-30": 35.306, "2017-06-30": -129.63, "2017-03-31": "-86.38800", "2016-12-31": -512.018, "2016-09-30": -28.333, "2016-06-30": -173.24, "2016-03-31": "134.17100", "2015-12-31": -200.575, "2015-09-30": -51.646, "2015-06-30": -7.711, "2015-03-31": "-77.30900", "2014-12-31": -312.478, "2014-09-30": -67.094, "2014-06-30": -219.142, "2014-03-31": "97.27800", "2013-12-31": -224.856, "2013-09-30": -261.042, "2013-06-30": -64.069, "2013-03-31": "43.44700", "2012-12-31": -165.183, "2012-09-30": -239.731, "2012-06-30": -204.508, "2012-03-31": "-97.08400", "2011-12-31": -81.068, "2011-09-30": -117.696, "2011-06-30": -374.382, "2011-03-31": "-61.13700", "2010-12-31": -267.119, "2010-09-30": -20.547, "2010-06-30": -376.644, "2010-03-31": "-37.46400", "2009-12-31": -13.075, "2009-09-30": -13.801, "2009-06-30": -8.562, "2009-03-31": "-15.03600", "2008-12-31": -18.226, "2008-09-30": -24.821, "2008-06-30": -24.26, "2008-03-31": "-26.51800", "2007-12-31": -55.143, "2007-09-30": -57.773, "2007-06-30": -64.351, "2007-03-31": "-67.53500", "2006-12-31": -45.332, "2006-09-30": -37.676, "2006-06-30": -41.335, "2006-03-31": "-11.85000", "2005-12-31": -22.266, "2005-09-30": -28.118, "2005-06-30": -46.35, "2005-03-31": "21.05200"}, "Net Long-Term Debt": {"2020-12-31": -618.463, "2020-09-30": 271.006, "2020-06-30": 348.723, "2020-03-31": "-1.26600", "2019-12-31": -0.465, "2019-09-30": 498.93, "2019-06-30": -0.454, "2019-03-31": "-74.93000", "2018-12-31": 335.8, "2018-09-30": 49.098, "2018-06-30": -0.89, "2018-03-31": "119.12200", "2017-12-31": -30.208, "2017-09-30": -190.527, "2017-06-30": -1.508, "2017-03-31": "247.29500", "2016-12-31": 103.114, "2016-09-30": -2.446, "2016-06-30": -2.431, "2016-03-31": "-2.37700", "2015-12-31": -417.431, "2015-09-30": 395.212, "2015-06-30": -36.299, "2015-03-31": "-28.47200", "2014-12-31": -98.938, "2014-09-30": 272.98, "2014-06-30": -2.445, "2014-03-31": "-2.41400", "2013-12-31": -2.39, "2013-09-30": -4.07, "2013-06-30": -2.31, "2013-03-31": "214.98300", "2012-12-31": -1.684, "2012-09-30": -1.324, "2012-06-30": -152.708, "2012-03-31": "148.45400", "2011-12-31": -122.37, "2011-09-30": 322.584, "2011-06-30": -1.805, "2011-03-31": "133.40200", "2010-12-31": 323.208, "2010-09-30": -62.549, "2010-06-30": 95.229, "2010-03-31": "-27.56000", "2009-12-31": 55.229, "2009-09-30": -39.489, "2009-06-30": -11.942, "2009-03-31": "-3.45400", "2008-12-31": -2.117, "2008-09-30": -74.633, "2008-06-30": -2.472, "2008-03-31": "-3.71000", "2007-12-31": -2.371, "2007-09-30": -2.334, "2007-06-30": 400.787, "2007-03-31": "-3.96800", "2006-12-31": -3.807, "2006-09-30": -2.557, "2006-06-30": -7.72, "2006-03-31": "", "2005-12-31": -14.445, "2005-09-30": -2.69, "2005-06-30": 3.854, "2005-03-31": "-3.87800"}, "Net Current Debt": {"2020-12-31": 245, "2020-09-30": 0, "2020-06-30": -380, "2020-03-31": "135.00000", "2019-12-31": 245, "2019-09-30": -375, "2019-06-30": 190, "2019-03-31": "140.00000", "2018-12-31": -285, "2018-09-30": 35, "2018-06-30": 245, "2018-03-31": "80.00000", "2017-12-31": -60, "2017-09-30": 60, "2017-06-30": 0, "2017-03-31": "", "2016-12-31": 0, "2016-09-30": -220, "2016-06-30": 145, "2016-03-31": "75.00000", "2015-12-31": 0, "2015-09-30": -100, "2015-06-30": -30, "2015-03-31": "-10.00000", "2014-12-31": 140, "2014-09-30": -90, "2014-06-30": 90, "2014-03-31": "-45.00000", "2013-12-31": 45, "2013-09-30": 0, "2013-06-30": 0, "2013-03-31": "-185.00000", "2012-12-31": 158, "2012-09-30": -75, "2012-06-30": 102, "2012-03-31": "-182.00000", "2011-12-31": 182, "2011-09-30": -245, "2011-06-30": 188, "2011-03-31": "-102.00000", "2010-12-31": -46, "2010-09-30": 55, "2010-06-30": 0, "2010-03-31": "53.00000", "2009-12-31": -29, "2009-09-30": 32, "2009-06-30": -181, "2009-03-31": "23.00000", "2008-12-31": 15, "2008-09-30": 78, "2008-06-30": 22, "2008-03-31": "26.00000", "2007-12-31": 59, "2007-09-30": 34, "2007-06-30": -313, "2007-03-31": "55.00000", "2006-12-31": 46, "2006-09-30": 28, "2006-06-30": -110.296, "2006-03-31": "87.29600", "2005-12-31": 26, "2005-09-30": 15, "2005-06-30": 31, "2005-03-31": "-14.00000"}, "Debt Issuance/Retirement Net - Total": {"2020-12-31": -373.463, "2020-09-30": 271.006, "2020-06-30": -31.277, "2020-03-31": "133.73400", "2019-12-31": 244.5351, "2019-09-30": 123.93, "2019-06-30": 189.546, "2019-03-31": "65.07000", "2018-12-31": 50.8, "2018-09-30": 84.098, "2018-06-30": 244.11, "2018-03-31": "199.12200", "2017-12-31": -90.208, "2017-09-30": -130.527, "2017-06-30": -1.508, "2017-03-31": "247.29500", "2016-12-31": 103.114, "2016-09-30": -222.446, "2016-06-30": 142.569, "2016-03-31": "72.62300", "2015-12-31": -417.431, "2015-09-30": 295.212, "2015-06-30": -66.299, "2015-03-31": "-38.47200", "2014-12-31": 41.062, "2014-09-30": 182.98, "2014-06-30": 87.555, "2014-03-31": "-47.41400", "2013-12-31": 42.61, "2013-09-30": -4.07, "2013-06-30": -2.31, "2013-03-31": "29.98300", "2012-12-31": 156.316, "2012-09-30": -76.324, "2012-06-30": -50.708, "2012-03-31": "-33.54600", "2011-12-31": 59.63, "2011-09-30": 77.584, "2011-06-30": 186.195, "2011-03-31": "31.40200", "2010-12-31": 277.208, "2010-09-30": -7.549, "2010-06-30": 95.229, "2010-03-31": "25.44000", "2009-12-31": 26.229, "2009-09-30": -7.489, "2009-06-30": -192.942, "2009-03-31": "19.54600", "2008-12-31": 12.883, "2008-09-30": 3.367, "2008-06-30": 19.528, "2008-03-31": "22.29000", "2007-12-31": 56.629, "2007-09-30": 31.666, "2007-06-30": 87.787, "2007-03-31": "51.03200", "2006-12-31": 42.193, "2006-09-30": 25.443, "2006-06-30": -118.016, "2006-03-31": "87.29600", "2005-12-31": 11.555, "2005-09-30": 12.31, "2005-06-30": 34.854, "2005-03-31": "-17.87800"}, "Net Common Equity Issued/Repurchased": {"2020-12-31": -707.788, "2020-09-30": -3.427, "2020-06-30": -0.78, "2020-03-31": "711.99500", "2019-12-31": -0.469, "2019-09-30": 352.892, "2019-06-30": -0.424, "2019-03-31": "-12.13000", "2018-12-31": -0.051, "2018-09-30": 3.686, "2018-06-30": 124.188, "2018-03-31": "-13.64200", "2017-12-31": 17.374, "2017-09-30": -1.364, "2017-06-30": 2.884, "2017-03-31": "306.35700", "2016-12-31": 39.151, "2016-09-30": 0.245, "2016-06-30": 0.417, "2016-03-31": "-5.36300", "2015-12-31": -0.79, "2015-09-30": 248.854, "2015-06-30": 25.068, "2015-03-31": "121.75800", "2014-12-31": 79.976, "2014-09-30": 6.362, "2014-06-30": 34.946, "2014-03-31": "-1.49600", "2013-12-31": -0.707, "2013-09-30": 307.027, "2013-06-30": 19.053, "2013-03-31": "22.18600", "2012-12-31": 8.806, "2012-09-30": 253.763, "2012-06-30": 26.412, "2012-03-31": "381.58900", "2011-12-31": 11.881, "2011-09-30": -0.004, "2011-06-30": 221.015, "2011-03-31": "-0.33700", "2010-12-31": 0, "2010-09-30": -1.296, "2010-06-30": 299.847, "2010-03-31": "-2.03800", "2009-12-31": 0.006, "2009-09-30": 0.016, "2009-06-30": 191.65, "2009-03-31": "-2.72500", "2008-12-31": -0.028, "2008-09-30": 0, "2008-06-30": -4.114, "2008-03-31": "-10.63500", "2007-12-31": 0, "2007-09-30": 0.029, "2007-06-30": 0, "2007-03-31": "-2.63100", "2006-12-31": 0, "2006-09-30": -0.051, "2006-06-30": 136.87, "2006-03-31": "-2.89100", "2005-12-31": 0, "2005-09-30": 0.596, "2005-06-30": -0.011, "2005-03-31": "-1.37000"}, "Net Total Equity Issued/Repurchased": {"2020-12-31": -707.788, "2020-09-30": -3.427, "2020-06-30": -0.78, "2020-03-31": "711.99500", "2019-12-31": -0.469, "2019-09-30": 352.892, "2019-06-30": -0.424, "2019-03-31": "-12.13000", "2018-12-31": -0.051, "2018-09-30": 3.686, "2018-06-30": 124.188, "2018-03-31": "-13.64200", "2017-12-31": 17.374, "2017-09-30": -101.364, "2017-06-30": 2.884, "2017-03-31": "206.35700", "2016-12-31": 39.151, "2016-09-30": 0.245, "2016-06-30": 0.417, "2016-03-31": "-5.36300", "2015-12-31": -0.79, "2015-09-30": 248.854, "2015-06-30": 25.068, "2015-03-31": "121.75800", "2014-12-31": 79.976, "2014-09-30": 6.362, "2014-06-30": 34.946, "2014-03-31": "-1.49600", "2013-12-31": -0.707, "2013-09-30": 307.027, "2013-06-30": 19.053, "2013-03-31": "22.18600", "2012-12-31": 8.806, "2012-09-30": 275.019, "2012-06-30": -100.69, "2012-03-31": "478.34600", "2011-12-31": 11.881, "2011-09-30": -0.004, "2011-06-30": 221.015, "2011-03-31": "-0.33700", "2010-12-31": 0, "2010-09-30": -1.296, "2010-06-30": 299.847, "2010-03-31": "-2.03800", "2009-12-31": 0.006, "2009-09-30": 0.016, "2009-06-30": 191.65, "2009-03-31": "-2.72500", "2008-12-31": -0.028, "2008-09-30": 0, "2008-06-30": -4.114, "2008-03-31": "-10.63500", "2007-12-31": 0, "2007-09-30": 0.029, "2007-06-30": 0, "2007-03-31": "-2.63100", "2006-12-31": 0, "2006-09-30": -0.051, "2006-06-30": 136.87, "2006-03-31": "-2.89100", "2005-12-31": 0, "2005-09-30": 0.596, "2005-06-30": -0.011, "2005-03-31": "-1.37000"}, "Total Common And Preferred Stock Dividends Paid": {"2020-12-31": 165.986, "2020-09-30": -56.799, "2020-06-30": -56.788, "2020-03-31": "-52.39900", "2019-12-31": -52.44, "2019-09-30": -49.954, "2019-06-30": -46.862, "2019-03-31": "-46.99600", "2018-12-31": -46.772, "2018-09-30": -46.708, "2018-06-30": -42.898, "2018-03-31": "-43.03300", "2017-12-31": -42.704, "2017-09-30": -44.304, "2017-06-30": -39.264, "2017-03-31": "-221.83400", "2016-12-31": -39.214, "2016-09-30": -38.92, "2016-06-30": -36.303, "2016-03-31": "-36.25700", "2015-12-31": -36.241, "2015-09-30": -34.912, "2015-06-30": -34.777, "2015-03-31": "-34.15900", "2014-12-31": -33.235, "2014-09-30": -32.989, "2014-06-30": -32.615, "2014-03-31": "-32.87400", "2013-12-31": -32.677, "2013-09-30": -31.466, "2013-06-30": -30.355, "2013-03-31": "-30.26900", "2012-12-31": -30.182, "2012-09-30": -27.904, "2012-06-30": -28.475, "2012-03-31": "-24.99000", "2011-12-31": -24.862, "2011-09-30": -24.864, "2011-06-30": -22.751, "2011-03-31": "-22.72400", "2010-12-31": -22.724, "2010-09-30": -22.706, "2010-06-30": -19.486, "2010-03-31": "-19.50400", "2009-12-31": -19.502, "2009-09-30": -19.504, "2009-06-30": -23.988, "2009-03-31": "-24.00600", "2008-12-31": -24.007, "2008-09-30": -24.009, "2008-06-30": -24.054, "2008-03-31": "-23.19900", "2007-12-31": -23.195, "2007-09-30": -23.196, "2007-06-30": -23.195, "2007-03-31": "-22.19900", "2006-12-31": -22.197, "2006-09-30": -22.2, "2006-06-30": -21.122, "2006-03-31": "-20.44500", "2005-12-31": -20.447, "2005-09-30": -20.433, "2005-06-30": -20.432, "2005-03-31": "-19.51300"}, "Financial Activities - Other": {"2020-12-31": 14.579, "2020-09-30": -5.381, "2020-06-30": -6.43, "2020-03-31": "-2.76800", "2019-12-31": -3.238, "2019-09-30": -7.245, "2019-06-30": -1.904, "2019-03-31": "-7.24300", "2018-12-31": -8.773, "2018-09-30": 7.306, "2018-06-30": -5.695, "2018-03-31": "-2.63000", "2017-12-31": 46.026, "2017-09-30": -8.872, "2017-06-30": -4.248, "2017-03-31": "-6.34400", "2016-12-31": 258.623, "2016-09-30": 190.012, "2016-06-30": -0.623, "2016-03-31": "-0.33700", "2015-12-31": -0.28, "2015-09-30": -3.494, "2015-06-30": -0.169, "2015-03-31": "-0.39700", "2014-12-31": 0.036, "2014-09-30": -3.801, "2014-06-30": -3.488, "2014-03-31": "-0.41800", "2013-12-31": -0.409, "2013-09-30": -0.428, "2013-06-30": -0.677, "2013-03-31": "-2.87000", "2012-12-31": -2.567, "2012-09-30": -1.752, "2012-06-30": -1.767, "2012-03-31": "-1.87700", "2011-12-31": -0.476, "2011-09-30": -2.551, "2011-06-30": -4.041, "2011-03-31": "0.86700", "2010-12-31": -5.737, "2010-09-30": -6.557, "2010-06-30": -4.074, "2010-03-31": "0.85100", "2009-12-31": -20.005, "2009-09-30": -0.403, "2009-06-30": -0.863, "2009-03-31": "-0.18100", "2008-12-31": -0.163, "2008-09-30": -0.171, "2008-06-30": -0.224, "2008-03-31": "-0.29900", "2007-12-31": -0.975, "2007-09-30": -0.327, "2007-06-30": -34.229, "2007-03-31": "-0.11000", "2006-12-31": 0, "2006-09-30": -0.076, "2006-06-30": -2.084, "2006-03-31": "-0.03000", "2005-12-31": -0.032, "2005-09-30": -0.131, "2005-06-30": -0.349, "2005-03-31": "-0.01100"}, "Cash Flow From Financial Activities": {"2020-12-31": -900.686, "2020-09-30": 205.399, "2020-06-30": -95.275, "2020-03-31": "790.56200", "2019-12-31": 188.388, "2019-09-30": 419.623, "2019-06-30": 140.356, "2019-03-31": "-1.29900", "2018-12-31": -4.796, "2018-09-30": 48.382, "2018-06-30": 319.705, "2018-03-31": "139.81700", "2017-12-31": -69.512, "2017-09-30": -285.067, "2017-06-30": -42.136, "2017-03-31": "225.47400", "2016-12-31": 361.674, "2016-09-30": -71.109, "2016-06-30": 106.06, "2016-03-31": "30.66600", "2015-12-31": -454.742, "2015-09-30": 505.66, "2015-06-30": -76.177, "2015-03-31": "48.73000", "2014-12-31": 87.839, "2014-09-30": 152.552, "2014-06-30": 86.398, "2014-03-31": "-82.20200", "2013-12-31": 8.817, "2013-09-30": 271.063, "2013-06-30": -14.289, "2013-03-31": "19.03000", "2012-12-31": 132.373, "2012-09-30": 169.039, "2012-06-30": -181.64, "2012-03-31": "417.93300", "2011-12-31": 46.173, "2011-09-30": 50.165, "2011-06-30": 380.418, "2011-03-31": "9.20800", "2010-12-31": 248.747, "2010-09-30": -38.108, "2010-06-30": 371.516, "2010-03-31": "4.74900", "2009-12-31": -13.272, "2009-09-30": -27.38, "2009-06-30": -26.143, "2009-03-31": "-7.36600", "2008-12-31": -11.315, "2008-09-30": -20.813, "2008-06-30": -8.864, "2008-03-31": "-11.84300", "2007-12-31": 32.459, "2007-09-30": 8.172, "2007-06-30": 30.363, "2007-03-31": "26.09200", "2006-12-31": 19.996, "2006-09-30": 3.116, "2006-06-30": -4.352, "2006-03-31": "63.93000", "2005-12-31": -8.924, "2005-09-30": -7.658, "2005-06-30": 14.062, "2005-03-31": "-38.77200"}, "Net Cash Flow": {"2020-12-31": -788.965, "2020-09-30": 243.997, "2020-06-30": -157.122, "2020-03-31": "702.09000", "2019-12-31": -227.576, "2019-09-30": 245.205, "2019-06-30": 2.722, "2019-03-31": "-115.04100", "2018-12-31": 84.517, "2018-09-30": 35.7, "2018-06-30": -2.252, "2018-03-31": "-13.72900", "2017-12-31": -177.432, "2017-09-30": -151.635, "2017-06-30": -89.725, "2017-03-31": "235.46100", "2016-12-31": -57.895, "2016-09-30": 15.534, "2016-06-30": -7.755, "2016-03-31": "243.04100", "2015-12-31": -585.921, "2015-09-30": 539.798, "2015-06-30": -22.039, "2015-03-31": "26.40000", "2014-12-31": -176.65, "2014-09-30": 175.86, "2014-06-30": -70.963, "2014-03-31": "60.15700", "2013-12-31": -161.773, "2013-09-30": 89.327, "2013-06-30": -27.853, "2013-03-31": "118.97600", "2012-12-31": 0.587, "2012-09-30": -1.998, "2012-06-30": -356.257, "2012-03-31": "369.59100", "2011-12-31": -10.704, "2011-09-30": -9.931, "2011-06-30": 18.704, "2011-03-31": "-8.13200", "2010-12-31": 6.527, "2010-09-30": -21.115, "2010-06-30": 18.692, "2010-03-31": "0.85300", "2009-12-31": 0.618, "2009-09-30": -4.083, "2009-06-30": -2.908, "2009-03-31": "6.70300", "2008-12-31": -0.502, "2008-09-30": 5.688, "2008-06-30": -0.514, "2008-03-31": "-6.85100", "2007-12-31": 8.077, "2007-09-30": -7.479, "2007-06-30": 5.967, "2007-03-31": "-6.78100", "2006-12-31": 4.198, "2006-09-30": -0.833, "2006-06-30": -2.812, "2006-03-31": "7.51400", "2005-12-31": -4.824, "2005-09-30": 0.999, "2005-06-30": -3.334, "2005-03-31": "6.18700"}, "Stock-Based Compensation": {"2020-12-31": 0, "2020-09-30": 0, "2020-06-30": 0, "2020-03-31": "", "2019-12-31": 0, "2019-09-30": 0, "2019-06-30": 0, "2019-03-31": "", "2018-12-31": 0, "2018-09-30": 0, "2018-06-30": 0, "2018-03-31": "", "2017-12-31": 0, "2017-09-30": 0, "2017-06-30": 0, "2017-03-31": "", "2016-12-31": 0, "2016-09-30": 0, "2016-06-30": 0, "2016-03-31": "", "2015-12-31": 0, "2015-09-30": 0, "2015-06-30": 0, "2015-03-31": "", "2014-12-31": 0, "2014-09-30": 0, "2014-06-30": 0, "2014-03-31": "", "2013-12-31": 0, "2013-09-30": 0, "2013-06-30": 0, "2013-03-31": "", "2012-12-31": 0, "2012-09-30": 0, "2012-06-30": 0, "2012-03-31": "", "2011-12-31": 0, "2011-09-30": 0, "2011-06-30": 0, "2011-03-31": "", "2010-12-31": 0, "2010-09-30": 0, "2010-06-30": 0, "2010-03-31": "", "2009-12-31": 0, "2009-09-30": 0, "2009-06-30": 0, "2009-03-31": "", "2008-12-31": 0, "2008-09-30": 0, "2008-06-30": 0, "2008-03-31": "", "2007-12-31": 0, "2007-09-30": 0, "2007-06-30": 0, "2007-03-31": "", "2006-12-31": 0, "2006-09-30": 0, "2006-06-30": 0, "2006-03-31": "", "2005-12-31": 0, "2005-09-30": 0, "2005-06-30": 0, "2005-03-31": ""}, "Common Stock Dividends Paid": {"2020-12-31": 165.986, "2020-09-30": -56.799, "2020-06-30": -56.788, "2020-03-31": "-52.39900", "2019-12-31": -52.44, "2019-09-30": -49.954, "2019-06-30": -46.862, "2019-03-31": "-46.99600", "2018-12-31": -46.772, "2018-09-30": -46.708, "2018-06-30": -42.898, "2018-03-31": "-43.03300", "2017-12-31": -42.704, "2017-09-30": -42.701, "2017-06-30": -37.649, "2017-03-31": "-217.64300", "2016-12-31": -35.902, "2016-09-30": -35.607, "2016-06-30": -32.991, "2016-03-31": "-32.94400", "2015-12-31": -32.929, "2015-09-30": -31.599, "2015-06-30": -31.465, "2015-03-31": "-30.84600", "2014-12-31": -29.923, "2014-09-30": -29.676, "2014-06-30": -29.303, "2014-03-31": "-29.56100", "2013-12-31": -29.365, "2013-09-30": -28.154, "2013-06-30": -27.042, "2013-03-31": "-26.95600", "2012-12-31": -26.869, "2012-09-30": -24.804, "2012-06-30": -24.522, "2012-03-31": "-21.19100", "2011-12-31": -21.063, "2011-09-30": -21.065, "2011-06-30": -18.952, "2011-03-31": "-18.92500", "2010-12-31": -18.925, "2010-09-30": -18.907, "2010-06-30": -15.687, "2010-03-31": "-15.70500", "2009-12-31": -15.703, "2009-09-30": -15.705, "2009-06-30": -20.189, "2009-03-31": "-20.20700", "2008-12-31": -20.208, "2008-09-30": -20.21, "2008-06-30": -20.255, "2008-03-31": "-19.40000", "2007-12-31": -19.396, "2007-09-30": -19.397, "2007-06-30": -19.396, "2007-03-31": "-18.40000", "2006-12-31": -18.398, "2006-09-30": -18.401, "2006-06-30": -17.322, "2006-03-31": "-16.64700", "2005-12-31": -16.647, "2005-09-30": -16.635, "2005-06-30": -16.633, "2005-03-31": "-16.10600"}}, "financial ratios": {"Current Ratio": {"2019-12-31": "", "2018-12-31": "", "2017-12-31": "", "2016-12-31": "", "2015-12-31": "", "2014-12-31": "", "2013-12-31": "", "2012-12-31": "", "2011-12-31": "", "2010-12-31": "", "2009-12-31": "", "2008-12-31": "", "2007-12-31": "", "2006-12-31": "", "2005-12-31": ""}, "Long-term Debt / Capital": {"2019-12-31": "0.43730", "2018-12-31": "0.41110", "2017-12-31": "0.37210", "2016-12-31": "0.38160", "2015-12-31": "0.40760", "2014-12-31": "0.47550", "2013-12-31": "0.46700", "2012-12-31": "0.47720", "2011-12-31": "0.57840", "2010-12-31": "0.56090", "2009-12-31": "0.52380", "2008-12-31": "0.61510", "2007-12-31": "0.61490", "2006-12-31": "0.56590", "2005-12-31": "0.61860"}, "Debt/Equity Ratio": {"2019-12-31": "0.77730", "2018-12-31": "0.69800", "2017-12-31": "0.59260", "2016-12-31": "0.61720", "2015-12-31": "0.68800", "2014-12-31": "0.90660", "2013-12-31": "0.87630", "2012-12-31": "0.91280", "2011-12-31": "1.37200", "2010-12-31": "1.27740", "2009-12-31": "1.09980", "2008-12-31": "1.59790", "2007-12-31": "1.59670", "2006-12-31": "1.30390", "2005-12-31": "1.62210"}, "Gross Margin": {"2019-12-31": "", "2018-12-31": "", "2017-12-31": "", "2016-12-31": "", "2015-12-31": "", "2014-12-31": "", "2013-12-31": "", "2012-12-31": "", "2011-12-31": "", "2010-12-31": "", "2009-12-31": "", "2008-12-31": "", "2007-12-31": "", "2006-12-31": "", "2005-12-31": ""}, "Operating Margin": {"2019-12-31": "26.54750", "2018-12-31": "24.90010", "2017-12-31": "28.72150", "2016-12-31": "30.16470", "2015-12-31": "29.07010", "2014-12-31": "23.54360", "2013-12-31": "19.50730", "2012-12-31": "19.49840", "2011-12-31": "22.43060", "2010-12-31": "22.84560", "2009-12-31": "25.65750", "2008-12-31": "31.54880", "2007-12-31": "32.46370", "2006-12-31": "37.15100", "2005-12-31": "18.77310"}, "EBIT Margin": {"2019-12-31": "26.54750", "2018-12-31": "24.90010", "2017-12-31": "28.72150", "2016-12-31": "30.16470", "2015-12-31": "29.07010", "2014-12-31": "23.54360", "2013-12-31": "19.50730", "2012-12-31": "19.49840", "2011-12-31": "22.43060", "2010-12-31": "22.84560", "2009-12-31": "25.65750", "2008-12-31": "31.54880", "2007-12-31": "32.46370", "2006-12-31": "37.15100", "2005-12-31": "18.77310"}, "EBITDA Margin": {"2019-12-31": "59.16640", "2018-12-31": "59.03920", "2017-12-31": "62.50230", "2016-12-31": "64.49680", "2015-12-31": "63.45950", "2014-12-31": "62.18100", "2013-12-31": "62.58830", "2012-12-31": "65.08100", "2011-12-31": "69.56810", "2010-12-31": "67.55960", "2009-12-31": "63.40610", "2008-12-31": "64.26400", "2007-12-31": "67.24050", "2006-12-31": "68.24800", "2005-12-31": "49.31520"}, "Pre-Tax Profit Margin": {"2019-12-31": "21.30590", "2018-12-31": "16.48270", "2017-12-31": "19.56310", "2016-12-31": "21.75490", "2015-12-31": "19.18850", "2014-12-31": "10.69970", "2013-12-31": "3.26730", "2012-12-31": "-1.46660", "2011-12-31": "-5.02020", "2010-12-31": "-0.16750", "2009-12-31": "10.58590", "2008-12-31": "15.84530", "2007-12-31": "17.27960", "2006-12-31": "19.88070", "2005-12-31": "2.13970"}, "Net Profit Margin": {"2019-12-31": "23.33780", "2018-12-31": "34.57990", "2017-12-31": "21.03600", "2016-12-31": "43.65860", "2015-12-31": "37.99080", "2014-12-31": "31.67760", "2013-12-31": "6.33130", "2012-12-31": "66.49130", "2011-12-31": "16.37080", "2010-12-31": "1.31810", "2009-12-31": "8.23020", "2008-12-31": "10.30880", "2007-12-31": "39.22970", "2006-12-31": "29.91460", "2005-12-31": "10.70760"}, "Asset Turnover": {"2019-12-31": "0.09410", "2018-12-31": "0.09620", "2017-12-31": "0.10570", "2016-12-31": "0.09580", "2015-12-31": "0.09810", "2014-12-31": "0.09260", "2013-12-31": "0.08940", "2012-12-31": "0.08090", "2011-12-31": "0.09010", "2010-12-31": "0.09050", "2009-12-31": "0.12700", "2008-12-31": "0.13760", "2007-12-31": "0.12470", "2006-12-31": "0.13420", "2005-12-31": "0.13500"}, "Inventory Turnover Ratio": {"2019-12-31": "", "2018-12-31": "", "2017-12-31": "", "2016-12-31": "", "2015-12-31": "", "2014-12-31": "", "2013-12-31": "", "2012-12-31": "", "2011-12-31": "", "2010-12-31": "", "2009-12-31": "", "2008-12-31": "", "2007-12-31": "", "2006-12-31": "", "2005-12-31": ""}, "Receiveable Turnover": {"2019-12-31": "", "2018-12-31": "", "2017-12-31": "", "2016-12-31": "", "2015-12-31": "", "2014-12-31": "", "2013-12-31": "", "2012-12-31": "", "2011-12-31": "", "2010-12-31": "", "2009-12-31": "", "2008-12-31": "", "2007-12-31": "", "2006-12-31": "", "2005-12-31": ""}, "Days Sales In Receivables": {"2019-12-31": "", "2018-12-31": "", "2017-12-31": "", "2016-12-31": "", "2015-12-31": "", "2014-12-31": "", "2013-12-31": "", "2012-12-31": "", "2011-12-31": "", "2010-12-31": "", "2009-12-31": "", "2008-12-31": "", "2007-12-31": "", "2006-12-31": "", "2005-12-31": ""}, "ROE - Return On Equity": {"2019-12-31": "4.70870", "2018-12-31": "6.61530", "2017-12-31": "4.56060", "2016-12-31": "8.51710", "2015-12-31": "7.84320", "2014-12-31": "2.34300", "2013-12-31": "0.64270", "2012-12-31": "-0.26790", "2011-12-31": "-1.29230", "2010-12-31": "-0.04290", "2009-12-31": "3.67750", "2008-12-31": "7.72770", "2007-12-31": "7.79420", "2006-12-31": "7.22220", "2005-12-31": "0.11140"}, "Return On Tangible Equity": {"2019-12-31": "4.70870", "2018-12-31": "6.61530", "2017-12-31": "4.56060", "2016-12-31": "8.08120", "2015-12-31": "7.37660", "2014-12-31": "2.17750", "2013-12-31": "0.59360", "2012-12-31": "-0.24490", "2011-12-31": "-1.17400", "2010-12-31": "-0.03820", "2009-12-31": "3.17160", "2008-12-31": "6.41350", "2007-12-31": "6.42730", "2006-12-31": "5.92000", "2005-12-31": "0.08530"}, "ROA - Return On Assets": {"2019-12-31": "2.41830", "2018-12-31": "3.57890", "2017-12-31": "2.65500", "2016-12-31": "4.52980", "2015-12-31": "4.02610", "2014-12-31": "1.05280", "2013-12-31": "0.29220", "2012-12-31": "-0.11860", "2011-12-31": "-0.45210", "2010-12-31": "-0.01520", "2009-12-31": "1.34490", "2008-12-31": "2.18030", "2007-12-31": "2.15400", "2006-12-31": "2.21850", "2005-12-31": "0.02650"}, "ROI - Return On Investment": {"2019-12-31": "2.64940", "2018-12-31": "3.89590", "2017-12-31": "2.86360", "2016-12-31": "4.99710", "2015-12-31": "4.37000", "2014-12-31": "1.14210", "2013-12-31": "0.31630", "2012-12-31": "-0.12800", "2011-12-31": "-0.49490", "2010-12-31": "-0.01680", "2009-12-31": "1.51050", "2008-12-31": "2.46870", "2007-12-31": "2.47520", "2006-12-31": "2.56960", "2005-12-31": "0.03250"}, "Book Value Per Share": {"2019-12-31": "43.11480", "2018-12-31": "41.70110", "2017-12-31": "40.15730", "2016-12-31": "40.32780", "2015-12-31": "35.05980", "2014-12-31": "31.57820", "2013-12-31": "30.62740", "2012-12-31": "29.84150", "2011-12-31": "22.56860", "2010-12-31": "21.35110", "2009-12-31": "20.48340", "2008-12-31": "21.60690", "2007-12-31": "21.15890", "2006-12-31": "20.81230", "2005-12-31": "17.92370"}, "Operating Cash Flow Per Share": {"2019-12-31": -0.3588, "2018-12-31": 0.5659, "2017-12-31": -0.1944, "2016-12-31": 0.7002, "2015-12-31": 0.1227, "2014-12-31": -0.2241, "2013-12-31": 0.5154, "2012-12-31": 0.1575, "2011-12-31": 0.0167, "2010-12-31": -0.8055, "2009-12-31": -1.2136, "2008-12-31": -0.1112, "2007-12-31": 2.5897, "2006-12-31": -2.0788, "2005-12-31": 4.0403}, "Free Cash Flow Per Share": {"2019-12-31": -3.6275, "2018-12-31": -4.7193, "2017-12-31": 2.608, "2016-12-31": -1.6562, "2015-12-31": 1.9821, "2014-12-31": 3.6906, "2013-12-31": 1, "2012-12-31": 1.2936, "2011-12-31": 3.3591, "2010-12-31": -13.9913, "2009-12-31": 0.4187, "2008-12-31": 6.147, "2007-12-31": -2.2443, "2006-12-31": -3.7848, "2005-12-31": 1.4187}}, "financial ratios, quarterly": {"Current Ratio": {"2020-09-30": "", "2020-06-30": "", "2020-03-31": "", "2019-12-31": "", "2019-09-30": "", "2019-06-30": "", "2019-03-31": "", "2018-12-31": "", "2018-09-30": "", "2018-06-30": "", "2018-03-31": "", "2017-12-31": "", "2017-09-30": "", "2017-06-30": "", "2017-03-31": "", "2016-12-31": "", "2016-09-30": "", "2016-06-30": "", "2016-03-31": "", "2015-12-31": "", "2015-09-30": "", "2015-06-30": "", "2015-03-31": "", "2014-12-31": "", "2014-09-30": "", "2014-06-30": "", "2014-03-31": "", "2013-12-31": "", "2013-09-30": "", "2013-06-30": "", "2013-03-31": "", "2012-12-31": "", "2012-09-30": "", "2012-06-30": "", "2012-03-31": "", "2011-12-31": "", "2011-09-30": "", "2011-06-30": "", "2011-03-31": "", "2010-12-31": "", "2010-09-30": "", "2010-06-30": "", "2010-03-31": "", "2009-12-31": "", "2009-09-30": "", "2009-06-30": "", "2009-03-31": "", "2008-12-31": "", "2008-09-30": "", "2008-06-30": "", "2008-03-31": "", "2007-12-31": "", "2007-09-30": "", "2007-06-30": "", "2007-03-31": "", "2006-12-31": "", "2006-09-30": "", "2006-06-30": "", "2006-03-31": "", "2005-12-31": "", "2005-09-30": "", "2005-06-30": "", "2005-03-31": ""}, "Long-term Debt / Capital": {"2020-09-30": "0.42760", "2020-06-30": "0.41030", "2020-03-31": "0.41130", "2019-12-31": "0.43730", "2019-09-30": "0.42150", "2019-06-30": "0.43230", "2019-03-31": "0.41750", "2018-12-31": "0.41110", "2018-09-30": "0.41360", "2018-06-30": "0.40700", "2018-03-31": "0.39200", "2017-12-31": "0.37210", "2017-09-30": "0.38460", "2017-06-30": "0.39290", "2017-03-31": "0.39280", "2016-12-31": "0.38160", "2016-09-30": "0.37840", "2016-06-30": "0.41590", "2016-03-31": "0.40160", "2015-12-31": "0.40760", "2015-09-30": "0.45080", "2015-06-30": "0.44780", "2015-03-31": "0.45940", "2014-12-31": "0.47550", "2014-09-30": "0.48100", "2014-06-30": "0.46120", "2014-03-31": "0.45490", "2013-12-31": "0.46700", "2013-09-30": "0.46140", "2013-06-30": "0.49180", "2013-03-31": "0.49250", "2012-12-31": "0.47720", "2012-09-30": "0.47180", "2012-06-30": "0.50610", "2012-03-31": "0.50850", "2011-12-31": "0.57840", "2011-09-30": "0.57620", "2011-06-30": "0.56310", "2011-03-31": "0.56990", "2010-12-31": "0.56090", "2010-09-30": "0.50350", "2010-06-30": "0.50070", "2010-03-31": "0.53350", "2009-12-31": "0.52380", "2009-09-30": "0.51940", "2009-06-30": "0.52010", "2009-03-31": "0.62130", "2008-12-31": "0.61510", "2008-09-30": "0.63410", "2008-06-30": "0.63460", "2008-03-31": "0.62530", "2007-12-31": "0.61490", "2007-09-30": "0.62080", "2007-06-30": "0.61120", "2007-03-31": "0.58730", "2006-12-31": "0.56590", "2006-09-30": "0.55120", "2006-06-30": "0.55100", "2006-03-31": "0.63810", "2005-12-31": "0.61860", "2005-09-30": "0.60840", "2005-06-30": "0.60230", "2005-03-31": "0.58480"}, "Debt/Equity Ratio": {"2020-09-30": "0.74710", "2020-06-30": "0.69580", "2020-03-31": "0.69870", "2019-12-31": "0.77730", "2019-09-30": "0.72850", "2019-06-30": "0.76140", "2019-03-31": "0.71660", "2018-12-31": "0.69800", "2018-09-30": "0.70530", "2018-06-30": "0.68650", "2018-03-31": "0.64480", "2017-12-31": "0.59260", "2017-09-30": "0.62510", "2017-06-30": "0.64730", "2017-03-31": "0.64700", "2016-12-31": "0.61720", "2016-09-30": "0.60880", "2016-06-30": "0.71190", "2016-03-31": "0.67110", "2015-12-31": "0.68800", "2015-09-30": "0.82090", "2015-06-30": "0.81110", "2015-03-31": "0.84990", "2014-12-31": "0.90660", "2014-09-30": "0.92690", "2014-06-30": "0.85590", "2014-03-31": "0.83450", "2013-12-31": "0.87630", "2013-09-30": "0.85660", "2013-06-30": "0.96770", "2013-03-31": "0.97050", "2012-12-31": "0.91280", "2012-09-30": "0.89340", "2012-06-30": "1.02460", "2012-03-31": "1.03450", "2011-12-31": "1.37200", "2011-09-30": "1.35950", "2011-06-30": "1.28890", "2011-03-31": "1.32520", "2010-12-31": "1.27740", "2010-09-30": "1.01410", "2010-06-30": "1.00260", "2010-03-31": "1.14390", "2009-12-31": "1.09980", "2009-09-30": "1.08090", "2009-06-30": "1.08360", "2009-03-31": "1.64040", "2008-12-31": "1.59790", "2008-09-30": "1.73280", "2008-06-30": "1.73690", "2008-03-31": "1.66910", "2007-12-31": "1.59670", "2007-09-30": "1.63690", "2007-06-30": "1.57200", "2007-03-31": "1.42300", "2006-12-31": "1.30390", "2006-09-30": "1.22820", "2006-06-30": "1.22730", "2006-03-31": "1.76300", "2005-12-31": "1.62210", "2005-09-30": "1.55370", "2005-06-30": "1.51460", "2005-03-31": "1.40870"}, "Gross Margin": {"2020-09-30": "", "2020-06-30": "", "2020-03-31": "", "2019-12-31": "", "2019-09-30": "", "2019-06-30": "", "2019-03-31": "", "2018-12-31": "", "2018-09-30": "", "2018-06-30": "", "2018-03-31": "", "2017-12-31": "", "2017-09-30": "", "2017-06-30": "", "2017-03-31": "", "2016-12-31": "", "2016-09-30": "", "2016-06-30": "", "2016-03-31": "", "2015-12-31": "", "2015-09-30": "", "2015-06-30": "", "2015-03-31": "", "2014-12-31": "", "2014-09-30": "", "2014-06-30": "", "2014-03-31": "", "2013-12-31": "", "2013-09-30": "", "2013-06-30": "", "2013-03-31": "", "2012-12-31": "", "2012-09-30": "", "2012-06-30": "", "2012-03-31": "", "2011-12-31": "", "2011-09-30": "", "2011-06-30": "", "2011-03-31": "", "2010-12-31": "", "2010-09-30": "", "2010-06-30": "", "2010-03-31": "", "2009-12-31": "", "2009-09-30": "", "2009-06-30": "", "2009-03-31": "", "2008-12-31": "", "2008-09-30": "", "2008-06-30": "", "2008-03-31": "", "2007-12-31": "", "2007-09-30": "", "2007-06-30": "", "2007-03-31": "", "2006-12-31": "", "2006-09-30": "", "2006-06-30": "", "2006-03-31": "", "2005-12-31": "", "2005-09-30": "", "2005-06-30": "", "2005-03-31": ""}, "Operating Margin": {"2020-09-30": "31.39100", "2020-06-30": "17.04380", "2020-03-31": "28.46000", "2019-12-31": "27.60010", "2019-09-30": "27.45480", "2019-06-30": "25.51570", "2019-03-31": "25.45150", "2018-12-31": "20.38540", "2018-09-30": "26.28780", "2018-06-30": "23.35790", "2018-03-31": "29.77490", "2017-12-31": "28.46460", "2017-09-30": "28.87280", "2017-06-30": "28.92670", "2017-03-31": "28.61610", "2016-12-31": "29.28520", "2016-09-30": "31.18600", "2016-06-30": "30.13750", "2016-03-31": "30.03250", "2015-12-31": "28.84080", "2015-09-30": "29.45540", "2015-06-30": "28.39080", "2015-03-31": "29.60800", "2014-12-31": "26.19400", "2014-09-30": "23.08490", "2014-06-30": "21.98890", "2014-03-31": "22.58360", "2013-12-31": "18.67350", "2013-09-30": "18.81100", "2013-06-30": "22.78780", "2013-03-31": "17.59850", "2012-12-31": "15.66640", "2012-09-30": "17.53500", "2012-06-30": "19.87520", "2012-03-31": "24.72380", "2011-12-31": "10.15780", "2011-09-30": "22.54080", "2011-06-30": "25.28680", "2011-03-31": "26.90130", "2010-12-31": "-1.79540", "2010-09-30": "23.75880", "2010-06-30": "27.10170", "2010-03-31": "30.60360", "2009-12-31": "3.80860", "2009-09-30": "28.52220", "2009-06-30": "31.50880", "2009-03-31": "33.11180", "2008-12-31": "29.59760", "2008-09-30": "35.86280", "2008-06-30": "26.57180", "2008-03-31": "33.73210", "2007-12-31": "31.96860", "2007-09-30": "32.42470", "2007-06-30": "31.69350", "2007-03-31": "33.84180", "2006-12-31": "34.97140", "2006-09-30": "36.03840", "2006-06-30": "38.71290", "2006-03-31": "38.60500", "2005-12-31": "-2.29850", "2005-09-30": "17.40790", "2005-06-30": "19.29960", "2005-03-31": "36.34330"}, "EBIT Margin": {"2020-09-30": "31.39100", "2020-06-30": "17.04380", "2020-03-31": "28.46000", "2019-12-31": "27.60010", "2019-09-30": "27.45480", "2019-06-30": "25.51570", "2019-03-31": "25.45150", "2018-12-31": "20.38550", "2018-09-30": "26.28780", "2018-06-30": "23.35790", "2018-03-31": "29.77490", "2017-12-31": "28.46460", "2017-09-30": "28.87280", "2017-06-30": "28.92670", "2017-03-31": "28.61610", "2016-12-31": "29.28520", "2016-09-30": "31.18600", "2016-06-30": "30.13750", "2016-03-31": "30.03250", "2015-12-31": "28.84070", "2015-09-30": "29.45540", "2015-06-30": "28.39080", "2015-03-31": "29.60800", "2014-12-31": "26.19400", "2014-09-30": "23.08490", "2014-06-30": "21.98890", "2014-03-31": "22.58360", "2013-12-31": "18.67350", "2013-09-30": "18.81100", "2013-06-30": "22.78780", "2013-03-31": "17.59850", "2012-12-31": "15.66640", "2012-09-30": "17.53500", "2012-06-30": "19.87520", "2012-03-31": "24.72380", "2011-12-31": "10.15770", "2011-09-30": "22.54080", "2011-06-30": "25.28680", "2011-03-31": "26.90130", "2010-12-31": "-1.79530", "2010-09-30": "23.75880", "2010-06-30": "27.10170", "2010-03-31": "30.60360", "2009-12-31": "3.80860", "2009-09-30": "28.52220", "2009-06-30": "31.50880", "2009-03-31": "33.11180", "2008-12-31": "29.59760", "2008-09-30": "35.86280", "2008-06-30": "26.57180", "2008-03-31": "33.73210", "2007-12-31": "31.96860", "2007-09-30": "32.42470", "2007-06-30": "31.69350", "2007-03-31": "33.84180", "2006-12-31": "34.97140", "2006-09-30": "36.03840", "2006-06-30": "38.71290", "2006-03-31": "38.60500", "2005-12-31": "-2.29850", "2005-09-30": "17.40790", "2005-06-30": "19.29960", "2005-03-31": "36.34330"}, "EBITDA Margin": {"2020-09-30": "", "2020-06-30": "", "2020-03-31": "", "2019-12-31": "", "2019-09-30": "", "2019-06-30": "", "2019-03-31": "", "2018-12-31": "", "2018-09-30": "", "2018-06-30": "", "2018-03-31": "", "2017-12-31": "", "2017-09-30": "", "2017-06-30": "", "2017-03-31": "", "2016-12-31": "", "2016-09-30": "", "2016-06-30": "", "2016-03-31": "", "2015-12-31": "", "2015-09-30": "", "2015-06-30": "", "2015-03-31": "", "2014-12-31": "", "2014-09-30": "", "2014-06-30": "", "2014-03-31": "", "2013-12-31": "", "2013-09-30": "", "2013-06-30": "", "2013-03-31": "", "2012-12-31": "", "2012-09-30": "", "2012-06-30": "", "2012-03-31": "", "2011-12-31": "", "2011-09-30": "", "2011-06-30": "", "2011-03-31": "", "2010-12-31": "", "2010-09-30": "", "2010-06-30": "", "2010-03-31": "", "2009-12-31": "", "2009-09-30": "", "2009-06-30": "", "2009-03-31": "", "2008-12-31": "", "2008-09-30": "", "2008-06-30": "", "2008-03-31": "", "2007-12-31": "", "2007-09-30": "", "2007-06-30": "", "2007-03-31": "", "2006-12-31": "", "2006-09-30": "", "2006-06-30": "", "2006-03-31": "", "2005-12-31": "", "2005-09-30": "", "2005-06-30": "", "2005-03-31": ""}, "Pre-Tax Profit Margin": {"2020-09-30": "23.68270", "2020-06-30": "11.09820", "2020-03-31": "20.52070", "2019-12-31": "18.67100", "2019-09-30": "22.40950", "2019-06-30": "23.54960", "2019-03-31": "20.77220", "2018-12-31": "6.36080", "2018-09-30": "20.53470", "2018-06-30": "16.97480", "2018-03-31": "22.41030", "2017-12-31": "18.32610", "2017-09-30": "20.81650", "2017-06-30": "19.54950", "2017-03-31": "19.53290", "2016-12-31": "21.00150", "2016-09-30": "22.60970", "2016-06-30": "21.34910", "2016-03-31": "22.08590", "2015-12-31": "19.98470", "2015-09-30": "19.90920", "2015-06-30": "18.57520", "2015-03-31": "18.30070", "2014-12-31": "13.69660", "2014-09-30": "10.20590", "2014-06-30": "9.72180", "2014-03-31": "8.78650", "2013-12-31": "3.60120", "2013-09-30": "2.79980", "2013-06-30": "6.31140", "2013-03-31": "0.16760", "2012-12-31": "-6.49460", "2012-09-30": "-2.18920", "2012-06-30": "0.03710", "2012-03-31": "2.34310", "2011-12-31": "-29.34330", "2011-09-30": "-3.92480", "2011-06-30": "1.33610", "2011-03-31": "2.20120", "2010-12-31": "-39.96110", "2010-09-30": "4.18660", "2010-06-30": "2.70110", "2010-03-31": "13.28510", "2009-12-31": "-13.37110", "2009-09-30": "17.85560", "2009-06-30": "15.47220", "2009-03-31": "16.35870", "2008-12-31": "11.28510", "2008-09-30": "21.45010", "2008-06-30": "11.55650", "2008-03-31": "18.60820", "2007-12-31": "12.13520", "2007-09-30": "19.05800", "2007-06-30": "19.30850", "2007-03-31": "19.13140", "2006-12-31": "17.95020", "2006-09-30": "20.11460", "2006-06-30": "21.29950", "2006-03-31": "19.90070", "2005-12-31": "-23.55100", "2005-09-30": "2.14690", "2005-06-30": "3.14130", "2005-03-31": "21.52860"}, "Net Profit Margin": {"2020-09-30": "21.47390", "2020-06-30": "8.94070", "2020-03-31": "17.99000", "2019-12-31": "32.91940", "2019-09-30": "20.34380", "2019-06-30": "21.04520", "2019-03-31": "18.34130", "2018-12-31": "84.22000", "2018-09-30": "18.16720", "2018-06-30": "14.72640", "2018-03-31": "19.82580", "2017-12-31": "16.34930", "2017-09-30": "36.38820", "2017-06-30": "16.51900", "2017-03-31": "14.68370", "2016-12-31": "17.44850", "2016-09-30": "30.04610", "2016-06-30": "18.44400", "2016-03-31": "117.56600", "2015-12-31": "17.17830", "2015-09-30": "71.66640", "2015-06-30": "37.05750", "2015-03-31": "27.29560", "2014-12-31": "18.22810", "2014-09-30": "12.14430", "2014-06-30": "21.40940", "2014-03-31": "78.00060", "2013-12-31": "15.35900", "2013-09-30": "4.91790", "2013-06-30": "5.62910", "2013-03-31": "-0.81380", "2012-12-31": "217.19660", "2012-09-30": "-2.78120", "2012-06-30": "-0.82380", "2012-03-31": "73.09760", "2011-12-31": "76.94840", "2011-09-30": "11.79990", "2011-06-30": "-0.35860", "2011-03-31": "1.23430", "2010-12-31": "1.05250", "2010-09-30": "-0.15890", "2010-06-30": "-2.46220", "2010-03-31": "7.31230", "2009-12-31": "-5.70830", "2009-09-30": "11.84190", "2009-06-30": "12.83180", "2009-03-31": "10.44930", "2008-12-31": "6.26780", "2008-09-30": "15.64340", "2008-06-30": "6.45690", "2008-03-31": "12.40780", "2007-12-31": "90.48680", "2007-09-30": "13.86430", "2007-06-30": "21.05180", "2007-03-31": "26.82270", "2006-12-31": "16.91800", "2006-09-30": "50.38860", "2006-06-30": "28.71090", "2006-03-31": "21.81290", "2005-12-31": "-3.49330", "2005-09-30": "23.73050", "2005-06-30": "-2.71770", "2005-03-31": "22.59570"}, "Asset Turnover": {"2020-09-30": "0.02290", "2020-06-30": "0.02270", "2020-03-31": "0.02270", "2019-12-31": "0.02470", "2019-09-30": "0.02500", "2019-06-30": "0.02480", "2019-03-31": "0.02550", "2018-12-31": "0.02460", "2018-09-30": "0.02470", "2018-06-30": "0.02530", "2018-03-31": "0.02620", "2017-12-31": "0.02610", "2017-09-30": "0.02650", "2017-06-30": "0.02580", "2017-03-31": "0.02560", "2016-12-31": "0.02510", "2016-09-30": "0.02660", "2016-06-30": "0.02540", "2016-03-31": "0.02340", "2015-12-31": "0.02490", "2015-09-30": "0.02230", "2015-06-30": "0.02570", "2015-03-31": "0.02550", "2014-12-31": "0.02520", "2014-09-30": "0.02350", "2014-06-30": "0.02410", "2014-03-31": "0.02420", "2013-12-31": "0.02250", "2013-09-30": "0.02230", "2013-06-30": "0.02470", "2013-03-31": "0.02330", "2012-12-31": "0.01840", "2012-09-30": "0.02350", "2012-06-30": "0.02520", "2012-03-31": "0.02330", "2011-12-31": "0.01500", "2011-09-30": "0.02570", "2011-06-30": "0.02710", "2011-03-31": "0.02950", "2010-12-31": "0.01300", "2010-09-30": "0.03130", "2010-06-30": "0.02830", "2010-03-31": "0.03160", "2009-12-31": "0.02530", "2009-09-30": "0.03290", "2009-06-30": "0.03400", "2009-03-31": "0.03450", "2008-12-31": "0.03430", "2008-09-30": "0.03660", "2008-06-30": "0.03330", "2008-03-31": "0.03390", "2007-12-31": "0.03340", "2007-09-30": "0.03320", "2007-06-30": "0.03230", "2007-03-31": "0.03310", "2006-12-31": "0.03010", "2006-09-30": "0.03560", "2006-06-30": "0.03650", "2006-03-31": "0.03680", "2005-12-31": "0.02820", "2005-09-30": "0.03610", "2005-06-30": "0.03750", "2005-03-31": "0.03760"}, "Inventory Turnover Ratio": {"2020-09-30": "", "2020-06-30": "", "2020-03-31": "", "2019-12-31": "", "2019-09-30": "", "2019-06-30": "", "2019-03-31": "", "2018-12-31": "", "2018-09-30": "", "2018-06-30": "", "2018-03-31": "", "2017-12-31": "", "2017-09-30": "", "2017-06-30": "", "2017-03-31": "", "2016-12-31": "", "2016-09-30": "", "2016-06-30": "", "2016-03-31": "", "2015-12-31": "", "2015-09-30": "", "2015-06-30": "", "2015-03-31": "", "2014-12-31": "", "2014-09-30": "", "2014-06-30": "", "2014-03-31": "", "2013-12-31": "", "2013-09-30": "", "2013-06-30": "", "2013-03-31": "", "2012-12-31": "", "2012-09-30": "", "2012-06-30": "", "2012-03-31": "", "2011-12-31": "", "2011-09-30": "", "2011-06-30": "", "2011-03-31": "", "2010-12-31": "", "2010-09-30": "", "2010-06-30": "", "2010-03-31": "", "2009-12-31": "", "2009-09-30": "", "2009-06-30": "", "2009-03-31": "", "2008-12-31": "", "2008-09-30": "", "2008-06-30": "", "2008-03-31": "", "2007-12-31": "", "2007-09-30": "", "2007-06-30": "", "2007-03-31": "", "2006-12-31": "", "2006-09-30": "", "2006-06-30": "", "2006-03-31": "", "2005-12-31": "", "2005-09-30": "", "2005-06-30": "", "2005-03-31": ""}, "Receiveable Turnover": {"2020-09-30": "", "2020-06-30": "", "2020-03-31": "", "2019-12-31": "", "2019-09-30": "", "2019-06-30": "", "2019-03-31": "", "2018-12-31": "", "2018-09-30": "", "2018-06-30": "", "2018-03-31": "", "2017-12-31": "", "2017-09-30": "", "2017-06-30": "", "2017-03-31": "", "2016-12-31": "", "2016-09-30": "", "2016-06-30": "", "2016-03-31": "", "2015-12-31": "", "2015-09-30": "", "2015-06-30": "", "2015-03-31": "", "2014-12-31": "", "2014-09-30": "", "2014-06-30": "", "2014-03-31": "", "2013-12-31": "", "2013-09-30": "", "2013-06-30": "", "2013-03-31": "", "2012-12-31": "", "2012-09-30": "", "2012-06-30": "", "2012-03-31": "", "2011-12-31": "", "2011-09-30": "", "2011-06-30": "", "2011-03-31": "", "2010-12-31": "", "2010-09-30": "", "2010-06-30": "", "2010-03-31": "", "2009-12-31": "", "2009-09-30": "", "2009-06-30": "", "2009-03-31": "", "2008-12-31": "", "2008-09-30": "", "2008-06-30": "", "2008-03-31": "", "2007-12-31": "", "2007-09-30": "", "2007-06-30": "", "2007-03-31": "", "2006-12-31": "", "2006-09-30": "", "2006-06-30": "", "2006-03-31": "", "2005-12-31": "", "2005-09-30": "", "2005-06-30": "", "2005-03-31": ""}, "Days Sales In Receivables": {"2020-09-30": "", "2020-06-30": "", "2020-03-31": "", "2019-12-31": "", "2019-09-30": "", "2019-06-30": "", "2019-03-31": "", "2018-12-31": "", "2018-09-30": "", "2018-06-30": "", "2018-03-31": "", "2017-12-31": "", "2017-09-30": "", "2017-06-30": "", "2017-03-31": "", "2016-12-31": "", "2016-09-30": "", "2016-06-30": "", "2016-03-31": "", "2015-12-31": "", "2015-09-30": "", "2015-06-30": "", "2015-03-31": "", "2014-12-31": "", "2014-09-30": "", "2014-06-30": "", "2014-03-31": "", "2013-12-31": "", "2013-09-30": "", "2013-06-30": "", "2013-03-31": "", "2012-12-31": "", "2012-09-30": "", "2012-06-30": "", "2012-03-31": "", "2011-12-31": "", "2011-09-30": "", "2011-06-30": "", "2011-03-31": "", "2010-12-31": "", "2010-09-30": "", "2010-06-30": "", "2010-03-31": "", "2009-12-31": "", "2009-09-30": "", "2009-06-30": "", "2009-03-31": "", "2008-12-31": "", "2008-09-30": "", "2008-06-30": "", "2008-03-31": "", "2007-12-31": "", "2007-09-30": "", "2007-06-30": "", "2007-03-31": "", "2006-12-31": "", "2006-09-30": "", "2006-06-30": "", "2006-03-31": "", "2005-12-31": "", "2005-09-30": "", "2005-06-30": "", "2005-03-31": ""}, "ROE - Return On Equity": {"2020-09-30": "1.02950", "2020-06-30": "0.46350", "2020-03-31": "0.86060", "2019-12-31": "1.70480", "2019-09-30": "1.06390", "2019-06-30": "1.12770", "2019-03-31": "0.99910", "2018-12-31": "3.97240", "2018-09-30": "0.94010", "2018-06-30": "0.78140", "2018-03-31": "1.03790", "2017-12-31": "0.82170", "2017-09-30": "1.93760", "2017-06-30": "0.91320", "2017-03-31": "0.96340", "2016-12-31": "0.99300", "2016-09-30": "1.63430", "2016-06-30": "1.04790", "2016-03-31": "5.51040", "2015-12-31": "0.96340", "2015-09-30": "3.50460", "2015-06-30": "2.15350", "2015-03-31": "1.65000", "2014-12-31": "0.76700", "2014-09-30": "0.54230", "2014-06-30": "0.65220", "2014-03-31": "0.45440", "2013-12-31": "0.17790", "2013-09-30": "0.13630", "2013-06-30": "0.36350", "2013-03-31": "0.00910", "2012-12-31": "-0.26960", "2012-09-30": "-0.11590", "2012-06-30": "0.00220", "2012-03-31": "0.13250", "2011-12-31": "-1.26200", "2011-09-30": "-0.28910", "2011-06-30": "0.09990", "2011-03-31": "0.18800", "2010-12-31": "-1.46350", "2010-09-30": "0.32800", "2010-06-30": "0.18980", "2010-03-31": "1.17970", "2009-12-31": "-0.92530", "2009-09-30": "1.58560", "2009-06-30": "1.41590", "2009-03-31": "2.01760", "2008-12-31": "1.47160", "2008-09-30": "3.02660", "2008-06-30": "1.48210", "2008-03-31": "2.26010", "2007-12-31": "2.48080", "2007-09-30": "2.01100", "2007-06-30": "1.91540", "2007-03-31": "1.84970", "2006-12-31": "1.44270", "2006-09-30": "1.89560", "2006-06-30": "2.07310", "2006-03-31": "2.50000", "2005-12-31": "-2.71420", "2005-09-30": "0.04160", "2005-06-30": "0.17650", "2005-03-31": "2.37560"}, "Return On Tangible Equity": {"2020-09-30": "1.02950", "2020-06-30": "0.46350", "2020-03-31": "0.86060", "2019-12-31": "1.70480", "2019-09-30": "1.06390", "2019-06-30": "1.12770", "2019-03-31": "0.99910", "2018-12-31": "3.97240", "2018-09-30": "0.94010", "2018-06-30": "0.78140", "2018-03-31": "1.03790", "2017-12-31": "0.82170", "2017-09-30": "1.93760", "2017-06-30": "0.89100", "2017-03-31": "0.94000", "2016-12-31": "0.94210", "2016-09-30": "1.54800", "2016-06-30": "0.98910", "2016-03-31": "5.20080", "2015-12-31": "0.90610", "2015-09-30": "3.29630", "2015-06-30": "2.01130", "2015-03-31": "1.53900", "2014-12-31": "0.71280", "2014-09-30": "0.50250", "2014-06-30": "0.60430", "2014-03-31": "0.42060", "2013-12-31": "0.16430", "2013-09-30": "0.12590", "2013-06-30": "0.33220", "2013-03-31": "0.00830", "2012-12-31": "-0.24640", "2012-09-30": "-0.10510", "2012-06-30": "0.00210", "2012-03-31": "0.12520", "2011-12-31": "-1.14640", "2011-09-30": "-0.26200", "2011-06-30": "0.09060", "2011-03-31": "0.16730", "2010-12-31": "-1.30430", "2010-09-30": "0.29280", "2010-06-30": "0.16980", "2010-03-31": "1.01560", "2009-12-31": "-0.79800", "2009-09-30": "1.36970", "2009-06-30": "1.22420", "2009-03-31": "1.67180", "2008-12-31": "1.22130", "2008-09-30": "2.47480", "2008-06-30": "1.21050", "2008-03-31": "1.85500", "2007-12-31": "2.04570", "2007-09-30": "1.62980", "2007-06-30": "1.55590", "2007-03-31": "1.50570", "2006-12-31": "1.18260", "2006-09-30": "1.55740", "2006-06-30": "1.69190", "2006-03-31": "1.92350", "2005-12-31": "-2.07870", "2005-09-30": "0.03220", "2005-06-30": "0.13680", "2005-03-31": "1.85640"}, "ROA - Return On Assets": {"2020-09-30": "0.54150", "2020-06-30": "0.25210", "2020-03-31": "0.46650", "2019-12-31": "0.87550", "2019-09-30": "0.56010", "2019-06-30": "0.58330", "2019-03-31": "0.53010", "2018-12-31": "2.14910", "2018-09-30": "0.50660", "2018-06-30": "0.43000", "2018-03-31": "0.58820", "2017-12-31": "0.47830", "2017-09-30": "1.10390", "2017-06-30": "0.50470", "2017-03-31": "0.53310", "2016-12-31": "0.52810", "2016-09-30": "0.89030", "2016-06-30": "0.53810", "2016-03-31": "2.87090", "2015-12-31": "0.49450", "2015-09-30": "1.67950", "2015-06-30": "1.03030", "2015-03-31": "0.76850", "2014-12-31": "0.34470", "2014-09-30": "0.24000", "2014-06-30": "0.30060", "2014-03-31": "0.21260", "2013-12-31": "0.08090", "2013-09-30": "0.06250", "2013-06-30": "0.15570", "2013-03-31": "0.00390", "2012-12-31": "-0.11930", "2012-09-30": "-0.05140", "2012-06-30": "0.00090", "2012-03-31": "0.05470", "2011-12-31": "-0.44150", "2011-09-30": "-0.10070", "2011-06-30": "0.03620", "2011-03-31": "0.06490", "2010-12-31": "-0.51760", "2010-09-30": "0.13090", "2010-06-30": "0.07650", "2010-03-31": "0.42030", "2009-12-31": "-0.33840", "2009-09-30": "0.58830", "2009-06-30": "0.52660", "2009-03-31": "0.56390", "2008-12-31": "0.41520", "2008-09-30": "0.78610", "2008-06-30": "0.38460", "2008-03-31": "0.60330", "2007-12-31": "0.68560", "2007-09-30": "0.53250", "2007-06-30": "0.52280", "2007-03-31": "0.53070", "2006-12-31": "0.44320", "2006-09-30": "0.60310", "2006-06-30": "0.65280", "2006-03-31": "0.60210", "2005-12-31": "-0.64460", "2005-09-30": "0.01050", "2005-06-30": "0.04600", "2005-03-31": "0.65330"}, "ROI - Return On Investment": {"2020-09-30": "0.58930", "2020-06-30": "0.27330", "2020-03-31": "0.50660", "2019-12-31": "0.95920", "2019-09-30": "0.61550", "2019-06-30": "0.64020", "2019-03-31": "0.58200", "2018-12-31": "2.33940", "2018-09-30": "0.55130", "2018-06-30": "0.46330", "2018-03-31": "0.63100", "2017-12-31": "0.51590", "2017-09-30": "1.19230", "2017-06-30": "0.54090", "2017-03-31": "0.57070", "2016-12-31": "0.58260", "2016-09-30": "0.96220", "2016-06-30": "0.57780", "2016-03-31": "3.11220", "2015-12-31": "0.53680", "2015-09-30": "1.81030", "2015-06-30": "1.11050", "2015-03-31": "0.83190", "2014-12-31": "0.37390", "2014-09-30": "0.26080", "2014-06-30": "0.32560", "2014-03-31": "0.22920", "2013-12-31": "0.08750", "2013-09-30": "0.06780", "2013-06-30": "0.16880", "2013-03-31": "0.00420", "2012-12-31": "-0.12880", "2012-09-30": "-0.05550", "2012-06-30": "0.00100", "2012-03-31": "0.06150", "2011-12-31": "-0.48330", "2011-09-30": "-0.11100", "2011-06-30": "0.03960", "2011-03-31": "0.07190", "2010-12-31": "-0.57270", "2010-09-30": "0.14540", "2010-06-30": "0.08480", "2010-03-31": "0.47370", "2009-12-31": "-0.38000", "2009-09-30": "0.65820", "2009-06-30": "0.58750", "2009-03-31": "0.63320", "2008-12-31": "0.47010", "2008-09-30": "0.90560", "2008-06-30": "0.44230", "2008-03-31": "0.69500", "2007-12-31": "0.78780", "2007-09-30": "0.61810", "2007-06-30": "0.60490", "2007-03-31": "0.62140", "2006-12-31": "0.51330", "2006-09-30": "0.69900", "2006-06-30": "0.75960", "2006-03-31": "0.69620", "2005-12-31": "-0.79280", "2005-09-30": "0.01260", "2005-06-30": "0.05440", "2005-03-31": "0.77070"}, "Book Value Per Share": {"2020-09-30": "45.57140", "2020-06-30": "45.61320", "2020-03-31": "45.86430", "2019-12-31": "43.11480", "2019-09-30": "42.82070", "2019-06-30": "41.46600", "2019-03-31": "41.43120", "2018-12-31": "41.70110", "2018-09-30": "40.44710", "2018-06-30": "40.41240", "2018-03-31": "39.93800", "2017-12-31": "40.15730", "2017-09-30": "39.59950", "2017-06-30": "40.28910", "2017-03-31": "40.35760", "2016-12-31": "40.32780", "2016-09-30": "39.46920", "2016-06-30": "37.14310", "2016-03-31": "37.13260", "2015-12-31": "35.05980", "2015-09-30": "35.10150", "2015-06-30": "32.95140", "2015-03-31": "32.47950", "2014-12-31": "31.57820", "2014-09-30": "31.42380", "2014-06-30": "31.63850", "2014-03-31": "31.44820", "2013-12-31": "30.62740", "2013-09-30": "30.73930", "2013-06-30": "29.56480", "2013-03-31": "29.62890", "2012-12-31": "29.84150", "2012-09-30": "27.59900", "2012-06-30": "25.14310", "2012-03-31": "25.31060", "2011-12-31": "22.56860", "2011-09-30": "22.13910", "2011-06-30": "22.29630", "2011-03-31": "21.03290", "2010-12-31": "21.35110", "2010-09-30": "21.65110", "2010-06-30": "22.02970", "2010-03-31": "20.28250", "2009-12-31": "20.48340", "2009-09-30": "20.69340", "2009-06-30": "20.81170", "2009-03-31": "21.46730", "2008-12-31": "21.60690", "2008-09-30": "20.15660", "2008-06-30": "20.31410", "2008-03-31": "20.72510", "2007-12-31": "21.15890", "2007-09-30": "19.61460", "2007-06-30": "19.80460", "2007-03-31": "19.99280", "2006-12-31": "20.81230", "2006-09-30": "21.04160", "2006-06-30": "20.60490", "2006-03-31": "17.69790", "2005-12-31": "17.92370", "2005-09-30": "18.48610", "2005-06-30": "18.69680", "2005-03-31": "19.25120"}, "Operating Cash Flow Per Share": {"2020-09-30": 1.2079, "2020-06-30": 0.7941, "2020-03-31": "1.14480", "2019-12-31": 0.8614, "2019-09-30": 1.2335, "2019-06-30": 0.6434, "2019-03-31": "0.98370", "2018-12-31": 0.9471, "2018-09-30": 1.2481, "2018-06-30": 0.9371, "2018-03-31": "0.94850", "2017-12-31": 0.719, "2017-09-30": 0.9906, "2017-06-30": 0.8221, "2017-03-31": "0.98320", "2016-12-31": 0.9908, "2016-09-30": 1.2358, "2016-06-30": 0.6394, "2016-03-31": "0.84330", "2015-12-31": 0.822, "2015-09-30": 0.8692, "2015-06-30": 0.6891, "2015-03-31": "0.62880", "2014-12-31": 0.5686, "2014-09-30": 1.0547, "2014-06-30": 0.7273, "2014-03-31": "0.53580", "2013-12-31": 0.6836, "2013-09-30": 1.0454, "2013-06-30": 0.6279, "2013-03-31": "0.75360", "2012-12-31": 0.5457, "2012-09-30": 0.8989, "2012-06-30": 0.3847, "2012-03-31": "0.76580", "2011-12-31": 0.5388, "2011-09-30": 0.92, "2011-06-30": 0.1414, "2011-03-31": "0.83740", "2010-12-31": 0.6049, "2010-09-30": 0.675, "2010-06-30": 0.3606, "2010-03-31": "0.78040", "2009-12-31": 0.9439, "2009-09-30": 0.5891, "2009-06-30": 0.8082, "2009-03-31": "0.88520", "2008-12-31": 0.8751, "2008-09-30": 1.5847, "2008-06-30": 1.0097, "2008-03-31": "0.97050", "2007-12-31": 0.9595, "2007-09-30": 1.2948, "2007-06-30": 1.2299, "2007-03-31": "1.06700", "2006-12-31": 0.9704, "2006-09-30": 1.0453, "2006-06-30": 1.451, "2006-03-31": "-1.50520", "2005-12-31": 0.9236, "2005-09-30": 1.2774, "2005-06-30": 1.0069, "2005-03-31": "0.83240"}, "Free Cash Flow Per Share": {"2020-09-30": 0.3351, "2020-06-30": -0.4772, "2020-03-31": "-0.82380", "2019-12-31": -4.5388, "2019-09-30": -1.0977, "2019-06-30": -1.3479, "2019-03-31": "-1.12120", "2018-12-31": 0.7011, "2018-09-30": -0.0709, "2018-06-30": -3.4589, "2018-03-31": "-1.64940", "2017-12-31": -1.0359, "2017-09-30": 1.3935, "2017-06-30": -0.3086, "2017-03-31": "0.19220", "2016-12-31": -4.3502, "2016-09-30": 0.9313, "2016-06-30": -1.2929, "2016-03-31": "2.34500", "2015-12-31": -0.7966, "2015-09-30": 0.3098, "2015-06-30": 0.7375, "2015-03-31": "-0.96130", "2014-12-31": -2.3991, "2014-09-30": -0.6333, "2014-06-30": -1.3615, "2014-03-31": "1.70120", "2013-12-31": -2.1965, "2013-09-30": -2.3487, "2013-06-30": -0.1291, "2013-03-31": "-1.70900", "2012-12-31": -2.0811, "2012-09-30": -2.4356, "2012-06-30": -2.1807, "2012-03-31": "-0.68590", "2011-12-31": -1.5612, "2011-09-30": -0.8288, "2011-06-30": -6.0593, "2011-03-31": "-0.22760", "2010-12-31": -5.3459, "2010-09-30": 0.4255, "2010-06-30": -7.0468, "2010-03-31": "-0.06880", "2009-12-31": 0.4936, "2009-09-30": 0.4287, "2009-06-30": 0.6045, "2009-03-31": "0.42850", "2008-12-31": 0.2962, "2008-09-30": 0.8403, "2008-06-30": 0.2638, "2008-03-31": "0.13630", "2007-12-31": -0.7938, "2007-09-30": -0.466, "2007-06-30": -0.882, "2007-03-31": "-2.46860", "2006-12-31": -0.6014, "2006-09-30": -0.0499, "2006-06-30": 0.1997, "2006-03-31": "-1.91450", "2005-12-31": 0.1089, "2005-09-30": 0.3326, "2005-06-30": -0.5827, "2005-03-31": "1.55990"}}, "revenue": {"Kilroy Realty Annual Revenue (Millions of US $)": {"2020": "$898", "2019": "$837", "2018": "$747", "2017": "$719", "2016": "$643", "2015": "$581", "2014": "$522", "2013": "$457", "2012": "$373", "2011": "$310", "2010": "$255", "2009": "$265", "2008": "$289", "2007": "$258", "2006": "$242", "2005": "$226"}, "Kilroy Realty Quarterly Revenue (Millions of US $)": {"2020-12-31": "$229", "2020-09-30": "$228", "2020-06-30": "$219", "2020-03-31": "$221", "2019-12-31": "$220", "2019-09-30": "$216", "2019-06-30": "$200", "2019-03-31": "$201", "2018-12-31": "$191", "2018-09-30": "$187", "2018-06-30": "$187", "2018-03-31": "$183", "2017-12-31": "$178", "2017-09-30": "$182", "2017-06-30": "$181", "2017-03-31": "$179", "2016-12-31": "$169", "2016-09-30": "$168", "2016-06-30": "$160", "2016-03-31": "$145", "2015-12-31": "$147", "2015-09-30": "$142", "2015-06-30": "$146", "2015-03-31": "$146", "2014-12-31": "$142", "2014-09-30": "$129", "2014-06-30": "$127", "2014-03-31": "$124", "2013-12-31": "$115", "2013-09-30": "$114", "2013-06-30": "$118", "2013-03-31": "$111", "2012-12-31": "$85", "2012-09-30": "$99", "2012-06-30": "$97", "2012-03-31": "$92", "2011-12-31": "$52", "2011-09-30": "$86", "2011-06-30": "$88", "2011-03-31": "$84", "2010-12-31": "$36", "2010-09-30": "$79", "2010-06-30": "$72", "2010-03-31": "$67", "2009-12-31": "$53", "2009-09-30": "$68", "2009-06-30": "$71", "2009-03-31": "$73", "2008-12-31": "$72", "2008-09-30": "$77", "2008-06-30": "$69", "2008-03-31": "$71", "2007-12-31": "$69", "2007-09-30": "$65", "2007-06-30": "$62", "2007-03-31": "$61", "2006-12-31": "$54", "2006-09-30": "$63", "2006-06-30": "$63", "2006-03-31": "$62", "2005-12-31": "$47", "2005-09-30": "$59", "2005-06-30": "$60", "2005-03-31": "$59"}}, "gross-profit": {"Kilroy Realty Annual Gross Profit (Millions of US $)": {"2020": "$638", "2019": "$584", "2018": "$537", "2017": "$516", "2016": "$470", "2015": "$423", "2014": "$373", "2013": "$320", "2012": "$265", "2011": "$218", "2010": "$179", "2009": "$193", "2008": "$217", "2007": "$194", "2006": "$182", "2005": "$173"}, "Kilroy Realty Quarterly Gross Profit (Millions of US $)": {"2020-12-31": "$163", "2020-09-30": "$162", "2020-06-30": "$156", "2020-03-31": "$156", "2019-12-31": "$153", "2019-09-30": "$151", "2019-06-30": "$139", "2019-03-31": "$141", "2018-12-31": "$137", "2018-09-30": "$132", "2018-06-30": "$135", "2018-03-31": "$132", "2017-12-31": "$128", "2017-09-30": "$131", "2017-06-30": "$129", "2017-03-31": "$128", "2016-12-31": "$123", "2016-09-30": "$123", "2016-06-30": "$116", "2016-03-31": "$108", "2015-12-31": "$107", "2015-09-30": "$102", "2015-06-30": "$106", "2015-03-31": "$108", "2014-12-31": "$103", "2014-09-30": "$91", "2014-06-30": "$91", "2014-03-31": "$88", "2013-12-31": "$81", "2013-09-30": "$78", "2013-06-30": "$83", "2013-03-31": "$78", "2012-12-31": "$60", "2012-09-30": "$68", "2012-06-30": "$68", "2012-03-31": "$68", "2011-12-31": "$37", "2011-09-30": "$60", "2011-06-30": "$62", "2011-03-31": "$58", "2010-12-31": "$24", "2010-09-30": "$56", "2010-06-30": "$51", "2010-03-31": "$49", "2009-12-31": "$38", "2009-09-30": "$49", "2009-06-30": "$52", "2009-03-31": "$54", "2008-12-31": "$53", "2008-09-30": "$58", "2008-06-30": "$52", "2008-03-31": "$53", "2007-12-31": "$52", "2007-09-30": "$48", "2007-06-30": "$47", "2007-03-31": "$47", "2006-12-31": "$43", "2006-09-30": "$46", "2006-06-30": "$47", "2006-03-31": "$47", "2005-12-31": "$38", "2005-09-30": "$44", "2005-06-30": "$45", "2005-03-31": "$45"}}, "operating-income": {"Kilroy Realty Annual Operating Income (Millions of US $)": {"2020": "$239", "2019": "$222", "2018": "$186", "2017": "$207", "2016": "$194", "2015": "$169", "2014": "$123", "2013": "$89", "2012": "$73", "2011": "$70", "2010": "$58", "2009": "$68", "2008": "$91", "2007": "$84", "2006": "$90", "2005": "$42"}, "Kilroy Realty Quarterly Operating Income (Millions of US $)": {"2020-12-31": "$67", "2020-09-30": "$72", "2020-06-30": "$37", "2020-03-31": "$63", "2019-12-31": "$61", "2019-09-30": "$59", "2019-06-30": "$51", "2019-03-31": "$51", "2018-12-31": "$39", "2018-09-30": "$49", "2018-06-30": "$44", "2018-03-31": "$54", "2017-12-31": "$51", "2017-09-30": "$52", "2017-06-30": "$52", "2017-03-31": "$51", "2016-12-31": "$49", "2016-09-30": "$53", "2016-06-30": "$48", "2016-03-31": "$44", "2015-12-31": "$43", "2015-09-30": "$42", "2015-06-30": "$42", "2015-03-31": "$43", "2014-12-31": "$37", "2014-09-30": "$30", "2014-06-30": "$28", "2014-03-31": "$28", "2013-12-31": "$21", "2013-09-30": "$21", "2013-06-30": "$27", "2013-03-31": "$20", "2012-12-31": "$13", "2012-09-30": "$17", "2012-06-30": "$19", "2012-03-31": "$23", "2011-12-31": "$5", "2011-09-30": "$19", "2011-06-30": "$22", "2011-03-31": "$23", "2010-12-31": "$-1", "2010-09-30": "$19", "2010-06-30": "$20", "2010-03-31": "$20", "2009-12-31": "$2", "2009-09-30": "$20", "2009-06-30": "$22", "2009-03-31": "$24", "2008-12-31": "$21", "2008-09-30": "$28", "2008-06-30": "$18", "2008-03-31": "$24", "2007-12-31": "$22", "2007-09-30": "$21", "2007-06-30": "$20", "2007-03-31": "$21", "2006-12-31": "$19", "2006-09-30": "$23", "2006-06-30": "$24", "2006-03-31": "$24", "2005-12-31": "$-1", "2005-09-30": "$10", "2005-06-30": "$12", "2005-03-31": "$22"}}, "ebitda": {"Kilroy Realty Annual EBITDA (Millions of US $)": {"2019": "$495", "2018": "$441", "2017": "$449", "2016": "$414", "2015": "$369", "2014": "$324", "2013": "$286", "2012": "$243", "2011": "$216", "2010": "$172", "2009": "$168", "2008": "$186", "2007": "$173", "2006": "$165", "2005": "$112"}, "Kilroy Realty Quarterly EBITDA (Millions of US $)": {"2020-09-30": "$145", "2020-06-30": "$123", "2020-03-31": "$138", "2019-12-31": "$130", "2019-09-30": "$126", "2019-06-30": "$120", "2019-03-31": "$119", "2018-12-31": "$106", "2018-09-30": "$112", "2018-06-30": "$109", "2018-03-31": "$114", "2017-12-31": "$110", "2017-09-30": "$114", "2017-06-30": "$114", "2017-03-31": "$111", "2016-12-31": "$107", "2016-09-30": "$110", "2016-06-30": "$103", "2016-03-31": "$95", "2015-12-31": "$94", "2015-09-30": "$90", "2015-06-30": "$91", "2015-03-31": "$94", "2014-12-31": "$90", "2014-09-30": "$80", "2014-06-30": "$77", "2014-03-31": "$77", "2013-12-31": "$71", "2013-09-30": "$71", "2013-06-30": "$75", "2013-03-31": "$69", "2012-12-31": "$59", "2012-09-30": "$63", "2012-06-30": "$60", "2012-03-31": "$61", "2011-12-31": "$46", "2011-09-30": "$58", "2011-06-30": "$58", "2011-03-31": "$55", "2010-12-31": "$31", "2010-09-30": "$52", "2010-06-30": "$46", "2010-03-31": "$44", "2009-12-31": "$28", "2009-09-30": "$44", "2009-06-30": "$48", "2009-03-31": "$48", "2008-12-31": "$46", "2008-09-30": "$49", "2008-06-30": "$44", "2008-03-31": "$47", "2007-12-31": "$49", "2007-09-30": "$43", "2007-06-30": "$41", "2007-03-31": "$41", "2006-12-31": "$39", "2006-09-30": "$41", "2006-06-30": "$43", "2006-03-31": "$42", "2005-12-31": "$17", "2005-09-30": "$27", "2005-06-30": "$29", "2005-03-31": "$39"}}, "net-income": {"Kilroy Realty Annual Net Income (Millions of US $)": {"2020": "$187", "2019": "$195", "2018": "$258", "2017": "$151", "2016": "$281", "2015": "$221", "2014": "$165", "2013": "$29", "2012": "$248", "2011": "$51", "2010": "$3", "2009": "$22", "2008": "$30", "2007": "$101", "2006": "$72", "2005": "$24"}, "Kilroy Realty Quarterly Net Income (Millions of US $)": {"2020-12-31": "$79", "2020-09-30": "$49", "2020-06-30": "$20", "2020-03-31": "$40", "2019-12-31": "$73", "2019-09-30": "$44", "2019-06-30": "$42", "2019-03-31": "$37", "2018-12-31": "$161", "2018-09-30": "$34", "2018-06-30": "$28", "2018-03-31": "$36", "2017-12-31": "$29", "2017-09-30": "$66", "2017-06-30": "$30", "2017-03-31": "$26", "2016-12-31": "$29", "2016-09-30": "$51", "2016-06-30": "$30", "2016-03-31": "$171", "2015-12-31": "$25", "2015-09-30": "$101", "2015-06-30": "$54", "2015-03-31": "$40", "2014-12-31": "$26", "2014-09-30": "$16", "2014-06-30": "$27", "2014-03-31": "$97", "2013-12-31": "$18", "2013-09-30": "$6", "2013-06-30": "$7", "2013-03-31": "$-1", "2012-12-31": "$184", "2012-09-30": "$-3", "2012-06-30": "$-1", "2012-03-31": "$68", "2011-12-31": "$40", "2011-09-30": "$10", "2011-06-30": "$-0", "2011-03-31": "$1", "2010-12-31": "$0", "2010-09-30": "$-0", "2010-06-30": "$-2", "2010-03-31": "$5", "2009-12-31": "$-3", "2009-09-30": "$8", "2009-06-30": "$9", "2009-03-31": "$8", "2008-12-31": "$5", "2008-09-30": "$12", "2008-06-30": "$4", "2008-03-31": "$9", "2007-12-31": "$63", "2007-09-30": "$9", "2007-06-30": "$13", "2007-03-31": "$16", "2006-12-31": "$9", "2006-09-30": "$32", "2006-06-30": "$18", "2006-03-31": "$14", "2005-12-31": "$-2", "2005-09-30": "$14", "2005-06-30": "$-2", "2005-03-31": "$13"}}, "eps-earnings-per-share-diluted": {"Kilroy Realty Annual EPS": {"2020": "$1.63", "2019": "$1.86", "2018": "$2.55", "2017": "$1.51", "2016": "$2.97", "2015": "$2.42", "2014": "$1.95", "2013": "$0.37", "2012": "$3.56", "2011": "$0.87", "2010": "$0.07", "2009": "$0.53", "2008": "$0.91", "2007": "$3.09", "2006": "$2.30", "2005": "$0.84"}, "Kilroy Realty Quarterly EPS": {"2020-12-31": "$0.67", "2020-09-30": "$0.42", "2020-06-30": "$0.17", "2020-03-31": "$0.37", "2019-12-31": "$0.68", "2019-09-30": "$0.41", "2019-06-30": "$0.41", "2019-03-31": "$0.36", "2018-12-31": "$1.59", "2018-09-30": "$0.33", "2018-06-30": "$0.27", "2018-03-31": "$0.36", "2017-12-31": "$0.28", "2017-09-30": "$0.67", "2017-06-30": "$0.30", "2017-03-31": "$0.26", "2016-12-31": "$0.28", "2016-09-30": "$0.54", "2016-06-30": "$0.31", "2016-03-31": "$1.84", "2015-12-31": "$0.27", "2015-09-30": "$1.09", "2015-06-30": "$0.61", "2015-03-31": "$0.45", "2014-12-31": "$0.31", "2014-09-30": "$0.18", "2014-06-30": "$0.32", "2014-03-31": "$1.14", "2013-12-31": "$0.24", "2013-09-30": "$0.07", "2013-06-30": "$0.08", "2013-03-31": "$-0.02", "2012-12-31": "$2.56", "2012-09-30": "$-0.04", "2012-06-30": "$-0.02", "2012-03-31": "$1.06", "2011-12-31": "$0.70", "2011-09-30": "$0.17", "2011-06-30": "$-0.01", "2011-03-31": "$0.01", "2010-12-31": "$0.01", "2010-09-30": "$-0.01", "2010-06-30": "$-0.04", "2010-03-31": "$0.11", "2009-12-31": "$-0.12", "2009-09-30": "$0.17", "2009-06-30": "$0.25", "2009-03-31": "$0.23", "2008-12-31": "$0.13", "2008-09-30": "$0.37", "2008-06-30": "$0.14", "2008-03-31": "$0.27", "2007-12-31": "$1.90", "2007-09-30": "$0.28", "2007-06-30": "$0.40", "2007-03-31": "$0.51", "2006-12-31": "$0.28", "2006-09-30": "$0.98", "2006-06-30": "$0.58", "2006-03-31": "$0.46", "2005-12-31": "$-0.07", "2005-09-30": "$0.49", "2005-06-30": "$-0.05", "2005-03-31": "$0.47"}}, "shares-outstanding": {"Kilroy Realty Annual Shares Outstanding (Millions of Shares)": {"2020": "114", "2019": "104", "2018": "100", "2017": "99", "2016": "93", "2015": "90", "2014": "85", "2013": "77", "2012": "70", "2011": "57", "2010": "49", "2009": "39", "2008": "33", "2007": "32", "2006": "31", "2005": "29"}, "Kilroy Realty Quarterly Shares Outstanding (Millions of Shares)": {"2020-12-31": "116", "2020-09-30": "116", "2020-06-30": "116", "2020-03-31": "107", "2019-12-31": "104", "2019-09-30": "105", "2019-06-30": "102", "2019-03-31": "101", "2018-12-31": "100", "2018-09-30": "101", "2018-06-30": "100", "2018-03-31": "99", "2017-12-31": "99", "2017-09-30": "99", "2017-06-30": "99", "2017-03-31": "98", "2016-12-31": "93", "2016-09-30": "93", "2016-06-30": "93", "2016-03-31": "93", "2015-12-31": "90", "2015-09-30": "93", "2015-06-30": "89", "2015-03-31": "87", "2014-12-31": "85", "2014-09-30": "85", "2014-06-30": "85", "2014-03-31": "84", "2013-12-31": "77", "2013-09-30": "77", "2013-06-30": "77", "2013-03-31": "75", "2012-12-31": "70", "2012-09-30": "72", "2012-06-30": "68", "2012-03-31": "64", "2011-12-31": "57", "2011-09-30": "60", "2011-06-30": "58", "2011-03-31": "52", "2010-12-31": "49", "2010-09-30": "52", "2010-06-30": "50", "2010-03-31": "43", "2009-12-31": "39", "2009-09-30": "43", "2009-06-30": "36", "2009-03-31": "33", "2008-12-31": "33", "2008-09-30": "32", "2008-06-30": "32", "2008-03-31": "32", "2007-12-31": "32", "2007-09-30": "33", "2007-06-30": "32", "2007-03-31": "32", "2006-12-31": "31", "2006-09-30": "32", "2006-06-30": "31", "2006-03-31": "30", "2005-12-31": "29", "2005-09-30": "29", "2005-06-30": "29", "2005-03-31": "29"}}, "total-assets": {"Kilroy Realty Annual Total Assets (Millions of US $)": {"2019": "$8,900", "2018": "$7,766", "2017": "$6,803", "2016": "$6,707", "2015": "$5,926", "2014": "$5,634", "2013": "$5,111", "2012": "$4,616", "2011": "$3,447", "2010": "$2,817", "2009": "$2,084", "2008": "$2,103", "2007": "$2,069", "2006": "$1,799", "2005": "$1,674"}, "Kilroy Realty Quarterly Total Assets (Millions of US $)": {"2020-09-30": "$9,985", "2020-06-30": "$9,659", "2020-03-31": "$9,735", "2019-12-31": "$8,900", "2019-09-30": "$8,624", "2019-06-30": "$8,095", "2019-03-31": "$7,884", "2018-12-31": "$7,766", "2018-09-30": "$7,562", "2018-06-30": "$7,385", "2018-03-31": "$6,966", "2017-12-31": "$6,803", "2017-09-30": "$6,838", "2017-06-30": "$6,995", "2017-03-31": "$6,994", "2016-12-31": "$6,707", "2016-09-30": "$6,332", "2016-06-30": "$6,298", "2016-03-31": "$6,204", "2015-12-31": "$5,926", "2015-09-30": "$6,353", "2015-06-30": "$5,687", "2015-03-31": "$5,725", "2014-12-31": "$5,634", "2014-09-30": "$5,487", "2014-06-30": "$5,274", "2014-03-31": "$5,115", "2013-12-31": "$5,111", "2013-09-30": "$5,089", "2013-06-30": "$4,776", "2013-03-31": "$4,755", "2012-12-31": "$4,616", "2012-09-30": "$4,216", "2012-06-30": "$3,848", "2012-03-31": "$3,959", "2011-12-31": "$3,447", "2011-09-30": "$3,368", "2011-06-30": "$3,265", "2011-03-31": "$2,842", "2010-12-31": "$2,817", "2010-09-30": "$2,536", "2010-06-30": "$2,557", "2010-03-31": "$2,112", "2009-12-31": "$2,084", "2009-09-30": "$2,079", "2009-06-30": "$2,088", "2009-03-31": "$2,103", "2008-12-31": "$2,103", "2008-09-30": "$2,099", "2008-06-30": "$2,088", "2008-03-31": "$2,086", "2007-12-31": "$2,069", "2007-09-30": "$1,964", "2007-06-30": "$1,928", "2007-03-31": "$1,855", "2006-12-31": "$1,799", "2006-09-30": "$1,760", "2006-06-30": "$1,714", "2006-03-31": "$1,684", "2005-12-31": "$1,674", "2005-09-30": "$1,645", "2005-06-30": "$1,607", "2005-03-31": "$1,581"}}, "cash-on-hand": {"Kilroy Realty Annual Cash on Hand (Millions of US $)": {"2019": "$76", "2018": "$171", "2017": "$67", "2016": "$250", "2015": "$57", "2014": "$99", "2013": "$85", "2012": "$264", "2011": "$5", "2010": "$16", "2009": "$12", "2008": "$10", "2007": "$12", "2006": "$56", "2005": "$5"}, "Kilroy Realty Quarterly Cash on Hand (Millions of US $)": {"2020-09-30": "$865", "2020-06-30": "$621", "2020-03-31": "$778", "2019-12-31": "$76", "2019-09-30": "$304", "2019-06-30": "$59", "2019-03-31": "$56", "2018-12-31": "$171", "2018-09-30": "$87", "2018-06-30": "$51", "2018-03-31": "$53", "2017-12-31": "$67", "2017-09-30": "$244", "2017-06-30": "$396", "2017-03-31": "$486", "2016-12-31": "$250", "2016-09-30": "$308", "2016-06-30": "$292", "2016-03-31": "$300", "2015-12-31": "$57", "2015-09-30": "$576", "2015-06-30": "$36", "2015-03-31": "$58", "2014-12-31": "$99", "2014-09-30": "$218", "2014-06-30": "$118", "2014-03-31": "$129", "2013-12-31": "$85", "2013-09-30": "$215", "2013-06-30": "$127", "2013-03-31": "$155", "2012-12-31": "$264", "2012-09-30": "$22", "2012-06-30": "$18", "2012-03-31": "$418", "2011-12-31": "$5", "2011-09-30": "$41", "2011-06-30": "$27", "2011-03-31": "$9", "2010-12-31": "$16", "2010-09-30": "$12", "2010-06-30": "$33", "2010-03-31": "$11", "2009-12-31": "$12", "2009-09-30": "$12", "2009-06-30": "$14", "2009-03-31": "$17", "2008-12-31": "$10", "2008-09-30": "$12", "2008-06-30": "$5", "2008-03-31": "$5", "2007-12-31": "$12", "2007-09-30": "$5", "2007-06-30": "$12", "2007-03-31": "$5", "2006-12-31": "$56", "2006-09-30": "$53", "2006-06-30": "$9", "2006-03-31": "$12", "2005-12-31": "$5", "2005-09-30": "$10", "2005-06-30": "$8", "2005-03-31": "$11"}}, "long-term-debt": {"Kilroy Realty Annual Long Term Debt (Millions of US $)": {"2019": "$3,553", "2018": "$2,933", "2017": "$2,347", "2016": "$2,320", "2015": "$2,225", "2014": "$2,469", "2013": "$2,205", "2012": "$2,041", "2011": "$1,821", "2010": "$1,428", "2009": "$972", "2008": "$1,142", "2007": "$1,107", "2006": "$879", "2005": "$842"}, "Kilroy Realty Quarterly Long Term Debt (Millions of US $)": {"2020-09-30": "$3,924", "2020-06-30": "$3,655", "2020-03-31": "$3,687", "2019-12-31": "$3,553", "2019-09-30": "$3,307", "2019-06-30": "$3,188", "2019-03-31": "$2,998", "2018-12-31": "$2,933", "2018-09-30": "$2,874", "2018-06-30": "$2,790", "2018-03-31": "$2,545", "2017-12-31": "$2,347", "2017-09-30": "$2,435", "2017-06-30": "$2,565", "2017-03-31": "$2,566", "2016-12-31": "$2,320", "2016-09-30": "$2,217", "2016-06-30": "$2,439", "2016-03-31": "$2,298", "2015-12-31": "$2,225", "2015-09-30": "$2,657", "2015-06-30": "$2,363", "2015-03-31": "$2,430", "2014-12-31": "$2,469", "2014-09-30": "$2,429", "2014-06-30": "$2,245", "2014-03-31": "$2,158", "2013-12-31": "$2,205", "2013-09-30": "$2,162", "2013-06-30": "$2,166", "2013-03-31": "$2,167", "2012-12-31": "$2,041", "2012-09-30": "$1,842", "2012-06-30": "$1,776", "2012-03-31": "$1,790", "2011-12-31": "$1,821", "2011-09-30": "$1,760", "2011-06-30": "$1,680", "2011-03-31": "$1,461", "2010-12-31": "$1,428", "2010-09-30": "$1,149", "2010-06-30": "$1,155", "2010-03-31": "$1,000", "2009-12-31": "$972", "2009-09-30": "$965", "2009-06-30": "$973", "2009-03-31": "$1,164", "2008-12-31": "$1,142", "2008-09-30": "$1,156", "2008-06-30": "$1,152", "2008-03-31": "$1,132", "2007-12-31": "$1,107", "2007-09-30": "$1,050", "2007-06-30": "$1,018", "2007-03-31": "$930", "2006-12-31": "$879", "2006-09-30": "$837", "2006-06-30": "$812", "2006-03-31": "$930", "2005-12-31": "$842", "2005-09-30": "$831", "2005-06-30": "$818", "2005-03-31": "$784"}}, "total-liabilities": {"Kilroy Realty Annual Total Liabilities (Millions of US $)": {"2019": "$4,329", "2018": "$3,564", "2017": "$2,843", "2016": "$2,947", "2015": "$2,692", "2014": "$2,910", "2013": "$2,595", "2012": "$2,380", "2011": "$2,119", "2010": "$1,699", "2009": "$1,200", "2008": "$1,388", "2007": "$1,375", "2006": "$1,125", "2005": "$1,155"}, "Kilroy Realty Quarterly Total Liabilities (Millions of US $)": {"2020-09-30": "$4,733", "2020-06-30": "$4,405", "2020-03-31": "$4,458", "2019-12-31": "$4,329", "2019-09-30": "$4,084", "2019-06-30": "$3,908", "2019-03-31": "$3,701", "2018-12-31": "$3,564", "2018-09-30": "$3,487", "2018-06-30": "$3,321", "2018-03-31": "$3,018", "2017-12-31": "$2,843", "2017-09-30": "$2,942", "2017-06-30": "$3,033", "2017-03-31": "$3,028", "2016-12-31": "$2,947", "2016-09-30": "$2,690", "2016-06-30": "$2,872", "2016-03-31": "$2,779", "2015-12-31": "$2,692", "2015-09-30": "$3,116", "2015-06-30": "$2,774", "2015-03-31": "$2,866", "2014-12-31": "$2,910", "2014-09-30": "$2,867", "2014-06-30": "$2,650", "2014-03-31": "$2,529", "2013-12-31": "$2,595", "2013-09-30": "$2,565", "2013-06-30": "$2,537", "2013-03-31": "$2,523", "2012-12-31": "$2,380", "2012-09-30": "$2,154", "2012-06-30": "$2,114", "2012-03-31": "$2,229", "2011-12-31": "$2,119", "2011-09-30": "$2,073", "2011-06-30": "$1,961", "2011-03-31": "$1,739", "2010-12-31": "$1,699", "2010-09-30": "$1,402", "2010-06-30": "$1,404", "2010-03-31": "$1,238", "2009-12-31": "$1,200", "2009-09-30": "$1,186", "2009-06-30": "$1,190", "2009-03-31": "$1,394", "2008-12-31": "$1,388", "2008-09-30": "$1,433", "2008-06-30": "$1,424", "2008-03-31": "$1,408", "2007-12-31": "$1,375", "2007-09-30": "$1,322", "2007-06-30": "$1,280", "2007-03-31": "$1,201", "2006-12-31": "$1,125", "2006-09-30": "$1,078", "2006-06-30": "$1,053", "2006-03-31": "$1,157", "2005-12-31": "$1,155", "2005-09-30": "$1,110", "2005-06-30": "$1,066", "2005-03-31": "$1,024"}}, "total-share-holder-equity": {"Kilroy Realty Annual Share Holder Equity (Millions of US $)": {"2019": "$4,571", "2018": "$4,201", "2017": "$3,960", "2016": "$3,759", "2015": "$3,235", "2014": "$2,724", "2013": "$2,516", "2012": "$2,236", "2011": "$1,327", "2010": "$1,118", "2009": "$884", "2008": "$715", "2007": "$693", "2006": "$674", "2005": "$519"}, "Kilroy Realty Quarterly Share Holder Equity (Millions of US $)": {"2020-09-30": "$5,252", "2020-06-30": "$5,254", "2020-03-31": "$5,278", "2019-12-31": "$4,571", "2019-09-30": "$4,540", "2019-06-30": "$4,187", "2019-03-31": "$4,183", "2018-12-31": "$4,201", "2018-09-30": "$4,075", "2018-06-30": "$4,064", "2018-03-31": "$3,947", "2017-12-31": "$3,960", "2017-09-30": "$3,896", "2017-06-30": "$3,962", "2017-03-31": "$3,966", "2016-12-31": "$3,759", "2016-09-30": "$3,642", "2016-06-30": "$3,427", "2016-03-31": "$3,425", "2015-12-31": "$3,235", "2015-09-30": "$3,237", "2015-06-30": "$2,913", "2015-03-31": "$2,859", "2014-12-31": "$2,724", "2014-09-30": "$2,620", "2014-06-30": "$2,623", "2014-03-31": "$2,586", "2013-12-31": "$2,516", "2013-09-30": "$2,524", "2013-06-30": "$2,238", "2013-03-31": "$2,233", "2012-12-31": "$2,236", "2012-09-30": "$2,061", "2012-06-30": "$1,733", "2012-03-31": "$1,730", "2011-12-31": "$1,327", "2011-09-30": "$1,294", "2011-06-30": "$1,304", "2011-03-31": "$1,103", "2010-12-31": "$1,118", "2010-09-30": "$1,133", "2010-06-30": "$1,152", "2010-03-31": "$874", "2009-12-31": "$884", "2009-09-30": "$893", "2009-06-30": "$898", "2009-03-31": "$710", "2008-12-31": "$715", "2008-09-30": "$667", "2008-06-30": "$663", "2008-03-31": "$678", "2007-12-31": "$693", "2007-09-30": "$642", "2007-06-30": "$648", "2007-03-31": "$654", "2006-12-31": "$674", "2006-09-30": "$682", "2006-06-30": "$661", "2006-03-31": "$527", "2005-12-31": "$519", "2005-09-30": "$535", "2005-06-30": "$540", "2005-03-31": "$556"}}, "profit-margins": {"current": "20.83%"}, "gross margin": {"2020-12-31": "71.01%", "2020-09-30": "70.61%", "2020-06-30": "70.32%", "2020-03-31": "69.89%", "2019-12-31": "69.77%", "2019-09-30": "70.30%", "2019-06-30": "70.47%", "2019-03-31": "71.15%", "2018-12-31": "71.66%", "2018-09-30": "71.70%", "2018-06-30": "72.05%", "2018-03-31": "71.82%", "2017-12-31": "71.67%", "2017-09-30": "71.87%", "2017-06-30": "72.17%", "2017-03-31": "72.49%", "2016-12-31": "73.21%", "2016-09-30": "73.23%", "2016-06-30": "72.90%", "2016-03-31": "72.93%", "2015-12-31": "72.81%", "2015-09-30": "72.74%", "2015-06-30": "72.47%", "2015-03-31": "72.24%", "2014-12-31": "71.46%", "2014-09-30": "70.91%", "2014-06-30": "70.42%", "2014-03-31": "70.06%", "2013-12-31": "69.87%", "2013-09-30": "69.86%", "2013-06-30": "69.98%", "2013-03-31": "69.90%", "2012-12-31": "70.78%", "2012-09-30": "70.88%", "2012-06-30": "71.25%", "2012-03-31": "71.38%", "2011-12-31": "70.00%", "2011-09-30": "69.39%", "2011-06-30": "69.69%", "2011-03-31": "69.74%", "2010-12-31": "70.87%", "2010-09-30": "71.59%", "2010-06-30": "71.92%", "2010-03-31": "72.59%", "2009-12-31": "72.83%", "2009-09-30": "73.24%", "2009-06-30": "74.06%", "2009-03-31": "74.57%", "2008-12-31": "74.74%", "2008-09-30": "75.17%", "2008-06-30": "74.82%", "2008-03-31": "74.91%", "2007-12-31": "75.49%", "2007-09-30": "76.45%", "2007-06-30": "76.25%", "2007-03-31": "75.93%", "2006-12-31": "75.62%", "2006-09-30": "75.74%", "2006-06-30": "76.19%", "2006-03-31": "76.32%", "2005-12-31": "76.44%"}, "operating margin": {"2020-12-31": "26.64%", "2020-09-30": "26.24%", "2020-06-30": "25.11%", "2020-03-31": "27.30%", "2019-12-31": "26.52%", "2019-09-30": "24.75%", "2019-06-30": "24.39%", "2019-03-31": "23.89%", "2018-12-31": "24.87%", "2018-09-30": "26.94%", "2018-06-30": "27.53%", "2018-03-31": "28.87%", "2017-12-31": "28.61%", "2017-09-30": "28.69%", "2017-06-30": "29.41%", "2017-03-31": "29.73%", "2016-12-31": "30.22%", "2016-09-30": "30.32%", "2016-06-30": "29.80%", "2016-03-31": "29.48%", "2015-12-31": "29.26%", "2015-09-30": "28.47%", "2015-06-30": "27.00%", "2015-03-31": "25.37%", "2014-12-31": "23.56%", "2014-09-30": "21.62%", "2014-06-30": "20.42%", "2014-03-31": "20.59%", "2013-12-31": "19.43%", "2013-09-30": "18.93%", "2013-06-30": "18.64%", "2013-03-31": "17.60%", "2012-12-31": "19.30%", "2012-09-30": "18.82%", "2012-06-30": "20.18%", "2012-03-31": "21.70%", "2011-12-31": "22.26%", "2011-09-30": "21.43%", "2011-06-30": "21.95%", "2011-03-31": "22.51%", "2010-12-31": "22.83%", "2010-09-30": "22.51%", "2010-06-30": "23.85%", "2010-03-31": "24.71%", "2009-12-31": "25.66%", "2009-09-30": "30.63%", "2009-06-30": "32.42%", "2009-03-31": "31.27%", "2008-12-31": "31.49%", "2008-09-30": "32.17%", "2008-06-30": "31.02%", "2008-03-31": "32.58%", "2007-12-31": "32.68%", "2007-09-30": "33.47%", "2007-06-30": "34.58%", "2007-03-31": "36.10%", "2006-12-31": "37.19%", "2006-09-30": "29.79%", "2006-06-30": "24.68%", "2006-03-31": "19.74%", "2005-12-31": "19.11%"}, "ebitda margin": {"2020-09-30": "60.36%", "2020-06-30": "59.02%", "2020-03-31": "59.98%", "2019-12-31": "59.14%", "2019-09-30": "58.29%", "2019-06-30": "58.66%", "2019-03-31": "58.22%", "2018-12-31": "58.96%", "2018-09-30": "60.54%", "2018-06-30": "61.23%", "2018-03-31": "62.43%", "2017-12-31": "62.36%", "2017-09-30": "62.73%", "2017-06-30": "63.41%", "2017-03-31": "63.76%", "2016-12-31": "64.64%", "2016-09-30": "64.84%", "2016-06-30": "64.31%", "2016-03-31": "63.79%", "2015-12-31": "63.51%", "2015-09-30": "63.37%", "2015-06-30": "63.06%", "2015-03-31": "62.68%", "2014-12-31": "62.07%", "2014-09-30": "61.62%", "2014-06-30": "61.67%", "2014-03-31": "62.42%", "2013-12-31": "62.45%", "2013-09-30": "64.02%", "2013-06-30": "64.41%", "2013-03-31": "64.03%", "2012-12-31": "65.15%", "2012-09-30": "67.65%", "2012-06-30": "68.81%", "2012-03-31": "70.13%", "2011-12-31": "70.00%", "2011-09-30": "68.71%", "2011-06-30": "68.29%", "2011-03-31": "67.90%", "2010-12-31": "68.11%", "2010-09-30": "62.73%", "2010-06-30": "62.31%", "2010-03-31": "63.32%", "2009-12-31": "63.40%", "2009-09-30": "65.49%", "2009-06-30": "65.19%", "2009-03-31": "64.26%", "2008-12-31": "64.36%", "2008-09-30": "66.08%", "2008-06-30": "66.79%", "2008-03-31": "67.42%", "2007-12-31": "67.70%", "2007-09-30": "67.77%", "2007-06-30": "67.50%", "2007-03-31": "68.05%", "2006-12-31": "68.18%", "2006-09-30": "60.85%", "2006-06-30": "55.84%", "2006-03-31": "50.44%", "2005-12-31": "49.78%"}, "pre tax profit margin": {"2020-12-31": "19.06%", "2020-09-30": "18.47%", "2020-06-30": "18.04%", "2020-03-31": "21.12%", "2019-12-31": "21.27%", "2019-09-30": "18.44%", "2019-06-30": "17.84%", "2019-03-31": "16.19%", "2018-12-31": "16.44%", "2018-09-30": "19.59%", "2018-06-30": "19.73%", "2018-03-31": "20.30%", "2017-12-31": "19.58%", "2017-09-30": "20.11%", "2017-06-30": "20.52%", "2017-03-31": "21.01%", "2016-12-31": "21.65%", "2016-09-30": "21.45%", "2016-06-30": "20.71%", "2016-03-31": "20.00%", "2015-12-31": "19.10%", "2015-09-30": "17.53%", "2015-06-30": "15.28%", "2015-03-31": "13.05%", "2014-12-31": "10.54%", "2014-09-30": "8.08%", "2014-06-30": "6.25%", "2014-03-31": "5.31%", "2013-12-31": "3.06%", "2013-09-30": "0.93%", "2013-06-30": "-0.24%", "2013-03-31": "-2.04%", "2012-12-31": "-1.61%", "2012-09-30": "-4.41%", "2012-06-30": "-4.89%", "2012-03-31": "-4.72%", "2011-12-31": "-4.84%", "2011-09-30": "-5.10%", "2011-06-30": "-3.14%", "2011-03-31": "-2.95%", "2010-12-31": "-0.39%", "2010-09-30": "2.58%", "2010-06-30": "6.15%", "2010-03-31": "9.65%", "2009-12-31": "10.57%", "2009-09-30": "15.14%", "2009-06-30": "16.38%", "2009-03-31": "15.46%", "2008-12-31": "15.92%", "2008-09-30": "16.08%", "2008-06-30": "14.96%", "2008-03-31": "16.85%", "2007-12-31": "17.12%", "2007-09-30": "19.01%", "2007-06-30": "19.58%", "2007-03-31": "19.92%", "2006-12-31": "19.83%", "2006-09-30": "11.49%", "2006-06-30": "6.49%", "2006-03-31": "1.75%", "2005-12-31": "2.22%"}, "net profit margin": {"2020-12-31": "20.96%", "2020-09-30": "20.50%", "2020-06-30": "20.21%", "2020-03-31": "23.22%", "2019-12-31": "23.42%", "2019-09-30": "35.15%", "2019-06-30": "35.17%", "2019-03-31": "33.94%", "2018-12-31": "34.63%", "2018-09-30": "17.28%", "2018-06-30": "21.78%", "2018-03-31": "22.24%", "2017-12-31": "20.97%", "2017-09-30": "21.24%", "2017-06-30": "19.51%", "2017-03-31": "20.12%", "2016-12-31": "43.77%", "2016-09-30": "44.68%", "2016-06-30": "55.05%", "2016-03-31": "60.52%", "2015-12-31": "37.87%", "2015-09-30": "38.37%", "2015-06-30": "24.16%", "2015-03-31": "20.04%", "2014-12-31": "31.80%", "2014-09-30": "31.92%", "2014-06-30": "30.83%", "2014-03-31": "27.18%", "2013-12-31": "6.55%", "2013-09-30": "45.79%", "2013-06-30": "45.28%", "2013-03-31": "45.66%", "2012-12-31": "66.49%", "2012-09-30": "30.59%", "2012-06-30": "35.78%", "2012-03-31": "37.11%", "2011-12-31": "16.45%", "2011-09-30": "3.74%", "2011-06-30": "0.35%", "2011-03-31": "-0.37%", "2010-12-31": "1.18%", "2010-09-30": "0.00%", "2010-06-30": "3.08%", "2010-03-31": "7.34%", "2009-12-31": "8.30%", "2009-09-30": "10.56%", "2009-06-30": "11.60%", "2009-03-31": "9.97%", "2008-12-31": "10.38%", "2008-09-30": "30.77%", "2008-06-30": "31.02%", "2008-03-31": "35.21%", "2007-12-31": "39.30%", "2007-09-30": "19.42%", "2007-06-30": "29.17%", "2007-03-31": "31.12%", "2006-12-31": "30.17%", "2006-09-30": "26.38%", "2006-06-30": "19.05%", "2006-03-31": "10.53%", "2005-12-31": "10.22%"}, "pe ratio": {"current": "15.88", "2021-02-05": "61.55", "2020-12-31": "59.79", "2020-09-30": "31.60", "2020-06-30": "35.57", "2020-03-31": "33.35", "2019-12-31": "43.82", "2019-09-30": "27.11", "2019-06-30": "26.30", "2019-03-31": "28.36", "2018-12-31": "23.34", "2018-09-30": "54.11", "2018-06-30": "44.52", "2018-03-31": "40.74", "2017-12-31": "45.43", "2017-09-30": "42.75", "2017-06-30": "49.10", "2017-03-31": "46.50", "2016-12-31": "22.07", "2016-09-30": "20.39", "2016-06-30": "16.35", "2016-03-31": "13.98", "2015-12-31": "22.38", "2015-09-30": "22.45", "2015-06-30": "36.44", "2015-03-31": "50.51", "2014-12-31": "29.54", "2014-09-30": "26.51", "2014-06-30": "29.34", "2014-03-31": "31.78", "2013-12-31": "114.25", "2013-09-30": "15.76", "2013-06-30": "17.35", "2013-03-31": "17.75", "2012-12-31": "10.95", "2012-09-30": "21.10", "2012-06-30": "20.12", "2012-03-31": "19.13", "2011-12-31": "34.66", "2011-09-30": "126.30", "2011-06-30": "2994.22", "2011-03-31": "0.00", "2010-12-31": "339.44", "2010-09-30": "0.00", "2010-06-30": "120.53", "2010-03-31": "47.35", "2009-12-31": "37.09", "2009-09-30": "23.02", "2009-06-30": "13.50", "2009-03-31": "12.02", "2008-12-31": "21.11", "2008-09-30": "10.79", "2008-06-30": "10.95", "2008-03-31": "10.42", "2007-12-31": "10.77", "2007-09-30": "25.61", "2007-06-30": "20.08", "2007-03-31": "19.16", "2006-12-31": "20.55"}, "price sales": {"2021-02-05": "7.47", "2020-12-31": "7.26", "2020-09-30": "6.39", "2020-06-30": "7.09", "2020-03-31": "7.57", "2019-12-31": "9.99", "2019-09-30": "9.48", "2019-06-30": "9.16", "2019-03-31": "9.49", "2018-12-31": "7.95", "2018-09-30": "9.13", "2018-06-30": "9.58", "2018-03-31": "8.98", "2017-12-31": "9.41", "2017-09-30": "8.90", "2017-06-30": "9.37", "2017-03-31": "9.07", "2016-12-31": "9.51", "2016-09-30": "8.96", "2016-06-30": "8.89", "2016-03-31": "8.35", "2015-12-31": "8.36", "2015-09-30": "8.51", "2015-06-30": "8.74", "2015-03-31": "10.09", "2014-12-31": "9.40", "2014-09-30": "8.30", "2014-06-30": "8.70", "2014-03-31": "8.11", "2013-12-31": "6.90", "2013-09-30": "7.13", "2013-06-30": "7.66", "2013-03-31": "7.66", "2012-12-31": "6.91", "2012-09-30": "6.87", "2012-06-30": "7.28", "2012-03-31": "6.81", "2011-12-31": "5.37", "2011-09-30": "4.52", "2011-06-30": "5.56", "2011-03-31": "5.51", "2010-12-31": "5.18", "2010-09-30": "4.16", "2010-06-30": "3.65", "2010-03-31": "3.43", "2009-12-31": "3.07", "2009-09-30": "2.45", "2009-06-30": "1.63", "2009-03-31": "1.32", "2008-12-31": "2.49", "2008-09-30": "3.52", "2008-06-30": "3.57", "2008-03-31": "3.79", "2007-12-31": "4.34", "2007-09-30": "4.99", "2007-06-30": "5.83", "2007-03-31": "5.95", "2006-12-31": "6.08"}, "price book": {"current": "1.29", "2021-02-05": "1.30", "2020-09-30": "1.13", "2020-06-30": "1.26", "2020-03-31": "1.35", "2019-12-31": "1.88", "2019-09-30": "1.75", "2019-06-30": "1.70", "2019-03-31": "1.74", "2018-12-31": "1.42", "2018-09-30": "1.66", "2018-06-30": "1.74", "2018-03-31": "1.64", "2017-12-31": "1.71", "2017-09-30": "1.64", "2017-06-30": "1.69", "2017-03-31": "1.61", "2016-12-31": "1.63", "2016-09-30": "1.53", "2016-06-30": "1.54", "2016-03-31": "1.43", "2015-12-31": "1.54", "2015-09-30": "1.58", "2015-06-30": "1.72", "2015-03-31": "1.98", "2014-12-31": "1.83", "2014-09-30": "1.58", "2014-06-30": "1.63", "2014-03-31": "1.54", "2013-12-31": "1.34", "2013-09-30": "1.32", "2013-06-30": "1.45", "2013-03-31": "1.42", "2012-12-31": "1.27", "2012-09-30": "1.28", "2012-06-30": "1.51", "2012-03-31": "1.44", "2011-12-31": "1.31", "2011-09-30": "1.08", "2011-06-30": "1.34", "2011-03-31": "1.39", "2010-12-31": "1.27", "2010-09-30": "1.13", "2010-06-30": "0.98", "2010-03-31": "1.10", "2009-12-31": "1.07", "2009-09-30": "0.95", "2009-06-30": "0.69", "2009-03-31": "0.55", "2008-12-31": "1.03", "2008-09-30": "1.54", "2008-06-30": "1.49", "2008-03-31": "1.50", "2007-12-31": "1.63", "2007-09-30": "1.92", "2007-06-30": "2.20", "2007-03-31": "2.25", "2006-12-31": "2.27", "2006-09-30": "2.15", "2006-06-30": "2.10", "2006-03-31": "2.59"}, "price fcf": {"2021-02-05": "", "2020-09-30": "$-5.50", "2020-06-30": "$-6.94", "2020-03-31": "$-7.81", "2019-12-31": "$-8.11", "2019-09-30": "$-2.87", "2019-06-30": "$-1.84", "2019-03-31": "$-3.95", "2018-12-31": "$-4.48", "2018-09-30": "$-6.22", "2018-06-30": "$-4.75", "2018-03-31": "$-1.60", "2017-12-31": "$0.24", "2017-09-30": "$-3.07", "2017-06-30": "$-3.54", "2017-03-31": "$-4.52", "2016-12-31": "$-2.37", "2016-09-30": "$1.19", "2016-06-30": "$0.57", "2016-03-31": "$2.60", "2015-12-31": "$-0.71", "2015-09-30": "$-2.31", "2015-06-30": "$-3.26", "2015-03-31": "$-5.36", "2014-12-31": "$-2.69", "2014-09-30": "$-2.49", "2014-06-30": "$-4.21", "2014-03-31": "$-2.97", "2013-12-31": "$-6.38", "2013-09-30": "$-6.27", "2013-06-30": "$-6.35", "2013-03-31": "$-8.41", "2012-12-31": "$-7.38", "2012-09-30": "$-6.86", "2012-06-30": "$-5.26", "2012-03-31": "$-9.14", "2011-12-31": "$-8.68", "2011-09-30": "$-12.46", "2011-06-30": "$-11.21", "2011-03-31": "$-12.19", "2010-12-31": "$-12.04", "2010-09-30": "$-6.20", "2010-06-30": "$-6.19", "2010-03-31": "$1.46", "2009-12-31": "$1.96", "2009-09-30": "$1.76", "2009-06-30": "$2.17", "2009-03-31": "$1.83", "2008-12-31": "$1.54", "2008-09-30": "$0.45", "2008-06-30": "$-0.86", "2008-03-31": "$-2.01", "2007-12-31": "$-4.61", "2007-09-30": "$-4.42", "2007-06-30": "$-4.00", "2007-03-31": "$-2.92", "2006-12-31": "$-2.37"}, "net worth": {"value": "$6.81B"}, "current ratio": {"2020-12-31": "2.75", "2020-09-30": "2.74", "2020-06-30": "2.49", "2020-03-31": "2.75", "2019-12-31": "1.05", "2019-09-30": "1.49", "2019-06-30": "1.00", "2019-03-31": "0.98", "2018-12-31": "1.22", "2018-09-30": "1.01", "2018-06-30": "1.16", "2018-03-31": "1.44", "2017-12-31": "1.32", "2017-09-30": "1.85", "2017-06-30": "2.93", "2017-03-31": "3.37", "2016-12-31": "2.38", "2016-09-30": "2.10", "2016-06-30": "2.42", "2016-03-31": "1.92", "2015-12-31": "1.05", "2015-09-30": "3.08", "2015-06-30": "1.11", "2015-03-31": "1.08", "2014-12-31": "1.16", "2014-09-30": "1.50", "2014-06-30": "1.22", "2014-03-31": "1.45", "2013-12-31": "1.12", "2013-09-30": "1.66", "2013-06-30": "1.42", "2013-03-31": "1.68", "2012-12-31": "2.51", "2012-09-30": "1.09", "2012-06-30": "1.38", "2012-03-31": "5.73", "2011-12-31": "1.40", "2011-09-30": "1.63", "2011-06-30": "1.94", "2011-03-31": "1.36", "2010-12-31": "1.63", "2010-09-30": "1.49", "2010-06-30": "2.20", "2010-03-31": "1.73", "2009-12-31": "1.91", "2009-09-30": "2.32", "2009-06-30": "3.06", "2009-03-31": "2.42", "2008-12-31": "1.71", "2008-09-30": "1.55", "2008-06-30": "1.93", "2008-03-31": "1.81", "2007-12-31": "1.64", "2007-09-30": "1.28", "2007-06-30": "1.46", "2007-03-31": "0.95", "2006-12-31": "2.00", "2006-09-30": "1.93", "2006-06-30": "1.38", "2006-03-31": "1.57", "2005-12-31": "0.59", "2005-09-30": "0.81", "2005-06-30": "0.78", "2005-03-31": "0.88"}, "quick ratio": {"2020-12-31": "0.00", "2020-09-30": "0.00", "2020-06-30": "0.00", "2020-03-31": "0.00", "2019-12-31": "0.00", "2019-09-30": "0.00", "2019-06-30": "0.00", "2019-03-31": "0.00", "2018-12-31": "0.00", "2018-09-30": "0.00", "2018-06-30": "0.00", "2018-03-31": "0.00", "2017-12-31": "0.00", "2017-09-30": "0.00", "2017-06-30": "0.00", "2017-03-31": "0.00", "2016-12-31": "0.00", "2016-09-30": "0.00", "2016-06-30": "0.00", "2016-03-31": "0.00", "2015-12-31": "0.00", "2015-09-30": "0.00", "2015-06-30": "0.00", "2015-03-31": "0.00", "2014-12-31": "0.00", "2014-09-30": "0.00", "2014-06-30": "0.00", "2014-03-31": "0.00", "2013-12-31": "0.00", "2013-09-30": "0.00", "2013-06-30": "0.00", "2013-03-31": "0.00", "2012-12-31": "0.00", "2012-09-30": "0.00", "2012-06-30": "0.00", "2012-03-31": "0.00", "2011-12-31": "0.00", "2011-09-30": "0.00", "2011-06-30": "0.00", "2011-03-31": "0.00", "2010-12-31": "0.00", "2010-09-30": "0.00", "2010-06-30": "0.00", "2010-03-31": "0.00", "2009-12-31": "0.00", "2009-09-30": "0.00", "2009-06-30": "0.00", "2009-03-31": "0.00", "2008-12-31": "0.00", "2008-09-30": "0.00", "2008-06-30": "0.00", "2008-03-31": "0.00", "2007-12-31": "0.00", "2007-09-30": "0.00", "2007-06-30": "0.00", "2007-03-31": "0.00", "2006-12-31": "0.00", "2006-09-30": "0.00", "2006-06-30": "0.00", "2006-03-31": "0.00", "2005-12-31": "0.00", "2005-09-30": "0.00", "2005-06-30": "0.00", "2005-03-31": "0.00"}, "debt equity ratio": {"current": "0.74", "2020-12-31": "0.90", "2020-09-30": "0.90", "2020-06-30": "0.84", "2020-03-31": "0.85", "2019-12-31": "0.95", "2019-09-30": "0.90", "2019-06-30": "0.93", "2019-03-31": "0.89", "2018-12-31": "0.85", "2018-09-30": "0.86", "2018-06-30": "0.82", "2018-03-31": "0.77", "2017-12-31": "0.72", "2017-09-30": "0.76", "2017-06-30": "0.77", "2017-03-31": "0.76", "2016-12-31": "0.78", "2016-09-30": "0.74", "2016-06-30": "0.84", "2016-03-31": "0.81", "2015-12-31": "0.83", "2015-09-30": "0.96", "2015-06-30": "0.95", "2015-03-31": "1.00", "2014-12-31": "1.07", "2014-09-30": "1.09", "2014-06-30": "1.01", "2014-03-31": "0.98", "2013-12-31": "1.03", "2013-09-30": "1.02", "2013-06-30": "1.13", "2013-03-31": "1.13", "2012-12-31": "1.07", "2012-09-30": "1.05", "2012-06-30": "1.22", "2012-03-31": "1.29", "2011-12-31": "1.60", "2011-09-30": "1.60", "2011-06-30": "1.51", "2011-03-31": "1.58", "2010-12-31": "1.52", "2010-09-30": "1.24", "2010-06-30": "1.22", "2010-03-31": "1.42", "2009-12-31": "1.36", "2009-09-30": "1.33", "2009-06-30": "1.33", "2009-03-31": "1.97", "2008-12-31": "1.94", "2008-09-30": "2.15", "2008-06-30": "2.15", "2008-03-31": "2.08", "2007-12-31": "1.98", "2007-09-30": "2.06", "2007-06-30": "1.98", "2007-03-31": "1.84", "2006-12-31": "1.67", "2006-09-30": "1.58", "2006-06-30": "1.59", "2006-03-31": "2.19", "2005-12-31": "2.23", "2005-09-30": "2.08", "2005-06-30": "1.97", "2005-03-31": "1.84"}, "return on equity": {"2020-12-31": "3.57%", "2020-09-30": "3.58%", "2020-06-30": "3.60%", "2020-03-31": "4.29%", "2019-12-31": "4.48%", "2019-09-30": "6.64%", "2019-06-30": "6.58%", "2019-03-31": "6.29%", "2018-12-31": "6.36%", "2018-09-30": "3.17%", "2018-06-30": "4.01%", "2018-03-31": "4.08%", "2017-12-31": "3.83%", "2017-09-30": "3.88%", "2017-06-30": "3.55%", "2017-03-31": "3.68%", "2016-12-31": "7.89%", "2016-09-30": "8.07%", "2016-06-30": "9.82%", "2016-03-31": "10.96%", "2015-12-31": "7.19%", "2015-09-30": "7.53%", "2015-06-30": "4.89%", "2015-03-31": "4.03%", "2014-12-31": "6.29%", "2014-09-30": "6.11%", "2014-06-30": "5.78%", "2014-03-31": "5.19%", "2013-12-31": "1.26%", "2013-09-30": "8.49%", "2013-06-30": "8.53%", "2013-03-31": "8.67%", "2012-12-31": "12.78%", "2012-09-30": "6.07%", "2012-06-30": "7.69%", "2012-03-31": "8.35%", "2011-12-31": "4.06%", "2011-09-30": "0.91%", "2011-06-30": "0.09%", "2011-03-31": "-0.09%", "2010-12-31": "0.28%", "2010-09-30": "0.00%", "2010-06-30": "0.84%", "2010-03-31": "2.14%", "2009-12-31": "2.60%", "2009-09-30": "3.73%", "2009-06-30": "4.55%", "2009-03-31": "4.21%", "2008-12-31": "4.41%", "2008-09-30": "13.03%", "2008-06-30": "12.71%", "2008-03-31": "14.13%", "2007-12-31": "15.32%", "2007-09-30": "7.18%", "2007-06-30": "10.53%", "2007-03-31": "11.23%", "2006-12-31": "11.48%", "2006-09-30": "10.38%", "2006-06-30": "7.85%", "2006-03-31": "4.53%", "2005-12-31": "4.28%"}, "return on assets": {"2020-12-31": "1.91%", "2020-09-30": "1.90%", "2020-06-30": "1.92%", "2020-03-31": "2.25%", "2019-12-31": "2.34%", "2019-09-30": "3.51%", "2019-06-30": "3.50%", "2019-03-31": "3.40%", "2018-12-31": "3.49%", "2018-09-30": "1.77%", "2018-06-30": "2.27%", "2018-03-31": "2.33%", "2017-12-31": "2.19%", "2017-09-30": "2.19%", "2017-06-30": "2.01%", "2017-03-31": "2.07%", "2016-12-31": "4.40%", "2016-09-30": "4.47%", "2016-06-30": "5.28%", "2016-03-31": "5.81%", "2015-12-31": "3.71%", "2015-09-30": "3.78%", "2015-06-30": "2.41%", "2015-03-31": "1.97%", "2014-12-31": "3.09%", "2014-09-30": "3.01%", "2014-06-30": "2.88%", "2014-03-31": "2.55%", "2013-12-31": "0.61%", "2013-09-30": "4.08%", "2013-06-30": "4.07%", "2013-03-31": "4.11%", "2012-12-31": "5.96%", "2012-09-30": "2.69%", "2012-06-30": "3.20%", "2012-03-31": "3.36%", "2011-12-31": "1.58%", "2011-09-30": "0.36%", "2011-06-30": "0.03%", "2011-03-31": "-0.04%", "2010-12-31": "0.12%", "2010-09-30": "0.00%", "2010-06-30": "0.36%", "2010-03-31": "0.91%", "2009-12-31": "1.05%", "2009-09-30": "1.43%", "2009-06-30": "1.62%", "2009-03-31": "1.38%", "2008-12-31": "1.43%", "2008-09-30": "4.22%", "2008-06-30": "4.14%", "2008-03-31": "4.67%", "2007-12-31": "5.17%", "2007-09-30": "2.49%", "2007-06-30": "3.81%", "2007-03-31": "4.21%", "2006-12-31": "4.20%", "2006-09-30": "3.63%", "2006-06-30": "2.62%", "2006-03-31": "1.45%", "2005-12-31": "1.41%"}, "return on investments": {"2020-12-31": "2.64%", "2020-09-30": "2.65%", "2020-06-30": "2.60%", "2020-03-31": "2.90%", "2019-12-31": "2.91%", "2019-09-30": "2.71%", "2019-06-30": "2.65%", "2019-03-31": "2.60%", "2018-12-31": "2.71%", "2018-09-30": "2.98%", "2018-06-30": "3.09%", "2018-03-31": "3.26%", "2017-12-31": "3.21%", "2017-09-30": "3.20%", "2017-06-30": "3.28%", "2017-03-31": "3.30%", "2016-12-31": "3.30%", "2016-09-30": "3.28%", "2016-06-30": "3.09%", "2016-03-31": "3.06%", "2015-12-31": "3.10%", "2015-09-30": "3.03%", "2015-06-30": "2.92%", "2015-03-31": "2.71%", "2014-12-31": "2.48%", "2014-09-30": "2.21%", "2014-06-30": "2.06%", "2014-03-31": "2.09%", "2013-12-31": "1.95%", "2013-09-30": "1.82%", "2013-06-30": "1.81%", "2013-03-31": "1.72%", "2012-12-31": "1.89%", "2012-09-30": "1.82%", "2012-06-30": "2.00%", "2012-03-31": "2.17%", "2011-12-31": "2.35%", "2011-09-30": "2.26%", "2011-06-30": "2.43%", "2011-03-31": "2.52%", "2010-12-31": "2.57%", "2010-09-30": "2.93%", "2010-06-30": "3.14%", "2010-03-31": "3.43%", "2009-12-31": "3.65%", "2009-09-30": "4.67%", "2009-06-30": "5.12%", "2009-03-31": "4.94%", "2008-12-31": "4.98%", "2008-09-30": "5.08%", "2008-06-30": "4.78%", "2008-03-31": "4.99%", "2007-12-31": "4.98%", "2007-09-30": "4.99%", "2007-06-30": "5.25%", "2007-03-31": "5.68%", "2006-12-31": "6.00%", "2006-09-30": "4.82%", "2006-06-30": "4.03%", "2006-03-31": "3.25%", "2005-12-31": "3.17%"}, "return on tangible equity": {"2020-09-30": "3.58%", "2020-06-30": "3.60%", "2020-03-31": "4.29%", "2019-12-31": "4.48%", "2019-09-30": "6.64%", "2019-06-30": "6.58%", "2019-03-31": "6.29%", "2018-12-31": "6.36%", "2018-09-30": "3.17%", "2018-06-30": "4.01%", "2018-03-31": "4.08%", "2017-12-31": "3.83%", "2017-09-30": "3.88%", "2017-06-30": "3.55%", "2017-03-31": "3.68%", "2016-12-31": "7.89%", "2016-09-30": "8.07%", "2016-06-30": "9.82%", "2016-03-31": "10.96%", "2015-12-31": "7.19%", "2015-09-30": "7.53%", "2015-06-30": "4.89%", "2015-03-31": "4.03%", "2014-12-31": "6.29%", "2014-09-30": "6.11%", "2014-06-30": "5.78%", "2014-03-31": "5.19%", "2013-12-31": "1.26%", "2013-09-30": "8.49%", "2013-06-30": "8.53%", "2013-03-31": "8.67%", "2012-12-31": "12.78%", "2012-09-30": "6.07%", "2012-06-30": "7.69%", "2012-03-31": "8.35%", "2011-12-31": "4.06%", "2011-09-30": "0.91%", "2011-06-30": "0.09%", "2011-03-31": "-0.09%", "2010-12-31": "0.28%", "2010-09-30": "0.00%", "2010-06-30": "0.84%", "2010-03-31": "2.14%", "2009-12-31": "2.60%", "2009-09-30": "3.73%", "2009-06-30": "4.55%", "2009-03-31": "4.21%", "2008-12-31": "4.41%", "2008-09-30": "13.03%", "2008-06-30": "12.71%", "2008-03-31": "14.13%", "2007-12-31": "15.32%", "2007-09-30": "7.18%", "2007-06-30": "10.53%", "2007-03-31": "11.23%", "2006-12-31": "11.48%", "2006-09-30": "10.38%", "2006-06-30": "7.85%", "2006-03-31": "4.53%", "2005-12-31": "4.28%"}, "dividend yield history": {"last payout": "$2.00", "last yield": "3.38%"}}