{"ticker": "KMB", "price": {"title": "Kimberly-Clark Historical Annual Stock Price Data", "value": 132.17, "historical": {"2021": {"Average Stock Price": "132.7875", "Year Open": "133.4000", "Year High": "138.6500", "Year Low": "130.3200", "Year Close": "132.1700", "Annual % Change": "-1.97%"}, "2020": {"Average Stock Price": "141.6774", "Year Open": "135.8300", "Year High": "158.8400", "Year Low": "112.3400", "Year Close": "134.8300", "Annual % Change": "-1.98%"}, "2019": {"Average Stock Price": "129.6237", "Year Open": "111.7900", "Year High": "142.7400", "Year Low": "107.8700", "Year Close": "137.5500", "Annual % Change": "20.72%"}, "2018": {"Average Stock Price": "110.1565", "Year Open": "119.0700", "Year High": "123.4400", "Year Low": "98.5200", "Year Close": "113.9400", "Annual % Change": "-5.57%"}, "2017": {"Average Stock Price": "123.7311", "Year Open": "114.5600", "Year High": "135.0000", "Year Low": "109.8700", "Year Close": "120.6600", "Annual % Change": "5.73%"}, "2016": {"Average Stock Price": "126.5912", "Year Open": "126.4800", "Year High": "138.1300", "Year Low": "112.1500", "Year Close": "114.1200", "Annual % Change": "-10.35%"}, "2015": {"Average Stock Price": "112.4500", "Year Open": "115.5500", "Year High": "129.5400", "Year Low": "103.3500", "Year Close": "127.3000", "Annual % Change": "10.18%"}, "2014": {"Average Stock Price": "110.0294", "Year Open": "103.8400", "Year High": "118.2800", "Year Low": "103.2800", "Year Close": "115.5400", "Annual % Change": "10.61%"}, "2013": {"Average Stock Price": "98.1557", "Year Open": "86.3800", "Year High": "109.7100", "Year Low": "84.0300", "Year Close": "104.4600", "Annual % Change": "23.72%"}, "2012": {"Average Stock Price": "80.1996", "Year Open": "73.2200", "Year High": "87.9300", "Year Low": "71.1300", "Year Close": "84.4300", "Annual % Change": "14.78%"}, "2011": {"Average Stock Price": "67.2679", "Year Open": "62.6300", "Year High": "74.0000", "Year Low": "62.5700", "Year Close": "73.5600", "Annual % Change": "16.69%"}, "2010": {"Average Stock Price": "62.6780", "Year Open": "64.2700", "Year High": "66.9100", "Year Low": "58.8600", "Year Close": "63.0400", "Annual % Change": "-1.05%"}, "2009": {"Average Stock Price": "55.1168", "Year Open": "53.6500", "Year High": "66.8200", "Year Low": "43.4100", "Year Close": "63.7100", "Annual % Change": "20.80%"}, "2008": {"Average Stock Price": "61.5460", "Year Open": "68.8200", "Year High": "69.5000", "Year Low": "50.7400", "Year Close": "52.7400", "Annual % Change": "-23.94%"}, "2007": {"Average Stock Price": "69.1857", "Year Open": "68.3500", "Year High": "71.9800", "Year Low": "65.7600", "Year Close": "69.3400", "Annual % Change": "2.05%"}, "2006": {"Average Stock Price": "61.8582", "Year Open": "59.4200", "Year High": "68.1300", "Year Low": "56.6600", "Year Close": "67.9500", "Annual % Change": "13.91%"}, "2005": {"Average Stock Price": "62.5197", "Year Open": "64.5500", "Year High": "68.1500", "Year Low": "55.9700", "Year Close": "59.6500", "Annual % Change": "-9.36%"}, "2004": {"Average Stock Price": "63.5795", "Year Open": "58.6500", "Year High": "68.1300", "Year Low": "56.4700", "Year Close": "65.8100", "Annual % Change": "11.37%"}, "2003": {"Average Stock Price": "50.1823", "Year Open": "47.4500", "Year High": "59.0900", "Year Low": "43.3900", "Year Close": "59.0900", "Annual % Change": "24.48%"}, "2002": {"Average Stock Price": "58.8004", "Year Open": "59.3500", "Year High": "66.4600", "Year Low": "46.0500", "Year Close": "47.4700", "Annual % Change": "-20.62%"}, "2001": {"Average Stock Price": "61.3017", "Year Open": "69.2000", "Year High": "71.7900", "Year Low": "52.2400", "Year Close": "59.8000", "Annual % Change": "-15.41%"}, "2000": {"Average Stock Price": "59.3522", "Year Open": "63.9400", "Year High": "71.8000", "Year Low": "45.3800", "Year Close": "70.6900", "Annual % Change": "8.02%"}, "1999": {"Average Stock Price": "56.6979", "Year Open": "53.1900", "Year High": "68.2500", "Year Low": "45.7500", "Year Close": "65.4400", "Annual % Change": "20.07%"}, "1998": {"Average Stock Price": "48.5197", "Year Open": "49.8100", "Year High": "58.9400", "Year Low": "37.3800", "Year Close": "54.5000", "Annual % Change": "10.53%"}, "1997": {"Average Stock Price": "50.5061", "Year Open": "47.6900", "Year High": "56.2500", "Year Low": "44.6300", "Year Close": "49.3100", "Annual % Change": "3.54%"}, "1996": {"Average Stock Price": "40.5740", "Year Open": "40.6250", "Year High": "49.5000", "Year Low": "35.1875", "Year Close": "47.6250", "Annual % Change": "15.11%"}, "1995": {"Average Stock Price": "30.7183", "Year Open": "25.5000", "Year High": "41.3750", "Year Low": "23.6250", "Year Close": "41.3750", "Annual % Change": "64.25%"}, "1994": {"Average Stock Price": "27.4464", "Year Open": "25.9400", "Year High": "30.0000", "Year Low": "23.8150", "Year Close": "25.1900", "Annual % Change": "-2.89%"}, "1993": {"Average Stock Price": "25.7174", "Year Open": "30.3750", "Year High": "30.8150", "Year Low": "22.5000", "Year Close": "25.9400", "Annual % Change": "-12.07%"}, "1992": {"Average Stock Price": "27.3961", "Year Open": "25.9050", "Year High": "31.6250", "Year Low": "23.5000", "Year Close": "29.5000", "Annual % Change": "16.39%"}, "1991": {"Average Stock Price": "22.9572", "Year Open": "20.5950", "Year High": "26.0625", "Year Low": "19.3750", "Year Close": "25.3450", "Annual % Change": "20.69%"}, "1990": {"Average Stock Price": "18.0663", "Year Open": "18.7200", "Year High": "21.0000", "Year Low": "15.4375", "Year Close": "21.0000", "Annual % Change": "14.29%"}, "1989": {"Average Stock Price": "16.2599", "Year Open": "15.0625", "Year High": "18.7200", "Year Low": "14.4375", "Year Close": "18.3750", "Annual % Change": "26.18%"}, "1988": {"Average Stock Price": "14.1203", "Year Open": "12.6875", "Year High": "16.2500", "Year Low": "11.6250", "Year Close": "14.5625", "Annual % Change": "16.50%"}, "1987": {"Average Stock Price": "13.5438", "Year Open": "10.0938", "Year High": "15.7500", "Year Low": "10.0000", "Year Close": "12.5000", "Annual % Change": "25.19%"}, "1986": {"Average Stock Price": "10.2404", "Year Open": "8.2650", "Year High": "11.5475", "Year Low": "7.9525", "Year Close": "9.9850", "Annual % Change": "19.22%"}, "1985": {"Average Stock Price": "7.1082", "Year Open": "5.9688", "Year High": "8.7188", "Year Low": "5.8275", "Year Close": "8.3750", "Annual % Change": "40.70%"}}}, "market cap": {"value": "$44.96B"}, "income statement": {"Revenue": {"2020-12-31": "19140.00000", "2019-12-31": "18450.00000", "2018-12-31": "18486.00000", "2017-12-31": "18348.00000", "2016-12-31": "18287.00000", "2015-12-31": "18591.00000", "2014-12-31": "19724.00000", "2013-12-31": "19561.00000", "2012-12-31": "19467.00000", "2011-12-31": "20846.00000", "2010-12-31": "19746.00000", "2009-12-31": "19115.00000", "2008-12-31": "19415.00000", "2007-12-31": "18266.00000", "2006-12-31": "16747.00000", "2005-12-31": "15902.60000"}, "Cost Of Goods Sold": {"2020-12-31": "12318.00000", "2019-12-31": "12415.00000", "2018-12-31": "12889.00000", "2017-12-31": "11761.00000", "2016-12-31": "11596.00000", "2015-12-31": "11967.00000", "2014-12-31": "13041.00000", "2013-12-31": "12952.00000", "2012-12-31": "13338.00000", "2011-12-31": "14694.00000", "2010-12-31": "13196.00000", "2009-12-31": "12695.00000", "2008-12-31": "13557.00000", "2007-12-31": "12562.00000", "2006-12-31": "11665.00000", "2005-12-31": "10827.40000"}, "Gross Profit": {"2020-12-31": "6822.00000", "2019-12-31": "6035.00000", "2018-12-31": "5597.00000", "2017-12-31": "6587.00000", "2016-12-31": "6691.00000", "2015-12-31": "6624.00000", "2014-12-31": "6683.00000", "2013-12-31": "6609.00000", "2012-12-31": "6129.00000", "2011-12-31": "6152.00000", "2010-12-31": "6550.00000", "2009-12-31": "6420.00000", "2008-12-31": "5858.00000", "2007-12-31": "5704.00000", "2006-12-31": "5082.00000", "2005-12-31": "5075.19900"}, "Research And Development Expenses": {"2020-12-31": "", "2019-12-31": "", "2018-12-31": "", "2017-12-31": "", "2016-12-31": "", "2015-12-31": "", "2014-12-31": "", "2013-12-31": "", "2012-12-31": "", "2011-12-31": "", "2010-12-31": "", "2009-12-31": "", "2008-12-31": "", "2007-12-31": "", "2006-12-31": "", "2005-12-31": ""}, "SG&A Expenses": {"2020-12-31": "3632.00000", "2019-12-31": "3254.00000", "2018-12-31": "3367.00000", "2017-12-31": "3202.00000", "2016-12-31": "3300.00000", "2015-12-31": "3443.00000", "2014-12-31": "3709.00000", "2013-12-31": "3699.00000", "2012-12-31": "3757.00000", "2011-12-31": "3761.00000", "2010-12-31": "3673.00000", "2009-12-31": "3498.00000", "2008-12-31": "3291.00000", "2007-12-31": "3106.00000", "2006-12-31": "2948.00000", "2005-12-31": "2737.40000"}, "Other Operating Income Or Expenses": {"2020-12-31": "54.00000", "2019-12-31": "210.00000", "2018-12-31": "-1.00000", "2017-12-31": "-27.00000", "2016-12-31": "-8.00000", "2015-12-31": "-1568.00000", "2014-12-31": "-453.00000", "2013-12-31": "-7.00000", "2012-12-31": "5.00000", "2011-12-31": "51.00000", "2010-12-31": "-104.00000", "2009-12-31": "-97.00000", "2008-12-31": "-20.00000", "2007-12-31": "18.00000", "2006-12-31": "-32.00000", "2005-12-31": "-27.20000"}, "Operating Expenses": {"2020-12-31": "15896.00000", "2019-12-31": "15459.00000", "2018-12-31": "16257.00000", "2017-12-31": "14990.00000", "2016-12-31": "14904.00000", "2015-12-31": "16978.00000", "2014-12-31": "17203.00000", "2013-12-31": "16658.00000", "2012-12-31": "17090.00000", "2011-12-31": "18404.00000", "2010-12-31": "16973.00000", "2009-12-31": "16290.00000", "2008-12-31": "16868.00000", "2007-12-31": "15650.00000", "2006-12-31": "14645.00000", "2005-12-31": "13592.00000"}, "Operating Income": {"2020-12-31": "3244.00000", "2019-12-31": "2991.00000", "2018-12-31": "2229.00000", "2017-12-31": "3358.00000", "2016-12-31": "3383.00000", "2015-12-31": "1613.00000", "2014-12-31": "2521.00000", "2013-12-31": "2903.00000", "2012-12-31": "2377.00000", "2011-12-31": "2442.00000", "2010-12-31": "2773.00000", "2009-12-31": "2825.00000", "2008-12-31": "2547.00000", "2007-12-31": "2616.00000", "2006-12-31": "2102.00000", "2005-12-31": "2310.59900"}, "Total Non-Operating Income/Expense": {"2020-12-31": "-314.00000", "2019-12-31": "-341.00000", "2018-12-31": "-416.00000", "2017-12-31": "-367.00000", "2016-12-31": "-374.00000", "2015-12-31": "-278.00000", "2014-12-31": "-266.00000", "2013-12-31": "-262.00000", "2012-12-31": "-267.00000", "2011-12-31": "-259.00000", "2010-12-31": "-223.00000", "2009-12-31": "-249.00000", "2008-12-31": "-258.00000", "2007-12-31": "-298.00000", "2006-12-31": "-257.00000", "2005-12-31": "-341.70000"}, "Pre-Tax Income": {"2020-12-31": "2930.00000", "2019-12-31": "2650.00000", "2018-12-31": "1813.00000", "2017-12-31": "2991.00000", "2016-12-31": "3009.00000", "2015-12-31": "1335.00000", "2014-12-31": "2255.00000", "2013-12-31": "2641.00000", "2012-12-31": "2110.00000", "2011-12-31": "2183.00000", "2010-12-31": "2550.00000", "2009-12-31": "2576.00000", "2008-12-31": "2289.00000", "2007-12-31": "2318.00000", "2006-12-31": "1845.00000", "2005-12-31": "1968.90000"}, "Income Taxes": {"2020-12-31": "676.00000", "2019-12-31": "576.00000", "2018-12-31": "471.00000", "2017-12-31": "776.00000", "2016-12-31": "922.00000", "2015-12-31": "418.00000", "2014-12-31": "856.00000", "2013-12-31": "828.00000", "2012-12-31": "660.00000", "2011-12-31": "660.00000", "2010-12-31": "788.00000", "2009-12-31": "746.00000", "2008-12-31": "618.00000", "2007-12-31": "537.00000", "2006-12-31": "469.00000", "2005-12-31": "438.40000"}, "Income After Taxes": {"2020-12-31": "2254.00000", "2019-12-31": "2074.00000", "2018-12-31": "1342.00000", "2017-12-31": "2215.00000", "2016-12-31": "2087.00000", "2015-12-31": "917.00000", "2014-12-31": "1399.00000", "2013-12-31": "1813.00000", "2012-12-31": "1450.00000", "2011-12-31": "1523.00000", "2010-12-31": "1762.00000", "2009-12-31": "1830.00000", "2008-12-31": "1671.00000", "2007-12-31": "1781.00000", "2006-12-31": "1376.00000", "2005-12-31": "1530.50000"}, "Other Income": {"2020-12-31": "", "2019-12-31": "", "2018-12-31": "", "2017-12-31": "", "2016-12-31": "", "2015-12-31": "", "2014-12-31": "", "2013-12-31": "", "2012-12-31": "", "2011-12-31": "", "2010-12-31": "", "2009-12-31": "", "2008-12-31": "", "2007-12-31": "", "2006-12-31": "", "2005-12-31": ""}, "Income From Continuous Operations": {"2020-12-31": "2396.00000", "2019-12-31": "2197.00000", "2018-12-31": "1445.00000", "2017-12-31": "2319.00000", "2016-12-31": "2219.00000", "2015-12-31": "1066.00000", "2014-12-31": "1545.00000", "2013-12-31": "2018.00000", "2012-12-31": "1627.00000", "2011-12-31": "1684.00000", "2010-12-31": "1943.00000", "2009-12-31": "1994.00000", "2008-12-31": "1837.00000", "2007-12-31": "1951.00000", "2006-12-31": "1500.00000", "2005-12-31": "1580.60000"}, "Income From Discontinued Operations": {"2020-12-31": "", "2019-12-31": "", "2018-12-31": "", "2017-12-31": "", "2016-12-31": "", "2015-12-31": "", "2014-12-31": "50.00000", "2013-12-31": "203.00000", "2012-12-31": "201.00000", "2011-12-31": "", "2010-12-31": "", "2009-12-31": "", "2008-12-31": "", "2007-12-31": "", "2006-12-31": "", "2005-12-31": ""}, "Net Income": {"2020-12-31": "2352.00000", "2019-12-31": "2157.00000", "2018-12-31": "1410.00000", "2017-12-31": "2278.00000", "2016-12-31": "2166.00000", "2015-12-31": "1013.00000", "2014-12-31": "1526.00000", "2013-12-31": "2142.00000", "2012-12-31": "1750.00000", "2011-12-31": "1591.00000", "2010-12-31": "1843.00000", "2009-12-31": "1884.00000", "2008-12-31": "1690.00000", "2007-12-31": "1823.00000", "2006-12-31": "1500.00000", "2005-12-31": "1568.30000"}, "EBITDA": {"2020-12-31": "4040.00000", "2019-12-31": "3908.00000", "2018-12-31": "3111.00000", "2017-12-31": "4082.00000", "2016-12-31": "4088.00000", "2015-12-31": "2359.00000", "2014-12-31": "3383.00000", "2013-12-31": "3766.00000", "2012-12-31": "3234.00000", "2011-12-31": "3533.00000", "2010-12-31": "3586.00000", "2009-12-31": "3608.00000", "2008-12-31": "3322.00000", "2007-12-31": "3423.00000", "2006-12-31": "3035.00000", "2005-12-31": "3155.09900"}, "EBIT": {"2020-12-31": "3244.00000", "2019-12-31": "2991.00000", "2018-12-31": "2229.00000", "2017-12-31": "3358.00000", "2016-12-31": "3383.00000", "2015-12-31": "1613.00000", "2014-12-31": "2521.00000", "2013-12-31": "2903.00000", "2012-12-31": "2377.00000", "2011-12-31": "2442.00000", "2010-12-31": "2773.00000", "2009-12-31": "2825.00000", "2008-12-31": "2547.00000", "2007-12-31": "2616.00000", "2006-12-31": "2102.00000", "2005-12-31": "2310.59900"}, "Basic Shares Outstanding": {"2020-12-31": "340.86960", "2019-12-31": "343.60000", "2018-12-31": "348.00000", "2017-12-31": "353.60000", "2016-12-31": "359.40000", "2015-12-31": "363.80000", "2014-12-31": "374.50000", "2013-12-31": "384.00000", "2012-12-31": "393.00000", "2011-12-31": "395.70000", "2010-12-31": "412.40000", "2009-12-31": "416.10000", "2008-12-31": "418.50000", "2007-12-31": "443.20000", "2006-12-31": "458.50000", "2005-12-31": "474.00000"}, "Shares Outstanding": {"2020-12-31": "342.50000", "2019-12-31": "345.60000", "2018-12-31": "349.60000", "2017-12-31": "355.90000", "2016-12-31": "361.70000", "2015-12-31": "366.30000", "2014-12-31": "377.40000", "2013-12-31": "387.30000", "2012-12-31": "396.10000", "2011-12-31": "398.60000", "2010-12-31": "414.40000", "2009-12-31": "416.80000", "2008-12-31": "419.60000", "2007-12-31": "446.30000", "2006-12-31": "461.60000", "2005-12-31": "477.40000"}, "Basic EPS": {"2020-12-31": "6.90000", "2019-12-31": "6.28000", "2018-12-31": "4.05000", "2017-12-31": "6.44000", "2016-12-31": "6.03000", "2015-12-31": "2.78000", "2014-12-31": "4.07000", "2013-12-31": "5.58000", "2012-12-31": "4.45000", "2011-12-31": "4.02000", "2010-12-31": "4.47000", "2009-12-31": "4.53000", "2008-12-31": "4.04000", "2007-12-31": "4.11000", "2006-12-31": "3.27000", "2005-12-31": "3.30000"}, "EPS - Earnings Per Share": {"2020-12-31": "6.87000", "2019-12-31": "6.24000", "2018-12-31": "4.03000", "2017-12-31": "6.40000", "2016-12-31": "5.99000", "2015-12-31": "2.77000", "2014-12-31": "4.04000", "2013-12-31": "5.53000", "2012-12-31": "4.42000", "2011-12-31": "3.99000", "2010-12-31": "4.45000", "2009-12-31": "4.52000", "2008-12-31": "4.03000", "2007-12-31": "4.08000", "2006-12-31": "3.25000", "2005-12-31": "3.28000"}}, "income statement, quarterly": {"Revenue": {"2020-12-31": "4836.00000", "2020-09-30": "4683.00000", "2020-06-30": "4612.00000", "2020-03-31": "5009.00000", "2019-12-31": "4583.00000", "2019-09-30": "4640.00000", "2019-06-30": "4594.00000", "2019-03-31": "4633.00000", "2018-12-31": "4569.00000", "2018-09-30": "4582.00000", "2018-06-30": "4604.00000", "2018-03-31": "4731.00000", "2017-12-31": "4603.00000", "2017-09-30": "4665.00000", "2017-06-30": "4576.00000", "2017-03-31": "4504.00000", "2016-12-31": "4629.00000", "2016-09-30": "4594.00000", "2016-06-30": "4588.00000", "2016-03-31": "4476.00000", "2015-12-31": "4539.00000", "2015-09-30": "4718.00000", "2015-06-30": "4643.00000", "2015-03-31": "4691.00000", "2014-12-31": "4828.00000", "2014-09-30": "5056.00000", "2014-06-30": "4953.00000", "2014-03-31": "4887.00000", "2013-12-31": "3714.00000", "2013-09-30": "5262.00000", "2013-06-30": "5267.00000", "2013-03-31": "5318.00000", "2012-12-31": "3711.00000", "2012-09-30": "5246.00000", "2012-06-30": "5269.00000", "2012-03-31": "5241.00000", "2011-12-31": "5176.00000", "2011-09-30": "5382.00000", "2011-06-30": "5259.00000", "2011-03-31": "5029.00000", "2010-12-31": "5075.00000", "2010-09-30": "4979.00000", "2010-06-30": "4857.00000", "2010-03-31": "4835.00000", "2009-12-31": "4982.00000", "2009-09-30": "4913.00000", "2009-06-30": "4727.00000", "2009-03-31": "4493.00000", "2008-12-31": "4598.00000", "2008-09-30": "4998.00000", "2008-06-30": "5006.00000", "2008-03-31": "4813.00000", "2007-12-31": "4758.10100", "2007-09-30": "4620.60000", "2007-06-30": "4502.00000", "2007-03-31": "4385.30000", "2006-12-31": "4307.29900", "2006-09-30": "4210.40000", "2006-06-30": "4161.40000", "2006-03-31": "4067.90000", "2005-12-31": "4008.90000", "2005-09-30": "4000.80000", "2005-06-30": "3987.10000", "2005-03-31": "3905.80000"}, "Cost Of Goods Sold": {"2020-12-31": "3172.00000", "2020-09-30": "3093.00000", "2020-06-30": "2835.00000", "2020-03-31": "3218.00000", "2019-12-31": "3017.00000", "2019-09-30": "3085.00000", "2019-06-30": "3108.00000", "2019-03-31": "3205.00000", "2018-12-31": "3167.00000", "2018-09-30": "3166.00000", "2018-06-30": "3149.00000", "2018-03-31": "3407.00000", "2017-12-31": "2995.00000", "2017-09-30": "2998.00000", "2017-06-30": "2924.00000", "2017-03-31": "2844.00000", "2016-12-31": "2911.00000", "2016-09-30": "2924.00000", "2016-06-30": "2924.00000", "2016-03-31": "2837.00000", "2015-12-31": "2913.00000", "2015-09-30": "3036.00000", "2015-06-30": "2986.00000", "2015-03-31": "3032.00000", "2014-12-31": "3275.00000", "2014-09-30": "3291.00000", "2014-06-30": "3253.00000", "2014-03-31": "3222.00000", "2013-12-31": "2532.00000", "2013-09-30": "3457.00000", "2013-06-30": "3467.00000", "2013-03-31": "3496.00000", "2012-12-31": "2807.00000", "2012-09-30": "3480.00000", "2012-06-30": "3514.00000", "2012-03-31": "3537.00000", "2011-12-31": "3632.00000", "2011-09-30": "3794.00000", "2011-06-30": "3702.00000", "2011-03-31": "3566.00000", "2010-12-31": "3430.00000", "2010-09-30": "3365.00000", "2010-06-30": "3213.00000", "2010-03-31": "3188.00000", "2009-12-31": "3316.00000", "2009-09-30": "3186.00000", "2009-06-30": "3154.00000", "2009-03-31": "3039.00000", "2008-12-31": "3143.00000", "2008-09-30": "3535.00000", "2008-06-30": "3522.00000", "2008-03-31": "3357.00000", "2007-12-31": "3295.90000", "2007-09-30": "3177.10000", "2007-06-30": "3056.00000", "2007-03-31": "3033.00000", "2006-12-31": "2941.50000", "2006-09-30": "2934.90000", "2006-06-30": "2873.80000", "2006-03-31": "2914.80000", "2005-12-31": "2719.30100", "2005-09-30": "2844.40000", "2005-06-30": "2664.50000", "2005-03-31": "2599.20000"}, "Gross Profit": {"2020-12-31": "1664.00000", "2020-09-30": "1590.00000", "2020-06-30": "1777.00000", "2020-03-31": "1791.00000", "2019-12-31": "1566.00000", "2019-09-30": "1555.00000", "2019-06-30": "1486.00000", "2019-03-31": "1428.00000", "2018-12-31": "1402.00000", "2018-09-30": "1416.00000", "2018-06-30": "1455.00000", "2018-03-31": "1324.00000", "2017-12-31": "1608.00000", "2017-09-30": "1667.00000", "2017-06-30": "1652.00000", "2017-03-31": "1660.00000", "2016-12-31": "1718.00000", "2016-09-30": "1670.00000", "2016-06-30": "1664.00000", "2016-03-31": "1639.00000", "2015-12-31": "1626.00000", "2015-09-30": "1682.00000", "2015-06-30": "1657.00000", "2015-03-31": "1659.00000", "2014-12-31": "1553.00000", "2014-09-30": "1765.00000", "2014-06-30": "1700.00000", "2014-03-31": "1665.00000", "2013-12-31": "1182.00000", "2013-09-30": "1805.00000", "2013-06-30": "1800.00000", "2013-03-31": "1822.00000", "2012-12-31": "904.00000", "2012-09-30": "1766.00000", "2012-06-30": "1755.00000", "2012-03-31": "1704.00000", "2011-12-31": "1544.00000", "2011-09-30": "1588.00000", "2011-06-30": "1557.00000", "2011-03-31": "1463.00000", "2010-12-31": "1645.00000", "2010-09-30": "1614.00000", "2010-06-30": "1644.00000", "2010-03-31": "1647.00000", "2009-12-31": "1666.00000", "2009-09-30": "1727.00000", "2009-06-30": "1573.00000", "2009-03-31": "1454.00000", "2008-12-31": "1455.00000", "2008-09-30": "1463.00000", "2008-06-30": "1484.00000", "2008-03-31": "1456.00000", "2007-12-31": "1462.20000", "2007-09-30": "1443.50000", "2007-06-30": "1446.00000", "2007-03-31": "1352.30000", "2006-12-31": "1365.80000", "2006-09-30": "1275.50000", "2006-06-30": "1287.60000", "2006-03-31": "1153.10000", "2005-12-31": "1289.59900", "2005-09-30": "1156.40000", "2005-06-30": "1322.60000", "2005-03-31": "1306.60000"}, "Research And Development Expenses": {"2020-12-31": "", "2020-09-30": "", "2020-06-30": "", "2020-03-31": "", "2019-12-31": "", "2019-09-30": "", "2019-06-30": "", "2019-03-31": "", "2018-12-31": "", "2018-09-30": "", "2018-06-30": "", "2018-03-31": "", "2017-12-31": "", "2017-09-30": "", "2017-06-30": "", "2017-03-31": "", "2016-12-31": "", "2016-09-30": "", "2016-06-30": "", "2016-03-31": "", "2015-12-31": "", "2015-09-30": "", "2015-06-30": "", "2015-03-31": "", "2014-12-31": "", "2014-09-30": "", "2014-06-30": "", "2014-03-31": "", "2013-12-31": "", "2013-09-30": "", "2013-06-30": "", "2013-03-31": "", "2012-12-31": "", "2012-09-30": "", "2012-06-30": "", "2012-03-31": "", "2011-12-31": "", "2011-09-30": "", "2011-06-30": "", "2011-03-31": "", "2010-12-31": "", "2010-09-30": "", "2010-06-30": "", "2010-03-31": "", "2009-12-31": "", "2009-09-30": "", "2009-06-30": "", "2009-03-31": "", "2008-12-31": "", "2008-09-30": "", "2008-06-30": "", "2008-03-31": "", "2007-12-31": "", "2007-09-30": "", "2007-06-30": "", "2007-03-31": "", "2006-12-31": "", "2006-09-30": "", "2006-06-30": "", "2006-03-31": "", "2005-12-31": "", "2005-09-30": "", "2005-06-30": "", "2005-03-31": ""}, "SG&A Expenses": {"2020-12-31": "996.00000", "2020-09-30": "919.00000", "2020-06-30": "844.00000", "2020-03-31": "873.00000", "2019-12-31": "859.00000", "2019-09-30": "815.00000", "2019-06-30": "811.00000", "2019-03-31": "769.00000", "2018-12-31": "768.00000", "2018-09-30": "749.00000", "2018-06-30": "771.00000", "2018-03-31": "1079.00000", "2017-12-31": "753.00000", "2017-09-30": "807.00000", "2017-06-30": "835.00000", "2017-03-31": "807.00000", "2016-12-31": "795.00000", "2016-09-30": "833.00000", "2016-06-30": "847.00000", "2016-03-31": "825.00000", "2015-12-31": "857.00000", "2015-09-30": "868.00000", "2015-06-30": "869.00000", "2015-03-31": "849.00000", "2014-12-31": "971.00000", "2014-09-30": "904.00000", "2014-06-30": "938.00000", "2014-03-31": "896.00000", "2013-12-31": "670.00000", "2013-09-30": "990.00000", "2013-06-30": "1012.00000", "2013-03-31": "1027.00000", "2012-12-31": "754.00000", "2012-09-30": "988.00000", "2012-06-30": "1019.00000", "2012-03-31": "996.00000", "2011-12-31": "957.00000", "2011-09-30": "943.00000", "2011-06-30": "940.00000", "2011-03-31": "921.00000", "2010-12-31": "954.00000", "2010-09-30": "909.00000", "2010-06-30": "929.00000", "2010-03-31": "881.00000", "2009-12-31": "974.00000", "2009-09-30": "852.00000", "2009-06-30": "923.00000", "2009-03-31": "749.00000", "2008-12-31": "817.00000", "2008-09-30": "848.00000", "2008-06-30": "827.00000", "2008-03-31": "799.00000", "2007-12-31": "792.10010", "2007-09-30": "783.70000", "2007-06-30": "797.60000", "2007-03-31": "732.60000", "2006-12-31": "744.40000", "2006-09-30": "749.20000", "2006-06-30": "741.90000", "2006-03-31": "712.50000", "2005-12-31": "715.89990", "2005-09-30": "679.50000", "2005-06-30": "688.10000", "2005-03-31": "653.90000"}, "Other Operating Income Or Expenses": {"2020-12-31": "81.00000", "2020-09-30": "-5.00000", "2020-06-30": "-8.00000", "2020-03-31": "-14.00000", "2019-12-31": "44.00000", "2019-09-30": "175.00000", "2019-06-30": "-5.00000", "2019-03-31": "-4.00000", "2018-12-31": "5.00000", "2018-09-30": "2.00000", "2018-06-30": "-10.00000", "2018-03-31": "2.00000", "2017-12-31": "-27.00000", "2017-09-30": "8.00000", "2017-06-30": "-3.00000", "2017-03-31": "-5.00000", "2016-12-31": "-18.00000", "2016-09-30": "-1.00000", "2016-06-30": "21.00000", "2016-03-31": "-10.00000", "2015-12-31": "-139.00000", "2015-09-30": "-35.00000", "2015-06-30": "-1332.00000", "2015-03-31": "-62.00000", "2014-12-31": "-424.00000", "2014-09-30": "16.00000", "2014-06-30": "13.00000", "2014-03-31": "-58.00000", "2013-12-31": "5.00000", "2013-09-30": "-8.00000", "2013-06-30": "8.00000", "2013-03-31": "-12.00000", "2012-12-31": "-10.00000", "2012-09-30": "5.00000", "2012-06-30": "18.00000", "2012-03-31": "-8.00000", "2011-12-31": "24.00000", "2011-09-30": "17.00000", "2011-06-30": "8.00000", "2011-03-31": "2.00000", "2010-12-31": "8.00000", "2010-09-30": "-7.00000", "2010-06-30": "-4.00000", "2010-03-31": "-101.00000", "2009-12-31": "25.00000", "2009-09-30": "-4.00000", "2009-06-30": "-41.00000", "2009-03-31": "-77.00000", "2008-12-31": "-15.00000", "2008-09-30": "-5.00000", "2008-06-30": "-7.00000", "2008-03-31": "7.00000", "2007-12-31": "-1.60000", "2007-09-30": "22.90000", "2007-06-30": "0.30000", "2007-03-31": "-3.60000", "2006-12-31": "-10.30000", "2006-09-30": "0.10000", "2006-06-30": "-1.60000", "2006-03-31": "-20.20000", "2005-12-31": "-1.50000", "2005-09-30": "-12.30000", "2005-06-30": "1.70000", "2005-03-31": "-15.10000"}, "Operating Expenses": {"2020-12-31": "4087.00000", "2020-09-30": "4017.00000", "2020-06-30": "3687.00000", "2020-03-31": "4105.00000", "2019-12-31": "3832.00000", "2019-09-30": "3725.00000", "2019-06-30": "3924.00000", "2019-03-31": "3978.00000", "2018-12-31": "3930.00000", "2018-09-30": "3913.00000", "2018-06-30": "3930.00000", "2018-03-31": "4484.00000", "2017-12-31": "3775.00000", "2017-09-30": "3797.00000", "2017-06-30": "3762.00000", "2017-03-31": "3656.00000", "2016-12-31": "3724.00000", "2016-09-30": "3758.00000", "2016-06-30": "3750.00000", "2016-03-31": "3672.00000", "2015-12-31": "3909.00000", "2015-09-30": "3939.00000", "2015-06-30": "5187.00000", "2015-03-31": "3943.00000", "2014-12-31": "4670.00000", "2014-09-30": "4179.00000", "2014-06-30": "4178.00000", "2014-03-31": "4176.00000", "2013-12-31": "3197.00000", "2013-09-30": "4455.00000", "2013-06-30": "4471.00000", "2013-03-31": "4535.00000", "2012-12-31": "3571.00000", "2012-09-30": "4463.00000", "2012-06-30": "4515.00000", "2012-03-31": "4541.00000", "2011-12-31": "4565.00000", "2011-09-30": "4720.00000", "2011-06-30": "4634.00000", "2011-03-31": "4485.00000", "2010-12-31": "4376.00000", "2010-09-30": "4281.00000", "2010-06-30": "4146.00000", "2010-03-31": "4170.00000", "2009-12-31": "4265.00000", "2009-09-30": "4042.00000", "2009-06-30": "4118.00000", "2009-03-31": "3865.00000", "2008-12-31": "3975.00000", "2008-09-30": "4388.00000", "2008-06-30": "4356.00000", "2008-03-31": "4149.00000", "2007-12-31": "4089.60000", "2007-09-30": "3937.90000", "2007-06-30": "3853.30000", "2007-03-31": "3769.20000", "2006-12-31": "3696.20000", "2006-09-30": "3684.00000", "2006-06-30": "3617.30000", "2006-03-31": "3647.50000", "2005-12-31": "3436.70000", "2005-09-30": "3536.20000", "2005-06-30": "3350.90000", "2005-03-31": "3268.20000"}, "Operating Income": {"2020-12-31": "749.00000", "2020-09-30": "666.00000", "2020-06-30": "925.00000", "2020-03-31": "904.00000", "2019-12-31": "751.00000", "2019-09-30": "915.00000", "2019-06-30": "670.00000", "2019-03-31": "655.00000", "2018-12-31": "639.00000", "2018-09-30": "669.00000", "2018-06-30": "674.00000", "2018-03-31": "247.00000", "2017-12-31": "828.00000", "2017-09-30": "868.00000", "2017-06-30": "814.00000", "2017-03-31": "848.00000", "2016-12-31": "905.00000", "2016-09-30": "836.00000", "2016-06-30": "838.00000", "2016-03-31": "804.00000", "2015-12-31": "630.00000", "2015-09-30": "779.00000", "2015-06-30": "-544.00000", "2015-03-31": "748.00000", "2014-12-31": "158.00000", "2014-09-30": "877.00000", "2014-06-30": "775.00000", "2014-03-31": "711.00000", "2013-12-31": "517.00000", "2013-09-30": "807.00000", "2013-06-30": "796.00000", "2013-03-31": "783.00000", "2012-12-31": "140.00000", "2012-09-30": "783.00000", "2012-06-30": "754.00000", "2012-03-31": "700.00000", "2011-12-31": "611.00000", "2011-09-30": "662.00000", "2011-06-30": "625.00000", "2011-03-31": "544.00000", "2010-12-31": "699.00000", "2010-09-30": "698.00000", "2010-06-30": "711.00000", "2010-03-31": "665.00000", "2009-12-31": "717.00000", "2009-09-30": "871.00000", "2009-06-30": "609.00000", "2009-03-31": "628.00000", "2008-12-31": "623.00000", "2008-09-30": "610.00000", "2008-06-30": "650.00000", "2008-03-31": "664.00000", "2007-12-31": "668.50100", "2007-09-30": "682.70000", "2007-06-30": "648.70000", "2007-03-31": "616.09960", "2006-12-31": "611.09960", "2006-09-30": "526.40010", "2006-06-30": "544.09960", "2006-03-31": "420.39990", "2005-12-31": "572.19950", "2005-09-30": "464.60010", "2005-06-30": "636.20000", "2005-03-31": "637.59990"}, "Total Non-Operating Income/Expense": {"2020-12-31": "-75.00000", "2020-09-30": "-100.00000", "2020-06-30": "-69.00000", "2020-03-31": "-70.00000", "2019-12-31": "-118.00000", "2019-09-30": "-74.00000", "2019-06-30": "-76.00000", "2019-03-31": "-73.00000", "2018-12-31": "-150.00000", "2018-09-30": "-92.00000", "2018-06-30": "-101.00000", "2018-03-31": "-73.00000", "2017-12-31": "-85.00000", "2017-09-30": "-89.00000", "2017-06-30": "-98.00000", "2017-03-31": "-95.00000", "2016-12-31": "-145.00000", "2016-09-30": "-79.00000", "2016-06-30": "-78.00000", "2016-03-31": "-72.00000", "2015-12-31": "-71.00000", "2015-09-30": "-70.00000", "2015-06-30": "-69.00000", "2015-03-31": "-68.00000", "2014-12-31": "-64.00000", "2014-09-30": "-67.00000", "2014-06-30": "-67.00000", "2014-03-31": "-68.00000", "2013-12-31": "-67.00000", "2013-09-30": "-67.00000", "2013-06-30": "-66.00000", "2013-03-31": "-62.00000", "2012-12-31": "-68.00000", "2012-09-30": "-66.00000", "2012-06-30": "-66.00000", "2012-03-31": "-67.00000", "2011-12-31": "-67.00000", "2011-09-30": "-65.00000", "2011-06-30": "-67.00000", "2011-03-31": "-60.00000", "2010-12-31": "-59.00000", "2010-09-30": "-54.00000", "2010-06-30": "-54.00000", "2010-03-31": "-56.00000", "2009-12-31": "-59.00000", "2009-09-30": "-60.00000", "2009-06-30": "-65.00000", "2009-03-31": "-65.00000", "2008-12-31": "-65.00000", "2008-09-30": "-61.00000", "2008-06-30": "-66.00000", "2008-03-31": "-66.00000", "2007-12-31": "-58.30000", "2007-09-30": "-75.80000", "2007-06-30": "-92.00000", "2007-03-31": "-71.90000", "2006-12-31": "-70.30000", "2006-09-30": "-66.90000", "2006-06-30": "-56.10000", "2006-03-31": "-63.70000", "2005-12-31": "-87.80000", "2005-09-30": "-83.80000", "2005-06-30": "-85.90000", "2005-03-31": "-84.20000"}, "Pre-Tax Income": {"2020-12-31": "674.00000", "2020-09-30": "566.00000", "2020-06-30": "856.00000", "2020-03-31": "834.00000", "2019-12-31": "633.00000", "2019-09-30": "841.00000", "2019-06-30": "594.00000", "2019-03-31": "582.00000", "2018-12-31": "489.00000", "2018-09-30": "577.00000", "2018-06-30": "573.00000", "2018-03-31": "174.00000", "2017-12-31": "743.00000", "2017-09-30": "779.00000", "2017-06-30": "716.00000", "2017-03-31": "753.00000", "2016-12-31": "760.00000", "2016-09-30": "757.00000", "2016-06-30": "760.00000", "2016-03-31": "732.00000", "2015-12-31": "559.00000", "2015-09-30": "709.00000", "2015-06-30": "-613.00000", "2015-03-31": "680.00000", "2014-12-31": "94.00000", "2014-09-30": "810.00000", "2014-06-30": "708.00000", "2014-03-31": "643.00000", "2013-12-31": "450.00000", "2013-09-30": "740.00000", "2013-06-30": "730.00000", "2013-03-31": "721.00000", "2012-12-31": "72.00000", "2012-09-30": "717.00000", "2012-06-30": "688.00000", "2012-03-31": "633.00000", "2011-12-31": "544.00000", "2011-09-30": "597.00000", "2011-06-30": "558.00000", "2011-03-31": "484.00000", "2010-12-31": "640.00000", "2010-09-30": "644.00000", "2010-06-30": "657.00000", "2010-03-31": "609.00000", "2009-12-31": "658.00000", "2009-09-30": "811.00000", "2009-06-30": "544.00000", "2009-03-31": "563.00000", "2008-12-31": "558.00000", "2008-09-30": "549.00000", "2008-06-30": "584.00000", "2008-03-31": "598.00000", "2007-12-31": "610.19990", "2007-09-30": "606.90000", "2007-06-30": "556.70000", "2007-03-31": "544.20000", "2006-12-31": "540.80000", "2006-09-30": "459.50000", "2006-06-30": "488.00000", "2006-03-31": "356.70000", "2005-12-31": "484.40000", "2005-09-30": "380.80000", "2005-06-30": "550.30000", "2005-03-31": "553.40000"}, "Income Taxes": {"2020-12-31": "166.00000", "2020-09-30": "114.00000", "2020-06-30": "199.00000", "2020-03-31": "197.00000", "2019-12-31": "109.00000", "2019-09-30": "192.00000", "2019-06-30": "132.00000", "2019-03-31": "143.00000", "2018-12-31": "91.00000", "2018-09-30": "138.00000", "2018-06-30": "138.00000", "2018-03-31": "104.00000", "2017-12-31": "143.00000", "2017-09-30": "224.00000", "2017-06-30": "202.00000", "2017-03-31": "207.00000", "2016-12-31": "271.00000", "2016-09-30": "227.00000", "2016-06-30": "217.00000", "2016-03-31": "207.00000", "2015-12-31": "252.00000", "2015-09-30": "217.00000", "2015-06-30": "-281.00000", "2015-03-31": "230.00000", "2014-12-31": "175.00000", "2014-09-30": "260.00000", "2014-06-30": "225.00000", "2014-03-31": "196.00000", "2013-12-31": "143.00000", "2013-09-30": "224.00000", "2013-06-30": "238.00000", "2013-03-31": "223.00000", "2012-12-31": "39.00000", "2012-09-30": "223.00000", "2012-06-30": "213.00000", "2012-03-31": "185.00000", "2011-12-31": "161.00000", "2011-09-30": "174.00000", "2011-06-30": "173.00000", "2011-03-31": "152.00000", "2010-12-31": "171.00000", "2010-09-30": "195.00000", "2010-06-30": "181.00000", "2010-03-31": "241.00000", "2009-12-31": "184.00000", "2009-09-30": "240.00000", "2009-06-30": "158.00000", "2009-03-31": "164.00000", "2008-12-31": "125.00000", "2008-09-30": "154.00000", "2008-06-30": "174.00000", "2008-03-31": "165.00000", "2007-12-31": "145.90000", "2007-09-30": "167.50000", "2007-06-30": "111.50000", "2007-03-31": "112.10000", "2006-12-31": "124.10000", "2006-09-30": "114.60000", "2006-06-30": "131.00000", "2006-03-31": "99.30000", "2005-12-31": "114.10000", "2005-09-30": "66.30000", "2005-06-30": "140.80000", "2005-03-31": "117.20000"}, "Income After Taxes": {"2020-12-31": "508.00000", "2020-09-30": "452.00000", "2020-06-30": "657.00000", "2020-03-31": "637.00000", "2019-12-31": "524.00000", "2019-09-30": "649.00000", "2019-06-30": "462.00000", "2019-03-31": "439.00000", "2018-12-31": "398.00000", "2018-09-30": "439.00000", "2018-06-30": "435.00000", "2018-03-31": "70.00000", "2017-12-31": "600.00000", "2017-09-30": "555.00000", "2017-06-30": "514.00000", "2017-03-31": "546.00000", "2016-12-31": "489.00000", "2016-09-30": "530.00000", "2016-06-30": "543.00000", "2016-03-31": "525.00000", "2015-12-31": "307.00000", "2015-09-30": "492.00000", "2015-06-30": "-332.00000", "2015-03-31": "450.00000", "2014-12-31": "-81.00000", "2014-09-30": "550.00000", "2014-06-30": "483.00000", "2014-03-31": "447.00000", "2013-12-31": "307.00000", "2013-09-30": "516.00000", "2013-06-30": "492.00000", "2013-03-31": "498.00000", "2012-12-31": "33.00000", "2012-09-30": "494.00000", "2012-06-30": "475.00000", "2012-03-31": "448.00000", "2011-12-31": "383.00000", "2011-09-30": "423.00000", "2011-06-30": "385.00000", "2011-03-31": "332.00000", "2010-12-31": "469.00000", "2010-09-30": "449.00000", "2010-06-30": "476.00000", "2010-03-31": "368.00000", "2009-12-31": "474.00000", "2009-09-30": "571.00000", "2009-06-30": "386.00000", "2009-03-31": "399.00000", "2008-12-31": "433.00000", "2008-09-30": "395.00000", "2008-06-30": "410.00000", "2008-03-31": "433.00000", "2007-12-31": "464.30000", "2007-09-30": "439.40000", "2007-06-30": "445.20000", "2007-03-31": "432.10000", "2006-12-31": "416.70000", "2006-09-30": "344.90000", "2006-06-30": "357.00000", "2006-03-31": "257.40000", "2005-12-31": "370.30000", "2005-09-30": "314.50000", "2005-06-30": "409.50000", "2005-03-31": "436.20000"}, "Other Income": {"2020-12-31": "", "2020-09-30": "", "2020-06-30": "", "2020-03-31": "", "2019-12-31": "", "2019-09-30": "", "2019-06-30": "", "2019-03-31": "", "2018-12-31": "", "2018-09-30": "", "2018-06-30": "", "2018-03-31": "", "2017-12-31": "", "2017-09-30": "", "2017-06-30": "", "2017-03-31": "", "2016-12-31": "", "2016-09-30": "", "2016-06-30": "", "2016-03-31": "", "2015-12-31": "", "2015-09-30": "", "2015-06-30": "", "2015-03-31": "", "2014-12-31": "", "2014-09-30": "", "2014-06-30": "", "2014-03-31": "", "2013-12-31": "", "2013-09-30": "", "2013-06-30": "", "2013-03-31": "", "2012-12-31": "", "2012-09-30": "", "2012-06-30": "", "2012-03-31": "", "2011-12-31": "", "2011-09-30": "", "2011-06-30": "", "2011-03-31": "", "2010-12-31": "", "2010-09-30": "", "2010-06-30": "", "2010-03-31": "", "2009-12-31": "", "2009-09-30": "", "2009-06-30": "", "2009-03-31": "", "2008-12-31": "", "2008-09-30": "", "2008-06-30": "", "2008-03-31": "", "2007-12-31": "", "2007-09-30": "", "2007-06-30": "", "2007-03-31": "", "2006-12-31": "", "2006-09-30": "", "2006-06-30": "", "2006-03-31": "", "2005-12-31": "", "2005-09-30": "", "2005-06-30": "", "2005-03-31": ""}, "Income From Continuous Operations": {"2020-12-31": "546.00000", "2020-09-30": "483.00000", "2020-06-30": "692.00000", "2020-03-31": "675.00000", "2019-12-31": "556.00000", "2019-09-30": "680.00000", "2019-06-30": "495.00000", "2019-03-31": "466.00000", "2018-12-31": "421.00000", "2018-09-30": "462.00000", "2018-06-30": "465.00000", "2018-03-31": "97.00000", "2017-12-31": "625.00000", "2017-09-30": "579.00000", "2017-06-30": "540.00000", "2017-03-31": "575.00000", "2016-12-31": "518.00000", "2016-09-30": "563.00000", "2016-06-30": "578.00000", "2016-03-31": "560.00000", "2015-12-31": "344.00000", "2015-09-30": "529.00000", "2015-06-30": "-293.00000", "2015-03-31": "486.00000", "2014-12-31": "-48.00000", "2014-09-30": "581.00000", "2014-06-30": "522.00000", "2014-03-31": "490.00000", "2013-12-31": "355.00000", "2013-09-30": "565.00000", "2013-06-30": "547.00000", "2013-03-31": "551.00000", "2012-12-31": "85.00000", "2012-09-30": "537.00000", "2012-06-30": "518.00000", "2012-03-31": "487.00000", "2011-12-31": "422.00000", "2011-09-30": "458.00000", "2011-06-30": "432.00000", "2011-03-31": "372.00000", "2010-12-31": "520.00000", "2010-09-30": "489.00000", "2010-06-30": "523.00000", "2010-03-31": "411.00000", "2009-12-31": "522.00000", "2009-09-30": "611.00000", "2009-06-30": "430.00000", "2009-03-31": "431.00000", "2008-12-31": "454.00000", "2008-09-30": "448.00000", "2008-06-30": "459.00000", "2008-03-31": "476.00000", "2007-12-31": "584.09990", "2007-09-30": "453.10000", "2007-06-30": "461.80000", "2007-03-31": "452.00000", "2006-12-31": "483.10000", "2006-09-30": "364.20000", "2006-06-30": "377.60000", "2006-03-31": "275.10000", "2005-12-31": "383.40010", "2005-09-30": "325.30000", "2005-06-30": "421.80000", "2005-03-31": "450.10000"}, "Income From Discontinued Operations": {"2020-12-31": "", "2020-09-30": "", "2020-06-30": "", "2020-03-31": "", "2019-12-31": "", "2019-09-30": "", "2019-06-30": "", "2019-03-31": "", "2018-12-31": "", "2018-09-30": "", "2018-06-30": "", "2018-03-31": "", "2017-12-31": "", "2017-09-30": "", "2017-06-30": "", "2017-03-31": "", "2016-12-31": "", "2016-09-30": "", "2016-06-30": "", "2016-03-31": "", "2015-12-31": "", "2015-09-30": "", "2015-06-30": "", "2015-03-31": "", "2014-12-31": "-15.00000", "2014-09-30": "1.00000", "2014-06-30": "8.00000", "2014-03-31": "56.00000", "2013-12-31": "", "2013-09-30": "", "2013-06-30": "", "2013-03-31": "", "2012-12-31": "", "2012-09-30": "", "2012-06-30": "", "2012-03-31": "", "2011-12-31": "", "2011-09-30": "", "2011-06-30": "", "2011-03-31": "", "2010-12-31": "", "2010-09-30": "", "2010-06-30": "", "2010-03-31": "", "2009-12-31": "", "2009-09-30": "", "2009-06-30": "", "2009-03-31": "", "2008-12-31": "", "2008-09-30": "", "2008-06-30": "", "2008-03-31": "", "2007-12-31": "", "2007-09-30": "", "2007-06-30": "", "2007-03-31": "", "2006-12-31": "", "2006-09-30": "", "2006-06-30": "", "2006-03-31": "", "2005-12-31": "", "2005-09-30": "", "2005-06-30": "", "2005-03-31": ""}, "Net Income": {"2020-12-31": "539.00000", "2020-09-30": "472.00000", "2020-06-30": "681.00000", "2020-03-31": "660.00000", "2019-12-31": "547.00000", "2019-09-30": "671.00000", "2019-06-30": "485.00000", "2019-03-31": "454.00000", "2018-12-31": "411.00000", "2018-09-30": "451.00000", "2018-06-30": "455.00000", "2018-03-31": "93.00000", "2017-12-31": "617.00000", "2017-09-30": "567.00000", "2017-06-30": "531.00000", "2017-03-31": "563.00000", "2016-12-31": "505.00000", "2016-09-30": "550.00000", "2016-06-30": "566.00000", "2016-03-31": "545.00000", "2015-12-31": "333.00000", "2015-09-30": "517.00000", "2015-06-30": "-305.00000", "2015-03-31": "468.00000", "2014-12-31": "-83.00000", "2014-09-30": "562.00000", "2014-06-30": "509.00000", "2014-03-31": "538.00000", "2013-12-31": "539.00000", "2013-09-30": "546.00000", "2013-06-30": "526.00000", "2013-03-31": "531.00000", "2012-12-31": "267.00000", "2012-09-30": "517.00000", "2012-06-30": "498.00000", "2012-03-31": "468.00000", "2011-12-31": "401.00000", "2011-09-30": "432.00000", "2011-06-30": "408.00000", "2011-03-31": "350.00000", "2010-12-31": "492.00000", "2010-09-30": "469.00000", "2010-06-30": "498.00000", "2010-03-31": "384.00000", "2009-12-31": "492.00000", "2009-09-30": "582.00000", "2009-06-30": "403.00000", "2009-03-31": "407.00000", "2008-12-31": "419.00000", "2008-09-30": "413.00000", "2008-06-30": "417.00000", "2008-03-31": "441.00000", "2007-12-31": "456.10000", "2007-09-30": "453.10000", "2007-06-30": "461.80000", "2007-03-31": "452.00000", "2006-12-31": "483.10010", "2006-09-30": "364.20000", "2006-06-30": "377.60000", "2006-03-31": "275.10000", "2005-12-31": "371.10000", "2005-09-30": "325.30000", "2005-06-30": "421.80000", "2005-03-31": "450.10000"}, "EBITDA": {"2020-12-31": "", "2020-09-30": "858.00000", "2020-06-30": "1126.00000", "2020-03-31": "1117.00000", "2019-12-31": "968.00000", "2019-09-30": "1145.00000", "2019-06-30": "906.00000", "2019-03-31": "889.00000", "2018-12-31": "869.00000", "2018-09-30": "886.00000", "2018-06-30": "898.00000", "2018-03-31": "458.00000", "2017-12-31": "1012.00000", "2017-09-30": "1050.00000", "2017-06-30": "994.00000", "2017-03-31": "1026.00000", "2016-12-31": "1082.00000", "2016-09-30": "1015.00000", "2016-06-30": "1015.00000", "2016-03-31": "976.00000", "2015-12-31": "811.00000", "2015-09-30": "961.00000", "2015-06-30": "-355.00000", "2015-03-31": "942.00000", "2014-12-31": "365.00000", "2014-09-30": "1097.00000", "2014-06-30": "992.00000", "2014-03-31": "929.00000", "2013-12-31": "739.00000", "2013-09-30": "1015.00000", "2013-06-30": "1008.00000", "2013-03-31": "1004.00000", "2012-12-31": "355.00000", "2012-09-30": "993.00000", "2012-06-30": "968.00000", "2012-03-31": "918.00000", "2011-12-31": "881.00000", "2011-09-30": "953.00000", "2011-06-30": "912.00000", "2011-03-31": "787.00000", "2010-12-31": "905.00000", "2010-09-30": "903.00000", "2010-06-30": "920.00000", "2010-03-31": "858.00000", "2009-12-31": "937.00000", "2009-09-30": "1067.00000", "2009-06-30": "799.00000", "2009-03-31": "805.00000", "2008-12-31": "802.00000", "2008-09-30": "806.00000", "2008-06-30": "850.00000", "2008-03-31": "864.00000", "2007-12-31": "849.10100", "2007-09-30": "896.20000", "2007-06-30": "846.99990", "2007-03-31": "830.69960", "2006-12-31": "829.59960", "2006-09-30": "741.30020", "2006-06-30": "782.69960", "2006-03-31": "681.39990", "2005-12-31": "792.09950", "2005-09-30": "704.20010", "2005-06-30": "829.20000", "2005-03-31": "829.59990"}, "EBIT": {"2020-12-31": "749.00000", "2020-09-30": "666.00000", "2020-06-30": "925.00000", "2020-03-31": "904.00000", "2019-12-31": "751.00000", "2019-09-30": "915.00000", "2019-06-30": "670.00000", "2019-03-31": "655.00000", "2018-12-31": "639.00000", "2018-09-30": "669.00000", "2018-06-30": "674.00000", "2018-03-31": "247.00000", "2017-12-31": "828.00000", "2017-09-30": "868.00000", "2017-06-30": "814.00000", "2017-03-31": "848.00000", "2016-12-31": "905.00000", "2016-09-30": "836.00000", "2016-06-30": "838.00000", "2016-03-31": "804.00000", "2015-12-31": "630.00000", "2015-09-30": "779.00000", "2015-06-30": "-544.00000", "2015-03-31": "748.00000", "2014-12-31": "158.00000", "2014-09-30": "877.00000", "2014-06-30": "775.00000", "2014-03-31": "711.00000", "2013-12-31": "517.00000", "2013-09-30": "807.00000", "2013-06-30": "796.00000", "2013-03-31": "783.00000", "2012-12-31": "140.00000", "2012-09-30": "783.00000", "2012-06-30": "754.00000", "2012-03-31": "700.00000", "2011-12-31": "611.00000", "2011-09-30": "662.00000", "2011-06-30": "625.00000", "2011-03-31": "544.00000", "2010-12-31": "699.00000", "2010-09-30": "698.00000", "2010-06-30": "711.00000", "2010-03-31": "665.00000", "2009-12-31": "717.00000", "2009-09-30": "871.00000", "2009-06-30": "609.00000", "2009-03-31": "628.00000", "2008-12-31": "623.00000", "2008-09-30": "610.00000", "2008-06-30": "650.00000", "2008-03-31": "664.00000", "2007-12-31": "668.50050", "2007-09-30": "682.70000", "2007-06-30": "648.70000", "2007-03-31": "616.09960", "2006-12-31": "611.10030", "2006-09-30": "526.40010", "2006-06-30": "544.09960", "2006-03-31": "420.39990", "2005-12-31": "572.19870", "2005-09-30": "464.60010", "2005-06-30": "636.20000", "2005-03-31": "637.59990"}, "Basic Shares Outstanding": {"2020-12-31": "338.99370", "2020-09-30": "341.00000", "2020-06-30": "340.90000", "2020-03-31": "341.40000", "2019-12-31": "343.60000", "2019-09-30": "343.80000", "2019-06-30": "344.20000", "2019-03-31": "344.30000", "2018-12-31": "348.00000", "2018-09-30": "347.20000", "2018-06-30": "348.80000", "2018-03-31": "350.40000", "2017-12-31": "353.60000", "2017-09-30": "352.70000", "2017-06-30": "354.40000", "2017-03-31": "356.00000", "2016-12-31": "359.40000", "2016-09-30": "359.20000", "2016-06-30": "360.00000", "2016-03-31": "360.70000", "2015-12-31": "363.80000", "2015-09-30": "363.90000", "2015-06-30": "364.30000", "2015-03-31": "365.20000", "2014-12-31": "374.50000", "2014-09-30": "373.30000", "2014-06-30": "375.80000", "2014-03-31": "379.00000", "2013-12-31": "384.00000", "2013-09-30": "382.80000", "2013-06-30": "384.70000", "2013-03-31": "387.30000", "2012-12-31": "393.00000", "2012-09-30": "393.90000", "2012-06-30": "393.60000", "2012-03-31": "393.80000", "2011-12-31": "395.70000", "2011-09-30": "392.20000", "2011-06-30": "393.30000", "2011-03-31": "403.40000", "2010-12-31": "412.40000", "2010-09-30": "409.90000", "2010-06-30": "413.70000", "2010-03-31": "417.60000", "2009-12-31": "416.10000", "2009-09-30": "415.90000", "2009-06-30": "415.60000", "2009-03-31": "415.60000", "2008-12-31": "418.50000", "2008-09-30": "417.00000", "2008-06-30": "419.50000", "2008-03-31": "421.70000", "2007-12-31": "443.20000", "2007-09-30": "432.20000", "2007-06-30": "455.60000", "2007-03-31": "455.80000", "2006-12-31": "458.50000", "2006-09-30": "457.60000", "2006-06-30": "459.00000", "2006-03-31": "460.40000", "2005-12-31": "474.00000", "2005-09-30": "473.60000", "2005-06-30": "477.50000", "2005-03-31": "480.50000"}, "Shares Outstanding": {"2020-12-31": "341.10000", "2020-09-30": "342.30000", "2020-06-30": "341.90000", "2020-03-31": "344.10000", "2019-12-31": "345.60000", "2019-09-30": "345.90000", "2019-06-30": "346.00000", "2019-03-31": "346.00000", "2018-12-31": "349.60000", "2018-09-30": "348.80000", "2018-06-30": "350.30000", "2018-03-31": "352.60000", "2017-12-31": "355.90000", "2017-09-30": "354.80000", "2017-06-30": "356.70000", "2017-03-31": "358.60000", "2016-12-31": "361.70000", "2016-09-30": "361.50000", "2016-06-30": "362.40000", "2016-03-31": "363.40000", "2015-12-31": "366.30000", "2015-09-30": "366.20000", "2015-06-30": "366.70000", "2015-03-31": "367.90000", "2014-12-31": "377.40000", "2014-09-30": "375.90000", "2014-06-30": "378.40000", "2014-03-31": "382.10000", "2013-12-31": "387.30000", "2013-09-30": "385.80000", "2013-06-30": "387.80000", "2013-03-31": "390.50000", "2012-12-31": "396.10000", "2012-09-30": "396.70000", "2012-06-30": "396.50000", "2012-03-31": "397.10000", "2011-12-31": "398.60000", "2011-09-30": "395.20000", "2011-06-30": "396.00000", "2011-03-31": "405.90000", "2010-12-31": "414.40000", "2010-09-30": "412.60000", "2010-06-30": "415.60000", "2010-03-31": "419.30000", "2009-12-31": "416.80000", "2009-09-30": "416.80000", "2009-06-30": "415.90000", "2009-03-31": "415.90000", "2008-12-31": "419.60000", "2008-09-30": "418.10000", "2008-06-30": "421.00000", "2008-03-31": "423.60000", "2007-12-31": "446.30000", "2007-09-30": "436.00000", "2007-06-30": "459.60000", "2007-03-31": "459.90000", "2006-12-31": "461.60000", "2006-09-30": "459.80000", "2006-06-30": "460.80000", "2006-03-31": "461.80000", "2005-12-31": "477.40000", "2005-09-30": "476.80000", "2005-06-30": "481.20000", "2005-03-31": "484.60000"}, "Basic EPS": {"2020-12-31": "1.59000", "2020-09-30": "1.38000", "2020-06-30": "2.00000", "2020-03-31": "1.93000", "2019-12-31": "1.60000", "2019-09-30": "1.95000", "2019-06-30": "1.41000", "2019-03-31": "1.32000", "2018-12-31": "1.18000", "2018-09-30": "1.30000", "2018-06-30": "1.30000", "2018-03-31": "0.27000", "2017-12-31": "1.75000", "2017-09-30": "1.61000", "2017-06-30": "1.50000", "2017-03-31": "1.58000", "2016-12-31": "1.42000", "2016-09-30": "1.53000", "2016-06-30": "1.57000", "2016-03-31": "1.51000", "2015-12-31": "0.92000", "2015-09-30": "1.42000", "2015-06-30": "-0.84000", "2015-03-31": "1.28000", "2014-12-31": "-0.21000", "2014-09-30": "1.51000", "2014-06-30": "1.35000", "2014-03-31": "1.42000", "2013-12-31": "1.41000", "2013-09-30": "1.43000", "2013-06-30": "1.37000", "2013-03-31": "1.37000", "2012-12-31": "0.68000", "2012-09-30": "1.31000", "2012-06-30": "1.27000", "2012-03-31": "1.19000", "2011-12-31": "1.01000", "2011-09-30": "1.10000", "2011-06-30": "1.04000", "2011-03-31": "0.87000", "2010-12-31": "1.21000", "2010-09-30": "1.14000", "2010-06-30": "1.20000", "2010-03-31": "0.92000", "2009-12-31": "1.18000", "2009-09-30": "1.40000", "2009-06-30": "0.97000", "2009-03-31": "0.98000", "2008-12-31": "1.01000", "2008-09-30": "0.99000", "2008-06-30": "0.99000", "2008-03-31": "1.05000", "2007-12-31": "1.06000", "2007-09-30": "1.05000", "2007-06-30": "1.01000", "2007-03-31": "0.99000", "2006-12-31": "1.05000", "2006-09-30": "0.80000", "2006-06-30": "0.82000", "2006-03-31": "0.60000", "2005-12-31": "0.79000", "2005-09-30": "0.69000", "2005-06-30": "0.88000", "2005-03-31": "0.94000"}, "EPS - Earnings Per Share": {"2020-12-31": "1.58000", "2020-09-30": "1.38000", "2020-06-30": "1.99000", "2020-03-31": "1.92000", "2019-12-31": "1.59000", "2019-09-30": "1.94000", "2019-06-30": "1.40000", "2019-03-31": "1.31000", "2018-12-31": "1.18000", "2018-09-30": "1.29000", "2018-06-30": "1.30000", "2018-03-31": "0.26000", "2017-12-31": "1.74000", "2017-09-30": "1.60000", "2017-06-30": "1.49000", "2017-03-31": "1.57000", "2016-12-31": "1.41000", "2016-09-30": "1.52000", "2016-06-30": "1.56000", "2016-03-31": "1.50000", "2015-12-31": "0.92000", "2015-09-30": "1.41000", "2015-06-30": "-0.83000", "2015-03-31": "1.27000", "2014-12-31": "-0.22000", "2014-09-30": "1.50000", "2014-06-30": "1.35000", "2014-03-31": "1.41000", "2013-12-31": "1.39000", "2013-09-30": "1.42000", "2013-06-30": "1.36000", "2013-03-31": "1.36000", "2012-12-31": "0.68000", "2012-09-30": "1.30000", "2012-06-30": "1.26000", "2012-03-31": "1.18000", "2011-12-31": "1.01000", "2011-09-30": "1.09000", "2011-06-30": "1.03000", "2011-03-31": "0.86000", "2010-12-31": "1.19000", "2010-09-30": "1.14000", "2010-06-30": "1.20000", "2010-03-31": "0.92000", "2009-12-31": "1.17000", "2009-09-30": "1.40000", "2009-06-30": "0.97000", "2009-03-31": "0.98000", "2008-12-31": "1.01000", "2008-09-30": "0.99000", "2008-06-30": "0.99000", "2008-03-31": "1.04000", "2007-12-31": "1.06000", "2007-09-30": "1.04000", "2007-06-30": "1.00000", "2007-03-31": "0.98000", "2006-12-31": "1.04000", "2006-09-30": "0.79000", "2006-06-30": "0.82000", "2006-03-31": "0.60000", "2005-12-31": "0.79000", "2005-09-30": "0.68000", "2005-06-30": "0.88000", "2005-03-31": "0.93000"}}, "balance sheet": {"Cash On Hand": {"2020-12-31": "303.00000", "2019-12-31": "442.00000", "2018-12-31": "539.00000", "2017-12-31": "616.00000", "2016-12-31": "923.00000", "2015-12-31": "619.00000", "2014-12-31": "789.00000", "2013-12-31": "1054.00000", "2012-12-31": "1106.00000", "2011-12-31": "764.00000", "2010-12-31": "876.00000", "2009-12-31": "798.00000", "2008-12-31": "505.00000", "2007-12-31": "744.00000", "2006-12-31": "625.30000", "2005-12-31": "576.30000"}, "Receivables": {"2020-12-31": "2235.00000", "2019-12-31": "2263.00000", "2018-12-31": "2164.00000", "2017-12-31": "2315.00000", "2016-12-31": "2176.00000", "2015-12-31": "2281.00000", "2014-12-31": "2223.00000", "2013-12-31": "2545.00000", "2012-12-31": "2642.00000", "2011-12-31": "2602.00000", "2010-12-31": "2472.00000", "2009-12-31": "2566.00000", "2008-12-31": "2492.00000", "2007-12-31": "2561.00000", "2006-12-31": "2336.70000", "2005-12-31": "2101.90000"}, "Inventory": {"2020-12-31": "1903.00000", "2019-12-31": "1790.00000", "2018-12-31": "1813.00000", "2017-12-31": "1790.00000", "2016-12-31": "1679.00000", "2015-12-31": "1909.00000", "2014-12-31": "1892.00000", "2013-12-31": "2233.00000", "2012-12-31": "2348.00000", "2011-12-31": "2356.00000", "2010-12-31": "2373.00000", "2009-12-31": "2033.00000", "2008-12-31": "2493.00000", "2007-12-31": "2444.00000", "2006-12-31": "2004.50000", "2005-12-31": "1752.10000"}, "Pre-Paid Expenses": {"2020-12-31": "", "2019-12-31": "", "2018-12-31": "", "2017-12-31": "", "2016-12-31": "", "2015-12-31": "", "2014-12-31": "", "2013-12-31": "", "2012-12-31": "", "2011-12-31": "", "2010-12-31": "", "2009-12-31": "", "2008-12-31": "", "2007-12-31": "", "2006-12-31": "", "2005-12-31": ""}, "Other Current Assets": {"2020-12-31": "733.00000", "2019-12-31": "562.00000", "2018-12-31": "525.00000", "2017-12-31": "490.00000", "2016-12-31": "337.00000", "2015-12-31": "617.00000", "2014-12-31": "655.00000", "2013-12-31": "718.00000", "2012-12-31": "493.00000", "2011-12-31": "561.00000", "2010-12-31": "389.00000", "2009-12-31": "331.00000", "2008-12-31": "192.00000", "2007-12-31": "131.00000", "2006-12-31": "84.00000", "2005-12-31": "129.40000"}, "Total Current Assets": {"2020-12-31": "5174.00000", "2019-12-31": "5057.00000", "2018-12-31": "5041.00000", "2017-12-31": "5211.00000", "2016-12-31": "5115.00000", "2015-12-31": "5426.00000", "2014-12-31": "5559.00000", "2013-12-31": "6550.00000", "2012-12-31": "6589.00000", "2011-12-31": "6283.00000", "2010-12-31": "6328.00000", "2009-12-31": "5864.00000", "2008-12-31": "5813.00000", "2007-12-31": "6097.00000", "2006-12-31": "5269.70000", "2005-12-31": "4783.10000"}, "Property, Plant, And Equipment": {"2020-12-31": "8042.00000", "2019-12-31": "7450.00000", "2018-12-31": "7159.00000", "2017-12-31": "7436.00000", "2016-12-31": "7169.00000", "2015-12-31": "7104.00000", "2014-12-31": "7359.00000", "2013-12-31": "7948.00000", "2012-12-31": "8095.00000", "2011-12-31": "8049.00000", "2010-12-31": "8356.00000", "2009-12-31": "8033.00000", "2008-12-31": "7667.00000", "2007-12-31": "8094.00000", "2006-12-31": "7684.80000", "2005-12-31": "7494.70000"}, "Long-Term Investments": {"2020-12-31": "300.00000", "2019-12-31": "268.00000", "2018-12-31": "224.00000", "2017-12-31": "233.00000", "2016-12-31": "257.00000", "2015-12-31": "247.00000", "2014-12-31": "257.00000", "2013-12-31": "382.00000", "2012-12-31": "355.00000", "2011-12-31": "338.00000", "2010-12-31": "374.00000", "2009-12-31": "355.00000", "2008-12-31": "324.00000", "2007-12-31": "390.00000", "2006-12-31": "392.90000", "2005-12-31": "457.80000"}, "Goodwill And Intangible Assets": {"2020-12-31": "2727.00000", "2019-12-31": "1467.00000", "2018-12-31": "1474.00000", "2017-12-31": "1576.00000", "2016-12-31": "1480.00000", "2015-12-31": "1446.00000", "2014-12-31": "1628.00000", "2013-12-31": "3424.00000", "2012-12-31": "3583.00000", "2011-12-31": "3605.00000", "2010-12-31": "3690.00000", "2009-12-31": "3585.00000", "2008-12-31": "2743.00000", "2007-12-31": "2942.00000", "2006-12-31": "2860.50000", "2005-12-31": "2685.60000"}, "Other Long-Term Assets": {"2020-12-31": "1280.00000", "2019-12-31": "1041.00000", "2018-12-31": "620.00000", "2017-12-31": "695.00000", "2016-12-31": "581.00000", "2015-12-31": "619.00000", "2014-12-31": "723.00000", "2013-12-31": "615.00000", "2012-12-31": "856.00000", "2011-12-31": "704.00000", "2010-12-31": "723.00000", "2009-12-31": "765.00000", "2008-12-31": "939.00000", "2007-12-31": "917.00000", "2006-12-31": "859.10000", "2005-12-31": "882.00000"}, "Total Long-Term Assets": {"2020-12-31": "12349.00000", "2019-12-31": "10226.00000", "2018-12-31": "9477.00000", "2017-12-31": "9940.00000", "2016-12-31": "9487.00000", "2015-12-31": "9416.00000", "2014-12-31": "9967.00000", "2013-12-31": "12369.00000", "2012-12-31": "13284.00000", "2011-12-31": "13090.00000", "2010-12-31": "13536.00000", "2009-12-31": "13345.00000", "2008-12-31": "12276.00000", "2007-12-31": "12343.00000", "2006-12-31": "11797.30000", "2005-12-31": "11520.10000"}, "Total Assets": {"2020-12-31": "17523.00000", "2019-12-31": "15283.00000", "2018-12-31": "14518.00000", "2017-12-31": "15151.00000", "2016-12-31": "14602.00000", "2015-12-31": "14842.00000", "2014-12-31": "15526.00000", "2013-12-31": "18919.00000", "2012-12-31": "19873.00000", "2011-12-31": "19373.00000", "2010-12-31": "19864.00000", "2009-12-31": "19209.00000", "2008-12-31": "18089.00000", "2007-12-31": "18440.00000", "2006-12-31": "17067.00000", "2005-12-31": "16303.20000"}, "Total Current Liabilities": {"2020-12-31": "6443.00000", "2019-12-31": "6919.00000", "2018-12-31": "6536.00000", "2017-12-31": "5858.00000", "2016-12-31": "5846.00000", "2015-12-31": "6349.00000", "2014-12-31": "6226.00000", "2013-12-31": "5848.00000", "2012-12-31": "6091.00000", "2011-12-31": "5397.00000", "2010-12-31": "5338.00000", "2009-12-31": "4923.00000", "2008-12-31": "4752.00000", "2007-12-31": "4929.00000", "2006-12-31": "5015.80000", "2005-12-31": "4642.90000"}, "Long Term Debt": {"2020-12-31": "7878.00000", "2019-12-31": "6213.00000", "2018-12-31": "6247.00000", "2017-12-31": "6472.00000", "2016-12-31": "6439.00000", "2015-12-31": "6106.00000", "2014-12-31": "5630.00000", "2013-12-31": "5386.00000", "2012-12-31": "5070.00000", "2011-12-31": "5426.00000", "2010-12-31": "5120.00000", "2009-12-31": "4792.00000", "2008-12-31": "4882.00000", "2007-12-31": "4394.00000", "2006-12-31": "2276.00000", "2005-12-31": "2594.70000"}, "Other Non-Current Liabilities": {"2020-12-31": "718.00000", "2019-12-31": "520.00000", "2018-12-31": "328.00000", "2017-12-31": "299.00000", "2016-12-31": "309.00000", "2015-12-31": "380.00000", "2014-12-31": "319.00000", "2013-12-31": "344.00000", "2012-12-31": "396.00000", "2011-12-31": "1014.00000", "2010-12-31": "853.00000", "2009-12-31": "218.00000", "2008-12-31": "187.00000", "2007-12-31": "187.00000", "2006-12-31": "183.10000", "2005-12-31": ""}, "Total Long Term Liabilities": {"2020-12-31": "10211.00000", "2019-12-31": "8170.00000", "2018-12-31": "8028.00000", "2017-12-31": "8411.00000", "2016-12-31": "8639.00000", "2015-12-31": "8453.00000", "2014-12-31": "8301.00000", "2013-12-31": "7931.00000", "2012-12-31": "8495.00000", "2011-12-31": "8447.00000", "2010-12-31": "8324.00000", "2009-12-31": "8596.00000", "2008-12-31": "9076.00000", "2007-12-31": "8287.00000", "2006-12-31": "5953.80000", "2005-12-31": "6102.10000"}, "Total Liabilities": {"2020-12-31": "16654.00000", "2019-12-31": "15089.00000", "2018-12-31": "14564.00000", "2017-12-31": "14269.00000", "2016-12-31": "14485.00000", "2015-12-31": "14802.00000", "2014-12-31": "14527.00000", "2013-12-31": "13779.00000", "2012-12-31": "14586.00000", "2011-12-31": "13844.00000", "2010-12-31": "13662.00000", "2009-12-31": "13519.00000", "2008-12-31": "13828.00000", "2007-12-31": "13216.00000", "2006-12-31": "10969.60000", "2005-12-31": "10745.00000"}, "Common Stock Net": {"2020-12-31": "", "2019-12-31": "473.00000", "2018-12-31": "473.00000", "2017-12-31": "473.00000", "2016-12-31": "473.00000", "2015-12-31": "473.00000", "2014-12-31": "536.00000", "2013-12-31": "536.00000", "2012-12-31": "536.00000", "2011-12-31": "536.00000", "2010-12-31": "598.00000", "2009-12-31": "598.00000", "2008-12-31": "598.00000", "2007-12-31": "598.00000", "2006-12-31": "598.30000", "2005-12-31": "710.80000"}, "Retained Earnings (Accumulated Deficit)": {"2020-12-31": "", "2019-12-31": "6686.00000", "2018-12-31": "5947.00000", "2017-12-31": "5769.00000", "2016-12-31": "5831.00000", "2015-12-31": "4994.00000", "2014-12-31": "8470.00000", "2013-12-31": "9714.00000", "2012-12-31": "8823.00000", "2011-12-31": "8244.00000", "2010-12-31": "11086.00000", "2009-12-31": "10329.00000", "2008-12-31": "9465.00000", "2007-12-31": "8748.00000", "2006-12-31": "7895.60000", "2005-12-31": "12581.40000"}, "Comprehensive Income": {"2020-12-31": "", "2019-12-31": "-3294.00000", "2018-12-31": "-3299.00000", "2017-12-31": "-2919.00000", "2016-12-31": "-3474.00000", "2015-12-31": "-3278.00000", "2014-12-31": "-3312.00000", "2013-12-31": "-2242.00000", "2012-12-31": "-2059.00000", "2011-12-31": "-1866.00000", "2010-12-31": "-1466.00000", "2009-12-31": "-1833.00000", "2008-12-31": "-2386.00000", "2007-12-31": "-791.00000", "2006-12-31": "-1432.20000", "2005-12-31": "-1669.40000"}, "Other Share Holders Equity": {"2020-12-31": "", "2019-12-31": "", "2018-12-31": "", "2017-12-31": "", "2016-12-31": "", "2015-12-31": "", "2014-12-31": "", "2013-12-31": "", "2012-12-31": "", "2011-12-31": "", "2010-12-31": "", "2009-12-31": "", "2008-12-31": "", "2007-12-31": "", "2006-12-31": "", "2005-12-31": ""}, "Share Holder Equity": {"2020-12-31": "869.00000", "2019-12-31": "194.00000", "2018-12-31": "-46.00000", "2017-12-31": "882.00000", "2016-12-31": "117.00000", "2015-12-31": "40.00000", "2014-12-31": "999.00000", "2013-12-31": "5140.00000", "2012-12-31": "5287.00000", "2011-12-31": "5529.00000", "2010-12-31": "6202.00000", "2009-12-31": "5690.00000", "2008-12-31": "4261.00000", "2007-12-31": "5224.00000", "2006-12-31": "6097.40000", "2005-12-31": "5558.20000"}, "Total Liabilities And Share Holders Equity": {"2020-12-31": "17523.00000", "2019-12-31": "15283.00000", "2018-12-31": "14518.00000", "2017-12-31": "15151.00000", "2016-12-31": "14602.00000", "2015-12-31": "14842.00000", "2014-12-31": "15526.00000", "2013-12-31": "18919.00000", "2012-12-31": "19873.00000", "2011-12-31": "19373.00000", "2010-12-31": "19864.00000", "2009-12-31": "19209.00000", "2008-12-31": "18089.00000", "2007-12-31": "18440.00000", "2006-12-31": "17067.00000", "2005-12-31": "16303.20000"}}, "balance sheet, quarterly": {"Cash On Hand": {"2020-12-31": "303.00000", "2020-09-30": "1518.00000", "2020-06-30": "1448.00000", "2020-03-31": "979.00000", "2019-12-31": "442.00000", "2019-09-30": "416.00000", "2019-06-30": "534.00000", "2019-03-31": "491.00000", "2018-12-31": "539.00000", "2018-09-30": "494.00000", "2018-06-30": "484.00000", "2018-03-31": "626.00000", "2017-12-31": "616.00000", "2017-09-30": "655.00000", "2017-06-30": "1051.00000", "2017-03-31": "835.00000", "2016-12-31": "923.00000", "2016-09-30": "884.00000", "2016-06-30": "656.00000", "2016-03-31": "635.00000", "2015-12-31": "619.00000", "2015-09-30": "643.00000", "2015-06-30": "603.00000", "2015-03-31": "587.00000", "2014-12-31": "789.00000", "2014-09-30": "1431.00000", "2014-06-30": "1369.00000", "2014-03-31": "1165.00000", "2013-12-31": "1054.00000", "2013-09-30": "1179.00000", "2013-06-30": "1160.00000", "2013-03-31": "1109.00000", "2012-12-31": "1106.00000", "2012-09-30": "1249.00000", "2012-06-30": "994.00000", "2012-03-31": "785.00000", "2011-12-31": "764.00000", "2011-09-30": "1232.00000", "2011-06-30": "908.00000", "2011-03-31": "585.00000", "2010-12-31": "876.00000", "2010-09-30": "533.00000", "2010-06-30": "585.00000", "2010-03-31": "669.00000", "2009-12-31": "798.00000", "2009-09-30": "750.00000", "2009-06-30": "591.00000", "2009-03-31": "592.00000", "2008-12-31": "505.00000", "2008-09-30": "524.10000", "2008-06-30": "545.80000", "2008-03-31": "524.70000", "2007-12-31": "744.00000", "2007-09-30": "539.60000", "2007-06-30": "457.00000", "2007-03-31": "342.00000", "2006-12-31": "625.30000", "2006-09-30": "399.20000", "2006-06-30": "337.40000", "2006-03-31": "389.20000", "2005-12-31": "576.30000", "2005-09-30": "313.40000", "2005-06-30": "466.10000", "2005-03-31": "833.50000"}, "Receivables": {"2020-12-31": "2235.00000", "2020-09-30": "2125.00000", "2020-06-30": "2024.00000", "2020-03-31": "2519.00000", "2019-12-31": "2263.00000", "2019-09-30": "2306.00000", "2019-06-30": "2397.00000", "2019-03-31": "2377.00000", "2018-12-31": "2164.00000", "2018-09-30": "2308.00000", "2018-06-30": "2286.00000", "2018-03-31": "2470.00000", "2017-12-31": "2315.00000", "2017-09-30": "2360.00000", "2017-06-30": "2221.00000", "2017-03-31": "2224.00000", "2016-12-31": "2176.00000", "2016-09-30": "2222.00000", "2016-06-30": "2249.00000", "2016-03-31": "2255.00000", "2015-12-31": "2281.00000", "2015-09-30": "2284.00000", "2015-06-30": "2286.00000", "2015-03-31": "2244.00000", "2014-12-31": "2223.00000", "2014-09-30": "2542.00000", "2014-06-30": "2595.00000", "2014-03-31": "2618.00000", "2013-12-31": "2545.00000", "2013-09-30": "2502.00000", "2013-06-30": "2490.00000", "2013-03-31": "2717.00000", "2012-12-31": "2642.00000", "2012-09-30": "2734.00000", "2012-06-30": "2681.00000", "2012-03-31": "2672.00000", "2011-12-31": "2602.00000", "2011-09-30": "2434.00000", "2011-06-30": "2537.00000", "2011-03-31": "2696.00000", "2010-12-31": "2472.00000", "2010-09-30": "2413.00000", "2010-06-30": "2390.00000", "2010-03-31": "2557.00000", "2009-12-31": "2566.00000", "2009-09-30": "2449.00000", "2009-06-30": "2331.00000", "2009-03-31": "2385.00000", "2008-12-31": "2492.00000", "2008-09-30": "2478.10000", "2008-06-30": "2599.00000", "2008-03-31": "2606.80000", "2007-12-31": "2561.00000", "2007-09-30": "2516.90000", "2007-06-30": "2401.60000", "2007-03-31": "2296.70000", "2006-12-31": "2336.70000", "2006-09-30": "2192.60000", "2006-06-30": "2219.90000", "2006-03-31": "2147.90000", "2005-12-31": "2101.90000", "2005-09-30": "1980.40000", "2005-06-30": "1985.40000", "2005-03-31": "1944.20000"}, "Inventory": {"2020-12-31": "1903.00000", "2020-09-30": "1787.00000", "2020-06-30": "1825.00000", "2020-03-31": "1539.00000", "2019-12-31": "1790.00000", "2019-09-30": "1779.00000", "2019-06-30": "1856.00000", "2019-03-31": "1857.00000", "2018-12-31": "1813.00000", "2018-09-30": "1770.00000", "2018-06-30": "1750.00000", "2018-03-31": "1778.00000", "2017-12-31": "1790.00000", "2017-09-30": "1748.00000", "2017-06-30": "1738.00000", "2017-03-31": "1728.00000", "2016-12-31": "1679.00000", "2016-09-30": "1736.00000", "2016-06-30": "1807.00000", "2016-03-31": "1902.00000", "2015-12-31": "1909.00000", "2015-09-30": "1883.00000", "2015-06-30": "1948.00000", "2015-03-31": "1893.00000", "2014-12-31": "1892.00000", "2014-09-30": "2281.00000", "2014-06-30": "2358.00000", "2014-03-31": "2285.00000", "2013-12-31": "2233.00000", "2013-09-30": "2245.00000", "2013-06-30": "2327.00000", "2013-03-31": "2364.00000", "2012-12-31": "2348.00000", "2012-09-30": "2373.00000", "2012-06-30": "2368.00000", "2012-03-31": "2354.00000", "2011-12-31": "2356.00000", "2011-09-30": "2421.00000", "2011-06-30": "2521.00000", "2011-03-31": "2400.00000", "2010-12-31": "2373.00000", "2010-09-30": "2402.00000", "2010-06-30": "2233.00000", "2010-03-31": "2104.00000", "2009-12-31": "2033.00000", "2009-09-30": "2014.00000", "2009-06-30": "2058.00000", "2009-03-31": "2187.00000", "2008-12-31": "2493.00000", "2008-09-30": "2569.80000", "2008-06-30": "2629.80000", "2008-03-31": "2612.60000", "2007-12-31": "2444.00000", "2007-09-30": "2386.30000", "2007-06-30": "2243.50000", "2007-03-31": "2085.80000", "2006-12-31": "2004.50000", "2006-09-30": "1888.30000", "2006-06-30": "1868.80000", "2006-03-31": "1810.40000", "2005-12-31": "1752.10000", "2005-09-30": "1726.10000", "2005-06-30": "1730.90000", "2005-03-31": "1682.00000"}, "Pre-Paid Expenses": {"2020-12-31": "", "2020-09-30": "", "2020-06-30": "", "2020-03-31": "", "2019-12-31": "", "2019-09-30": "", "2019-06-30": "", "2019-03-31": "", "2018-12-31": "", "2018-09-30": "", "2018-06-30": "", "2018-03-31": "", "2017-12-31": "", "2017-09-30": "", "2017-06-30": "", "2017-03-31": "", "2016-12-31": "", "2016-09-30": "", "2016-06-30": "", "2016-03-31": "", "2015-12-31": "", "2015-09-30": "", "2015-06-30": "", "2015-03-31": "", "2014-12-31": "", "2014-09-30": "", "2014-06-30": "", "2014-03-31": "", "2013-12-31": "", "2013-09-30": "", "2013-06-30": "", "2013-03-31": "", "2012-12-31": "", "2012-09-30": "", "2012-06-30": "", "2012-03-31": "", "2011-12-31": "", "2011-09-30": "", "2011-06-30": "", "2011-03-31": "", "2010-12-31": "", "2010-09-30": "", "2010-06-30": "", "2010-03-31": "", "2009-12-31": "", "2009-09-30": "", "2009-06-30": "", "2009-03-31": "", "2008-12-31": "", "2008-09-30": "", "2008-06-30": "", "2008-03-31": "", "2007-12-31": "", "2007-09-30": "", "2007-06-30": "", "2007-03-31": "", "2006-12-31": "", "2006-09-30": "", "2006-06-30": "", "2006-03-31": "", "2005-12-31": "", "2005-09-30": "", "2005-06-30": "", "2005-03-31": ""}, "Other Current Assets": {"2020-12-31": "733.00000", "2020-09-30": "645.00000", "2020-06-30": "607.00000", "2020-03-31": "609.00000", "2019-12-31": "562.00000", "2019-09-30": "563.00000", "2019-06-30": "534.00000", "2019-03-31": "530.00000", "2018-12-31": "525.00000", "2018-09-30": "536.00000", "2018-06-30": "508.00000", "2018-03-31": "498.00000", "2017-12-31": "490.00000", "2017-09-30": "463.00000", "2017-06-30": "380.00000", "2017-03-31": "325.00000", "2016-12-31": "337.00000", "2016-09-30": "418.00000", "2016-06-30": "402.00000", "2016-03-31": "359.00000", "2015-12-31": "617.00000", "2015-09-30": "632.00000", "2015-06-30": "681.00000", "2015-03-31": "659.00000", "2014-12-31": "655.00000", "2014-09-30": "667.00000", "2014-06-30": "750.00000", "2014-03-31": "580.00000", "2013-12-31": "718.00000", "2013-09-30": "572.00000", "2013-06-30": "754.00000", "2013-03-31": "524.00000", "2012-12-31": "493.00000", "2012-09-30": "570.00000", "2012-06-30": "549.00000", "2012-03-31": "506.00000", "2011-12-31": "561.00000", "2011-09-30": "452.00000", "2011-06-30": "536.00000", "2011-03-31": "400.00000", "2010-12-31": "389.00000", "2010-09-30": "526.00000", "2010-06-30": "413.00000", "2010-03-31": "389.00000", "2009-12-31": "331.00000", "2009-09-30": "571.00000", "2009-06-30": "484.00000", "2009-03-31": "341.00000", "2008-12-31": "192.00000", "2008-09-30": "470.80000", "2008-06-30": "536.40000", "2008-03-31": "509.00000", "2007-12-31": "131.00000", "2007-09-30": "568.90000", "2007-06-30": "552.80000", "2007-03-31": "510.40000", "2006-12-31": "84.00000", "2006-09-30": "560.70000", "2006-06-30": "558.40000", "2006-03-31": "552.80000", "2005-12-31": "129.40000", "2005-09-30": "577.30000", "2005-06-30": "663.00000", "2005-03-31": "683.20000"}, "Total Current Assets": {"2020-12-31": "5174.00000", "2020-09-30": "6075.00000", "2020-06-30": "5904.00000", "2020-03-31": "5646.00000", "2019-12-31": "5057.00000", "2019-09-30": "5064.00000", "2019-06-30": "5321.00000", "2019-03-31": "5255.00000", "2018-12-31": "5041.00000", "2018-09-30": "5108.00000", "2018-06-30": "5028.00000", "2018-03-31": "5372.00000", "2017-12-31": "5211.00000", "2017-09-30": "5226.00000", "2017-06-30": "5390.00000", "2017-03-31": "5112.00000", "2016-12-31": "5115.00000", "2016-09-30": "5260.00000", "2016-06-30": "5114.00000", "2016-03-31": "5151.00000", "2015-12-31": "5426.00000", "2015-09-30": "5442.00000", "2015-06-30": "5518.00000", "2015-03-31": "5383.00000", "2014-12-31": "5559.00000", "2014-09-30": "6921.00000", "2014-06-30": "7072.00000", "2014-03-31": "6648.00000", "2013-12-31": "6550.00000", "2013-09-30": "6894.00000", "2013-06-30": "6731.00000", "2013-03-31": "6714.00000", "2012-12-31": "6589.00000", "2012-09-30": "6926.00000", "2012-06-30": "6592.00000", "2012-03-31": "6317.00000", "2011-12-31": "6283.00000", "2011-09-30": "6539.00000", "2011-06-30": "6722.00000", "2011-03-31": "6300.00000", "2010-12-31": "6328.00000", "2010-09-30": "6092.00000", "2010-06-30": "5621.00000", "2010-03-31": "5719.00000", "2009-12-31": "5864.00000", "2009-09-30": "5784.00000", "2009-06-30": "5464.00000", "2009-03-31": "5505.00000", "2008-12-31": "5813.00000", "2008-09-30": "6042.80000", "2008-06-30": "6311.00000", "2008-03-31": "6253.10000", "2007-12-31": "6097.00000", "2007-09-30": "6011.70000", "2007-06-30": "5654.90000", "2007-03-31": "5234.90000", "2006-12-31": "5269.70000", "2006-09-30": "5040.80000", "2006-06-30": "4984.50000", "2006-03-31": "4900.30000", "2005-12-31": "4783.10000", "2005-09-30": "4597.20000", "2005-06-30": "4845.40000", "2005-03-31": "5142.90000"}, "Property, Plant, And Equipment": {"2020-12-31": "8042.00000", "2020-09-30": "7497.00000", "2020-06-30": "7366.00000", "2020-03-31": "7226.00000", "2019-12-31": "7450.00000", "2019-09-30": "7158.00000", "2019-06-30": "7207.00000", "2019-03-31": "7139.00000", "2018-12-31": "7159.00000", "2018-09-30": "7030.00000", "2018-06-30": "7046.00000", "2018-03-31": "7328.00000", "2017-12-31": "7436.00000", "2017-09-30": "7317.00000", "2017-06-30": "7246.00000", "2017-03-31": "7251.00000", "2016-12-31": "7169.00000", "2016-09-30": "7198.00000", "2016-06-30": "7188.00000", "2016-03-31": "7188.00000", "2015-12-31": "7104.00000", "2015-09-30": "7066.00000", "2015-06-30": "7251.00000", "2015-03-31": "7160.00000", "2014-12-31": "7359.00000", "2014-09-30": "7692.00000", "2014-06-30": "7847.00000", "2014-03-31": "7841.00000", "2013-12-31": "7948.00000", "2013-09-30": "7871.00000", "2013-06-30": "7834.00000", "2013-03-31": "7979.00000", "2012-12-31": "8095.00000", "2012-09-30": "8099.00000", "2012-06-30": "7977.00000", "2012-03-31": "8118.00000", "2011-12-31": "8049.00000", "2011-09-30": "8047.00000", "2011-06-30": "8414.00000", "2011-03-31": "8413.00000", "2010-12-31": "8356.00000", "2010-09-30": "8188.00000", "2010-06-30": "7856.00000", "2010-03-31": "7958.00000", "2009-12-31": "8033.00000", "2009-09-30": "7926.00000", "2009-06-30": "7808.00000", "2009-03-31": "7482.00000", "2008-12-31": "7667.00000", "2008-09-30": "7848.70000", "2008-06-30": "8228.10000", "2008-03-31": "8230.30000", "2007-12-31": "8094.00000", "2007-09-30": "7976.00000", "2007-06-30": "7870.50000", "2007-03-31": "7734.40000", "2006-12-31": "7684.80000", "2006-09-30": "7481.00000", "2006-06-30": "7455.50000", "2006-03-31": "7398.10000", "2005-12-31": "7494.70000", "2005-09-30": "7529.30000", "2005-06-30": "7671.80000", "2005-03-31": "7832.40000"}, "Long-Term Investments": {"2020-12-31": "300.00000", "2020-09-30": "333.00000", "2020-06-30": "319.00000", "2020-03-31": "314.00000", "2019-12-31": "268.00000", "2019-09-30": "294.00000", "2019-06-30": "249.00000", "2019-03-31": "246.00000", "2018-12-31": "224.00000", "2018-09-30": "251.00000", "2018-06-30": "257.00000", "2018-03-31": "260.00000", "2017-12-31": "233.00000", "2017-09-30": "272.00000", "2017-06-30": "283.00000", "2017-03-31": "284.00000", "2016-12-31": "257.00000", "2016-09-30": "289.00000", "2016-06-30": "287.00000", "2016-03-31": "284.00000", "2015-12-31": "247.00000", "2015-09-30": "279.00000", "2015-06-30": "286.00000", "2015-03-31": "290.00000", "2014-12-31": "257.00000", "2014-09-30": "335.00000", "2014-06-30": "349.00000", "2014-03-31": "419.00000", "2013-12-31": "382.00000", "2013-09-30": "429.00000", "2013-06-30": "429.00000", "2013-03-31": "428.00000", "2012-12-31": "355.00000", "2012-09-30": "398.00000", "2012-06-30": "390.00000", "2012-03-31": "395.00000", "2011-12-31": "338.00000", "2011-09-30": "372.00000", "2011-06-30": "420.00000", "2011-03-31": "413.00000", "2010-12-31": "374.00000", "2010-09-30": "402.00000", "2010-06-30": "394.00000", "2010-03-31": "398.00000", "2009-12-31": "355.00000", "2009-09-30": "368.00000", "2009-06-30": "369.00000", "2009-03-31": "350.00000", "2008-12-31": "324.00000", "2008-09-30": "418.20000", "2008-06-30": "422.80000", "2008-03-31": "428.60000", "2007-12-31": "390.00000", "2007-09-30": "427.50000", "2007-06-30": "445.10000", "2007-03-31": "427.60000", "2006-12-31": "392.90000", "2006-09-30": "494.20000", "2006-06-30": "479.60000", "2006-03-31": "487.30000", "2005-12-31": "457.80000", "2005-09-30": "475.30000", "2005-06-30": "479.90000", "2005-03-31": "466.30000"}, "Goodwill And Intangible Assets": {"2020-12-31": "2727.00000", "2020-09-30": "1418.00000", "2020-06-30": "1401.00000", "2020-03-31": "1361.00000", "2019-12-31": "1467.00000", "2019-09-30": "1438.00000", "2019-06-30": "1478.00000", "2019-03-31": "1476.00000", "2018-12-31": "1474.00000", "2018-09-30": "1480.00000", "2018-06-30": "1504.00000", "2018-03-31": "1576.00000", "2017-12-31": "1576.00000", "2017-09-30": "1581.00000", "2017-06-30": "1527.00000", "2017-03-31": "1528.00000", "2016-12-31": "1480.00000", "2016-09-30": "1518.00000", "2016-06-30": "1507.00000", "2016-03-31": "1498.00000", "2015-12-31": "1446.00000", "2015-09-30": "1435.00000", "2015-06-30": "1553.00000", "2015-03-31": "1538.00000", "2014-12-31": "1628.00000", "2014-09-30": "3344.00000", "2014-06-30": "3462.00000", "2014-03-31": "3442.00000", "2013-12-31": "3424.00000", "2013-09-30": "3480.00000", "2013-06-30": "3424.00000", "2013-03-31": "3562.00000", "2012-12-31": "3583.00000", "2012-09-30": "3578.00000", "2012-06-30": "3563.00000", "2012-03-31": "3633.00000", "2011-12-31": "3605.00000", "2011-09-30": "3321.00000", "2011-06-30": "3486.00000", "2011-03-31": "3426.00000", "2010-12-31": "3690.00000", "2010-09-30": "3348.00000", "2010-06-30": "3212.00000", "2010-03-31": "3277.00000", "2009-12-31": "3585.00000", "2009-09-30": "3073.00000", "2009-06-30": "2981.00000", "2009-03-31": "2712.00000", "2008-12-31": "2743.00000", "2008-09-30": "2907.00000", "2008-06-30": "3097.10000", "2008-03-31": "3013.50000", "2007-12-31": "2942.00000", "2007-09-30": "3028.80000", "2007-06-30": "2955.70000", "2007-03-31": "2900.30000", "2006-12-31": "2860.50000", "2006-09-30": "2731.90000", "2006-06-30": "2734.80000", "2006-03-31": "2703.90000", "2005-12-31": "2685.60000", "2005-09-30": "2718.20000", "2005-06-30": "2710.40000", "2005-03-31": "2688.40000"}, "Other Long-Term Assets": {"2020-12-31": "1280.00000", "2020-09-30": "1208.00000", "2020-06-30": "1183.00000", "2020-03-31": "1130.00000", "2019-12-31": "1041.00000", "2019-09-30": "1079.00000", "2019-06-30": "1092.00000", "2019-03-31": "1088.00000", "2018-12-31": "620.00000", "2018-09-30": "714.00000", "2018-06-30": "729.00000", "2018-03-31": "767.00000", "2017-12-31": "695.00000", "2017-09-30": "653.00000", "2017-06-30": "624.00000", "2017-03-31": "583.00000", "2016-12-31": "581.00000", "2016-09-30": "634.00000", "2016-06-30": "674.00000", "2016-03-31": "699.00000", "2015-12-31": "619.00000", "2015-09-30": "706.00000", "2015-06-30": "738.00000", "2015-03-31": "682.00000", "2014-12-31": "723.00000", "2014-09-30": "584.00000", "2014-06-30": "647.00000", "2014-03-31": "652.00000", "2013-12-31": "615.00000", "2013-09-30": "690.00000", "2013-06-30": "701.00000", "2013-03-31": "668.00000", "2012-12-31": "856.00000", "2012-09-30": "641.00000", "2012-06-30": "680.00000", "2012-03-31": "700.00000", "2011-12-31": "704.00000", "2011-09-30": "957.00000", "2011-06-30": "1045.00000", "2011-03-31": "1047.00000", "2010-12-31": "723.00000", "2010-09-30": "1064.00000", "2010-06-30": "1021.00000", "2010-03-31": "1037.00000", "2009-12-31": "765.00000", "2009-09-30": "831.00000", "2009-06-30": "919.00000", "2009-03-31": "920.00000", "2008-12-31": "939.00000", "2008-09-30": "882.30000", "2008-06-30": "966.80000", "2008-03-31": "986.90000", "2007-12-31": "917.00000", "2007-09-30": "880.30000", "2007-06-30": "920.40000", "2007-03-31": "884.40000", "2006-12-31": "859.10000", "2006-09-30": "877.90000", "2006-06-30": "880.50000", "2006-03-31": "901.90000", "2005-12-31": "882.00000", "2005-09-30": "969.20000", "2005-06-30": "897.70000", "2005-03-31": "904.10000"}, "Total Long-Term Assets": {"2020-12-31": "12349.00000", "2020-09-30": "10456.00000", "2020-06-30": "10269.00000", "2020-03-31": "10031.00000", "2019-12-31": "10226.00000", "2019-09-30": "9969.00000", "2019-06-30": "10026.00000", "2019-03-31": "9949.00000", "2018-12-31": "9477.00000", "2018-09-30": "9475.00000", "2018-06-30": "9536.00000", "2018-03-31": "9931.00000", "2017-12-31": "9940.00000", "2017-09-30": "9823.00000", "2017-06-30": "9680.00000", "2017-03-31": "9646.00000", "2016-12-31": "9487.00000", "2016-09-30": "9639.00000", "2016-06-30": "9656.00000", "2016-03-31": "9669.00000", "2015-12-31": "9416.00000", "2015-09-30": "9486.00000", "2015-06-30": "9828.00000", "2015-03-31": "9670.00000", "2014-12-31": "9967.00000", "2014-09-30": "11955.00000", "2014-06-30": "12305.00000", "2014-03-31": "12354.00000", "2013-12-31": "12369.00000", "2013-09-30": "12470.00000", "2013-06-30": "12783.00000", "2013-03-31": "13032.00000", "2012-12-31": "13284.00000", "2012-09-30": "13111.00000", "2012-06-30": "13004.00000", "2012-03-31": "13240.00000", "2011-12-31": "13090.00000", "2011-09-30": "13091.00000", "2011-06-30": "13758.00000", "2011-03-31": "13692.00000", "2010-12-31": "13536.00000", "2010-09-30": "13394.00000", "2010-06-30": "13092.00000", "2010-03-31": "13278.00000", "2009-12-31": "13345.00000", "2009-09-30": "12804.00000", "2009-06-30": "12682.00000", "2009-03-31": "12068.00000", "2008-12-31": "12276.00000", "2008-09-30": "12658.40000", "2008-06-30": "13314.50000", "2008-03-31": "12659.30000", "2007-12-31": "12343.00000", "2007-09-30": "12312.60000", "2007-06-30": "12191.70000", "2007-03-31": "11946.70000", "2006-12-31": "11797.30000", "2006-09-30": "11585.00000", "2006-06-30": "11550.40000", "2006-03-31": "11491.20000", "2005-12-31": "11520.10000", "2005-09-30": "11692.00000", "2005-06-30": "11759.80000", "2005-03-31": "11891.20000"}, "Total Assets": {"2020-12-31": "17523.00000", "2020-09-30": "16531.00000", "2020-06-30": "16173.00000", "2020-03-31": "15677.00000", "2019-12-31": "15283.00000", "2019-09-30": "15033.00000", "2019-06-30": "15347.00000", "2019-03-31": "15204.00000", "2018-12-31": "14518.00000", "2018-09-30": "14583.00000", "2018-06-30": "14564.00000", "2018-03-31": "15303.00000", "2017-12-31": "15151.00000", "2017-09-30": "15049.00000", "2017-06-30": "15070.00000", "2017-03-31": "14758.00000", "2016-12-31": "14602.00000", "2016-09-30": "14899.00000", "2016-06-30": "14770.00000", "2016-03-31": "14820.00000", "2015-12-31": "14842.00000", "2015-09-30": "14928.00000", "2015-06-30": "15346.00000", "2015-03-31": "15053.00000", "2014-12-31": "15526.00000", "2014-09-30": "18876.00000", "2014-06-30": "19377.00000", "2014-03-31": "19002.00000", "2013-12-31": "18919.00000", "2013-09-30": "19364.00000", "2013-06-30": "19514.00000", "2013-03-31": "19746.00000", "2012-12-31": "19873.00000", "2012-09-30": "20037.00000", "2012-06-30": "19596.00000", "2012-03-31": "19557.00000", "2011-12-31": "19373.00000", "2011-09-30": "19630.00000", "2011-06-30": "20480.00000", "2011-03-31": "19992.00000", "2010-12-31": "19864.00000", "2010-09-30": "19486.00000", "2010-06-30": "18713.00000", "2010-03-31": "18997.00000", "2009-12-31": "19209.00000", "2009-09-30": "18588.00000", "2009-06-30": "18146.00000", "2009-03-31": "17573.00000", "2008-12-31": "18089.00000", "2008-09-30": "18701.20000", "2008-06-30": "19625.50000", "2008-03-31": "18912.40000", "2007-12-31": "18440.00000", "2007-09-30": "18324.30000", "2007-06-30": "17846.60000", "2007-03-31": "17181.60000", "2006-12-31": "17067.00000", "2006-09-30": "16625.80000", "2006-06-30": "16534.90000", "2006-03-31": "16391.50000", "2005-12-31": "16303.20000", "2005-09-30": "16289.20000", "2005-06-30": "16605.20000", "2005-03-31": "17034.10000"}, "Total Current Liabilities": {"2020-12-31": "6443.00000", "2020-09-30": "6102.00000", "2020-06-30": "6494.00000", "2020-03-31": "6483.00000", "2019-12-31": "6919.00000", "2019-09-30": "6782.00000", "2019-06-30": "6585.00000", "2019-03-31": "7197.00000", "2018-12-31": "6536.00000", "2018-09-30": "6805.00000", "2018-06-30": "6655.00000", "2018-03-31": "6674.00000", "2017-12-31": "5858.00000", "2017-09-30": "5412.00000", "2017-06-30": "5889.00000", "2017-03-31": "5864.00000", "2016-12-31": "5846.00000", "2016-09-30": "5720.00000", "2016-06-30": "5228.00000", "2016-03-31": "5391.00000", "2015-12-31": "6349.00000", "2015-09-30": "6201.00000", "2015-06-30": "6765.00000", "2015-03-31": "6186.00000", "2014-12-31": "6226.00000", "2014-09-30": "6260.00000", "2014-06-30": "6050.00000", "2014-03-31": "6259.00000", "2013-12-31": "5848.00000", "2013-09-30": "5780.00000", "2013-06-30": "6170.00000", "2013-03-31": "6851.00000", "2012-12-31": "6091.00000", "2012-09-30": "6025.00000", "2012-06-30": "5133.00000", "2012-03-31": "5249.00000", "2011-12-31": "5397.00000", "2011-09-30": "5816.00000", "2011-06-30": "6188.00000", "2011-03-31": "5792.00000", "2010-12-31": "5338.00000", "2010-09-30": "5159.00000", "2010-06-30": "5456.00000", "2010-03-31": "5256.00000", "2009-12-31": "4923.00000", "2009-09-30": "5312.00000", "2009-06-30": "4306.00000", "2009-03-31": "4780.00000", "2008-12-31": "4752.00000", "2008-09-30": "5655.50000", "2008-06-30": "5214.50000", "2008-03-31": "5040.10000", "2007-12-31": "4929.00000", "2007-09-30": "5068.50000", "2007-06-30": "4919.30000", "2007-03-31": "4613.00000", "2006-12-31": "5015.80000", "2006-09-30": "4883.20000", "2006-06-30": "4551.90000", "2006-03-31": "4643.90000", "2005-12-31": "4642.90000", "2005-09-30": "4144.60000", "2005-06-30": "4389.40000", "2005-03-31": "4642.90000"}, "Long Term Debt": {"2020-12-31": "7878.00000", "2020-09-30": "7851.00000", "2020-06-30": "7223.00000", "2020-03-31": "7210.00000", "2019-12-31": "6213.00000", "2019-09-30": "6198.00000", "2019-06-30": "6701.00000", "2019-03-31": "5990.00000", "2018-12-31": "6247.00000", "2018-09-30": "5739.00000", "2018-06-30": "5746.00000", "2018-03-31": "6081.00000", "2017-12-31": "6472.00000", "2017-09-30": "7057.00000", "2017-06-30": "6777.00000", "2017-03-31": "6425.00000", "2016-12-31": "6439.00000", "2016-09-30": "6443.00000", "2016-06-30": "6905.00000", "2016-03-31": "6904.00000", "2015-12-31": "6106.00000", "2015-09-30": "6125.00000", "2015-06-30": "5544.00000", "2015-03-31": "6119.00000", "2014-12-31": "5630.00000", "2014-09-30": "5633.00000", "2014-06-30": "5964.00000", "2014-03-31": "5385.00000", "2013-12-31": "5386.00000", "2013-09-30": "5388.00000", "2013-06-30": "5387.00000", "2013-03-31": "4571.00000", "2012-12-31": "5070.00000", "2012-09-30": "5130.00000", "2012-06-30": "5695.00000", "2012-03-31": "5707.00000", "2011-12-31": "5426.00000", "2011-09-30": "5422.00000", "2011-06-30": "5424.00000", "2011-03-31": "5406.00000", "2010-12-31": "5120.00000", "2010-09-30": "4710.00000", "2010-06-30": "4442.00000", "2010-03-31": "4387.00000", "2009-12-31": "4792.00000", "2009-09-30": "4442.00000", "2009-06-30": "5490.00000", "2009-03-31": "4875.00000", "2008-12-31": "4882.00000", "2008-09-30": "4369.50000", "2008-06-30": "4995.50000", "2008-03-31": "4442.60000", "2007-12-31": "4394.00000", "2007-09-30": "4379.30000", "2007-06-30": "2278.40000", "2007-03-31": "2277.00000", "2006-12-31": "2276.00000", "2006-09-30": "2272.10000", "2006-06-30": "2539.30000", "2006-03-31": "2570.40000", "2005-12-31": "2594.70000", "2005-09-30": "2625.10000", "2005-06-30": "2306.10000", "2005-03-31": "2278.70000"}, "Other Non-Current Liabilities": {"2020-12-31": "718.00000", "2020-09-30": "599.00000", "2020-06-30": "546.00000", "2020-03-31": "538.00000", "2019-12-31": "520.00000", "2019-09-30": "540.00000", "2019-06-30": "571.00000", "2019-03-31": "617.00000", "2018-12-31": "328.00000", "2018-09-30": "369.00000", "2018-06-30": "366.00000", "2018-03-31": "359.00000", "2017-12-31": "299.00000", "2017-09-30": "305.00000", "2017-06-30": "296.00000", "2017-03-31": "314.00000", "2016-12-31": "309.00000", "2016-09-30": "332.00000", "2016-06-30": "331.00000", "2016-03-31": "371.00000", "2015-12-31": "380.00000", "2015-09-30": "316.00000", "2015-06-30": "337.00000", "2015-03-31": "315.00000", "2014-12-31": "319.00000", "2014-09-30": "371.00000", "2014-06-30": "351.00000", "2014-03-31": "334.00000", "2013-12-31": "344.00000", "2013-09-30": "946.00000", "2013-06-30": "1018.00000", "2013-03-31": "922.00000", "2012-12-31": "396.00000", "2012-09-30": "1086.00000", "2012-06-30": "1032.00000", "2012-03-31": "993.00000", "2011-12-31": "1014.00000", "2011-09-30": "501.00000", "2011-06-30": "507.00000", "2011-03-31": "539.00000", "2010-12-31": "853.00000", "2010-09-30": "440.00000", "2010-06-30": "378.00000", "2010-03-31": "408.00000", "2009-12-31": "218.00000", "2009-09-30": "313.00000", "2009-06-30": "356.00000", "2009-03-31": "340.00000", "2008-12-31": "187.00000", "2008-09-30": "360.70000", "2008-06-30": "375.80000", "2008-03-31": "451.40000", "2007-12-31": "187.00000", "2007-09-30": "531.00000", "2007-06-30": "617.40000", "2007-03-31": "569.10000", "2006-12-31": "183.10000", "2006-09-30": "", "2006-06-30": "", "2006-03-31": "", "2005-12-31": "", "2005-09-30": "", "2005-06-30": "", "2005-03-31": ""}, "Total Long Term Liabilities": {"2020-12-31": "10211.00000", "2020-09-30": "9852.00000", "2020-06-30": "9184.00000", "2020-03-31": "9148.00000", "2019-12-31": "8170.00000", "2019-09-30": "8163.00000", "2019-06-30": "8712.00000", "2019-03-31": "8089.00000", "2018-12-31": "8028.00000", "2018-09-30": "7666.00000", "2018-06-30": "7731.00000", "2018-03-31": "8074.00000", "2017-12-31": "8411.00000", "2017-09-30": "9139.00000", "2017-06-30": "8850.00000", "2017-03-31": "8532.00000", "2016-12-31": "8639.00000", "2016-09-30": "8628.00000", "2016-06-30": "9118.00000", "2016-03-31": "9100.00000", "2015-12-31": "8453.00000", "2015-09-30": "8451.00000", "2015-06-30": "7837.00000", "2015-03-31": "8455.00000", "2014-12-31": "8301.00000", "2014-09-30": "8068.00000", "2014-06-30": "8431.00000", "2014-03-31": "7818.00000", "2013-12-31": "7931.00000", "2013-09-30": "8608.00000", "2013-06-30": "8684.00000", "2013-03-31": "7910.00000", "2012-12-31": "8495.00000", "2012-09-30": "8173.00000", "2012-06-30": "8739.00000", "2012-03-31": "8670.00000", "2011-12-31": "8447.00000", "2011-09-30": "8351.00000", "2011-06-30": "8435.00000", "2011-03-31": "8479.00000", "2010-12-31": "8324.00000", "2010-09-30": "8393.00000", "2010-06-30": "7970.00000", "2010-03-31": "8063.00000", "2009-12-31": "8596.00000", "2009-09-30": "7777.00000", "2009-06-30": "9063.00000", "2009-03-31": "8980.00000", "2008-12-31": "9076.00000", "2008-09-30": "8050.70000", "2008-06-30": "8807.60100", "2008-03-31": "8304.10100", "2007-12-31": "8287.00000", "2007-09-30": "8258.89900", "2007-06-30": "6232.20000", "2007-03-31": "6213.60000", "2006-12-31": "5953.80000", "2006-09-30": "5775.60100", "2006-06-30": "6097.80000", "2006-03-31": "6075.60000", "2005-12-31": "6102.10000", "2005-09-30": "6112.80000", "2005-06-30": "5829.60000", "2005-03-31": "5890.90000"}, "Total Liabilities": {"2020-12-31": "16654.00000", "2020-09-30": "15954.00000", "2020-06-30": "15678.00000", "2020-03-31": "15631.00000", "2019-12-31": "15089.00000", "2019-09-30": "14945.00000", "2019-06-30": "15297.00000", "2019-03-31": "15286.00000", "2018-12-31": "14564.00000", "2018-09-30": "14471.00000", "2018-06-30": "14386.00000", "2018-03-31": "14748.00000", "2017-12-31": "14269.00000", "2017-09-30": "14551.00000", "2017-06-30": "14739.00000", "2017-03-31": "14396.00000", "2016-12-31": "14485.00000", "2016-09-30": "14348.00000", "2016-06-30": "14346.00000", "2016-03-31": "14491.00000", "2015-12-31": "14802.00000", "2015-09-30": "14652.00000", "2015-06-30": "14602.00000", "2015-03-31": "14641.00000", "2014-12-31": "14527.00000", "2014-09-30": "14328.00000", "2014-06-30": "14481.00000", "2014-03-31": "14077.00000", "2013-12-31": "13779.00000", "2013-09-30": "14388.00000", "2013-06-30": "14854.00000", "2013-03-31": "14761.00000", "2012-12-31": "14586.00000", "2012-09-30": "14198.00000", "2012-06-30": "13872.00000", "2012-03-31": "13919.00000", "2011-12-31": "13844.00000", "2011-09-30": "14167.00000", "2011-06-30": "14623.00000", "2011-03-31": "14271.00000", "2010-12-31": "13662.00000", "2010-09-30": "13552.00000", "2010-06-30": "13426.00000", "2010-03-31": "13319.00000", "2009-12-31": "13519.00000", "2009-09-30": "13089.00000", "2009-06-30": "13369.00000", "2009-03-31": "13760.00000", "2008-12-31": "13828.00000", "2008-09-30": "13706.20000", "2008-06-30": "14022.10000", "2008-03-31": "13344.20000", "2007-12-31": "13216.00000", "2007-09-30": "13327.40000", "2007-06-30": "11151.50000", "2007-03-31": "10826.60000", "2006-12-31": "10969.60000", "2006-09-30": "10658.80000", "2006-06-30": "10649.70000", "2006-03-31": "10719.50000", "2005-12-31": "10745.00000", "2005-09-30": "10257.40000", "2005-06-30": "10219.00000", "2005-03-31": "10533.80000"}, "Common Stock Net": {"2020-12-31": "", "2020-09-30": "473.00000", "2020-06-30": "473.00000", "2020-03-31": "473.00000", "2019-12-31": "473.00000", "2019-09-30": "473.00000", "2019-06-30": "473.00000", "2019-03-31": "", "2018-12-31": "473.00000", "2018-09-30": "", "2018-06-30": "", "2018-03-31": "", "2017-12-31": "473.00000", "2017-09-30": "", "2017-06-30": "", "2017-03-31": "", "2016-12-31": "473.00000", "2016-09-30": "", "2016-06-30": "", "2016-03-31": "", "2015-12-31": "473.00000", "2015-09-30": "", "2015-06-30": "", "2015-03-31": "", "2014-12-31": "536.00000", "2014-09-30": "", "2014-06-30": "", "2014-03-31": "", "2013-12-31": "536.00000", "2013-09-30": "", "2013-06-30": "", "2013-03-31": "", "2012-12-31": "536.00000", "2012-09-30": "", "2012-06-30": "", "2012-03-31": "", "2011-12-31": "536.00000", "2011-09-30": "", "2011-06-30": "", "2011-03-31": "", "2010-12-31": "598.00000", "2010-09-30": "", "2010-06-30": "", "2010-03-31": "", "2009-12-31": "598.00000", "2009-09-30": "", "2009-06-30": "", "2009-03-31": "", "2008-12-31": "598.00000", "2008-09-30": "", "2008-06-30": "", "2008-03-31": "", "2007-12-31": "598.00000", "2007-09-30": "", "2007-06-30": "", "2007-03-31": "", "2006-12-31": "598.30000", "2006-09-30": "", "2006-06-30": "", "2006-03-31": "", "2005-12-31": "710.80000", "2005-09-30": "", "2005-06-30": "", "2005-03-31": ""}, "Retained Earnings (Accumulated Deficit)": {"2020-12-31": "", "2020-09-30": "7395.00000", "2020-06-30": "7299.00000", "2020-03-31": "6978.00000", "2019-12-31": "6686.00000", "2019-09-30": "6485.00000", "2019-06-30": "6170.00000", "2019-03-31": "", "2018-12-31": "5947.00000", "2018-09-30": "", "2018-06-30": "", "2018-03-31": "", "2017-12-31": "5769.00000", "2017-09-30": "", "2017-06-30": "", "2017-03-31": "", "2016-12-31": "5831.00000", "2016-09-30": "", "2016-06-30": "", "2016-03-31": "", "2015-12-31": "4994.00000", "2015-09-30": "", "2015-06-30": "", "2015-03-31": "", "2014-12-31": "8470.00000", "2014-09-30": "", "2014-06-30": "", "2014-03-31": "", "2013-12-31": "9714.00000", "2013-09-30": "", "2013-06-30": "", "2013-03-31": "", "2012-12-31": "8823.00000", "2012-09-30": "", "2012-06-30": "", "2012-03-31": "", "2011-12-31": "8244.00000", "2011-09-30": "", "2011-06-30": "", "2011-03-31": "", "2010-12-31": "11086.00000", "2010-09-30": "", "2010-06-30": "", "2010-03-31": "", "2009-12-31": "10329.00000", "2009-09-30": "", "2009-06-30": "", "2009-03-31": "", "2008-12-31": "9465.00000", "2008-09-30": "", "2008-06-30": "", "2008-03-31": "", "2007-12-31": "8748.00000", "2007-09-30": "", "2007-06-30": "", "2007-03-31": "", "2006-12-31": "7895.60000", "2006-09-30": "", "2006-06-30": "", "2006-03-31": "", "2005-12-31": "12581.40000", "2005-09-30": "", "2005-06-30": "", "2005-03-31": ""}, "Comprehensive Income": {"2020-12-31": "", "2020-09-30": "-3482.00000", "2020-06-30": "-3513.00000", "2020-03-31": "-3615.00000", "2019-12-31": "-3294.00000", "2019-09-30": "-3412.00000", "2019-06-30": "-3269.00000", "2019-03-31": "", "2018-12-31": "-3299.00000", "2018-09-30": "", "2018-06-30": "", "2018-03-31": "", "2017-12-31": "-2919.00000", "2017-09-30": "", "2017-06-30": "", "2017-03-31": "", "2016-12-31": "-3474.00000", "2016-09-30": "", "2016-06-30": "", "2016-03-31": "", "2015-12-31": "-3278.00000", "2015-09-30": "", "2015-06-30": "", "2015-03-31": "", "2014-12-31": "-3312.00000", "2014-09-30": "", "2014-06-30": "", "2014-03-31": "", "2013-12-31": "-2242.00000", "2013-09-30": "", "2013-06-30": "", "2013-03-31": "", "2012-12-31": "-2059.00000", "2012-09-30": "", "2012-06-30": "", "2012-03-31": "", "2011-12-31": "-1866.00000", "2011-09-30": "", "2011-06-30": "", "2011-03-31": "", "2010-12-31": "-1466.00000", "2010-09-30": "", "2010-06-30": "", "2010-03-31": "", "2009-12-31": "-1833.00000", "2009-09-30": "", "2009-06-30": "", "2009-03-31": "", "2008-12-31": "-2386.00000", "2008-09-30": "", "2008-06-30": "", "2008-03-31": "", "2007-12-31": "-791.00000", "2007-09-30": "", "2007-06-30": "", "2007-03-31": "", "2006-12-31": "-1432.20000", "2006-09-30": "", "2006-06-30": "", "2006-03-31": "", "2005-12-31": "-1669.40000", "2005-09-30": "", "2005-06-30": "", "2005-03-31": ""}, "Other Share Holders Equity": {"2020-12-31": "", "2020-09-30": "", "2020-06-30": "", "2020-03-31": "", "2019-12-31": "", "2019-09-30": "", "2019-06-30": "", "2019-03-31": "", "2018-12-31": "", "2018-09-30": "", "2018-06-30": "", "2018-03-31": "", "2017-12-31": "", "2017-09-30": "", "2017-06-30": "", "2017-03-31": "", "2016-12-31": "", "2016-09-30": "", "2016-06-30": "", "2016-03-31": "", "2015-12-31": "", "2015-09-30": "", "2015-06-30": "", "2015-03-31": "", "2014-12-31": "", "2014-09-30": "", "2014-06-30": "", "2014-03-31": "", "2013-12-31": "", "2013-09-30": "", "2013-06-30": "", "2013-03-31": "", "2012-12-31": "", "2012-09-30": "", "2012-06-30": "", "2012-03-31": "", "2011-12-31": "", "2011-09-30": "", "2011-06-30": "", "2011-03-31": "", "2010-12-31": "", "2010-09-30": "", "2010-06-30": "", "2010-03-31": "", "2009-12-31": "", "2009-09-30": "", "2009-06-30": "", "2009-03-31": "", "2008-12-31": "", "2008-09-30": "", "2008-06-30": "", "2008-03-31": "", "2007-12-31": "", "2007-09-30": "", "2007-06-30": "", "2007-03-31": "", "2006-12-31": "", "2006-09-30": "", "2006-06-30": "", "2006-03-31": "", "2005-12-31": "", "2005-09-30": "", "2005-06-30": "", "2005-03-31": ""}, "Share Holder Equity": {"2020-12-31": "869.00000", "2020-09-30": "577.00000", "2020-06-30": "495.00000", "2020-03-31": "46.00000", "2019-12-31": "194.00000", "2019-09-30": "88.00000", "2019-06-30": "50.00000", "2019-03-31": "-82.00000", "2018-12-31": "-46.00000", "2018-09-30": "112.00000", "2018-06-30": "178.00000", "2018-03-31": "555.00000", "2017-12-31": "882.00000", "2017-09-30": "498.00000", "2017-06-30": "331.00000", "2017-03-31": "362.00000", "2016-12-31": "117.00000", "2016-09-30": "551.00000", "2016-06-30": "424.00000", "2016-03-31": "329.00000", "2015-12-31": "40.00000", "2015-09-30": "276.00000", "2015-06-30": "744.00000", "2015-03-31": "412.00000", "2014-12-31": "999.00000", "2014-09-30": "4548.00000", "2014-06-30": "4896.00000", "2014-03-31": "4925.00000", "2013-12-31": "5140.00000", "2013-09-30": "4976.00000", "2013-06-30": "4660.00000", "2013-03-31": "4985.00000", "2012-12-31": "5287.00000", "2012-09-30": "5839.00000", "2012-06-30": "5724.00000", "2012-03-31": "5638.00000", "2011-12-31": "5529.00000", "2011-09-30": "5463.00000", "2011-06-30": "5857.00000", "2011-03-31": "5721.00000", "2010-12-31": "6202.00000", "2010-09-30": "5934.00000", "2010-06-30": "5287.00000", "2010-03-31": "5678.00000", "2009-12-31": "5690.00000", "2009-09-30": "5499.00000", "2009-06-30": "4777.00000", "2009-03-31": "3813.00000", "2008-12-31": "4261.00000", "2008-09-30": "4995.00000", "2008-06-30": "5603.40000", "2008-03-31": "5568.20000", "2007-12-31": "5224.00000", "2007-09-30": "4996.90000", "2007-06-30": "6695.10000", "2007-03-31": "6355.00000", "2006-12-31": "6097.40000", "2006-09-30": "5967.00000", "2006-06-30": "5885.20000", "2006-03-31": "5672.00000", "2005-12-31": "5558.20000", "2005-09-30": "6031.80000", "2005-06-30": "6386.20000", "2005-03-31": "6500.30000"}, "Total Liabilities And Share Holders Equity": {"2020-12-31": "17523.00000", "2020-09-30": "16531.00000", "2020-06-30": "16173.00000", "2020-03-31": "15677.00000", "2019-12-31": "15283.00000", "2019-09-30": "15033.00000", "2019-06-30": "15347.00000", "2019-03-31": "15204.00000", "2018-12-31": "14518.00000", "2018-09-30": "14583.00000", "2018-06-30": "14564.00000", "2018-03-31": "15303.00000", "2017-12-31": "15151.00000", "2017-09-30": "15049.00000", "2017-06-30": "15070.00000", "2017-03-31": "14758.00000", "2016-12-31": "14602.00000", "2016-09-30": "14899.00000", "2016-06-30": "14770.00000", "2016-03-31": "14820.00000", "2015-12-31": "14842.00000", "2015-09-30": "14928.00000", "2015-06-30": "15346.00000", "2015-03-31": "15053.00000", "2014-12-31": "15526.00000", "2014-09-30": "18876.00000", "2014-06-30": "19377.00000", "2014-03-31": "19002.00000", "2013-12-31": "18919.00000", "2013-09-30": "19364.00000", "2013-06-30": "19514.00000", "2013-03-31": "19746.00000", "2012-12-31": "19873.00000", "2012-09-30": "20037.00000", "2012-06-30": "19596.00000", "2012-03-31": "19557.00000", "2011-12-31": "19373.00000", "2011-09-30": "19630.00000", "2011-06-30": "20480.00000", "2011-03-31": "19992.00000", "2010-12-31": "19864.00000", "2010-09-30": "19486.00000", "2010-06-30": "18713.00000", "2010-03-31": "18997.00000", "2009-12-31": "19209.00000", "2009-09-30": "18588.00000", "2009-06-30": "18146.00000", "2009-03-31": "17573.00000", "2008-12-31": "18089.00000", "2008-09-30": "18701.20000", "2008-06-30": "19625.50000", "2008-03-31": "18912.40000", "2007-12-31": "18440.00000", "2007-09-30": "18324.30000", "2007-06-30": "17846.60000", "2007-03-31": "17181.60000", "2006-12-31": "17067.00000", "2006-09-30": "16625.80000", "2006-06-30": "16534.90000", "2006-03-31": "16391.50000", "2005-12-31": "16303.20000", "2005-09-30": "16289.20000", "2005-06-30": "16605.20000", "2005-03-31": "17034.10000"}}, "cash flow statement": {"Net Income/Loss": {"2020-12-31": "2396.00000", "2019-12-31": "2197.00000", "2018-12-31": "1445.00000", "2017-12-31": "2319.00000", "2016-12-31": "2219.00000", "2015-12-31": "1066.00000", "2014-12-31": "1595.00000", "2013-12-31": "2221.00000", "2012-12-31": "1828.00000", "2011-12-31": "1684.00000", "2010-12-31": "1943.00000", "2009-12-31": "1994.00000", "2008-12-31": "1829.00000", "2007-12-31": "1951.00000", "2006-12-31": "1500.00000", "2005-12-31": "1580.60000"}, "Total Depreciation And Amortization - Cash Flow": {"2020-12-31": "796.00000", "2019-12-31": "917.00000", "2018-12-31": "882.00000", "2017-12-31": "724.00000", "2016-12-31": "705.00000", "2015-12-31": "746.00000", "2014-12-31": "862.00000", "2013-12-31": "863.00000", "2012-12-31": "857.00000", "2011-12-31": "1091.00000", "2010-12-31": "813.00000", "2009-12-31": "783.00000", "2008-12-31": "775.00000", "2007-12-31": "807.00000", "2006-12-31": "933.00000", "2005-12-31": "844.50000"}, "Other Non-Cash Items": {"2020-12-31": "219.00000", "2019-12-31": "-61.00000", "2018-12-31": "162.00000", "2017-12-31": "56.00000", "2016-12-31": "16.00000", "2015-12-31": "893.00000", "2014-12-31": "41.00000", "2013-12-31": "105.00000", "2012-12-31": "477.00000", "2011-12-31": "-223.00000", "2010-12-31": "-107.00000", "2009-12-31": "-399.00000", "2008-12-31": "185.00000", "2007-12-31": "-36.00000", "2006-12-31": "131.00000", "2005-12-31": "119.20000"}, "Total Non-Cash Items": {"2020-12-31": "1015.00000", "2019-12-31": "856.00000", "2018-12-31": "1044.00000", "2017-12-31": "780.00000", "2016-12-31": "721.00000", "2015-12-31": "1639.00000", "2014-12-31": "903.00000", "2013-12-31": "968.00000", "2012-12-31": "1334.00000", "2011-12-31": "868.00000", "2010-12-31": "706.00000", "2009-12-31": "384.00000", "2008-12-31": "960.00000", "2007-12-31": "771.00000", "2006-12-31": "1064.00000", "2005-12-31": "963.70000"}, "Change In Accounts Receivable": {"2020-12-31": "", "2019-12-31": "-116.00000", "2018-12-31": "33.00000", "2017-12-31": "-44.00000", "2016-12-31": "-23.00000", "2015-12-31": "60.00000", "2014-12-31": "267.00000", "2013-12-31": "4.00000", "2012-12-31": "", "2011-12-31": "-169.00000", "2010-12-31": "45.00000", "2009-12-31": "", "2008-12-31": "", "2007-12-31": "", "2006-12-31": "", "2005-12-31": "-41.90000"}, "Change In Inventories": {"2020-12-31": "", "2019-12-31": "24.00000", "2018-12-31": "-127.00000", "2017-12-31": "-33.00000", "2016-12-31": "230.00000", "2015-12-31": "-28.00000", "2014-12-31": "12.00000", "2013-12-31": "100.00000", "2012-12-31": "", "2011-12-31": "9.00000", "2010-12-31": "-341.00000", "2009-12-31": "", "2008-12-31": "", "2007-12-31": "", "2006-12-31": "", "2005-12-31": "-81.10000"}, "Change In Accounts Payable": {"2020-12-31": "", "2019-12-31": "-153.00000", "2018-12-31": "392.00000", "2017-12-31": "174.00000", "2016-12-31": "-61.00000", "2015-12-31": "44.00000", "2014-12-31": "-30.00000", "2013-12-31": "128.00000", "2012-12-31": "", "2011-12-31": "161.00000", "2010-12-31": "263.00000", "2009-12-31": "", "2008-12-31": "", "2007-12-31": "", "2006-12-31": "", "2005-12-31": "51.10000"}, "Change In Assets/Liabilities": {"2020-12-31": "363.00000", "2019-12-31": "-48.00000", "2018-12-31": "-88.00000", "2017-12-31": "33.00000", "2016-12-31": "41.00000", "2015-12-31": "-330.00000", "2014-12-31": "316.00000", "2013-12-31": "-87.00000", "2012-12-31": "119.00000", "2011-12-31": "-65.00000", "2010-12-31": "-1.00000", "2009-12-31": "1105.00000", "2008-12-31": "-335.00000", "2007-12-31": "-330.00000", "2006-12-31": "5.00000", "2005-12-31": "-118.90000"}, "Total Change In Assets/Liabilities": {"2020-12-31": "363.00000", "2019-12-31": "-288.00000", "2018-12-31": "389.00000", "2017-12-31": "-148.00000", "2016-12-31": "334.00000", "2015-12-31": "-445.00000", "2014-12-31": "286.00000", "2013-12-31": "-122.00000", "2012-12-31": "119.00000", "2011-12-31": "-262.00000", "2010-12-31": "24.00000", "2009-12-31": "1105.00000", "2008-12-31": "-335.00000", "2007-12-31": "-330.00000", "2006-12-31": "5.00000", "2005-12-31": "-180.10000"}, "Cash Flow From Operating Activities": {"2020-12-31": "3729.00000", "2019-12-31": "2736.00000", "2018-12-31": "2970.00000", "2017-12-31": "2929.00000", "2016-12-31": "3232.00000", "2015-12-31": "2306.00000", "2014-12-31": "2845.00000", "2013-12-31": "3040.00000", "2012-12-31": "3288.00000", "2011-12-31": "2288.00000", "2010-12-31": "2744.00000", "2009-12-31": "3481.00000", "2008-12-31": "2516.00000", "2007-12-31": "2429.00000", "2006-12-31": "2580.00000", "2005-12-31": "2311.80000"}, "Net Change In Property, Plant, And Equipment": {"2020-12-31": "-1186.00000", "2019-12-31": "-967.00000", "2018-12-31": "-826.00000", "2017-12-31": "-782.00000", "2016-12-31": "-748.00000", "2015-12-31": "-1056.00000", "2014-12-31": "-1039.00000", "2013-12-31": "-824.00000", "2012-12-31": "-1084.00000", "2011-12-31": "-917.00000", "2010-12-31": "-955.00000", "2009-12-31": "-823.00000", "2008-12-31": "-878.00000", "2007-12-31": "-892.00000", "2006-12-31": "-928.00000", "2005-12-31": "-662.80000"}, "Net Change In Intangible Assets": {"2020-12-31": "", "2019-12-31": "", "2018-12-31": "", "2017-12-31": "", "2016-12-31": "", "2015-12-31": "", "2014-12-31": "", "2013-12-31": "", "2012-12-31": "", "2011-12-31": "", "2010-12-31": "", "2009-12-31": "", "2008-12-31": "", "2007-12-31": "", "2006-12-31": "", "2005-12-31": ""}, "Net Acquisitions/Divestitures": {"2020-12-31": "-1083.00000", "2019-12-31": "", "2018-12-31": "", "2017-12-31": "", "2016-12-31": "", "2015-12-31": "", "2014-12-31": "", "2013-12-31": "-32.00000", "2012-12-31": "-5.00000", "2011-12-31": "", "2010-12-31": "", "2009-12-31": "-458.00000", "2008-12-31": "-98.00000", "2007-12-31": "-16.00000", "2006-12-31": "-100.00000", "2005-12-31": "-17.40000"}, "Net Change In Short-term Investments": {"2020-12-31": "-63.00000", "2019-12-31": "-26.00000", "2018-12-31": "-81.00000", "2017-12-31": "-31.00000", "2016-12-31": "-33.00000", "2015-12-31": "18.00000", "2014-12-31": "88.00000", "2013-12-31": "1.00000", "2012-12-31": "-117.00000", "2011-12-31": "-17.00000", "2010-12-31": "117.00000", "2009-12-31": "-47.00000", "2008-12-31": "67.00000", "2007-12-31": "-23.00000", "2006-12-31": "-56.00000", "2005-12-31": "73.50000"}, "Net Change In Long-Term Investments": {"2020-12-31": "", "2019-12-31": "", "2018-12-31": "", "2017-12-31": "", "2016-12-31": "", "2015-12-31": "", "2014-12-31": "127.00000", "2013-12-31": "26.00000", "2012-12-31": "23.00000", "2011-12-31": "28.00000", "2010-12-31": "47.00000", "2009-12-31": "40.00000", "2008-12-31": "48.00000", "2007-12-31": "59.00000", "2006-12-31": "46.00000", "2005-12-31": "27.30000"}, "Net Change In Investments - Total": {"2020-12-31": "-63.00000", "2019-12-31": "-26.00000", "2018-12-31": "-81.00000", "2017-12-31": "-31.00000", "2016-12-31": "-33.00000", "2015-12-31": "18.00000", "2014-12-31": "215.00000", "2013-12-31": "27.00000", "2012-12-31": "-94.00000", "2011-12-31": "11.00000", "2010-12-31": "164.00000", "2009-12-31": "-7.00000", "2008-12-31": "115.00000", "2007-12-31": "36.00000", "2006-12-31": "-10.00000", "2005-12-31": "100.80000"}, "Investing Activities - Other": {"2020-12-31": "27.00000", "2019-12-31": "-49.00000", "2018-12-31": "5.00000", "2017-12-31": "-38.00000", "2016-12-31": "49.00000", "2015-12-31": "-12.00000", "2014-12-31": "54.00000", "2013-12-31": "-15.00000", "2012-12-31": "-1.00000", "2011-12-31": "225.00000", "2010-12-31": "10.00000", "2009-12-31": "", "2008-12-31": "14.00000", "2007-12-31": "-26.00000", "2006-12-31": "2.00000", "2005-12-31": "-16.80000"}, "Cash Flow From Investing Activities": {"2020-12-31": "-2305.00000", "2019-12-31": "-1042.00000", "2018-12-31": "-902.00000", "2017-12-31": "-851.00000", "2016-12-31": "-732.00000", "2015-12-31": "-1050.00000", "2014-12-31": "-770.00000", "2013-12-31": "-844.00000", "2012-12-31": "-1184.00000", "2011-12-31": "-681.00000", "2010-12-31": "-781.00000", "2009-12-31": "-1288.00000", "2008-12-31": "-847.00000", "2007-12-31": "-898.00000", "2006-12-31": "-1036.00000", "2005-12-31": "-596.20000"}, "Net Long-Term Debt": {"2020-12-31": "991.00000", "2019-12-31": "-1.00000", "2018-12-31": "100.00000", "2017-12-31": "-544.00000", "2016-12-31": "695.00000", "2015-12-31": "547.00000", "2014-12-31": "1134.00000", "2013-12-31": "346.00000", "2012-12-31": "-177.00000", "2011-12-31": "732.00000", "2010-12-31": "9.00000", "2009-12-31": "-276.00000", "2008-12-31": "277.00000", "2007-12-31": "1789.00000", "2006-12-31": "158.00000", "2005-12-31": "-202.00000"}, "Net Current Debt": {"2020-12-31": "-561.00000", "2019-12-31": "303.00000", "2018-12-31": "-34.00000", "2017-12-31": "360.00000", "2016-12-31": "-908.00000", "2015-12-31": "303.00000", "2014-12-31": "721.00000", "2013-12-31": "-287.00000", "2012-12-31": "271.00000", "2011-12-31": "13.00000", "2010-12-31": "-28.00000", "2009-12-31": "-312.00000", "2008-12-31": "-436.00000", "2007-12-31": "43.00000", "2006-12-31": "-391.00000", "2005-12-31": "524.30000"}, "Debt Issuance/Retirement Net - Total": {"2020-12-31": "430.00000", "2019-12-31": "302.00000", "2018-12-31": "66.00000", "2017-12-31": "-184.00000", "2016-12-31": "-213.00000", "2015-12-31": "850.00000", "2014-12-31": "1855.00000", "2013-12-31": "59.00000", "2012-12-31": "94.00000", "2011-12-31": "745.00000", "2010-12-31": "-19.00000", "2009-12-31": "-588.00000", "2008-12-31": "-159.00000", "2007-12-31": "1832.00000", "2006-12-31": "-233.00000", "2005-12-31": "322.30000"}, "Net Common Equity Issued/Repurchased": {"2020-12-31": "-483.00000", "2019-12-31": "-572.00000", "2018-12-31": "-738.00000", "2017-12-31": "-790.00000", "2016-12-31": "-632.00000", "2015-12-31": "-872.00000", "2014-12-31": "-1812.00000", "2013-12-31": "-984.00000", "2012-12-31": "-719.00000", "2011-12-31": "-811.00000", "2010-12-31": "-672.00000", "2009-12-31": "-135.00000", "2008-12-31": "-540.00000", "2007-12-31": "-2464.00000", "2006-12-31": "-431.00000", "2005-12-31": "-1376.80000"}, "Net Total Equity Issued/Repurchased": {"2020-12-31": "-483.00000", "2019-12-31": "-572.00000", "2018-12-31": "-738.00000", "2017-12-31": "-790.00000", "2016-12-31": "-632.00000", "2015-12-31": "-872.00000", "2014-12-31": "-2312.00000", "2013-12-31": "-1011.00000", "2012-12-31": "-747.00000", "2011-12-31": "-1368.00000", "2010-12-31": "-726.00000", "2009-12-31": "-188.00000", "2008-12-31": "-587.00000", "2007-12-31": "-2292.00000", "2006-12-31": "-431.00000", "2005-12-31": "-1376.80000"}, "Total Common And Preferred Stock Dividends Paid": {"2020-12-31": "-1451.00000", "2019-12-31": "-1408.00000", "2018-12-31": "-1386.00000", "2017-12-31": "-1359.00000", "2016-12-31": "-1311.00000", "2015-12-31": "-1272.00000", "2014-12-31": "-1256.00000", "2013-12-31": "-1223.00000", "2012-12-31": "-1151.00000", "2011-12-31": "-1099.00000", "2010-12-31": "-1066.00000", "2009-12-31": "-986.00000", "2008-12-31": "-950.00000", "2007-12-31": "-933.00000", "2006-12-31": "-884.00000", "2005-12-31": "-838.40000"}, "Financial Activities - Other": {"2020-12-31": "-63.00000", "2019-12-31": "-114.00000", "2018-12-31": "-57.00000", "2017-12-31": "-88.00000", "2016-12-31": "-29.00000", "2015-12-31": "-4.00000", "2014-12-31": "-180.00000", "2013-12-31": "-10.00000", "2012-12-31": "2.00000", "2011-12-31": "-19.00000", "2010-12-31": "-48.00000", "2009-12-31": "-26.00000", "2008-12-31": "-51.00000", "2007-12-31": "-34.00000", "2006-12-31": "-3.00000", "2005-12-31": "-36.80000"}, "Cash Flow From Financial Activities": {"2020-12-31": "-1567.00000", "2019-12-31": "-1792.00000", "2018-12-31": "-2115.00000", "2017-12-31": "-2421.00000", "2016-12-31": "-2185.00000", "2015-12-31": "-1298.00000", "2014-12-31": "-1893.00000", "2013-12-31": "-2185.00000", "2012-12-31": "-1802.00000", "2011-12-31": "-1741.00000", "2010-12-31": "-1859.00000", "2009-12-31": "-1788.00000", "2008-12-31": "-1747.00000", "2007-12-31": "-1427.00000", "2006-12-31": "-1551.00000", "2005-12-31": "-1929.70000"}, "Net Cash Flow": {"2020-12-31": "-139.00000", "2019-12-31": "-97.00000", "2018-12-31": "-77.00000", "2017-12-31": "-307.00000", "2016-12-31": "304.00000", "2015-12-31": "-170.00000", "2014-12-31": "-265.00000", "2013-12-31": "-52.00000", "2012-12-31": "342.00000", "2011-12-31": "-112.00000", "2010-12-31": "78.00000", "2009-12-31": "434.00000", "2008-12-31": "-109.00000", "2007-12-31": "112.00000", "2006-12-31": "-3.00000", "2005-12-31": "-230.00000"}, "Stock-Based Compensation": {"2020-12-31": "147.00000", "2019-12-31": "96.00000", "2018-12-31": "41.00000", "2017-12-31": "76.00000", "2016-12-31": "77.00000", "2015-12-31": "75.00000", "2014-12-31": "52.00000", "2013-12-31": "92.00000", "2012-12-31": "67.00000", "2011-12-31": "48.00000", "2010-12-31": "52.00000", "2009-12-31": "86.00000", "2008-12-31": "47.00000", "2007-12-31": "63.00000", "2006-12-31": "67.00000", "2005-12-31": "32.40000"}, "Common Stock Dividends Paid": {"2020-12-31": "-1451.00000", "2019-12-31": "-1408.00000", "2018-12-31": "-1386.00000", "2017-12-31": "-1359.00000", "2016-12-31": "-1311.00000", "2015-12-31": "-1272.00000", "2014-12-31": "-1256.00000", "2013-12-31": "-1223.00000", "2012-12-31": "-1151.00000", "2011-12-31": "-1099.00000", "2010-12-31": "-1066.00000", "2009-12-31": "-986.00000", "2008-12-31": "-950.00000", "2007-12-31": "-933.00000", "2006-12-31": "-884.00000", "2005-12-31": "-838.40000"}}, "cash flow statement, quarterly": {"Net Income/Loss": {"2020-12-31": 546, "2020-09-30": 483, "2020-06-30": 692, "2020-03-31": "675.00000", "2019-12-31": 556, "2019-09-30": 680, "2019-06-30": 495, "2019-03-31": "466.00000", "2018-12-31": 421, "2018-09-30": 462, "2018-06-30": 465, "2018-03-31": "97.00000", "2017-12-31": 625, "2017-09-30": 579, "2017-06-30": 540, "2017-03-31": "575.00000", "2016-12-31": 518, "2016-09-30": 563, "2016-06-30": 578, "2016-03-31": "560.00000", "2015-12-31": 344, "2015-09-30": 529, "2015-06-30": -293, "2015-03-31": "486.00000", "2014-12-31": -63, "2014-09-30": 582, "2014-06-30": 530, "2014-03-31": "546.00000", "2013-12-31": 558, "2013-09-30": 565, "2013-06-30": 547, "2013-03-31": "551.00000", "2012-12-31": 286, "2012-09-30": 537, "2012-06-30": 518, "2012-03-31": "487.00000", "2011-12-31": 422, "2011-09-30": 458, "2011-06-30": 432, "2011-03-31": "372.00000", "2010-12-31": 520, "2010-09-30": 489, "2010-06-30": 523, "2010-03-31": "411.00000", "2009-12-31": 522, "2009-09-30": 611, "2009-06-30": 430, "2009-03-31": "431.00000", "2008-12-31": 454, "2008-09-30": 448, "2008-06-30": 451, "2008-03-31": "476.00000", "2007-12-31": 584.1, "2007-09-30": 453.1, "2007-06-30": 461.8, "2007-03-31": "452.00000", "2006-12-31": 483.1, "2006-09-30": 364.2, "2006-06-30": 377.6, "2006-03-31": "275.10000", "2005-12-31": 383.4, "2005-09-30": 325.3, "2005-06-30": 421.8, "2005-03-31": "450.10000"}, "Total Depreciation And Amortization - Cash Flow": {"2020-12-31": 190, "2020-09-30": 192, "2020-06-30": 201, "2020-03-31": "213.00000", "2019-12-31": 217, "2019-09-30": 230, "2019-06-30": 236, "2019-03-31": "234.00000", "2018-12-31": 230, "2018-09-30": 217, "2018-06-30": 224, "2018-03-31": "211.00000", "2017-12-31": 184, "2017-09-30": 182, "2017-06-30": 180, "2017-03-31": "178.00000", "2016-12-31": 177, "2016-09-30": 179, "2016-06-30": 177, "2016-03-31": "172.00000", "2015-12-31": 181, "2015-09-30": 182, "2015-06-30": 189, "2015-03-31": "194.00000", "2014-12-31": 207, "2014-09-30": 220, "2014-06-30": 217, "2014-03-31": "218.00000", "2013-12-31": 222, "2013-09-30": 208, "2013-06-30": 212, "2013-03-31": "221.00000", "2012-12-31": 215, "2012-09-30": 210, "2012-06-30": 214, "2012-03-31": "218.00000", "2011-12-31": 270, "2011-09-30": 291, "2011-06-30": 287, "2011-03-31": "243.00000", "2010-12-31": 206, "2010-09-30": 205, "2010-06-30": 209, "2010-03-31": "193.00000", "2009-12-31": 220, "2009-09-30": 196, "2009-06-30": 190, "2009-03-31": "177.00000", "2008-12-31": 179, "2008-09-30": 196, "2008-06-30": 200, "2008-03-31": "200.00000", "2007-12-31": 180.6, "2007-09-30": 213.5, "2007-06-30": 198.3, "2007-03-31": "214.60000", "2006-12-31": 218.5, "2006-09-30": 214.9, "2006-06-30": 238.6, "2006-03-31": "261.00000", "2005-12-31": 219.9, "2005-09-30": 239.6, "2005-06-30": 193, "2005-03-31": "192.00000"}, "Other Non-Cash Items": {"2020-12-31": 127, "2020-09-30": 75, "2020-06-30": 56, "2020-03-31": "-39.00000", "2019-12-31": 59, "2019-09-30": -160, "2019-06-30": 46, "2019-03-31": "-6.00000", "2018-12-31": 47, "2018-09-30": -16, "2018-06-30": 98, "2018-03-31": "33.00000", "2017-12-31": 30, "2017-09-30": 30, "2017-06-30": 43, "2017-03-31": "-47.00000", "2016-12-31": -8, "2016-09-30": 10, "2016-06-30": 79, "2016-03-31": "-65.00000", "2015-12-31": 300, "2015-09-30": 17, "2015-06-30": 839, "2015-03-31": "-263.00000", "2014-12-31": 37, "2014-09-30": 34, "2014-06-30": 109, "2014-03-31": "-139.00000", "2013-12-31": 72, "2013-09-30": 120, "2013-06-30": -10, "2013-03-31": "-77.00000", "2012-12-31": 149, "2012-09-30": 117, "2012-06-30": 112, "2012-03-31": "99.00000", "2011-12-31": -84, "2011-09-30": 94, "2011-06-30": -23, "2011-03-31": "-210.00000", "2010-12-31": 21, "2010-09-30": 65, "2010-06-30": -103, "2010-03-31": "-90.00000", "2009-12-31": 119, "2009-09-30": -99, "2009-06-30": -338, "2009-03-31": "-81.00000", "2008-12-31": 155, "2008-09-30": -13, "2008-06-30": 58, "2008-03-31": "-15.00000", "2007-12-31": -66.1, "2007-09-30": 71.7, "2007-06-30": 7, "2007-03-31": "-48.60000", "2006-12-31": 196.1, "2006-09-30": -65.5, "2006-06-30": 30, "2006-03-31": "-29.60000", "2005-12-31": 31.9, "2005-09-30": 88.4, "2005-06-30": -11.1, "2005-03-31": "10.00000"}, "Total Non-Cash Items": {"2020-12-31": 317, "2020-09-30": 267, "2020-06-30": 257, "2020-03-31": "174.00000", "2019-12-31": 276, "2019-09-30": 70, "2019-06-30": 282, "2019-03-31": "228.00000", "2018-12-31": 277, "2018-09-30": 201, "2018-06-30": 322, "2018-03-31": "244.00000", "2017-12-31": 214, "2017-09-30": 212, "2017-06-30": 223, "2017-03-31": "131.00000", "2016-12-31": 169, "2016-09-30": 189, "2016-06-30": 256, "2016-03-31": "107.00000", "2015-12-31": 481, "2015-09-30": 199, "2015-06-30": 1028, "2015-03-31": "-69.00000", "2014-12-31": 244, "2014-09-30": 254, "2014-06-30": 326, "2014-03-31": "79.00000", "2013-12-31": 294, "2013-09-30": 328, "2013-06-30": 202, "2013-03-31": "144.00000", "2012-12-31": 364, "2012-09-30": 327, "2012-06-30": 326, "2012-03-31": "317.00000", "2011-12-31": 186, "2011-09-30": 385, "2011-06-30": 264, "2011-03-31": "33.00000", "2010-12-31": 227, "2010-09-30": 270, "2010-06-30": 106, "2010-03-31": "103.00000", "2009-12-31": 339, "2009-09-30": 97, "2009-06-30": -148, "2009-03-31": "96.00000", "2008-12-31": 334, "2008-09-30": 183, "2008-06-30": 258, "2008-03-31": "185.00000", "2007-12-31": 114.5001, "2007-09-30": 285.1999, "2007-06-30": 205.3, "2007-03-31": "166.00000", "2006-12-31": 414.6, "2006-09-30": 149.4, "2006-06-30": 268.6, "2006-03-31": "231.40000", "2005-12-31": 251.8, "2005-09-30": 328, "2005-06-30": 181.9, "2005-03-31": "202.00000"}, "Change In Accounts Receivable": {"2020-12-31": 0, "2020-09-30": 0, "2020-06-30": 0, "2020-03-31": "", "2019-12-31": -116, "2019-09-30": 0, "2019-06-30": 0, "2019-03-31": "", "2018-12-31": 33, "2018-09-30": 0, "2018-06-30": 0, "2018-03-31": "", "2017-12-31": -44, "2017-09-30": 0, "2017-06-30": 0, "2017-03-31": "", "2016-12-31": -23, "2016-09-30": 0, "2016-06-30": 0, "2016-03-31": "", "2015-12-31": 60, "2015-09-30": 0, "2015-06-30": 0, "2015-03-31": "", "2014-12-31": 267, "2014-09-30": 0, "2014-06-30": 0, "2014-03-31": "", "2013-12-31": 4, "2013-09-30": 0, "2013-06-30": 0, "2013-03-31": "", "2012-12-31": 0, "2012-09-30": 0, "2012-06-30": 0, "2012-03-31": "", "2011-12-31": -169, "2011-09-30": 0, "2011-06-30": 0, "2011-03-31": "", "2010-12-31": 45, "2010-09-30": 0, "2010-06-30": 0, "2010-03-31": "", "2009-12-31": 0, "2009-09-30": 0, "2009-06-30": 0, "2009-03-31": "", "2008-12-31": 0, "2008-09-30": 0, "2008-06-30": 0, "2008-03-31": "", "2007-12-31": 0, "2007-09-30": 0, "2007-06-30": 0, "2007-03-31": "", "2006-12-31": 0, "2006-09-30": 0, "2006-06-30": 0, "2006-03-31": "", "2005-12-31": -41.9, "2005-09-30": 0, "2005-06-30": 0, "2005-03-31": ""}, "Change In Inventories": {"2020-12-31": 0, "2020-09-30": 0, "2020-06-30": 0, "2020-03-31": "", "2019-12-31": 24, "2019-09-30": 0, "2019-06-30": 0, "2019-03-31": "", "2018-12-31": -127, "2018-09-30": 0, "2018-06-30": 0, "2018-03-31": "", "2017-12-31": -33, "2017-09-30": 0, "2017-06-30": 0, "2017-03-31": "", "2016-12-31": 230, "2016-09-30": 0, "2016-06-30": 0, "2016-03-31": "", "2015-12-31": -28, "2015-09-30": 0, "2015-06-30": 0, "2015-03-31": "", "2014-12-31": 12, "2014-09-30": 0, "2014-06-30": 0, "2014-03-31": "", "2013-12-31": 100, "2013-09-30": 0, "2013-06-30": 0, "2013-03-31": "", "2012-12-31": 0, "2012-09-30": 0, "2012-06-30": 0, "2012-03-31": "", "2011-12-31": 9, "2011-09-30": 0, "2011-06-30": 0, "2011-03-31": "", "2010-12-31": -341, "2010-09-30": 0, "2010-06-30": 0, "2010-03-31": "", "2009-12-31": 0, "2009-09-30": 0, "2009-06-30": 0, "2009-03-31": "", "2008-12-31": 0, "2008-09-30": 0, "2008-06-30": 0, "2008-03-31": "", "2007-12-31": 0, "2007-09-30": 0, "2007-06-30": 0, "2007-03-31": "", "2006-12-31": 0, "2006-09-30": 0, "2006-06-30": 0, "2006-03-31": "", "2005-12-31": -81.1, "2005-09-30": 0, "2005-06-30": 0, "2005-03-31": ""}, "Change In Accounts Payable": {"2020-12-31": 0, "2020-09-30": 0, "2020-06-30": 0, "2020-03-31": "", "2019-12-31": -153, "2019-09-30": 0, "2019-06-30": 0, "2019-03-31": "", "2018-12-31": 392, "2018-09-30": 0, "2018-06-30": 0, "2018-03-31": "", "2017-12-31": 174, "2017-09-30": 0, "2017-06-30": 0, "2017-03-31": "", "2016-12-31": -61, "2016-09-30": 0, "2016-06-30": 0, "2016-03-31": "", "2015-12-31": 44, "2015-09-30": 0, "2015-06-30": 0, "2015-03-31": "", "2014-12-31": -30, "2014-09-30": 0, "2014-06-30": 0, "2014-03-31": "", "2013-12-31": 128, "2013-09-30": 0, "2013-06-30": 0, "2013-03-31": "", "2012-12-31": 0, "2012-09-30": 0, "2012-06-30": 0, "2012-03-31": "", "2011-12-31": 161, "2011-09-30": 0, "2011-06-30": 0, "2011-03-31": "", "2010-12-31": 263, "2010-09-30": 0, "2010-06-30": 0, "2010-03-31": "", "2009-12-31": 0, "2009-09-30": 0, "2009-06-30": 0, "2009-03-31": "", "2008-12-31": 0, "2008-09-30": 0, "2008-06-30": 0, "2008-03-31": "", "2007-12-31": 0, "2007-09-30": 0, "2007-06-30": 0, "2007-03-31": "", "2006-12-31": 0, "2006-09-30": 0, "2006-06-30": 0, "2006-03-31": "", "2005-12-31": 51.1, "2005-09-30": 0, "2005-06-30": 0, "2005-03-31": ""}, "Change In Assets/Liabilities": {"2020-12-31": 71, "2020-09-30": -198, "2020-06-30": 634, "2020-03-31": "-144.00000", "2019-12-31": 351, "2019-09-30": 126, "2019-06-30": -150, "2019-03-31": "-375.00000", "2018-12-31": -205, "2018-09-30": 24, "2018-06-30": -10, "2018-03-31": "103.00000", "2017-12-31": 187, "2017-09-30": 37, "2017-06-30": 73, "2017-03-31": "-264.00000", "2016-12-31": -108, "2016-09-30": 208, "2016-06-30": 46, "2016-03-31": "-105.00000", "2015-12-31": -59, "2015-09-30": 101, "2015-06-30": 29, "2015-03-31": "-401.00000", "2014-12-31": 379, "2014-09-30": 152, "2014-06-30": -5, "2014-03-31": "-210.00000", "2013-12-31": 172, "2013-09-30": 29, "2013-06-30": -167, "2013-03-31": "-121.00000", "2012-12-31": 454, "2012-09-30": -26, "2012-06-30": -94, "2012-03-31": "-215.00000", "2011-12-31": 90, "2011-09-30": -93, "2011-06-30": 89, "2011-03-31": "-151.00000", "2010-12-31": 174, "2010-09-30": 14, "2010-06-30": -32, "2010-03-31": "-157.00000", "2009-12-31": 117, "2009-09-30": 102, "2009-06-30": 730, "2009-03-31": "156.00000", "2008-12-31": -155, "2008-09-30": 13, "2008-06-30": 38, "2008-03-31": "-231.00000", "2007-12-31": -34.2, "2007-09-30": -195.3, "2007-06-30": -1.7, "2007-03-31": "-98.80000", "2006-12-31": -49.6, "2006-09-30": 126.5, "2006-06-30": -62.8, "2006-03-31": "-9.10000", "2005-12-31": 135.6, "2005-09-30": -69.5, "2005-06-30": -103.6, "2005-03-31": "-81.40000"}, "Total Change In Assets/Liabilities": {"2020-12-31": 71, "2020-09-30": -198, "2020-06-30": 634, "2020-03-31": "-144.00000", "2019-12-31": 111, "2019-09-30": 126, "2019-06-30": -150, "2019-03-31": "-375.00000", "2018-12-31": 272, "2018-09-30": 24, "2018-06-30": -10, "2018-03-31": "103.00000", "2017-12-31": 6, "2017-09-30": 37, "2017-06-30": 73, "2017-03-31": "-264.00000", "2016-12-31": 185, "2016-09-30": 208, "2016-06-30": 46, "2016-03-31": "-105.00000", "2015-12-31": -174, "2015-09-30": 101, "2015-06-30": 29, "2015-03-31": "-401.00000", "2014-12-31": 349, "2014-09-30": 152, "2014-06-30": -5, "2014-03-31": "-210.00000", "2013-12-31": 137, "2013-09-30": 29, "2013-06-30": -167, "2013-03-31": "-121.00000", "2012-12-31": 454, "2012-09-30": -26, "2012-06-30": -94, "2012-03-31": "-215.00000", "2011-12-31": -107, "2011-09-30": -93, "2011-06-30": 89, "2011-03-31": "-151.00000", "2010-12-31": 199, "2010-09-30": 14, "2010-06-30": -32, "2010-03-31": "-157.00000", "2009-12-31": 117, "2009-09-30": 102, "2009-06-30": 730, "2009-03-31": "156.00000", "2008-12-31": -155, "2008-09-30": 13, "2008-06-30": 38, "2008-03-31": "-231.00000", "2007-12-31": -34.2, "2007-09-30": -195.3, "2007-06-30": -1.7, "2007-03-31": "-98.80000", "2006-12-31": -49.6, "2006-09-30": 126.5, "2006-06-30": -62.8, "2006-03-31": "-9.10000", "2005-12-31": 74.4, "2005-09-30": -69.5, "2005-06-30": -103.6, "2005-03-31": "-81.40000"}, "Cash Flow From Operating Activities": {"2020-12-31": 887, "2020-09-30": 559, "2020-06-30": 1579, "2020-03-31": "704.00000", "2019-12-31": 924, "2019-09-30": 886, "2019-06-30": 609, "2019-03-31": "317.00000", "2018-12-31": 949, "2018-09-30": 692, "2018-06-30": 787, "2018-03-31": "542.00000", "2017-12-31": 863, "2017-09-30": 805, "2017-06-30": 825, "2017-03-31": "436.00000", "2016-12-31": 871, "2016-09-30": 948, "2016-06-30": 860, "2016-03-31": "553.00000", "2015-12-31": 665, "2015-09-30": 849, "2015-06-30": 772, "2015-03-31": "20.00000", "2014-12-31": 590, "2014-09-30": 976, "2014-06-30": 842, "2014-03-31": "437.00000", "2013-12-31": 945, "2013-09-30": 912, "2013-06-30": 576, "2013-03-31": "607.00000", "2012-12-31": 1119, "2012-09-30": 844, "2012-06-30": 740, "2012-03-31": "585.00000", "2011-12-31": 517, "2011-09-30": 750, "2011-06-30": 771, "2011-03-31": "250.00000", "2010-12-31": 948, "2010-09-30": 745, "2010-06-30": 587, "2010-03-31": "464.00000", "2009-12-31": 1001, "2009-09-30": 791, "2009-06-30": 997, "2009-03-31": "692.00000", "2008-12-31": 678, "2008-09-30": 641, "2008-06-30": 753, "2008-03-31": "444.00000", "2007-12-31": 685.4, "2007-09-30": 567.6, "2007-06-30": 651.5, "2007-03-31": "524.50000", "2006-12-31": 813.5, "2006-09-30": 647.8, "2006-06-30": 599.8, "2006-03-31": "518.90000", "2005-12-31": 676.1, "2005-09-30": 553, "2005-06-30": 474.3, "2005-03-31": "608.40000"}, "Net Change In Property, Plant, And Equipment": {"2020-12-31": -297, "2020-09-30": -253, "2020-06-30": -284, "2020-03-31": "-352.00000", "2019-12-31": -306, "2019-09-30": -92, "2019-06-30": -253, "2019-03-31": "-316.00000", "2018-12-31": -276, "2018-09-30": -203, "2018-06-30": -158, "2018-03-31": "-189.00000", "2017-12-31": -187, "2017-09-30": -209, "2017-06-30": -171, "2017-03-31": "-215.00000", "2016-12-31": -166, "2016-09-30": -185, "2016-06-30": -177, "2016-03-31": "-220.00000", "2015-12-31": -258, "2015-09-30": -271, "2015-06-30": -243, "2015-03-31": "-284.00000", "2014-12-31": -309, "2014-09-30": -291, "2014-06-30": -181, "2014-03-31": "-258.00000", "2013-12-31": -240, "2013-09-30": -176, "2013-06-30": -208, "2013-03-31": "-200.00000", "2012-12-31": -327, "2012-09-30": -277, "2012-06-30": -222, "2012-03-31": "-258.00000", "2011-12-31": -284, "2011-09-30": -198, "2011-06-30": -201, "2011-03-31": "-234.00000", "2010-12-31": -348, "2010-09-30": -247, "2010-06-30": -176, "2010-03-31": "-184.00000", "2009-12-31": -269, "2009-09-30": -160, "2009-06-30": -186, "2009-03-31": "-208.00000", "2008-12-31": -228, "2008-09-30": -217, "2008-06-30": -212, "2008-03-31": "-221.00000", "2007-12-31": -186.1, "2007-09-30": -221.9, "2007-06-30": -260.2, "2007-03-31": "-223.80000", "2006-12-31": -321.3, "2006-09-30": -232.8, "2006-06-30": -208.4, "2006-03-31": "-165.50000", "2005-12-31": -238.6, "2005-09-30": -174.7, "2005-06-30": -140.6, "2005-03-31": "-108.90000"}, "Net Change In Intangible Assets": {"2020-12-31": 0, "2020-09-30": 0, "2020-06-30": 0, "2020-03-31": "", "2019-12-31": 0, "2019-09-30": 0, "2019-06-30": 0, "2019-03-31": "", "2018-12-31": 0, "2018-09-30": 0, "2018-06-30": 0, "2018-03-31": "", "2017-12-31": 0, "2017-09-30": 0, "2017-06-30": 0, "2017-03-31": "", "2016-12-31": 0, "2016-09-30": 0, "2016-06-30": 0, "2016-03-31": "", "2015-12-31": 0, "2015-09-30": 0, "2015-06-30": 0, "2015-03-31": "", "2014-12-31": 0, "2014-09-30": 0, "2014-06-30": 0, "2014-03-31": "", "2013-12-31": 0, "2013-09-30": 0, "2013-06-30": 0, "2013-03-31": "", "2012-12-31": 0, "2012-09-30": 0, "2012-06-30": 0, "2012-03-31": "", "2011-12-31": 0, "2011-09-30": 0, "2011-06-30": 0, "2011-03-31": "", "2010-12-31": 0, "2010-09-30": 0, "2010-06-30": 0, "2010-03-31": "", "2009-12-31": 0, "2009-09-30": 0, "2009-06-30": 0, "2009-03-31": "", "2008-12-31": 0, "2008-09-30": 0, "2008-06-30": 0, "2008-03-31": "", "2007-12-31": 0, "2007-09-30": 0, "2007-06-30": 0, "2007-03-31": "", "2006-12-31": 0, "2006-09-30": 0, "2006-06-30": 0, "2006-03-31": "", "2005-12-31": 0, "2005-09-30": 0, "2005-06-30": 0, "2005-03-31": ""}, "Net Acquisitions/Divestitures": {"2020-12-31": -1083, "2020-09-30": 0, "2020-06-30": 0, "2020-03-31": "", "2019-12-31": 0, "2019-09-30": 0, "2019-06-30": 0, "2019-03-31": "", "2018-12-31": 0, "2018-09-30": 0, "2018-06-30": 0, "2018-03-31": "", "2017-12-31": 0, "2017-09-30": 0, "2017-06-30": 0, "2017-03-31": "", "2016-12-31": 0, "2016-09-30": 0, "2016-06-30": 0, "2016-03-31": "", "2015-12-31": 0, "2015-09-30": 0, "2015-06-30": 0, "2015-03-31": "", "2014-12-31": 0, "2014-09-30": 0, "2014-06-30": 0, "2014-03-31": "", "2013-12-31": 0, "2013-09-30": -32, "2013-06-30": 0, "2013-03-31": "", "2012-12-31": 0, "2012-09-30": -5, "2012-06-30": 0, "2012-03-31": "", "2011-12-31": 0, "2011-09-30": 0, "2011-06-30": 0, "2011-03-31": "", "2010-12-31": 0, "2010-09-30": 0, "2010-06-30": 0, "2010-03-31": "", "2009-12-31": -293, "2009-09-30": 0, "2009-06-30": -154, "2009-03-31": "-11.00000", "2008-12-31": 0, "2008-09-30": -22, "2008-06-30": -59, "2008-03-31": "-17.00000", "2007-12-31": -0.3, "2007-09-30": 0, "2007-06-30": 0, "2007-03-31": "-15.70000", "2006-12-31": -100, "2006-09-30": 0, "2006-06-30": 0, "2006-03-31": "", "2005-12-31": -17.4, "2005-09-30": 0, "2005-06-30": 0, "2005-03-31": ""}, "Net Change In Short-term Investments": {"2020-12-31": 42, "2020-09-30": -36, "2020-06-30": -60, "2020-03-31": "-9.00000", "2019-12-31": 40, "2019-09-30": -109, "2019-06-30": 51, "2019-03-31": "-8.00000", "2018-12-31": -2, "2018-09-30": -26, "2018-06-30": 11, "2018-03-31": "-64.00000", "2017-12-31": 22, "2017-09-30": -62, "2017-06-30": -24, "2017-03-31": "33.00000", "2016-12-31": 36, "2016-09-30": -38, "2016-06-30": -14, "2016-03-31": "-17.00000", "2015-12-31": 18, "2015-09-30": -9, "2015-06-30": -18, "2015-03-31": "27.00000", "2014-12-31": 20, "2014-09-30": -1, "2014-06-30": -50, "2014-03-31": "119.00000", "2013-12-31": -19, "2013-09-30": 0, "2013-06-30": 0, "2013-03-31": "20.00000", "2012-12-31": -134, "2012-09-30": 11, "2012-06-30": -2, "2012-03-31": "8.00000", "2011-12-31": -10, "2011-09-30": 0, "2011-06-30": -17, "2011-03-31": "10.00000", "2010-12-31": 63, "2010-09-30": -6, "2010-06-30": -1, "2010-03-31": "61.00000", "2009-12-31": 24, "2009-09-30": -31, "2009-06-30": -97, "2009-03-31": "57.00000", "2008-12-31": 0, "2008-09-30": 32, "2008-06-30": -12, "2008-03-31": "47.00000", "2007-12-31": -20.6, "2007-09-30": -16.2, "2007-06-30": -25.6, "2007-03-31": "39.40000", "2006-12-31": -21.3, "2006-09-30": -33, "2006-06-30": -27.2, "2006-03-31": "25.50000", "2005-12-31": 31.4, "2005-09-30": 50.3, "2005-06-30": 9.2, "2005-03-31": "-17.40000"}, "Net Change In Long-Term Investments": {"2020-12-31": 0, "2020-09-30": 0, "2020-06-30": 0, "2020-03-31": "", "2019-12-31": 0, "2019-09-30": 0, "2019-06-30": 0, "2019-03-31": "", "2018-12-31": 0, "2018-09-30": 0, "2018-06-30": 0, "2018-03-31": "", "2017-12-31": 0, "2017-09-30": 0, "2017-06-30": 0, "2017-03-31": "", "2016-12-31": 0, "2016-09-30": -28, "2016-06-30": 28, "2016-03-31": "", "2015-12-31": 0, "2015-09-30": 0, "2015-06-30": 0, "2015-03-31": "", "2014-12-31": 31, "2014-09-30": 3, "2014-06-30": 93, "2014-03-31": "", "2013-12-31": 10, "2013-09-30": 6, "2013-06-30": 10, "2013-03-31": "", "2012-12-31": 9, "2012-09-30": 7, "2012-06-30": 7, "2012-03-31": "", "2011-12-31": 7, "2011-09-30": 12, "2011-06-30": 4, "2011-03-31": "5.00000", "2010-12-31": 18, "2010-09-30": 10, "2010-06-30": 9, "2010-03-31": "10.00000", "2009-12-31": 9, "2009-09-30": 12, "2009-06-30": 14, "2009-03-31": "5.00000", "2008-12-31": 7, "2008-09-30": 2, "2008-06-30": 16, "2008-03-31": "23.00000", "2007-12-31": 24.9, "2007-09-30": 21.7, "2007-06-30": 4.9, "2007-03-31": "7.50000", "2006-12-31": 16.6, "2006-09-30": 12, "2006-06-30": 8.9, "2006-03-31": "8.50000", "2005-12-31": 6.4, "2005-09-30": 6, "2005-06-30": 4.4, "2005-03-31": "10.50000"}, "Net Change In Investments - Total": {"2020-12-31": 42, "2020-09-30": -36, "2020-06-30": -60, "2020-03-31": "-9.00000", "2019-12-31": 40, "2019-09-30": -109, "2019-06-30": 51, "2019-03-31": "-8.00000", "2018-12-31": -2, "2018-09-30": -26, "2018-06-30": 11, "2018-03-31": "-64.00000", "2017-12-31": 22, "2017-09-30": -62, "2017-06-30": -24, "2017-03-31": "33.00000", "2016-12-31": 36, "2016-09-30": -66, "2016-06-30": 14, "2016-03-31": "-17.00000", "2015-12-31": 18, "2015-09-30": -9, "2015-06-30": -18, "2015-03-31": "27.00000", "2014-12-31": 51, "2014-09-30": 2, "2014-06-30": 43, "2014-03-31": "119.00000", "2013-12-31": -9, "2013-09-30": 6, "2013-06-30": 10, "2013-03-31": "20.00000", "2012-12-31": -125, "2012-09-30": 18, "2012-06-30": 5, "2012-03-31": "8.00000", "2011-12-31": -3, "2011-09-30": 12, "2011-06-30": -13, "2011-03-31": "15.00000", "2010-12-31": 81, "2010-09-30": 4, "2010-06-30": 8, "2010-03-31": "71.00000", "2009-12-31": 33, "2009-09-30": -19, "2009-06-30": -83, "2009-03-31": "62.00000", "2008-12-31": 7, "2008-09-30": 34, "2008-06-30": 4, "2008-03-31": "70.00000", "2007-12-31": 4.3, "2007-09-30": 5.5, "2007-06-30": -20.7, "2007-03-31": "46.90000", "2006-12-31": -4.7, "2006-09-30": -21, "2006-06-30": -18.3, "2006-03-31": "34.00000", "2005-12-31": 37.8, "2005-09-30": 56.3, "2005-06-30": 13.6, "2005-03-31": "-6.90000"}, "Investing Activities - Other": {"2020-12-31": 10, "2020-09-30": 2, "2020-06-30": 13, "2020-03-31": "2.00000", "2019-12-31": -9, "2019-09-30": -44, "2019-06-30": 4, "2019-03-31": "", "2018-12-31": 8, "2018-09-30": 9, "2018-06-30": -9, "2018-03-31": "-3.00000", "2017-12-31": -9, "2017-09-30": -19, "2017-06-30": -14, "2017-03-31": "4.00000", "2016-12-31": -26, "2016-09-30": 59, "2016-06-30": 8, "2016-03-31": "8.00000", "2015-12-31": 13, "2015-09-30": -17, "2015-06-30": 16, "2015-03-31": "-24.00000", "2014-12-31": 13, "2014-09-30": 45, "2014-06-30": -9, "2014-03-31": "5.00000", "2013-12-31": -5, "2013-09-30": 3, "2013-06-30": -14, "2013-03-31": "1.00000", "2012-12-31": -3, "2012-09-30": 7, "2012-06-30": -4, "2012-03-31": "-1.00000", "2011-12-31": 1, "2011-09-30": 223, "2011-06-30": 0, "2011-03-31": "1.00000", "2010-12-31": -2, "2010-09-30": 20, "2010-06-30": -2, "2010-03-31": "-6.00000", "2009-12-31": -11, "2009-09-30": 27, "2009-06-30": -4, "2009-03-31": "-12.00000", "2008-12-31": 10, "2008-09-30": 5, "2008-06-30": 1, "2008-03-31": "-2.00000", "2007-12-31": 0.5, "2007-09-30": -1.6, "2007-06-30": -19.4, "2007-03-31": "-5.50000", "2006-12-31": 7.1, "2006-09-30": 2, "2006-06-30": 5.1, "2006-03-31": "-12.20000", "2005-12-31": 4.6, "2005-09-30": -6.7, "2005-06-30": -2.6, "2005-03-31": "-12.10000"}, "Cash Flow From Investing Activities": {"2020-12-31": -1328, "2020-09-30": -287, "2020-06-30": -331, "2020-03-31": "-359.00000", "2019-12-31": -275, "2019-09-30": -245, "2019-06-30": -198, "2019-03-31": "-324.00000", "2018-12-31": -270, "2018-09-30": -220, "2018-06-30": -156, "2018-03-31": "-256.00000", "2017-12-31": -174, "2017-09-30": -290, "2017-06-30": -209, "2017-03-31": "-178.00000", "2016-12-31": -156, "2016-09-30": -192, "2016-06-30": -155, "2016-03-31": "-229.00000", "2015-12-31": -227, "2015-09-30": -297, "2015-06-30": -245, "2015-03-31": "-281.00000", "2014-12-31": -245, "2014-09-30": -244, "2014-06-30": -147, "2014-03-31": "-134.00000", "2013-12-31": -254, "2013-09-30": -199, "2013-06-30": -212, "2013-03-31": "-179.00000", "2012-12-31": -455, "2012-09-30": -257, "2012-06-30": -221, "2012-03-31": "-251.00000", "2011-12-31": -286, "2011-09-30": 37, "2011-06-30": -214, "2011-03-31": "-218.00000", "2010-12-31": -269, "2010-09-30": -223, "2010-06-30": -170, "2010-03-31": "-119.00000", "2009-12-31": -540, "2009-09-30": -152, "2009-06-30": -427, "2009-03-31": "-169.00000", "2008-12-31": -211, "2008-09-30": -200, "2008-06-30": -266, "2008-03-31": "-170.00000", "2007-12-31": -181.6, "2007-09-30": -218, "2007-06-30": -300.3, "2007-03-31": "-198.10000", "2006-12-31": -418.9, "2006-09-30": -251.8, "2006-06-30": -221.6, "2006-03-31": "-143.70000", "2005-12-31": -213.6, "2005-09-30": -125.1, "2005-06-30": -129.6, "2005-03-31": "-127.90000"}, "Net Long-Term Debt": {"2020-12-31": -98, "2020-09-30": 100, "2020-06-30": 0, "2020-03-31": "989.00000", "2019-12-31": 4, "2019-09-30": 2, "2019-06-30": 395, "2019-03-31": "-402.00000", "2018-12-31": 410, "2018-09-30": -306, "2018-06-30": -2, "2018-03-31": "-2.00000", "2017-12-31": -509, "2017-09-30": -367, "2017-06-30": 340, "2017-03-31": "-8.00000", "2016-12-31": 1, "2016-09-30": 489, "2016-06-30": -589, "2016-03-31": "794.00000", "2015-12-31": -201, "2015-09-30": 282, "2015-06-30": -27, "2015-03-31": "493.00000", "2014-12-31": 622, "2014-09-30": 2, "2014-06-30": 610, "2014-03-31": "-100.00000", "2013-12-31": -1, "2013-09-30": -499, "2013-06-30": 825, "2013-03-31": "21.00000", "2012-12-31": -21, "2012-09-30": -44, "2012-06-30": -4, "2012-03-31": "-108.00000", "2011-12-31": -47, "2011-09-30": 92, "2011-06-30": -6, "2011-03-31": "693.00000", "2010-12-31": 198, "2010-09-30": -177, "2010-06-30": -8, "2010-03-31": "-4.00000", "2009-12-31": -239, "2009-09-30": -7, "2009-06-30": -22, "2009-03-31": "-8.00000", "2008-12-31": 300, "2008-09-30": -22, "2008-06-30": -28, "2008-03-31": "27.00000", "2007-12-31": 9.1, "2007-09-30": 1788.2, "2007-06-30": -6.6, "2007-03-31": "-1.70000", "2006-12-31": 201.1, "2006-09-30": -11.7, "2006-06-30": -17.1, "2006-03-31": "-14.30000", "2005-12-31": -11.4, "2005-09-30": -111.3, "2005-06-30": 5.2, "2005-03-31": "-84.50000"}, "Net Current Debt": {"2020-12-31": -64, "2020-09-30": 170, "2020-06-30": -385, "2020-03-31": "-282.00000", "2019-12-31": -21, "2019-09-30": -219, "2019-06-30": -308, "2019-03-31": "851.00000", "2018-12-31": -487, "2018-09-30": 349, "2018-06-30": -145, "2018-03-31": "249.00000", "2017-12-31": 249, "2017-09-30": -3, "2017-06-30": -82, "2017-03-31": "196.00000", "2016-12-31": -71, "2016-09-30": -515, "2016-06-30": 353, "2016-03-31": "-675.00000", "2015-12-31": 412, "2015-09-30": -292, "2015-06-30": -108, "2015-03-31": "291.00000", "2014-12-31": 568, "2014-09-30": -126, "2014-06-30": -375, "2014-03-31": "654.00000", "2013-12-31": -309, "2013-09-30": 289, "2013-06-30": -602, "2013-03-31": "335.00000", "2012-12-31": -193, "2012-09-30": 196, "2012-06-30": -118, "2012-03-31": "386.00000", "2011-12-31": -1, "2011-09-30": -273, "2011-06-30": 307, "2011-03-31": "-20.00000", "2010-12-31": -174, "2010-09-30": 18, "2010-06-30": 138, "2010-03-31": "-10.00000", "2009-12-31": -9, "2009-09-30": -217, "2009-06-30": -331, "2009-03-31": "245.00000", "2008-12-31": -598, "2008-09-30": -51, "2008-06-30": 45, "2008-03-31": "168.00000", "2007-12-31": -318.3, "2007-09-30": 353.1, "2007-06-30": 48.3, "2007-03-31": "-40.10000", "2006-12-31": -243.4, "2006-09-30": -36.1, "2006-06-30": -85.8, "2006-03-31": "-25.70000", "2005-12-31": 312.2, "2005-09-30": 217, "2005-06-30": -306.4, "2005-03-31": "301.50000"}, "Debt Issuance/Retirement Net - Total": {"2020-12-31": -162, "2020-09-30": 270, "2020-06-30": -385, "2020-03-31": "707.00000", "2019-12-31": -17, "2019-09-30": -217, "2019-06-30": 87, "2019-03-31": "449.00000", "2018-12-31": -77, "2018-09-30": 43, "2018-06-30": -147, "2018-03-31": "247.00000", "2017-12-31": -260, "2017-09-30": -370, "2017-06-30": 258, "2017-03-31": "188.00000", "2016-12-31": -70, "2016-09-30": -26, "2016-06-30": -236, "2016-03-31": "119.00000", "2015-12-31": 211, "2015-09-30": -10, "2015-06-30": -135, "2015-03-31": "784.00000", "2014-12-31": 1190, "2014-09-30": -124, "2014-06-30": 235, "2014-03-31": "554.00000", "2013-12-31": -310, "2013-09-30": -210, "2013-06-30": 223, "2013-03-31": "356.00000", "2012-12-31": -214, "2012-09-30": 152, "2012-06-30": -122, "2012-03-31": "278.00000", "2011-12-31": -48, "2011-09-30": -181, "2011-06-30": 301, "2011-03-31": "673.00000", "2010-12-31": 24, "2010-09-30": -159, "2010-06-30": 130, "2010-03-31": "-14.00000", "2009-12-31": -248, "2009-09-30": -224, "2009-06-30": -353, "2009-03-31": "237.00000", "2008-12-31": -298, "2008-09-30": -73, "2008-06-30": 17, "2008-03-31": "195.00000", "2007-12-31": -309.2, "2007-09-30": 2141.3, "2007-06-30": 41.7, "2007-03-31": "-41.80000", "2006-12-31": -42.3, "2006-09-30": -47.8, "2006-06-30": -102.9, "2006-03-31": "-40.00000", "2005-12-31": 300.8, "2005-09-30": 105.7, "2005-06-30": -301.2, "2005-03-31": "217.00000"}, "Net Common Equity Issued/Repurchased": {"2020-12-31": -246, "2020-09-30": -109, "2020-06-30": -22, "2020-03-31": "-106.00000", "2019-12-31": -239, "2019-09-30": -163, "2019-06-30": -32, "2019-03-31": "-138.00000", "2018-12-31": -192, "2018-09-30": -148, "2018-06-30": -215, "2018-03-31": "-183.00000", "2017-12-31": -100, "2017-09-30": -200, "2017-06-30": -273, "2017-03-31": "-217.00000", "2016-12-31": -217, "2016-09-30": -180, "2016-06-30": -126, "2016-03-31": "-109.00000", "2015-12-31": -320, "2015-09-30": -125, "2015-06-30": -69, "2015-03-31": "-358.00000", "2014-12-31": -788, "2014-09-30": -188, "2014-06-30": -432, "2014-03-31": "-404.00000", "2013-12-31": -189, "2013-09-30": -147, "2013-06-30": -212, "2013-03-31": "-436.00000", "2012-12-31": -280, "2012-09-30": -212, "2012-06-30": 96, "2012-03-31": "-323.00000", "2011-12-31": 141, "2011-09-30": 52, "2011-06-30": -273, "2011-03-31": "-731.00000", "2010-12-31": -94, "2010-09-30": -128, "2010-06-30": -330, "2010-03-31": "-120.00000", "2009-12-31": 109, "2009-09-30": 17, "2009-06-30": 1, "2009-03-31": "-262.00000", "2008-12-31": -71, "2008-09-30": -99, "2008-06-30": -216, "2008-03-31": "-154.00000", "2007-12-31": -205.2, "2007-09-30": -2156.8, "2007-06-30": -44.9, "2007-03-31": "-57.10000", "2006-12-31": -171.6, "2006-09-30": -64.4, "2006-06-30": -106, "2006-03-31": "-89.00000", "2005-12-31": -494.6, "2005-09-30": -450.5, "2005-06-30": -176.8, "2005-03-31": "-254.90000"}, "Net Total Equity Issued/Repurchased": {"2020-12-31": -246, "2020-09-30": -109, "2020-06-30": -22, "2020-03-31": "-106.00000", "2019-12-31": -239, "2019-09-30": -163, "2019-06-30": -32, "2019-03-31": "-138.00000", "2018-12-31": -192, "2018-09-30": -148, "2018-06-30": -215, "2018-03-31": "-183.00000", "2017-12-31": -100, "2017-09-30": -200, "2017-06-30": -273, "2017-03-31": "-217.00000", "2016-12-31": -217, "2016-09-30": -180, "2016-06-30": -126, "2016-03-31": "-109.00000", "2015-12-31": -320, "2015-09-30": -125, "2015-06-30": -69, "2015-03-31": "-358.00000", "2014-12-31": -1288, "2014-09-30": -188, "2014-06-30": -432, "2014-03-31": "-404.00000", "2013-12-31": -195, "2013-09-30": -154, "2013-06-30": -219, "2013-03-31": "-443.00000", "2012-12-31": -287, "2012-09-30": -219, "2012-06-30": 89, "2012-03-31": "-330.00000", "2011-12-31": -376, "2011-09-30": 39, "2011-06-30": -286, "2011-03-31": "-745.00000", "2010-12-31": -108, "2010-09-30": -141, "2010-06-30": -344, "2010-03-31": "-133.00000", "2009-12-31": 96, "2009-09-30": 3, "2009-06-30": -12, "2009-03-31": "-275.00000", "2008-12-31": -84, "2008-09-30": -113, "2008-06-30": -229, "2008-03-31": "-161.00000", "2007-12-31": -33.2, "2007-09-30": -2156.8, "2007-06-30": -44.9, "2007-03-31": "-57.10000", "2006-12-31": -171.6, "2006-09-30": -64.4, "2006-06-30": -106, "2006-03-31": "-89.00000", "2005-12-31": -494.6, "2005-09-30": -450.5, "2005-06-30": -176.8, "2005-03-31": "-254.90000"}, "Total Common And Preferred Stock Dividends Paid": {"2020-12-31": -364, "2020-09-30": -365, "2020-06-30": -365, "2020-03-31": "-357.00000", "2019-12-31": -354, "2019-09-30": -354, "2019-06-30": -355, "2019-03-31": "-345.00000", "2018-12-31": -347, "2018-09-30": -348, "2018-06-30": -350, "2018-03-31": "-341.00000", "2017-12-31": -342, "2017-09-30": -343, "2017-06-30": -345, "2017-03-31": "-329.00000", "2016-12-31": -330, "2016-09-30": -331, "2016-06-30": -332, "2016-03-31": "-318.00000", "2015-12-31": -320, "2015-09-30": -321, "2015-06-30": -321, "2015-03-31": "-310.00000", "2014-12-31": -314, "2014-09-30": -315, "2014-06-30": -318, "2014-03-31": "-309.00000", "2013-12-31": -310, "2013-09-30": -311, "2013-06-30": -313, "2013-03-31": "-289.00000", "2012-12-31": -292, "2012-09-30": -292, "2012-06-30": -290, "2012-03-31": "-277.00000", "2011-12-31": -275, "2011-09-30": -275, "2011-06-30": -280, "2011-03-31": "-269.00000", "2010-12-31": -270, "2010-09-30": -271, "2010-06-30": -275, "2010-03-31": "-250.00000", "2009-12-31": -249, "2009-09-30": -249, "2009-06-30": -248, "2009-03-31": "-240.00000", "2008-12-31": -241, "2008-09-30": -241, "2008-06-30": -244, "2008-03-31": "-224.00000", "2007-12-31": -225.3, "2007-09-30": -241.9, "2007-06-30": -241.7, "2007-03-31": "-224.10000", "2006-12-31": -224.4, "2006-09-30": -225.1, "2006-06-30": -225.9, "2006-03-31": "-208.60000", "2005-12-31": -212.7, "2005-09-30": -215, "2005-06-30": -216.5, "2005-03-31": "-194.20000"}, "Financial Activities - Other": {"2020-12-31": -23, "2020-09-30": -1, "2020-06-30": -15, "2020-03-31": "-24.00000", "2019-12-31": -22, "2019-09-30": -13, "2019-06-30": -71, "2019-03-31": "-8.00000", "2018-12-31": -16, "2018-09-30": 0, "2018-06-30": -35, "2018-03-31": "-6.00000", "2017-12-31": -39, "2017-09-30": -3, "2017-06-30": -37, "2017-03-31": "-9.00000", "2016-12-31": -31, "2016-09-30": 3, "2016-06-30": 6, "2016-03-31": "-7.00000", "2015-12-31": -10, "2015-09-30": 1, "2015-06-30": 17, "2015-03-31": "-12.00000", "2014-12-31": -158, "2014-09-30": -15, "2014-06-30": 14, "2014-03-31": "-21.00000", "2013-12-31": -17, "2013-09-30": -1, "2013-06-30": 18, "2013-03-31": "-10.00000", "2012-12-31": -23, "2012-09-30": 11, "2012-06-30": 20, "2012-03-31": "-6.00000", "2011-12-31": -11, "2011-09-30": -21, "2011-06-30": 4, "2011-03-31": "9.00000", "2010-12-31": 1, "2010-09-30": -23, "2010-06-30": -6, "2010-03-31": "-20.00000", "2009-12-31": -18, "2009-09-30": -10, "2009-06-30": 19, "2009-03-31": "-17.00000", "2008-12-31": -2, "2008-09-30": -16, "2008-06-30": -4, "2008-03-31": "-29.00000", "2007-12-31": -4.6, "2007-09-30": -12.7, "2007-06-30": 8.1, "2007-03-31": "-24.80000", "2006-12-31": 0.5, "2006-09-30": 7.7, "2006-06-30": 4.4, "2006-03-31": "-15.60000", "2005-12-31": -4.5, "2005-09-30": -21.1, "2005-06-30": -7.9, "2005-03-31": "-3.30000"}, "Cash Flow From Financial Activities": {"2020-12-31": -795, "2020-09-30": -205, "2020-06-30": -787, "2020-03-31": "220.00000", "2019-12-31": -632, "2019-09-30": -747, "2019-06-30": -371, "2019-03-31": "-42.00000", "2018-12-31": -632, "2018-09-30": -453, "2018-06-30": -747, "2018-03-31": "-283.00000", "2017-12-31": -741, "2017-09-30": -916, "2017-06-30": -397, "2017-03-31": "-367.00000", "2016-12-31": -648, "2016-09-30": -534, "2016-06-30": -688, "2016-03-31": "-315.00000", "2015-12-31": -439, "2015-09-30": -455, "2015-06-30": -508, "2015-03-31": "104.00000", "2014-12-31": -570, "2014-09-30": -642, "2014-06-30": -501, "2014-03-31": "-180.00000", "2013-12-31": -832, "2013-09-30": -676, "2013-06-30": -291, "2013-03-31": "-386.00000", "2012-12-31": -816, "2012-09-30": -348, "2012-06-30": -303, "2012-03-31": "-335.00000", "2011-12-31": -710, "2011-09-30": -438, "2011-06-30": -261, "2011-03-31": "-332.00000", "2010-12-31": -353, "2010-09-30": -594, "2010-06-30": -495, "2010-03-31": "-417.00000", "2009-12-31": -419, "2009-09-30": -480, "2009-06-30": -594, "2009-03-31": "-295.00000", "2008-12-31": -625, "2008-09-30": -443, "2008-06-30": -460, "2008-03-31": "-219.00000", "2007-12-31": -572.3, "2007-09-30": -270.1, "2007-06-30": -236.8, "2007-03-31": "-347.80000", "2006-12-31": -437.8, "2006-09-30": -329.6, "2006-06-30": -430.4, "2006-03-31": "-353.20000", "2005-12-31": -411, "2005-09-30": -580.9, "2005-06-30": -702.4, "2005-03-31": "-235.40000"}, "Net Cash Flow": {"2020-12-31": -1215, "2020-09-30": 70, "2020-06-30": 469, "2020-03-31": "537.00000", "2019-12-31": 26, "2019-09-30": -118, "2019-06-30": 43, "2019-03-31": "-48.00000", "2018-12-31": 45, "2018-09-30": 10, "2018-06-30": -142, "2018-03-31": "10.00000", "2017-12-31": -39, "2017-09-30": -396, "2017-06-30": 216, "2017-03-31": "-88.00000", "2016-12-31": 39, "2016-09-30": 228, "2016-06-30": 21, "2016-03-31": "16.00000", "2015-12-31": -24, "2015-09-30": 40, "2015-06-30": 16, "2015-03-31": "-202.00000", "2014-12-31": -642, "2014-09-30": 62, "2014-06-30": 204, "2014-03-31": "111.00000", "2013-12-31": -125, "2013-09-30": 19, "2013-06-30": 51, "2013-03-31": "3.00000", "2012-12-31": -143, "2012-09-30": 255, "2012-06-30": 209, "2012-03-31": "21.00000", "2011-12-31": -468, "2011-09-30": 324, "2011-06-30": 323, "2011-03-31": "-291.00000", "2010-12-31": 343, "2010-09-30": -52, "2010-06-30": -84, "2010-03-31": "-129.00000", "2009-12-31": 48, "2009-09-30": 159, "2009-06-30": -1, "2009-03-31": "228.00000", "2008-12-31": -160, "2008-09-30": -22, "2008-06-30": 21, "2008-03-31": "52.00000", "2007-12-31": -66.8, "2007-09-30": 82.6, "2007-06-30": 115, "2007-03-31": "-18.80000", "2006-12-31": -38.2, "2006-09-30": 61.8, "2006-06-30": -51.8, "2006-03-31": "25.20000", "2005-12-31": 50.6, "2005-09-30": -152.7, "2005-06-30": -367.4, "2005-03-31": "239.50000"}, "Stock-Based Compensation": {"2020-12-31": 46, "2020-09-30": 47, "2020-06-30": 39, "2020-03-31": "15.00000", "2019-12-31": 22, "2019-09-30": 26, "2019-06-30": 32, "2019-03-31": "16.00000", "2018-12-31": -4, "2018-09-30": 19, "2018-06-30": 8, "2018-03-31": "18.00000", "2017-12-31": 12, "2017-09-30": 14, "2017-06-30": 30, "2017-03-31": "20.00000", "2016-12-31": 13, "2016-09-30": 19, "2016-06-30": 30, "2016-03-31": "15.00000", "2015-12-31": 7, "2015-09-30": 17, "2015-06-30": 36, "2015-03-31": "15.00000", "2014-12-31": 1, "2014-09-30": 15, "2014-06-30": 27, "2014-03-31": "9.00000", "2013-12-31": 19, "2013-09-30": 21, "2013-06-30": 22, "2013-03-31": "30.00000", "2012-12-31": 10, "2012-09-30": 14, "2012-06-30": 30, "2012-03-31": "13.00000", "2011-12-31": 11, "2011-09-30": 6, "2011-06-30": 19, "2011-03-31": "12.00000", "2010-12-31": 11, "2010-09-30": 13, "2010-06-30": 24, "2010-03-31": "4.00000", "2009-12-31": 23, "2009-09-30": 35, "2009-06-30": 18, "2009-03-31": "10.00000", "2008-12-31": 9, "2008-09-30": 13, "2008-06-30": 7, "2008-03-31": "18.00000", "2007-12-31": 14.4, "2007-09-30": 11, "2007-06-30": 23.7, "2007-03-31": "13.90000", "2006-12-31": 14, "2006-09-30": 16.9, "2006-06-30": 17.6, "2006-03-31": "18.50000", "2005-12-31": 7.6, "2005-09-30": 24.8, "2005-06-30": 0, "2005-03-31": ""}, "Common Stock Dividends Paid": {"2020-12-31": -364, "2020-09-30": -365, "2020-06-30": -365, "2020-03-31": "-357.00000", "2019-12-31": -354, "2019-09-30": -354, "2019-06-30": -355, "2019-03-31": "-345.00000", "2018-12-31": -347, "2018-09-30": -348, "2018-06-30": -350, "2018-03-31": "-341.00000", "2017-12-31": -342, "2017-09-30": -343, "2017-06-30": -345, "2017-03-31": "-329.00000", "2016-12-31": -330, "2016-09-30": -331, "2016-06-30": -332, "2016-03-31": "-318.00000", "2015-12-31": -320, "2015-09-30": -321, "2015-06-30": -321, "2015-03-31": "-310.00000", "2014-12-31": -314, "2014-09-30": -315, "2014-06-30": -318, "2014-03-31": "-309.00000", "2013-12-31": -310, "2013-09-30": -311, "2013-06-30": -313, "2013-03-31": "-289.00000", "2012-12-31": -292, "2012-09-30": -292, "2012-06-30": -290, "2012-03-31": "-277.00000", "2011-12-31": -275, "2011-09-30": -275, "2011-06-30": -280, "2011-03-31": "-269.00000", "2010-12-31": -270, "2010-09-30": -271, "2010-06-30": -275, "2010-03-31": "-250.00000", "2009-12-31": -249, "2009-09-30": -249, "2009-06-30": -248, "2009-03-31": "-240.00000", "2008-12-31": -241, "2008-09-30": -241, "2008-06-30": -244, "2008-03-31": "-224.00000", "2007-12-31": -225.3, "2007-09-30": -241.9, "2007-06-30": -241.7, "2007-03-31": "-224.10000", "2006-12-31": -224.4, "2006-09-30": -225.1, "2006-06-30": -225.9, "2006-03-31": "-208.60000", "2005-12-31": -212.7, "2005-09-30": -215, "2005-06-30": -216.5, "2005-03-31": "-194.20000"}}, "financial ratios": {"Current Ratio": {"2019-12-31": "0.73090", "2018-12-31": "0.77130", "2017-12-31": "0.88960", "2016-12-31": "0.87500", "2015-12-31": "0.85460", "2014-12-31": "0.89290", "2013-12-31": "1.12000", "2012-12-31": "1.08180", "2011-12-31": "1.16420", "2010-12-31": "1.18550", "2009-12-31": "1.19110", "2008-12-31": "1.22330", "2007-12-31": "1.23700", "2006-12-31": "1.05060", "2005-12-31": "1.03020"}, "Long-term Debt / Capital": {"2019-12-31": "0.96970", "2018-12-31": "1.00740", "2017-12-31": "0.88010", "2016-12-31": "0.98220", "2015-12-31": "0.99350", "2014-12-31": "0.84930", "2013-12-31": "0.51170", "2012-12-31": "0.48950", "2011-12-31": "0.49530", "2010-12-31": "0.45220", "2009-12-31": "0.45720", "2008-12-31": "0.53400", "2007-12-31": "0.45690", "2006-12-31": "0.27180", "2005-12-31": "0.31830"}, "Debt/Equity Ratio": {"2019-12-31": "39.93300", "2018-12-31": "-162.06520", "2017-12-31": "8.41840", "2016-12-31": "64.71800", "2015-12-31": "194.37500", "2014-12-31": "6.96300", "2013-12-31": "1.12080", "2012-12-31": "1.16990", "2011-12-31": "1.10910", "2010-12-31": "0.88100", "2009-12-31": "0.94940", "2008-12-31": "1.39990", "2007-12-31": "1.05130", "2006-12-31": "0.59080", "2005-12-31": "0.68680"}, "Gross Margin": {"2019-12-31": "32.71000", "2018-12-31": "30.27700", "2017-12-31": "35.90040", "2016-12-31": "36.58880", "2015-12-31": "35.63010", "2014-12-31": "33.88260", "2013-12-31": "33.78660", "2012-12-31": "31.48410", "2011-12-31": "29.51170", "2010-12-31": "33.17130", "2009-12-31": "33.58620", "2008-12-31": "30.17260", "2007-12-31": "31.22740", "2006-12-31": "30.34570", "2005-12-31": "31.91430"}, "Operating Margin": {"2019-12-31": "16.21140", "2018-12-31": "12.05780", "2017-12-31": "18.30170", "2016-12-31": "18.49950", "2015-12-31": "8.67620", "2014-12-31": "12.78140", "2013-12-31": "14.84080", "2012-12-31": "12.21040", "2011-12-31": "11.71450", "2010-12-31": "14.04340", "2009-12-31": "14.77900", "2008-12-31": "13.11870", "2007-12-31": "14.32170", "2006-12-31": "12.55150", "2005-12-31": "14.52970"}, "EBIT Margin": {"2019-12-31": "16.21140", "2018-12-31": "12.05780", "2017-12-31": "18.30170", "2016-12-31": "18.49950", "2015-12-31": "8.67620", "2014-12-31": "12.78140", "2013-12-31": "14.84080", "2012-12-31": "12.21040", "2011-12-31": "11.71450", "2010-12-31": "14.04340", "2009-12-31": "14.77900", "2008-12-31": "13.11870", "2007-12-31": "14.32170", "2006-12-31": "12.55150", "2005-12-31": "14.52970"}, "EBITDA Margin": {"2019-12-31": "21.18160", "2018-12-31": "16.82900", "2017-12-31": "22.24770", "2016-12-31": "22.35470", "2015-12-31": "12.68890", "2014-12-31": "17.15170", "2013-12-31": "19.25260", "2012-12-31": "16.61270", "2011-12-31": "16.94810", "2010-12-31": "18.16060", "2009-12-31": "18.87520", "2008-12-31": "17.11050", "2007-12-31": "18.73970", "2006-12-31": "18.12270", "2005-12-31": "19.84010"}, "Pre-Tax Profit Margin": {"2019-12-31": "14.36310", "2018-12-31": "9.80740", "2017-12-31": "16.30150", "2016-12-31": "16.45430", "2015-12-31": "7.18090", "2014-12-31": "11.43280", "2013-12-31": "13.50140", "2012-12-31": "10.83890", "2011-12-31": "10.47200", "2010-12-31": "12.91400", "2009-12-31": "13.47630", "2008-12-31": "11.78990", "2007-12-31": "12.69020", "2006-12-31": "11.01690", "2005-12-31": "12.38100"}, "Net Profit Margin": {"2019-12-31": "11.69110", "2018-12-31": "7.62740", "2017-12-31": "12.41550", "2016-12-31": "11.84450", "2015-12-31": "5.44890", "2014-12-31": "7.73680", "2013-12-31": "10.95040", "2012-12-31": "8.98960", "2011-12-31": "7.63220", "2010-12-31": "9.33350", "2009-12-31": "9.85610", "2008-12-31": "8.70460", "2007-12-31": "9.98030", "2006-12-31": "8.95680", "2005-12-31": "9.86190"}, "Asset Turnover": {"2019-12-31": "1.20720", "2018-12-31": "1.27330", "2017-12-31": "1.21100", "2016-12-31": "1.25240", "2015-12-31": "1.25260", "2014-12-31": "1.27040", "2013-12-31": "1.03390", "2012-12-31": "0.97960", "2011-12-31": "1.07600", "2010-12-31": "0.99410", "2009-12-31": "0.99510", "2008-12-31": "1.07330", "2007-12-31": "0.99060", "2006-12-31": "0.98130", "2005-12-31": "0.97540"}, "Inventory Turnover Ratio": {"2019-12-31": "6.93580", "2018-12-31": "7.10920", "2017-12-31": "6.57040", "2016-12-31": "6.90650", "2015-12-31": "6.26870", "2014-12-31": "6.89270", "2013-12-31": "5.80030", "2012-12-31": "5.68060", "2011-12-31": "6.23680", "2010-12-31": "5.56090", "2009-12-31": "6.24450", "2008-12-31": "5.43800", "2007-12-31": "5.13990", "2006-12-31": "5.81940", "2005-12-31": "6.17970"}, "Receiveable Turnover": {"2019-12-31": "8.15290", "2018-12-31": "8.54250", "2017-12-31": "7.92570", "2016-12-31": "8.40400", "2015-12-31": "8.15040", "2014-12-31": "8.87270", "2013-12-31": "7.68610", "2012-12-31": "7.36830", "2011-12-31": "8.01150", "2010-12-31": "7.98790", "2009-12-31": "7.44930", "2008-12-31": "7.79090", "2007-12-31": "7.13240", "2006-12-31": "7.16690", "2005-12-31": "7.56580"}, "Days Sales In Receivables": {"2019-12-31": "44.76940", "2018-12-31": "42.72750", "2017-12-31": "46.05270", "2016-12-31": "43.43200", "2015-12-31": "44.78320", "2014-12-31": "41.13740", "2013-12-31": "47.48860", "2012-12-31": "49.53670", "2011-12-31": "45.55930", "2010-12-31": "45.69430", "2009-12-31": "48.99770", "2008-12-31": "46.84940", "2007-12-31": "51.17510", "2006-12-31": "50.92830", "2005-12-31": "48.24330"}, "ROE - Return On Equity": {"2019-12-31": "1132.47400", "2018-12-31": "-3141.30400", "2017-12-31": "262.92520", "2016-12-31": "1896.58100", "2015-12-31": "2665.00000", "2014-12-31": "154.65470", "2013-12-31": "39.26070", "2012-12-31": "30.77360", "2011-12-31": "30.45760", "2010-12-31": "31.32860", "2009-12-31": "35.04390", "2008-12-31": "43.11200", "2007-12-31": "37.34690", "2006-12-31": "24.60070", "2005-12-31": "28.43730"}, "Return On Tangible Equity": {"2019-12-31": "-172.58450", "2018-12-31": "-95.06580", "2017-12-31": "-334.14990", "2016-12-31": "-162.80260", "2015-12-31": "-75.81790", "2014-12-31": "-245.62800", "2013-12-31": "117.59910", "2012-12-31": "95.48120", "2011-12-31": "87.52600", "2010-12-31": "77.34870", "2009-12-31": "94.72680", "2008-12-31": "121.01450", "2007-12-31": "85.49520", "2006-12-31": "46.34060", "2005-12-31": "55.02330"}, "ROA - Return On Assets": {"2019-12-31": "14.37550", "2018-12-31": "9.95320", "2017-12-31": "15.30590", "2016-12-31": "15.19660", "2015-12-31": "7.18230", "2014-12-31": "9.95110", "2013-12-31": "10.66650", "2012-12-31": "8.18700", "2011-12-31": "8.69250", "2010-12-31": "9.78150", "2009-12-31": "10.38060", "2008-12-31": "10.15530", "2007-12-31": "10.58030", "2006-12-31": "8.78890", "2005-12-31": "9.69500"}, "ROI - Return On Investment": {"2019-12-31": "34.29060", "2018-12-31": "23.30270", "2017-12-31": "31.53390", "2016-12-31": "33.84690", "2015-12-31": "17.34460", "2014-12-31": "23.30670", "2013-12-31": "19.17160", "2012-12-31": "15.70920", "2011-12-31": "15.37200", "2010-12-31": "17.16130", "2009-12-31": "19.02310", "2008-12-31": "20.09190", "2007-12-31": "20.28490", "2006-12-31": "17.91390", "2005-12-31": "19.38700"}, "Book Value Per Share": {"2019-12-31": "0.56810", "2018-12-31": "-0.13330", "2017-12-31": "2.51210", "2016-12-31": "0.32810", "2015-12-31": "0.11080", "2014-12-31": "2.73470", "2013-12-31": "13.49790", "2012-12-31": "13.58080", "2011-12-31": "13.97270", "2010-12-31": "15.24210", "2009-12-31": "13.64510", "2008-12-31": "10.30220", "2007-12-31": "12.41150", "2006-12-31": "13.38320", "2005-12-31": "12.04380"}, "Operating Cash Flow Per Share": {"2019-12-31": -0.5787, "2018-12-31": 0.2656, "2017-12-31": -0.7058, "2016-12-31": 2.6402, "2015-12-31": -1.243, "2014-12-31": -0.3108, "2013-12-31": -0.4517, "2012-12-31": 2.5608, "2011-12-31": -0.8815, "2010-12-31": -1.7301, "2009-12-31": 2.3555, "2008-12-31": 0.5537, "2007-12-31": -0.1468, "2006-12-31": 0.7468, "2005-12-31": 4.8425}, "Free Cash Flow Per Share": {"2019-12-31": -1.0141, "2018-12-31": 0.1001, "2017-12-31": -0.835, "2016-12-31": 3.4551, "2015-12-31": -1.3729, "2014-12-31": -0.9363, "2013-12-31": 0.1574, "2012-12-31": 2.1248, "2011-12-31": -0.8776, "2010-12-31": -2.0601, "2009-12-31": 2.4735, "2008-12-31": 0.4598, "2007-12-31": -0.135, "2006-12-31": 0.1248, "2005-12-31": 3.4541}}, "financial ratios, quarterly": {"Current Ratio": {"2020-09-30": "0.99560", "2020-06-30": "0.90910", "2020-03-31": "0.87090", "2019-12-31": "0.73090", "2019-09-30": "0.74670", "2019-06-30": "0.80800", "2019-03-31": "0.73020", "2018-12-31": "0.77130", "2018-09-30": "0.75060", "2018-06-30": "0.75550", "2018-03-31": "0.80490", "2017-12-31": "0.88960", "2017-09-30": "0.96560", "2017-06-30": "0.91530", "2017-03-31": "0.87180", "2016-12-31": "0.87500", "2016-09-30": "0.91960", "2016-06-30": "0.97820", "2016-03-31": "0.95550", "2015-12-31": "0.85460", "2015-09-30": "0.87760", "2015-06-30": "0.81570", "2015-03-31": "0.87020", "2014-12-31": "0.89290", "2014-09-30": "1.10560", "2014-06-30": "1.16890", "2014-03-31": "1.06220", "2013-12-31": "1.12000", "2013-09-30": "1.19270", "2013-06-30": "1.09090", "2013-03-31": "0.98000", "2012-12-31": "1.08180", "2012-09-30": "1.14950", "2012-06-30": "1.28420", "2012-03-31": "1.20350", "2011-12-31": "1.16420", "2011-09-30": "1.12430", "2011-06-30": "1.08630", "2011-03-31": "1.08770", "2010-12-31": "1.18550", "2010-09-30": "1.18080", "2010-06-30": "1.03020", "2010-03-31": "1.08810", "2009-12-31": "1.19110", "2009-09-30": "1.08890", "2009-06-30": "1.26890", "2009-03-31": "1.15170", "2008-12-31": "1.22330", "2008-09-30": "1.06850", "2008-06-30": "1.21030", "2008-03-31": "1.24070", "2007-12-31": "1.23700", "2007-09-30": "1.18610", "2007-06-30": "1.14950", "2007-03-31": "1.13480", "2006-12-31": "1.05060", "2006-09-30": "1.03230", "2006-06-30": "1.09500", "2006-03-31": "1.05520", "2005-12-31": "1.03020", "2005-09-30": "1.10920", "2005-06-30": "1.10390", "2005-03-31": "1.10770"}, "Long-term Debt / Capital": {"2020-09-30": "0.93150", "2020-06-30": "0.93590", "2020-03-31": "0.99370", "2019-12-31": "0.96970", "2019-09-30": "0.98600", "2019-06-30": "0.99260", "2019-03-31": "1.01390", "2018-12-31": "1.00740", "2018-09-30": "0.98090", "2018-06-30": "0.97000", "2018-03-31": "0.91640", "2017-12-31": "0.88010", "2017-09-30": "0.93410", "2017-06-30": "0.95340", "2017-03-31": "0.94670", "2016-12-31": "0.98220", "2016-09-30": "0.92120", "2016-06-30": "0.94210", "2016-03-31": "0.95450", "2015-12-31": "0.99350", "2015-09-30": "0.95690", "2015-06-30": "0.88170", "2015-03-31": "0.93690", "2014-12-31": "0.84930", "2014-09-30": "0.55330", "2014-06-30": "0.54920", "2014-03-31": "0.52230", "2013-12-31": "0.51170", "2013-09-30": "0.51990", "2013-06-30": "0.53620", "2013-03-31": "0.47830", "2012-12-31": "0.48950", "2012-09-30": "0.46770", "2012-06-30": "0.49870", "2012-03-31": "0.50300", "2011-12-31": "0.49530", "2011-09-30": "0.49810", "2011-06-30": "0.48080", "2011-03-31": "0.48580", "2010-12-31": "0.45220", "2010-09-30": "0.44250", "2010-06-30": "0.45660", "2010-03-31": "0.43590", "2009-12-31": "0.45720", "2009-09-30": "0.44680", "2009-06-30": "0.53470", "2009-03-31": "0.56110", "2008-12-31": "0.53400", "2008-09-30": "0.46660", "2008-06-30": "0.47130", "2008-03-31": "0.44380", "2007-12-31": "0.45690", "2007-09-30": "0.46710", "2007-06-30": "0.25390", "2007-03-31": "0.26380", "2006-12-31": "0.27180", "2006-09-30": "0.27580", "2006-06-30": "0.30140", "2006-03-31": "0.31190", "2005-12-31": "0.31830", "2005-09-30": "0.30320", "2005-06-30": "0.26530", "2005-03-31": "0.25960"}, "Debt/Equity Ratio": {"2020-09-30": "14.50260", "2020-06-30": "16.30910", "2020-03-31": "183.65220", "2019-12-31": "39.93300", "2019-09-30": "88.10230", "2019-06-30": "159.84000", "2019-03-31": "-96.21950", "2018-12-31": "-162.06520", "2018-09-30": "67.18750", "2018-06-30": "42.06180", "2018-03-31": "13.83780", "2017-12-31": "8.41840", "2017-09-30": "15.35340", "2017-06-30": "24.23870", "2017-03-31": "21.41710", "2016-12-31": "64.71800", "2016-09-30": "13.88020", "2016-06-30": "18.10610", "2016-03-31": "24.02130", "2015-12-31": "194.37500", "2015-09-30": "27.48190", "2015-06-30": "10.21370", "2015-03-31": "18.76460", "2014-12-31": "6.96300", "2014-09-30": "1.40850", "2014-06-30": "1.33880", "2014-03-31": "1.28160", "2013-12-31": "1.12080", "2013-09-30": "1.30120", "2013-06-30": "1.43540", "2013-03-31": "1.29970", "2012-12-31": "1.16990", "2012-09-30": "1.09680", "2012-06-30": "1.09490", "2012-03-31": "1.13480", "2011-12-31": "1.10910", "2011-09-30": "1.13120", "2011-06-30": "1.09820", "2011-03-31": "1.07060", "2010-12-31": "0.88100", "2010-09-30": "0.91690", "2010-06-30": "1.05900", "2010-03-31": "0.94890", "2009-12-31": "0.94940", "2009-09-30": "1.02780", "2009-06-30": "1.22730", "2009-03-31": "1.62310", "2008-12-31": "1.39990", "2008-09-30": "1.24930", "2008-06-30": "1.13220", "2008-03-31": "1.02820", "2007-12-31": "1.05130", "2007-09-30": "1.15580", "2007-06-30": "0.53970", "2007-03-31": "0.56110", "2006-12-31": "0.59080", "2006-09-30": "0.60880", "2006-06-30": "0.62350", "2006-03-31": "0.66440", "2005-12-31": "0.68680", "2005-09-30": "0.58550", "2005-06-30": "0.53750", "2005-03-31": "0.57140"}, "Gross Margin": {"2020-09-30": "33.95260", "2020-06-30": "38.52990", "2020-03-31": "35.75560", "2019-12-31": "34.16980", "2019-09-30": "33.51290", "2019-06-30": "32.34650", "2019-03-31": "30.82240", "2018-12-31": "30.68510", "2018-09-30": "30.90350", "2018-06-30": "31.60300", "2018-03-31": "27.98560", "2017-12-31": "34.93370", "2017-09-30": "35.73420", "2017-06-30": "36.10140", "2017-03-31": "36.85610", "2016-12-31": "37.11390", "2016-09-30": "36.35180", "2016-06-30": "36.26850", "2016-03-31": "36.61750", "2015-12-31": "35.82290", "2015-09-30": "35.65070", "2015-06-30": "35.68810", "2015-03-31": "35.36560", "2014-12-31": "32.16650", "2014-09-30": "34.90900", "2014-06-30": "34.32260", "2014-03-31": "34.07000", "2013-12-31": "31.82550", "2013-09-30": "34.30260", "2013-06-30": "34.17510", "2013-03-31": "34.26100", "2012-12-31": "24.36000", "2012-09-30": "33.66370", "2012-06-30": "33.30800", "2012-03-31": "32.51290", "2011-12-31": "29.83000", "2011-09-30": "29.50580", "2011-06-30": "29.60640", "2011-03-31": "29.09130", "2010-12-31": "32.41380", "2010-09-30": "32.41620", "2010-06-30": "33.84810", "2010-03-31": "34.06410", "2009-12-31": "33.44040", "2009-09-30": "35.15160", "2009-06-30": "33.27690", "2009-03-31": "32.36150", "2008-12-31": "31.64420", "2008-09-30": "29.27170", "2008-06-30": "29.64440", "2008-03-31": "30.25140", "2007-12-31": "30.73080", "2007-09-30": "31.24050", "2007-06-30": "32.11910", "2007-03-31": "30.83710", "2006-12-31": "31.70900", "2006-09-30": "30.29400", "2006-06-30": "30.94150", "2006-03-31": "28.34630", "2005-12-31": "32.16840", "2005-09-30": "28.90420", "2005-06-30": "33.17200", "2005-03-31": "33.45280"}, "Operating Margin": {"2020-09-30": "14.22170", "2020-06-30": "20.05640", "2020-03-31": "18.04750", "2019-12-31": "16.38670", "2019-09-30": "19.71980", "2019-06-30": "14.58420", "2019-03-31": "14.13770", "2018-12-31": "13.98560", "2018-09-30": "14.60060", "2018-06-30": "14.63940", "2018-03-31": "5.22090", "2017-12-31": "17.98830", "2017-09-30": "18.60670", "2017-06-30": "17.78850", "2017-03-31": "18.82770", "2016-12-31": "19.55070", "2016-09-30": "18.19770", "2016-06-30": "18.26500", "2016-03-31": "17.96250", "2015-12-31": "13.87970", "2015-09-30": "16.51120", "2015-06-30": "-11.71660", "2015-03-31": "15.94540", "2014-12-31": "3.27260", "2014-09-30": "17.34570", "2014-06-30": "15.64710", "2014-03-31": "14.54880", "2013-12-31": "13.92030", "2013-09-30": "15.33640", "2013-06-30": "15.11300", "2013-03-31": "14.72360", "2012-12-31": "3.77260", "2012-09-30": "14.92570", "2012-06-30": "14.31010", "2012-03-31": "13.35620", "2011-12-31": "11.80450", "2011-09-30": "12.30030", "2011-06-30": "11.88440", "2011-03-31": "10.81730", "2010-12-31": "13.77340", "2010-09-30": "14.01890", "2010-06-30": "14.63870", "2010-03-31": "13.75390", "2009-12-31": "14.39180", "2009-09-30": "17.72850", "2009-06-30": "12.88340", "2009-03-31": "13.97730", "2008-12-31": "13.54940", "2008-09-30": "12.20490", "2008-06-30": "12.98440", "2008-03-31": "13.79600", "2007-12-31": "14.04970", "2007-09-30": "14.77510", "2007-06-30": "14.40920", "2007-03-31": "14.04920", "2006-12-31": "14.18750", "2006-09-30": "12.50240", "2006-06-30": "13.07490", "2006-03-31": "10.33460", "2005-12-31": "14.27320", "2005-09-30": "11.61270", "2005-06-30": "15.95650", "2005-03-31": "16.32440"}, "EBIT Margin": {"2020-09-30": "14.22170", "2020-06-30": "20.05640", "2020-03-31": "18.04750", "2019-12-31": "16.38670", "2019-09-30": "19.71980", "2019-06-30": "14.58420", "2019-03-31": "14.13770", "2018-12-31": "13.98560", "2018-09-30": "14.60060", "2018-06-30": "14.63940", "2018-03-31": "5.22090", "2017-12-31": "17.98830", "2017-09-30": "18.60670", "2017-06-30": "17.78850", "2017-03-31": "18.82770", "2016-12-31": "19.55070", "2016-09-30": "18.19770", "2016-06-30": "18.26500", "2016-03-31": "17.96250", "2015-12-31": "13.87970", "2015-09-30": "16.51120", "2015-06-30": "-11.71660", "2015-03-31": "15.94540", "2014-12-31": "3.27260", "2014-09-30": "17.34570", "2014-06-30": "15.64710", "2014-03-31": "14.54880", "2013-12-31": "13.92030", "2013-09-30": "15.33640", "2013-06-30": "15.11300", "2013-03-31": "14.72360", "2012-12-31": "3.77260", "2012-09-30": "14.92570", "2012-06-30": "14.31010", "2012-03-31": "13.35620", "2011-12-31": "11.80450", "2011-09-30": "12.30030", "2011-06-30": "11.88440", "2011-03-31": "10.81730", "2010-12-31": "13.77340", "2010-09-30": "14.01890", "2010-06-30": "14.63870", "2010-03-31": "13.75390", "2009-12-31": "14.39180", "2009-09-30": "17.72850", "2009-06-30": "12.88340", "2009-03-31": "13.97730", "2008-12-31": "13.54940", "2008-09-30": "12.20490", "2008-06-30": "12.98440", "2008-03-31": "13.79600", "2007-12-31": "14.04970", "2007-09-30": "14.77510", "2007-06-30": "14.40920", "2007-03-31": "14.04920", "2006-12-31": "14.18760", "2006-09-30": "12.50240", "2006-06-30": "13.07490", "2006-03-31": "10.33460", "2005-12-31": "14.27320", "2005-09-30": "11.61270", "2005-06-30": "15.95650", "2005-03-31": "16.32440"}, "EBITDA Margin": {"2020-09-30": "", "2020-06-30": "", "2020-03-31": "", "2019-12-31": "", "2019-09-30": "", "2019-06-30": "", "2019-03-31": "", "2018-12-31": "", "2018-09-30": "", "2018-06-30": "", "2018-03-31": "", "2017-12-31": "", "2017-09-30": "", "2017-06-30": "", "2017-03-31": "", "2016-12-31": "", "2016-09-30": "", "2016-06-30": "", "2016-03-31": "", "2015-12-31": "", "2015-09-30": "", "2015-06-30": "", "2015-03-31": "", "2014-12-31": "", "2014-09-30": "", "2014-06-30": "", "2014-03-31": "", "2013-12-31": "", "2013-09-30": "", "2013-06-30": "", "2013-03-31": "", "2012-12-31": "", "2012-09-30": "", "2012-06-30": "", "2012-03-31": "", "2011-12-31": "", "2011-09-30": "", "2011-06-30": "", "2011-03-31": "", "2010-12-31": "", "2010-09-30": "", "2010-06-30": "", "2010-03-31": "", "2009-12-31": "", "2009-09-30": "", "2009-06-30": "", "2009-03-31": "", "2008-12-31": "", "2008-09-30": "", "2008-06-30": "", "2008-03-31": "", "2007-12-31": "", "2007-09-30": "", "2007-06-30": "", "2007-03-31": "", "2006-12-31": "", "2006-09-30": "", "2006-06-30": "", "2006-03-31": "", "2005-12-31": "", "2005-09-30": "", "2005-06-30": "", "2005-03-31": ""}, "Pre-Tax Profit Margin": {"2020-09-30": "12.08630", "2020-06-30": "18.56030", "2020-03-31": "16.65000", "2019-12-31": "13.81190", "2019-09-30": "18.12500", "2019-06-30": "12.92990", "2019-03-31": "12.56210", "2018-12-31": "10.70260", "2018-09-30": "12.59280", "2018-06-30": "12.44570", "2018-03-31": "3.67790", "2017-12-31": "16.14170", "2017-09-30": "16.69880", "2017-06-30": "15.64690", "2017-03-31": "16.71850", "2016-12-31": "16.41820", "2016-09-30": "16.47800", "2016-06-30": "16.56500", "2016-03-31": "16.35390", "2015-12-31": "12.31550", "2015-09-30": "15.02760", "2015-06-30": "-13.20270", "2015-03-31": "14.49580", "2014-12-31": "1.94700", "2014-09-30": "16.02060", "2014-06-30": "14.29440", "2014-03-31": "13.15740", "2013-12-31": "12.11630", "2013-09-30": "14.06310", "2013-06-30": "13.85990", "2013-03-31": "13.55770", "2012-12-31": "1.94020", "2012-09-30": "13.66760", "2012-06-30": "13.05750", "2012-03-31": "12.07790", "2011-12-31": "10.51010", "2011-09-30": "11.09250", "2011-06-30": "10.61040", "2011-03-31": "9.62420", "2010-12-31": "12.61080", "2010-09-30": "12.93430", "2010-06-30": "13.52690", "2010-03-31": "12.59570", "2009-12-31": "13.20760", "2009-09-30": "16.50720", "2009-06-30": "11.50840", "2009-03-31": "12.53060", "2008-12-31": "12.13570", "2008-09-30": "10.98440", "2008-06-30": "11.66600", "2008-03-31": "12.42470", "2007-12-31": "12.82440", "2007-09-30": "13.13470", "2007-06-30": "12.36560", "2007-03-31": "12.40960", "2006-12-31": "12.55540", "2006-09-30": "10.91350", "2006-06-30": "11.72680", "2006-03-31": "8.76870", "2005-12-31": "12.08310", "2005-09-30": "9.51810", "2005-06-30": "13.80200", "2005-03-31": "14.16870"}, "Net Profit Margin": {"2020-09-30": "10.07900", "2020-06-30": "14.76580", "2020-03-31": "13.17630", "2019-12-31": "11.93540", "2019-09-30": "14.46120", "2019-06-30": "10.55730", "2019-03-31": "9.79930", "2018-12-31": "8.99540", "2018-09-30": "9.84290", "2018-06-30": "9.88270", "2018-03-31": "1.96580", "2017-12-31": "13.40430", "2017-09-30": "12.15430", "2017-06-30": "11.60400", "2017-03-31": "12.50000", "2016-12-31": "10.90950", "2016-09-30": "11.97210", "2016-06-30": "12.33650", "2016-03-31": "12.17610", "2015-12-31": "7.33640", "2015-09-30": "10.95800", "2015-06-30": "-6.56900", "2015-03-31": "9.97660", "2014-12-31": "-1.71910", "2014-09-30": "11.11550", "2014-06-30": "10.27660", "2014-03-31": "11.00880", "2013-12-31": "14.51270", "2013-09-30": "10.37630", "2013-06-30": "9.98670", "2013-03-31": "9.98500", "2012-12-31": "7.19480", "2012-09-30": "9.85510", "2012-06-30": "9.45150", "2012-03-31": "8.92960", "2011-12-31": "7.74730", "2011-09-30": "8.02680", "2011-06-30": "7.75810", "2011-03-31": "6.95960", "2010-12-31": "9.69460", "2010-09-30": "9.41960", "2010-06-30": "10.25320", "2010-03-31": "7.94210", "2009-12-31": "9.87560", "2009-09-30": "11.84610", "2009-06-30": "8.52550", "2009-03-31": "9.05850", "2008-12-31": "9.11270", "2008-09-30": "8.26330", "2008-06-30": "8.33000", "2008-03-31": "9.16270", "2007-12-31": "9.58580", "2007-09-30": "9.80610", "2007-06-30": "10.25770", "2007-03-31": "10.30720", "2006-12-31": "11.21590", "2006-09-30": "8.65000", "2006-06-30": "9.07390", "2006-03-31": "6.76270", "2005-12-31": "9.25690", "2005-09-30": "8.13090", "2005-06-30": "10.57910", "2005-03-31": "11.52390"}, "Asset Turnover": {"2020-09-30": "0.28330", "2020-06-30": "0.28520", "2020-03-31": "0.31950", "2019-12-31": "0.29990", "2019-09-30": "0.30870", "2019-06-30": "0.29930", "2019-03-31": "0.30470", "2018-12-31": "0.31470", "2018-09-30": "0.31420", "2018-06-30": "0.31610", "2018-03-31": "0.30920", "2017-12-31": "0.30380", "2017-09-30": "0.31000", "2017-06-30": "0.30360", "2017-03-31": "0.30520", "2016-12-31": "0.31700", "2016-09-30": "0.30830", "2016-06-30": "0.31060", "2016-03-31": "0.30200", "2015-12-31": "0.30580", "2015-09-30": "0.31610", "2015-06-30": "0.30260", "2015-03-31": "0.31160", "2014-12-31": "0.31100", "2014-09-30": "0.26790", "2014-06-30": "0.25560", "2014-03-31": "0.25720", "2013-12-31": "0.19630", "2013-09-30": "0.27170", "2013-06-30": "0.26990", "2013-03-31": "0.26930", "2012-12-31": "0.18670", "2012-09-30": "0.26180", "2012-06-30": "0.26890", "2012-03-31": "0.26800", "2011-12-31": "0.26720", "2011-09-30": "0.27420", "2011-06-30": "0.25680", "2011-03-31": "0.25160", "2010-12-31": "0.25550", "2010-09-30": "0.25550", "2010-06-30": "0.25960", "2010-03-31": "0.25450", "2009-12-31": "0.25940", "2009-09-30": "0.26430", "2009-06-30": "0.26050", "2009-03-31": "0.25570", "2008-12-31": "0.25420", "2008-09-30": "0.26730", "2008-06-30": "0.25510", "2008-03-31": "0.25450", "2007-12-31": "0.25800", "2007-09-30": "0.25220", "2007-06-30": "0.25230", "2007-03-31": "0.25520", "2006-12-31": "0.25240", "2006-09-30": "0.25320", "2006-06-30": "0.25170", "2006-03-31": "0.24820", "2005-12-31": "0.24590", "2005-09-30": "0.24560", "2005-06-30": "0.24010", "2005-03-31": "0.22930"}, "Inventory Turnover Ratio": {"2020-09-30": "1.73080", "2020-06-30": "1.55340", "2020-03-31": "2.09100", "2019-12-31": "1.68550", "2019-09-30": "1.73410", "2019-06-30": "1.67460", "2019-03-31": "1.72590", "2018-12-31": "1.74680", "2018-09-30": "1.78870", "2018-06-30": "1.79940", "2018-03-31": "1.91620", "2017-12-31": "1.67320", "2017-09-30": "1.71510", "2017-06-30": "1.68240", "2017-03-31": "1.64580", "2016-12-31": "1.73380", "2016-09-30": "1.68430", "2016-06-30": "1.61820", "2016-03-31": "1.49160", "2015-12-31": "1.52590", "2015-09-30": "1.61230", "2015-06-30": "1.53290", "2015-03-31": "1.60170", "2014-12-31": "1.73100", "2014-09-30": "1.44280", "2014-06-30": "1.37960", "2014-03-31": "1.41010", "2013-12-31": "1.13390", "2013-09-30": "1.53990", "2013-06-30": "1.48990", "2013-03-31": "1.47880", "2012-12-31": "1.19550", "2012-09-30": "1.46650", "2012-06-30": "1.48400", "2012-03-31": "1.50250", "2011-12-31": "1.54160", "2011-09-30": "1.56710", "2011-06-30": "1.46850", "2011-03-31": "1.48580", "2010-12-31": "1.44540", "2010-09-30": "1.40090", "2010-06-30": "1.43890", "2010-03-31": "1.51520", "2009-12-31": "1.63110", "2009-09-30": "1.58190", "2009-06-30": "1.53260", "2009-03-31": "1.38960", "2008-12-31": "1.26070", "2008-09-30": "1.37560", "2008-06-30": "1.33930", "2008-03-31": "1.28490", "2007-12-31": "1.34860", "2007-09-30": "1.33140", "2007-06-30": "1.36220", "2007-03-31": "1.45410", "2006-12-31": "1.46740", "2006-09-30": "1.55430", "2006-06-30": "1.53780", "2006-03-31": "1.61000", "2005-12-31": "1.55200", "2005-09-30": "1.64790", "2005-06-30": "1.53940", "2005-03-31": "1.54530"}, "Receiveable Turnover": {"2020-09-30": "2.20380", "2020-06-30": "2.27870", "2020-03-31": "1.98850", "2019-12-31": "2.02520", "2019-09-30": "2.01210", "2019-06-30": "1.91660", "2019-03-31": "1.94910", "2018-12-31": "2.11140", "2018-09-30": "1.98530", "2018-06-30": "2.01400", "2018-03-31": "1.91540", "2017-12-31": "1.98830", "2017-09-30": "1.97670", "2017-06-30": "2.06030", "2017-03-31": "2.02520", "2016-12-31": "2.12730", "2016-09-30": "2.06750", "2016-06-30": "2.04000", "2016-03-31": "1.98490", "2015-12-31": "1.98990", "2015-09-30": "2.06570", "2015-06-30": "2.03110", "2015-03-31": "2.09050", "2014-12-31": "2.17180", "2014-09-30": "1.98900", "2014-06-30": "1.90870", "2014-03-31": "1.86670", "2013-12-31": "1.45930", "2013-09-30": "2.10310", "2013-06-30": "2.11530", "2013-03-31": "1.95730", "2012-12-31": "1.40460", "2012-09-30": "1.91880", "2012-06-30": "1.96530", "2012-03-31": "1.96150", "2011-12-31": "1.98920", "2011-09-30": "2.21120", "2011-06-30": "2.07290", "2011-03-31": "1.86540", "2010-12-31": "2.05300", "2010-09-30": "2.06340", "2010-06-30": "2.03220", "2010-03-31": "1.89090", "2009-12-31": "1.94150", "2009-09-30": "2.00610", "2009-06-30": "2.02790", "2009-03-31": "1.88390", "2008-12-31": "1.84510", "2008-09-30": "2.01690", "2008-06-30": "1.92610", "2008-03-31": "1.84630", "2007-12-31": "1.85790", "2007-09-30": "1.83580", "2007-06-30": "1.87460", "2007-03-31": "1.90940", "2006-12-31": "1.84330", "2006-09-30": "1.92030", "2006-06-30": "1.87460", "2006-03-31": "1.89390", "2005-12-31": "1.90730", "2005-09-30": "2.02020", "2005-06-30": "2.00820", "2005-03-31": "2.00900"}, "Days Sales In Receivables": {"2020-09-30": "40.83920", "2020-06-30": "39.49700", "2020-03-31": "45.26050", "2019-12-31": "44.44030", "2019-09-30": "44.72850", "2019-06-30": "46.95910", "2019-03-31": "46.17530", "2018-12-31": "42.62640", "2018-09-30": "45.33390", "2018-06-30": "44.68720", "2018-03-31": "46.98800", "2017-12-31": "45.26400", "2017-09-30": "45.53050", "2017-06-30": "43.68230", "2017-03-31": "44.44050", "2016-12-31": "42.30720", "2016-09-30": "43.53070", "2016-06-30": "44.11730", "2016-03-31": "45.34180", "2015-12-31": "45.22800", "2015-09-30": "43.56930", "2015-06-30": "44.31190", "2015-03-31": "43.05270", "2014-12-31": "41.43950", "2014-09-30": "45.24920", "2014-06-30": "47.15320", "2014-03-31": "48.21360", "2013-12-31": "61.67210", "2013-09-30": "42.79360", "2013-06-30": "42.54790", "2013-03-31": "45.98160", "2012-12-31": "64.07440", "2012-09-30": "46.90430", "2012-06-30": "45.79430", "2012-03-31": "45.88440", "2011-12-31": "45.24340", "2011-09-30": "40.70230", "2011-06-30": "43.41700", "2011-03-31": "48.24820", "2010-12-31": "43.83840", "2010-09-30": "43.61720", "2010-06-30": "44.28660", "2010-03-31": "47.59670", "2009-12-31": "46.35490", "2009-09-30": "44.86260", "2009-06-30": "44.38120", "2009-03-31": "47.77430", "2008-12-31": "48.77770", "2008-09-30": "44.62370", "2008-06-30": "46.72590", "2008-03-31": "48.74550", "2007-12-31": "48.44160", "2007-09-30": "49.02420", "2007-06-30": "48.01070", "2007-03-31": "47.13540", "2006-12-31": "48.82480", "2006-09-30": "46.86820", "2006-06-30": "48.01050", "2006-03-31": "47.52110", "2005-12-31": "47.18780", "2005-09-30": "44.55010", "2005-06-30": "44.81600", "2005-03-31": "44.79950"}, "ROE - Return On Equity": {"2020-09-30": "83.70880", "2020-06-30": "139.79800", "2020-03-31": "1467.39100", "2019-12-31": "286.59790", "2019-09-30": "772.72720", "2019-06-30": "989.99990", "2019-03-31": "", "2018-12-31": "-915.21740", "2018-09-30": "", "2018-06-30": "", "2018-03-31": "", "2017-12-31": "70.86170", "2017-09-30": "", "2017-06-30": "", "2017-03-31": "", "2016-12-31": "442.73500", "2016-09-30": "", "2016-06-30": "", "2016-03-31": "", "2015-12-31": "860.00010", "2015-09-30": "", "2015-06-30": "", "2015-03-31": "", "2014-12-31": "-4.80480", "2014-09-30": "", "2014-06-30": "", "2014-03-31": "", "2013-12-31": "6.90660", "2013-09-30": "", "2013-06-30": "", "2013-03-31": "", "2012-12-31": "1.60770", "2012-09-30": "", "2012-06-30": "", "2012-03-31": "", "2011-12-31": "7.63250", "2011-09-30": "", "2011-06-30": "", "2011-03-31": "", "2010-12-31": "8.38440", "2010-09-30": "", "2010-06-30": "", "2010-03-31": "", "2009-12-31": "9.17400", "2009-09-30": "", "2009-06-30": "", "2009-03-31": "", "2008-12-31": "10.65480", "2008-09-30": "", "2008-06-30": "", "2008-03-31": "", "2007-12-31": "11.18110", "2007-09-30": "", "2007-06-30": "", "2007-03-31": "", "2006-12-31": "7.92300", "2006-09-30": "", "2006-06-30": "", "2006-03-31": "", "2005-12-31": "6.89790", "2005-09-30": "", "2005-06-30": "", "2005-03-31": ""}, "Return On Tangible Equity": {"2020-09-30": "-57.43160", "2020-06-30": "-76.37970", "2020-03-31": "-51.33080", "2019-12-31": "-43.67640", "2019-09-30": "-50.37040", "2019-06-30": "-34.66390", "2019-03-31": "-29.91010", "2018-12-31": "-27.69740", "2018-09-30": "-33.77190", "2018-06-30": "-35.06790", "2018-03-31": "-9.50050", "2017-12-31": "-90.05760", "2017-09-30": "-53.46260", "2017-06-30": "-45.15050", "2017-03-31": "-49.31390", "2016-12-31": "-38.00440", "2016-09-30": "-58.22130", "2016-06-30": "-53.37030", "2016-03-31": "-47.90420", "2015-12-31": "-24.46660", "2015-09-30": "-45.64280", "2015-06-30": "36.21760", "2015-03-31": "-43.16160", "2014-12-31": "7.63120", "2014-09-30": "48.25580", "2014-06-30": "36.40170", "2014-03-31": "33.04110", "2013-12-31": "20.68760", "2013-09-30": "37.76740", "2013-06-30": "44.25570", "2013-03-31": "38.72100", "2012-12-31": "4.98830", "2012-09-30": "23.75060", "2012-06-30": "23.97040", "2012-03-31": "24.28930", "2011-12-31": "21.93350", "2011-09-30": "21.38190", "2011-06-30": "18.22020", "2011-03-31": "16.20920", "2010-12-31": "20.70060", "2010-09-30": "18.90950", "2010-06-30": "25.20480", "2010-03-31": "17.11790", "2009-12-31": "24.79810", "2009-09-30": "25.18550", "2009-06-30": "23.94210", "2009-03-31": "39.14620", "2008-12-31": "29.90780", "2008-09-30": "21.45600", "2008-06-30": "18.31390", "2008-03-31": "18.63230", "2007-12-31": "25.59600", "2007-09-30": "23.02220", "2007-06-30": "12.34960", "2007-03-31": "13.08360", "2006-12-31": "14.92480", "2006-09-30": "11.25780", "2006-06-30": "11.98580", "2006-03-31": "9.26860", "2005-12-31": "13.34680", "2005-09-30": "9.81710", "2005-06-30": "11.47510", "2005-03-31": "11.80780"}, "ROA - Return On Assets": {"2020-09-30": "2.92180", "2020-06-30": "4.27870", "2020-03-31": "4.30570", "2019-12-31": "3.63800", "2019-09-30": "4.52340", "2019-06-30": "3.22540", "2019-03-31": "3.06500", "2018-12-31": "2.89980", "2018-09-30": "3.16810", "2018-06-30": "3.19280", "2018-03-31": "0.63390", "2017-12-31": "4.12510", "2017-09-30": "3.84740", "2017-06-30": "3.58330", "2017-03-31": "3.89620", "2016-12-31": "3.54750", "2016-09-30": "3.77880", "2016-06-30": "3.91330", "2016-03-31": "3.77870", "2015-12-31": "2.31770", "2015-09-30": "3.54370", "2015-06-30": "-1.90930", "2015-03-31": "3.22860", "2014-12-31": "-0.30920", "2014-09-30": "3.07800", "2014-06-30": "2.69390", "2014-03-31": "2.57870", "2013-12-31": "1.87640", "2013-09-30": "2.91780", "2013-06-30": "2.80310", "2013-03-31": "2.79040", "2012-12-31": "0.42770", "2012-09-30": "2.68000", "2012-06-30": "2.64340", "2012-03-31": "2.49020", "2011-12-31": "2.17830", "2011-09-30": "2.33320", "2011-06-30": "2.10940", "2011-03-31": "1.86070", "2010-12-31": "2.61780", "2010-09-30": "2.50950", "2010-06-30": "2.79480", "2010-03-31": "2.16350", "2009-12-31": "2.71750", "2009-09-30": "3.28710", "2009-06-30": "2.36970", "2009-03-31": "2.45260", "2008-12-31": "2.50980", "2008-09-30": "2.39560", "2008-06-30": "2.33880", "2008-03-31": "2.51690", "2007-12-31": "3.16760", "2007-09-30": "2.47270", "2007-06-30": "2.58760", "2007-03-31": "2.63070", "2006-12-31": "2.83060", "2006-09-30": "2.19060", "2006-06-30": "2.28370", "2006-03-31": "1.67830", "2005-12-31": "2.35170", "2005-09-30": "1.99700", "2005-06-30": "2.54020", "2005-03-31": "2.64230"}, "ROI - Return On Investment": {"2020-09-30": "5.73090", "2020-06-30": "8.96610", "2020-03-31": "9.30260", "2019-12-31": "8.67800", "2019-09-30": "10.81770", "2019-06-30": "7.33220", "2019-03-31": "7.88760", "2018-12-31": "6.78920", "2018-09-30": "7.89610", "2018-06-30": "7.84940", "2018-03-31": "1.46170", "2017-12-31": "8.49880", "2017-09-30": "7.66380", "2017-06-30": "7.59710", "2017-03-31": "8.47210", "2016-12-31": "7.90120", "2016-09-30": "8.04980", "2016-06-30": "7.88650", "2016-03-31": "7.74230", "2015-12-31": "5.59710", "2015-09-30": "8.26430", "2015-06-30": "-4.65970", "2015-03-31": "7.44140", "2014-12-31": "-0.72410", "2014-09-30": "5.70670", "2014-06-30": "4.80660", "2014-03-31": "4.75270", "2013-12-31": "3.37260", "2013-09-30": "5.45160", "2013-06-30": "5.44440", "2013-03-31": "5.76600", "2012-12-31": "0.82070", "2012-09-30": "4.89560", "2012-06-30": "4.53630", "2012-03-31": "4.29260", "2011-12-31": "3.85210", "2011-09-30": "4.20760", "2011-06-30": "3.82940", "2011-03-31": "3.34320", "2010-12-31": "4.59280", "2010-09-30": "4.59410", "2010-06-30": "5.37570", "2010-03-31": "4.08350", "2009-12-31": "4.98000", "2009-09-30": "6.14630", "2009-06-30": "4.18820", "2009-03-31": "4.96090", "2008-12-31": "4.96550", "2008-09-30": "4.78400", "2008-06-30": "4.33060", "2008-03-31": "4.75490", "2007-12-31": "6.07300", "2007-09-30": "4.83240", "2007-06-30": "5.14630", "2007-03-31": "5.23630", "2006-12-31": "5.76950", "2006-09-30": "4.42040", "2006-06-30": "4.48220", "2006-03-31": "3.33760", "2005-12-31": "4.70260", "2005-09-30": "3.75770", "2005-06-30": "4.85260", "2005-03-31": "5.12700"}, "Book Value Per Share": {"2020-09-30": "1.69510", "2020-06-30": "1.45160", "2020-03-31": "0.13500", "2019-12-31": "0.56810", "2019-09-30": "0.25650", "2019-06-30": "0.14530", "2019-03-31": "-0.23850", "2018-12-31": "-0.13330", "2018-09-30": "0.32340", "2018-06-30": "0.51200", "2018-03-31": "1.58750", "2017-12-31": "2.51210", "2017-09-30": "1.41580", "2017-06-30": "0.93690", "2017-03-31": "1.01990", "2016-12-31": "0.32810", "2016-09-30": "1.53840", "2016-06-30": "1.17900", "2016-03-31": "0.91360", "2015-12-31": "0.11080", "2015-09-30": "0.76030", "2015-06-30": "2.04230", "2015-03-31": "1.13160", "2014-12-31": "2.73470", "2014-09-30": "12.21090", "2014-06-30": "13.09090", "2014-03-31": "13.07090", "2013-12-31": "13.49790", "2013-09-30": "13.03850", "2013-06-30": "12.16580", "2013-03-31": "12.96140", "2012-12-31": "13.58080", "2012-09-30": "14.88400", "2012-06-30": "14.50580", "2012-03-31": "14.40470", "2011-12-31": "13.97270", "2011-09-30": "13.89020", "2011-06-30": "14.93370", "2011-03-31": "14.47620", "2010-12-31": "15.24210", "2010-09-30": "14.54410", "2010-06-30": "12.90460", "2010-03-31": "13.68520", "2009-12-31": "13.64510", "2009-09-30": "13.26020", "2009-06-30": "11.53030", "2009-03-31": "9.21240", "2008-12-31": "10.30220", "2008-09-30": "12.04490", "2008-06-30": "13.46320", "2008-03-31": "13.28610", "2007-12-31": "12.41150", "2007-09-30": "11.79350", "2007-06-30": "14.70480", "2007-03-31": "13.95780", "2006-12-31": "13.38320", "2006-09-30": "13.03690", "2006-06-30": "12.84140", "2006-03-31": "12.33040", "2005-12-31": "12.04380", "2005-09-30": "12.83910", "2005-06-30": "13.39950", "2005-03-31": "13.57340"}, "Operating Cash Flow Per Share": {"2020-09-30": 1.6253, "2020-06-30": 4.6315, "2020-03-31": "2.04590", "2019-12-31": 2.6782, "2019-09-30": 2.5622, "2019-06-30": 1.7601, "2019-03-31": "0.91620", "2018-12-31": 2.7012, "2018-09-30": 2.0003, "2018-06-30": 2.2567, "2018-03-31": "1.53720", "2017-12-31": 2.4068, "2017-09-30": 2.2878, "2017-06-30": 2.3194, "2017-03-31": "1.21580", "2016-12-31": 2.4045, "2016-09-30": 2.6321, "2016-06-30": 2.3773, "2016-03-31": "1.52170", "2015-12-31": 1.8142, "2015-09-30": 2.3214, "2015-06-30": 2.1054, "2015-03-31": "0.05440", "2014-12-31": 1.5395, "2014-09-30": 2.6189, "2014-06-30": 2.2363, "2014-03-31": "1.14370", "2013-12-31": 2.4189, "2013-09-30": 2.3798, "2013-06-30": 1.4961, "2013-03-31": "1.55440", "2012-12-31": 2.8333, "2012-09-30": 2.1259, "2012-06-30": 1.8685, "2012-03-31": "1.47320", "2011-12-31": 1.2588, "2011-09-30": 1.903, "2011-06-30": 1.9624, "2011-03-31": "0.61590", "2010-12-31": 2.2687, "2010-09-30": 1.824, "2010-06-30": 1.4223, "2010-03-31": "1.10660", "2009-12-31": 2.4016, "2009-09-30": 1.889, "2009-06-30": 2.3972, "2009-03-31": "1.66390", "2008-12-31": 1.6001, "2008-09-30": 1.5529, "2008-06-30": 1.795, "2008-03-31": "1.04820", "2007-12-31": 1.4434, "2007-09-30": 1.4404, "2007-06-30": 1.4182, "2007-03-31": "1.14050", "2006-12-31": 1.7474, "2006-09-30": 1.4142, "2006-06-30": 1.3041, "2006-03-31": "1.12360", "2005-12-31": 1.4119, "2005-09-30": 1.1806, "2005-06-30": 0.9945, "2005-03-31": "1.25550"}, "Free Cash Flow Per Share": {"2020-09-30": 0.8883, "2020-06-30": 3.7942, "2020-03-31": "1.02300", "2019-12-31": 1.791, "2019-09-30": 2.2958, "2019-06-30": 1.0289, "2019-03-31": "0.00290", "2018-12-31": 1.9154, "2018-09-30": 1.414, "2018-06-30": 1.8022, "2018-03-31": "1.00110", "2017-12-31": 1.8866, "2017-09-30": 1.693, "2017-06-30": 1.8367, "2017-03-31": "0.61630", "2016-12-31": 1.9464, "2016-09-30": 2.1177, "2016-06-30": 1.8872, "2016-03-31": "0.91630", "2015-12-31": 1.1105, "2015-09-30": 1.5793, "2015-06-30": 1.4403, "2015-03-31": "-0.71760", "2014-12-31": 0.7285, "2014-09-30": 1.837, "2014-06-30": 1.7514, "2014-03-31": "0.46850", "2013-12-31": 1.8052, "2013-09-30": 1.918, "2013-06-30": 0.9562, "2013-03-31": "1.04230", "2012-12-31": 2.0049, "2012-09-30": 1.4283, "2012-06-30": 1.3076, "2012-03-31": "0.82350", "2011-12-31": 0.5599, "2011-09-30": 1.3998, "2011-06-30": 1.4404, "2011-03-31": "0.03940", "2010-12-31": 1.4354, "2010-09-30": 1.219, "2010-06-30": 0.9949, "2010-03-31": "0.66780", "2009-12-31": 1.7563, "2009-09-30": 1.5072, "2009-06-30": 1.95, "2009-03-31": "1.16370", "2008-12-31": 1.0623, "2008-09-30": 1.0267, "2008-06-30": 1.2883, "2008-03-31": "0.52640", "2007-12-31": 1.0639, "2007-09-30": 0.8743, "2007-06-30": 0.8519, "2007-03-31": "0.65380", "2006-12-31": 1.0565, "2006-09-30": 0.9061, "2006-06-30": 0.851, "2006-03-31": "0.76530", "2005-12-31": 0.9132, "2005-09-30": 0.8094, "2005-06-30": 0.7008, "2005-03-31": "1.03070"}}, "revenue": {"Kimberly-Clark Annual Revenue (Millions of US $)": {"2020": "$19,140", "2019": "$18,450", "2018": "$18,486", "2017": "$18,348", "2016": "$18,287", "2015": "$18,591", "2014": "$19,724", "2013": "$19,561", "2012": "$19,467", "2011": "$20,846", "2010": "$19,746", "2009": "$19,115", "2008": "$19,415", "2007": "$18,266", "2006": "$16,747", "2005": "$15,903"}, "Kimberly-Clark Quarterly Revenue (Millions of US $)": {"2020-12-31": "$4,836", "2020-09-30": "$4,683", "2020-06-30": "$4,612", "2020-03-31": "$5,009", "2019-12-31": "$4,583", "2019-09-30": "$4,640", "2019-06-30": "$4,594", "2019-03-31": "$4,633", "2018-12-31": "$4,569", "2018-09-30": "$4,582", "2018-06-30": "$4,604", "2018-03-31": "$4,731", "2017-12-31": "$4,603", "2017-09-30": "$4,665", "2017-06-30": "$4,576", "2017-03-31": "$4,504", "2016-12-31": "$4,629", "2016-09-30": "$4,594", "2016-06-30": "$4,588", "2016-03-31": "$4,476", "2015-12-31": "$4,539", "2015-09-30": "$4,718", "2015-06-30": "$4,643", "2015-03-31": "$4,691", "2014-12-31": "$4,828", "2014-09-30": "$5,056", "2014-06-30": "$4,953", "2014-03-31": "$4,887", "2013-12-31": "$3,714", "2013-09-30": "$5,262", "2013-06-30": "$5,267", "2013-03-31": "$5,318", "2012-12-31": "$3,711", "2012-09-30": "$5,246", "2012-06-30": "$5,269", "2012-03-31": "$5,241", "2011-12-31": "$5,176", "2011-09-30": "$5,382", "2011-06-30": "$5,259", "2011-03-31": "$5,029", "2010-12-31": "$5,075", "2010-09-30": "$4,979", "2010-06-30": "$4,857", "2010-03-31": "$4,835", "2009-12-31": "$4,982", "2009-09-30": "$4,913", "2009-06-30": "$4,727", "2009-03-31": "$4,493", "2008-12-31": "$4,598", "2008-09-30": "$4,998", "2008-06-30": "$5,006", "2008-03-31": "$4,813", "2007-12-31": "$4,758", "2007-09-30": "$4,621", "2007-06-30": "$4,502", "2007-03-31": "$4,385", "2006-12-31": "$4,307", "2006-09-30": "$4,210", "2006-06-30": "$4,161", "2006-03-31": "$4,068", "2005-12-31": "$4,009", "2005-09-30": "$4,001", "2005-06-30": "$3,987", "2005-03-31": "$3,906"}}, "gross-profit": {"Kimberly-Clark Annual Gross Profit (Millions of US $)": {"2020": "$6,822", "2019": "$6,035", "2018": "$5,597", "2017": "$6,587", "2016": "$6,691", "2015": "$6,624", "2014": "$6,683", "2013": "$6,609", "2012": "$6,129", "2011": "$6,152", "2010": "$6,550", "2009": "$6,420", "2008": "$5,858", "2007": "$5,704", "2006": "$5,082", "2005": "$5,075"}, "Kimberly-Clark Quarterly Gross Profit (Millions of US $)": {"2020-12-31": "$1,664", "2020-09-30": "$1,590", "2020-06-30": "$1,777", "2020-03-31": "$1,791", "2019-12-31": "$1,566", "2019-09-30": "$1,555", "2019-06-30": "$1,486", "2019-03-31": "$1,428", "2018-12-31": "$1,402", "2018-09-30": "$1,416", "2018-06-30": "$1,455", "2018-03-31": "$1,324", "2017-12-31": "$1,608", "2017-09-30": "$1,667", "2017-06-30": "$1,652", "2017-03-31": "$1,660", "2016-12-31": "$1,718", "2016-09-30": "$1,670", "2016-06-30": "$1,664", "2016-03-31": "$1,639", "2015-12-31": "$1,626", "2015-09-30": "$1,682", "2015-06-30": "$1,657", "2015-03-31": "$1,659", "2014-12-31": "$1,553", "2014-09-30": "$1,765", "2014-06-30": "$1,700", "2014-03-31": "$1,665", "2013-12-31": "$1,182", "2013-09-30": "$1,805", "2013-06-30": "$1,800", "2013-03-31": "$1,822", "2012-12-31": "$904", "2012-09-30": "$1,766", "2012-06-30": "$1,755", "2012-03-31": "$1,704", "2011-12-31": "$1,544", "2011-09-30": "$1,588", "2011-06-30": "$1,557", "2011-03-31": "$1,463", "2010-12-31": "$1,645", "2010-09-30": "$1,614", "2010-06-30": "$1,644", "2010-03-31": "$1,647", "2009-12-31": "$1,666", "2009-09-30": "$1,727", "2009-06-30": "$1,573", "2009-03-31": "$1,454", "2008-12-31": "$1,455", "2008-09-30": "$1,463", "2008-06-30": "$1,484", "2008-03-31": "$1,456", "2007-12-31": "$1,462", "2007-09-30": "$1,444", "2007-06-30": "$1,446", "2007-03-31": "$1,352", "2006-12-31": "$1,366", "2006-09-30": "$1,276", "2006-06-30": "$1,288", "2006-03-31": "$1,153", "2005-12-31": "$1,290", "2005-09-30": "$1,156", "2005-06-30": "$1,323", "2005-03-31": "$1,307"}}, "operating-income": {"Kimberly-Clark Annual Operating Income (Millions of US $)": {"2020": "$3,244", "2019": "$2,991", "2018": "$2,229", "2017": "$3,358", "2016": "$3,383", "2015": "$1,613", "2014": "$2,521", "2013": "$2,903", "2012": "$2,377", "2011": "$2,442", "2010": "$2,773", "2009": "$2,825", "2008": "$2,547", "2007": "$2,616", "2006": "$2,102", "2005": "$2,311"}, "Kimberly-Clark Quarterly Operating Income (Millions of US $)": {"2020-12-31": "$749", "2020-09-30": "$666", "2020-06-30": "$925", "2020-03-31": "$904", "2019-12-31": "$751", "2019-09-30": "$915", "2019-06-30": "$670", "2019-03-31": "$655", "2018-12-31": "$639", "2018-09-30": "$669", "2018-06-30": "$674", "2018-03-31": "$247", "2017-12-31": "$828", "2017-09-30": "$868", "2017-06-30": "$814", "2017-03-31": "$848", "2016-12-31": "$905", "2016-09-30": "$836", "2016-06-30": "$838", "2016-03-31": "$804", "2015-12-31": "$630", "2015-09-30": "$779", "2015-06-30": "$-544", "2015-03-31": "$748", "2014-12-31": "$158", "2014-09-30": "$877", "2014-06-30": "$775", "2014-03-31": "$711", "2013-12-31": "$517", "2013-09-30": "$807", "2013-06-30": "$796", "2013-03-31": "$783", "2012-12-31": "$140", "2012-09-30": "$783", "2012-06-30": "$754", "2012-03-31": "$700", "2011-12-31": "$611", "2011-09-30": "$662", "2011-06-30": "$625", "2011-03-31": "$544", "2010-12-31": "$699", "2010-09-30": "$698", "2010-06-30": "$711", "2010-03-31": "$665", "2009-12-31": "$717", "2009-09-30": "$871", "2009-06-30": "$609", "2009-03-31": "$628", "2008-12-31": "$623", "2008-09-30": "$610", "2008-06-30": "$650", "2008-03-31": "$664", "2007-12-31": "$669", "2007-09-30": "$683", "2007-06-30": "$649", "2007-03-31": "$616", "2006-12-31": "$611", "2006-09-30": "$526", "2006-06-30": "$544", "2006-03-31": "$420", "2005-12-31": "$572", "2005-09-30": "$465", "2005-06-30": "$636", "2005-03-31": "$638"}}, "ebitda": {"Kimberly-Clark Annual EBITDA (Millions of US $)": {"2019": "$3,908", "2018": "$3,111", "2017": "$4,082", "2016": "$4,088", "2015": "$2,359", "2014": "$3,383", "2013": "$3,766", "2012": "$3,234", "2011": "$3,533", "2010": "$3,586", "2009": "$3,608", "2008": "$3,322", "2007": "$3,423", "2006": "$3,035", "2005": "$3,155"}, "Kimberly-Clark Quarterly EBITDA (Millions of US $)": {"2020-09-30": "$858", "2020-06-30": "$1,126", "2020-03-31": "$1,117", "2019-12-31": "$968", "2019-09-30": "$1,145", "2019-06-30": "$906", "2019-03-31": "$889", "2018-12-31": "$869", "2018-09-30": "$886", "2018-06-30": "$898", "2018-03-31": "$458", "2017-12-31": "$1,012", "2017-09-30": "$1,050", "2017-06-30": "$994", "2017-03-31": "$1,026", "2016-12-31": "$1,082", "2016-09-30": "$1,015", "2016-06-30": "$1,015", "2016-03-31": "$976", "2015-12-31": "$811", "2015-09-30": "$961", "2015-06-30": "$-355", "2015-03-31": "$942", "2014-12-31": "$365", "2014-09-30": "$1,097", "2014-06-30": "$992", "2014-03-31": "$929", "2013-12-31": "$739", "2013-09-30": "$1,015", "2013-06-30": "$1,008", "2013-03-31": "$1,004", "2012-12-31": "$355", "2012-09-30": "$993", "2012-06-30": "$968", "2012-03-31": "$918", "2011-12-31": "$881", "2011-09-30": "$953", "2011-06-30": "$912", "2011-03-31": "$787", "2010-12-31": "$905", "2010-09-30": "$903", "2010-06-30": "$920", "2010-03-31": "$858", "2009-12-31": "$937", "2009-09-30": "$1,067", "2009-06-30": "$799", "2009-03-31": "$805", "2008-12-31": "$802", "2008-09-30": "$806", "2008-06-30": "$850", "2008-03-31": "$864", "2007-12-31": "$849", "2007-09-30": "$896", "2007-06-30": "$847", "2007-03-31": "$831", "2006-12-31": "$830", "2006-09-30": "$741", "2006-06-30": "$783", "2006-03-31": "$681", "2005-12-31": "$792", "2005-09-30": "$704", "2005-06-30": "$829", "2005-03-31": "$830"}}, "net-income": {"Kimberly-Clark Annual Net Income (Millions of US $)": {"2020": "$2,352", "2019": "$2,157", "2018": "$1,410", "2017": "$2,278", "2016": "$2,166", "2015": "$1,013", "2014": "$1,526", "2013": "$2,142", "2012": "$1,750", "2011": "$1,591", "2010": "$1,843", "2009": "$1,884", "2008": "$1,690", "2007": "$1,823", "2006": "$1,500", "2005": "$1,568"}, "Kimberly-Clark Quarterly Net Income (Millions of US $)": {"2020-12-31": "$539", "2020-09-30": "$472", "2020-06-30": "$681", "2020-03-31": "$660", "2019-12-31": "$547", "2019-09-30": "$671", "2019-06-30": "$485", "2019-03-31": "$454", "2018-12-31": "$411", "2018-09-30": "$451", "2018-06-30": "$455", "2018-03-31": "$93", "2017-12-31": "$617", "2017-09-30": "$567", "2017-06-30": "$531", "2017-03-31": "$563", "2016-12-31": "$505", "2016-09-30": "$550", "2016-06-30": "$566", "2016-03-31": "$545", "2015-12-31": "$333", "2015-09-30": "$517", "2015-06-30": "$-305", "2015-03-31": "$468", "2014-12-31": "$-83", "2014-09-30": "$562", "2014-06-30": "$509", "2014-03-31": "$538", "2013-12-31": "$539", "2013-09-30": "$546", "2013-06-30": "$526", "2013-03-31": "$531", "2012-12-31": "$267", "2012-09-30": "$517", "2012-06-30": "$498", "2012-03-31": "$468", "2011-12-31": "$401", "2011-09-30": "$432", "2011-06-30": "$408", "2011-03-31": "$350", "2010-12-31": "$492", "2010-09-30": "$469", "2010-06-30": "$498", "2010-03-31": "$384", "2009-12-31": "$492", "2009-09-30": "$582", "2009-06-30": "$403", "2009-03-31": "$407", "2008-12-31": "$419", "2008-09-30": "$413", "2008-06-30": "$417", "2008-03-31": "$441", "2007-12-31": "$456", "2007-09-30": "$453", "2007-06-30": "$462", "2007-03-31": "$452", "2006-12-31": "$483", "2006-09-30": "$364", "2006-06-30": "$378", "2006-03-31": "$275", "2005-12-31": "$371", "2005-09-30": "$325", "2005-06-30": "$422", "2005-03-31": "$450"}}, "eps-earnings-per-share-diluted": {"Kimberly-Clark Annual EPS": {"2020": "$6.87", "2019": "$6.24", "2018": "$4.03", "2017": "$6.40", "2016": "$5.99", "2015": "$2.77", "2014": "$4.04", "2013": "$5.53", "2012": "$4.42", "2011": "$3.99", "2010": "$4.45", "2009": "$4.52", "2008": "$4.03", "2007": "$4.08", "2006": "$3.25", "2005": "$3.28"}, "Kimberly-Clark Quarterly EPS": {"2020-12-31": "$1.58", "2020-09-30": "$1.38", "2020-06-30": "$1.99", "2020-03-31": "$1.92", "2019-12-31": "$1.59", "2019-09-30": "$1.94", "2019-06-30": "$1.40", "2019-03-31": "$1.31", "2018-12-31": "$1.18", "2018-09-30": "$1.29", "2018-06-30": "$1.30", "2018-03-31": "$0.26", "2017-12-31": "$1.74", "2017-09-30": "$1.60", "2017-06-30": "$1.49", "2017-03-31": "$1.57", "2016-12-31": "$1.41", "2016-09-30": "$1.52", "2016-06-30": "$1.56", "2016-03-31": "$1.50", "2015-12-31": "$0.92", "2015-09-30": "$1.41", "2015-06-30": "$-0.83", "2015-03-31": "$1.27", "2014-12-31": "$-0.22", "2014-09-30": "$1.50", "2014-06-30": "$1.35", "2014-03-31": "$1.41", "2013-12-31": "$1.39", "2013-09-30": "$1.42", "2013-06-30": "$1.36", "2013-03-31": "$1.36", "2012-12-31": "$0.68", "2012-09-30": "$1.30", "2012-06-30": "$1.26", "2012-03-31": "$1.18", "2011-12-31": "$1.01", "2011-09-30": "$1.09", "2011-06-30": "$1.03", "2011-03-31": "$0.86", "2010-12-31": "$1.19", "2010-09-30": "$1.14", "2010-06-30": "$1.20", "2010-03-31": "$0.92", "2009-12-31": "$1.17", "2009-09-30": "$1.40", "2009-06-30": "$0.97", "2009-03-31": "$0.98", "2008-12-31": "$1.01", "2008-09-30": "$0.99", "2008-06-30": "$0.99", "2008-03-31": "$1.04", "2007-12-31": "$1.06", "2007-09-30": "$1.04", "2007-06-30": "$1.00", "2007-03-31": "$0.98", "2006-12-31": "$1.04", "2006-09-30": "$0.79", "2006-06-30": "$0.82", "2006-03-31": "$0.60", "2005-12-31": "$0.79", "2005-09-30": "$0.68", "2005-06-30": "$0.88", "2005-03-31": "$0.93"}}, "shares-outstanding": {"Kimberly-Clark Annual Shares Outstanding (Millions of Shares)": {"2020": "343", "2019": "346", "2018": "350", "2017": "356", "2016": "362", "2015": "366", "2014": "377", "2013": "387", "2012": "396", "2011": "399", "2010": "414", "2009": "417", "2008": "420", "2007": "446", "2006": "462", "2005": "477"}, "Kimberly-Clark Quarterly Shares Outstanding (Millions of Shares)": {"2020-12-31": "341", "2020-09-30": "342", "2020-06-30": "342", "2020-03-31": "344", "2019-12-31": "346", "2019-09-30": "346", "2019-06-30": "346", "2019-03-31": "346", "2018-12-31": "350", "2018-09-30": "349", "2018-06-30": "350", "2018-03-31": "353", "2017-12-31": "356", "2017-09-30": "355", "2017-06-30": "357", "2017-03-31": "359", "2016-12-31": "362", "2016-09-30": "362", "2016-06-30": "362", "2016-03-31": "363", "2015-12-31": "366", "2015-09-30": "366", "2015-06-30": "367", "2015-03-31": "368", "2014-12-31": "377", "2014-09-30": "376", "2014-06-30": "378", "2014-03-31": "382", "2013-12-31": "387", "2013-09-30": "386", "2013-06-30": "388", "2013-03-31": "391", "2012-12-31": "396", "2012-09-30": "397", "2012-06-30": "397", "2012-03-31": "397", "2011-12-31": "399", "2011-09-30": "395", "2011-06-30": "396", "2011-03-31": "406", "2010-12-31": "414", "2010-09-30": "413", "2010-06-30": "416", "2010-03-31": "419", "2009-12-31": "417", "2009-09-30": "417", "2009-06-30": "416", "2009-03-31": "416", "2008-12-31": "420", "2008-09-30": "418", "2008-06-30": "421", "2008-03-31": "424", "2007-12-31": "446", "2007-09-30": "436", "2007-06-30": "460", "2007-03-31": "460", "2006-12-31": "462", "2006-09-30": "460", "2006-06-30": "461", "2006-03-31": "462", "2005-12-31": "477", "2005-09-30": "477", "2005-06-30": "481", "2005-03-31": "485"}}, "total-assets": {"Kimberly-Clark Annual Total Assets (Millions of US $)": {"2019": "$15,283", "2018": "$14,518", "2017": "$15,151", "2016": "$14,602", "2015": "$14,842", "2014": "$15,526", "2013": "$18,919", "2012": "$19,873", "2011": "$19,373", "2010": "$19,864", "2009": "$19,209", "2008": "$18,089", "2007": "$18,440", "2006": "$17,067", "2005": "$16,303"}, "Kimberly-Clark Quarterly Total Assets (Millions of US $)": {"2020-09-30": "$16,531", "2020-06-30": "$16,173", "2020-03-31": "$15,677", "2019-12-31": "$15,283", "2019-09-30": "$15,033", "2019-06-30": "$15,347", "2019-03-31": "$15,204", "2018-12-31": "$14,518", "2018-09-30": "$14,583", "2018-06-30": "$14,564", "2018-03-31": "$15,303", "2017-12-31": "$15,151", "2017-09-30": "$15,049", "2017-06-30": "$15,070", "2017-03-31": "$14,758", "2016-12-31": "$14,602", "2016-09-30": "$14,899", "2016-06-30": "$14,770", "2016-03-31": "$14,820", "2015-12-31": "$14,842", "2015-09-30": "$14,928", "2015-06-30": "$15,346", "2015-03-31": "$15,053", "2014-12-31": "$15,526", "2014-09-30": "$18,876", "2014-06-30": "$19,377", "2014-03-31": "$19,002", "2013-12-31": "$18,919", "2013-09-30": "$19,364", "2013-06-30": "$19,514", "2013-03-31": "$19,746", "2012-12-31": "$19,873", "2012-09-30": "$20,037", "2012-06-30": "$19,596", "2012-03-31": "$19,557", "2011-12-31": "$19,373", "2011-09-30": "$19,630", "2011-06-30": "$20,480", "2011-03-31": "$19,992", "2010-12-31": "$19,864", "2010-09-30": "$19,486", "2010-06-30": "$18,713", "2010-03-31": "$18,997", "2009-12-31": "$19,209", "2009-09-30": "$18,588", "2009-06-30": "$18,146", "2009-03-31": "$17,573", "2008-12-31": "$18,089", "2008-09-30": "$18,701", "2008-06-30": "$19,626", "2008-03-31": "$18,912", "2007-12-31": "$18,440", "2007-09-30": "$18,324", "2007-06-30": "$17,847", "2007-03-31": "$17,182", "2006-12-31": "$17,067", "2006-09-30": "$16,626", "2006-06-30": "$16,535", "2006-03-31": "$16,392", "2005-12-31": "$16,303", "2005-09-30": "$16,289", "2005-06-30": "$16,605", "2005-03-31": "$17,034"}}, "cash-on-hand": {"Kimberly-Clark Annual Cash on Hand (Millions of US $)": {"2019": "$442", "2018": "$539", "2017": "$616", "2016": "$923", "2015": "$619", "2014": "$789", "2013": "$1,054", "2012": "$1,106", "2011": "$764", "2010": "$876", "2009": "$798", "2008": "$505", "2007": "$744", "2006": "$625", "2005": "$576"}, "Kimberly-Clark Quarterly Cash on Hand (Millions of US $)": {"2020-09-30": "$1,518", "2020-06-30": "$1,448", "2020-03-31": "$979", "2019-12-31": "$442", "2019-09-30": "$416", "2019-06-30": "$534", "2019-03-31": "$491", "2018-12-31": "$539", "2018-09-30": "$494", "2018-06-30": "$484", "2018-03-31": "$626", "2017-12-31": "$616", "2017-09-30": "$655", "2017-06-30": "$1,051", "2017-03-31": "$835", "2016-12-31": "$923", "2016-09-30": "$884", "2016-06-30": "$656", "2016-03-31": "$635", "2015-12-31": "$619", "2015-09-30": "$643", "2015-06-30": "$603", "2015-03-31": "$587", "2014-12-31": "$789", "2014-09-30": "$1,431", "2014-06-30": "$1,369", "2014-03-31": "$1,165", "2013-12-31": "$1,054", "2013-09-30": "$1,179", "2013-06-30": "$1,160", "2013-03-31": "$1,109", "2012-12-31": "$1,106", "2012-09-30": "$1,249", "2012-06-30": "$994", "2012-03-31": "$785", "2011-12-31": "$764", "2011-09-30": "$1,232", "2011-06-30": "$908", "2011-03-31": "$585", "2010-12-31": "$876", "2010-09-30": "$533", "2010-06-30": "$585", "2010-03-31": "$669", "2009-12-31": "$798", "2009-09-30": "$750", "2009-06-30": "$591", "2009-03-31": "$592", "2008-12-31": "$505", "2008-09-30": "$524", "2008-06-30": "$546", "2008-03-31": "$525", "2007-12-31": "$744", "2007-09-30": "$540", "2007-06-30": "$457", "2007-03-31": "$342", "2006-12-31": "$625", "2006-09-30": "$399", "2006-06-30": "$337", "2006-03-31": "$389", "2005-12-31": "$576", "2005-09-30": "$313", "2005-06-30": "$466", "2005-03-31": "$834"}}, "long-term-debt": {"Kimberly-Clark Annual Long Term Debt (Millions of US $)": {"2019": "$6,213", "2018": "$6,247", "2017": "$6,472", "2016": "$6,439", "2015": "$6,106", "2014": "$5,630", "2013": "$5,386", "2012": "$5,070", "2011": "$5,426", "2010": "$5,120", "2009": "$4,792", "2008": "$4,882", "2007": "$4,394", "2006": "$2,276", "2005": "$2,595"}, "Kimberly-Clark Quarterly Long Term Debt (Millions of US $)": {"2020-09-30": "$7,851", "2020-06-30": "$7,223", "2020-03-31": "$7,210", "2019-12-31": "$6,213", "2019-09-30": "$6,198", "2019-06-30": "$6,701", "2019-03-31": "$5,990", "2018-12-31": "$6,247", "2018-09-30": "$5,739", "2018-06-30": "$5,746", "2018-03-31": "$6,081", "2017-12-31": "$6,472", "2017-09-30": "$7,057", "2017-06-30": "$6,777", "2017-03-31": "$6,425", "2016-12-31": "$6,439", "2016-09-30": "$6,443", "2016-06-30": "$6,905", "2016-03-31": "$6,904", "2015-12-31": "$6,106", "2015-09-30": "$6,125", "2015-06-30": "$5,544", "2015-03-31": "$6,119", "2014-12-31": "$5,630", "2014-09-30": "$5,633", "2014-06-30": "$5,964", "2014-03-31": "$5,385", "2013-12-31": "$5,386", "2013-09-30": "$5,388", "2013-06-30": "$5,387", "2013-03-31": "$4,571", "2012-12-31": "$5,070", "2012-09-30": "$5,130", "2012-06-30": "$5,695", "2012-03-31": "$5,707", "2011-12-31": "$5,426", "2011-09-30": "$5,422", "2011-06-30": "$5,424", "2011-03-31": "$5,406", "2010-12-31": "$5,120", "2010-09-30": "$4,710", "2010-06-30": "$4,442", "2010-03-31": "$4,387", "2009-12-31": "$4,792", "2009-09-30": "$4,442", "2009-06-30": "$5,490", "2009-03-31": "$4,875", "2008-12-31": "$4,882", "2008-09-30": "$4,370", "2008-06-30": "$4,996", "2008-03-31": "$4,443", "2007-12-31": "$4,394", "2007-09-30": "$4,379", "2007-06-30": "$2,278", "2007-03-31": "$2,277", "2006-12-31": "$2,276", "2006-09-30": "$2,272", "2006-06-30": "$2,539", "2006-03-31": "$2,570", "2005-12-31": "$2,595", "2005-09-30": "$2,625", "2005-06-30": "$2,306", "2005-03-31": "$2,279"}}, "total-liabilities": {"Kimberly-Clark Annual Total Liabilities (Millions of US $)": {"2019": "$15,089", "2018": "$14,564", "2017": "$14,269", "2016": "$14,485", "2015": "$14,802", "2014": "$14,527", "2013": "$13,779", "2012": "$14,586", "2011": "$13,844", "2010": "$13,662", "2009": "$13,519", "2008": "$13,828", "2007": "$13,216", "2006": "$10,970", "2005": "$10,745"}, "Kimberly-Clark Quarterly Total Liabilities (Millions of US $)": {"2020-09-30": "$15,954", "2020-06-30": "$15,678", "2020-03-31": "$15,631", "2019-12-31": "$15,089", "2019-09-30": "$14,945", "2019-06-30": "$15,297", "2019-03-31": "$15,286", "2018-12-31": "$14,564", "2018-09-30": "$14,471", "2018-06-30": "$14,386", "2018-03-31": "$14,748", "2017-12-31": "$14,269", "2017-09-30": "$14,551", "2017-06-30": "$14,739", "2017-03-31": "$14,396", "2016-12-31": "$14,485", "2016-09-30": "$14,348", "2016-06-30": "$14,346", "2016-03-31": "$14,491", "2015-12-31": "$14,802", "2015-09-30": "$14,652", "2015-06-30": "$14,602", "2015-03-31": "$14,641", "2014-12-31": "$14,527", "2014-09-30": "$14,328", "2014-06-30": "$14,481", "2014-03-31": "$14,077", "2013-12-31": "$13,779", "2013-09-30": "$14,388", "2013-06-30": "$14,854", "2013-03-31": "$14,761", "2012-12-31": "$14,586", "2012-09-30": "$14,198", "2012-06-30": "$13,872", "2012-03-31": "$13,919", "2011-12-31": "$13,844", "2011-09-30": "$14,167", "2011-06-30": "$14,623", "2011-03-31": "$14,271", "2010-12-31": "$13,662", "2010-09-30": "$13,552", "2010-06-30": "$13,426", "2010-03-31": "$13,319", "2009-12-31": "$13,519", "2009-09-30": "$13,089", "2009-06-30": "$13,369", "2009-03-31": "$13,760", "2008-12-31": "$13,828", "2008-09-30": "$13,706", "2008-06-30": "$14,022", "2008-03-31": "$13,344", "2007-12-31": "$13,216", "2007-09-30": "$13,327", "2007-06-30": "$11,152", "2007-03-31": "$10,827", "2006-12-31": "$10,970", "2006-09-30": "$10,659", "2006-06-30": "$10,650", "2006-03-31": "$10,720", "2005-12-31": "$10,745", "2005-09-30": "$10,257", "2005-06-30": "$10,219", "2005-03-31": "$10,534"}}, "total-share-holder-equity": {"Kimberly-Clark Annual Share Holder Equity (Millions of US $)": {"2019": "$194", "2018": "$-46", "2017": "$882", "2016": "$117", "2015": "$40", "2014": "$999", "2013": "$5,140", "2012": "$5,287", "2011": "$5,529", "2010": "$6,202", "2009": "$5,690", "2008": "$4,261", "2007": "$5,224", "2006": "$6,097", "2005": "$5,558"}, "Kimberly-Clark Quarterly Share Holder Equity (Millions of US $)": {"2020-09-30": "$577", "2020-06-30": "$495", "2020-03-31": "$46", "2019-12-31": "$194", "2019-09-30": "$88", "2019-06-30": "$50", "2019-03-31": "$-82", "2018-12-31": "$-46", "2018-09-30": "$112", "2018-06-30": "$178", "2018-03-31": "$555", "2017-12-31": "$882", "2017-09-30": "$498", "2017-06-30": "$331", "2017-03-31": "$362", "2016-12-31": "$117", "2016-09-30": "$551", "2016-06-30": "$424", "2016-03-31": "$329", "2015-12-31": "$40", "2015-09-30": "$276", "2015-06-30": "$744", "2015-03-31": "$412", "2014-12-31": "$999", "2014-09-30": "$4,548", "2014-06-30": "$4,896", "2014-03-31": "$4,925", "2013-12-31": "$5,140", "2013-09-30": "$4,976", "2013-06-30": "$4,660", "2013-03-31": "$4,985", "2012-12-31": "$5,287", "2012-09-30": "$5,839", "2012-06-30": "$5,724", "2012-03-31": "$5,638", "2011-12-31": "$5,529", "2011-09-30": "$5,463", "2011-06-30": "$5,857", "2011-03-31": "$5,721", "2010-12-31": "$6,202", "2010-09-30": "$5,934", "2010-06-30": "$5,287", "2010-03-31": "$5,678", "2009-12-31": "$5,690", "2009-09-30": "$5,499", "2009-06-30": "$4,777", "2009-03-31": "$3,813", "2008-12-31": "$4,261", "2008-09-30": "$4,995", "2008-06-30": "$5,603", "2008-03-31": "$5,568", "2007-12-31": "$5,224", "2007-09-30": "$4,997", "2007-06-30": "$6,695", "2007-03-31": "$6,355", "2006-12-31": "$6,097", "2006-09-30": "$5,967", "2006-06-30": "$5,885", "2006-03-31": "$5,672", "2005-12-31": "$5,558", "2005-09-30": "$6,032", "2005-06-30": "$6,386", "2005-03-31": "$6,500"}}, "profit-margins": {"current": "12.29%"}, "gross margin": {"2020-12-31": "35.64%", "2020-09-30": "35.60%", "2020-06-30": "35.50%", "2020-03-31": "33.98%", "2019-12-31": "32.71%", "2019-09-30": "31.85%", "2019-06-30": "31.19%", "2019-03-31": "31.00%", "2018-12-31": "30.28%", "2018-09-30": "31.33%", "2018-06-30": "32.54%", "2018-03-31": "33.65%", "2017-12-31": "35.90%", "2017-09-30": "36.45%", "2017-06-30": "36.61%", "2017-03-31": "36.65%", "2016-12-31": "36.59%", "2016-09-30": "36.26%", "2016-06-30": "36.08%", "2016-03-31": "35.94%", "2015-12-31": "35.63%", "2015-09-30": "34.70%", "2015-06-30": "34.52%", "2015-03-31": "34.19%", "2014-12-31": "33.88%", "2014-09-30": "33.92%", "2014-06-30": "33.76%", "2014-03-31": "33.73%", "2013-12-31": "33.79%", "2013-09-30": "32.37%", "2013-06-30": "32.20%", "2013-03-31": "31.96%", "2012-12-31": "31.48%", "2012-09-30": "32.34%", "2012-06-30": "31.28%", "2012-03-31": "30.36%", "2011-12-31": "29.51%", "2011-09-30": "30.14%", "2011-06-30": "30.87%", "2011-03-31": "31.93%", "2010-12-31": "33.17%", "2010-09-30": "33.44%", "2010-06-30": "34.12%", "2010-03-31": "33.99%", "2009-12-31": "33.59%", "2009-09-30": "33.15%", "2009-06-30": "31.60%", "2009-03-31": "30.67%", "2008-12-31": "30.17%", "2008-09-30": "29.96%", "2008-06-30": "30.45%", "2008-03-31": "31.07%", "2007-12-31": "31.23%", "2007-09-30": "31.48%", "2007-06-30": "31.26%", "2007-03-31": "30.96%", "2006-12-31": "30.35%", "2006-09-30": "30.44%", "2006-06-30": "30.09%", "2006-03-31": "30.64%", "2005-12-31": "31.92%"}, "operating margin": {"2020-12-31": "16.95%", "2020-09-30": "17.19%", "2020-06-30": "18.55%", "2020-03-31": "17.21%", "2019-12-31": "16.21%", "2019-09-30": "15.62%", "2019-06-30": "14.33%", "2019-03-31": "14.34%", "2018-12-31": "12.06%", "2018-09-30": "13.06%", "2018-06-30": "14.07%", "2018-03-31": "14.84%", "2017-12-31": "18.30%", "2017-09-30": "18.69%", "2017-06-30": "18.59%", "2017-03-31": "18.71%", "2016-12-31": "18.50%", "2016-09-30": "17.08%", "2016-06-30": "16.65%", "2016-03-31": "9.08%", "2015-12-31": "8.68%", "2015-09-30": "6.04%", "2015-06-30": "6.45%", "2015-03-31": "13.10%", "2014-12-31": "12.78%", "2014-09-30": "15.48%", "2014-06-30": "14.93%", "2014-03-31": "14.80%", "2013-12-31": "14.84%", "2013-09-30": "12.92%", "2013-06-30": "12.80%", "2013-03-31": "12.59%", "2012-12-31": "12.21%", "2012-09-30": "13.61%", "2012-06-30": "12.94%", "2012-03-31": "12.34%", "2011-12-31": "11.71%", "2011-09-30": "12.20%", "2011-06-30": "12.61%", "2011-03-31": "13.30%", "2010-12-31": "14.04%", "2010-09-30": "14.20%", "2010-06-30": "15.13%", "2010-03-31": "14.71%", "2009-12-31": "14.78%", "2009-09-30": "14.58%", "2009-06-30": "13.13%", "2009-03-31": "13.15%", "2008-12-31": "13.12%", "2008-09-30": "13.25%", "2008-06-30": "13.89%", "2008-03-31": "14.26%", "2007-12-31": "14.33%", "2007-09-30": "14.36%", "2007-06-30": "13.80%", "2007-03-31": "13.46%", "2006-12-31": "12.55%", "2006-09-30": "12.54%", "2006-06-30": "12.32%", "2006-03-31": "13.03%", "2005-12-31": "14.53%"}, "ebitda margin": {"2020-09-30": "21.54%", "2020-06-30": "23.12%", "2020-03-31": "21.97%", "2019-12-31": "21.18%", "2019-09-30": "20.66%", "2019-06-30": "19.32%", "2019-03-31": "19.26%", "2018-12-31": "16.83%", "2018-09-30": "17.57%", "2018-06-30": "18.37%", "2018-03-31": "18.92%", "2017-12-31": "22.25%", "2017-09-30": "22.60%", "2017-06-30": "22.49%", "2017-03-31": "22.59%", "2016-12-31": "22.35%", "2016-09-30": "20.98%", "2016-06-30": "20.54%", "2016-03-31": "13.02%", "2015-12-31": "12.69%", "2015-09-30": "10.13%", "2015-06-30": "10.66%", "2015-03-31": "17.39%", "2014-12-31": "17.15%", "2014-09-30": "20.19%", "2014-06-30": "19.53%", "2014-03-31": "19.29%", "2013-12-31": "19.25%", "2013-09-30": "17.29%", "2013-06-30": "17.19%", "2013-03-31": "16.99%", "2012-12-31": "16.61%", "2012-09-30": "17.96%", "2012-06-30": "17.66%", "2012-03-31": "17.40%", "2011-12-31": "16.95%", "2011-09-30": "17.15%", "2011-06-30": "17.24%", "2011-03-31": "17.63%", "2010-12-31": "18.16%", "2010-09-30": "18.41%", "2010-06-30": "19.31%", "2010-03-31": "18.82%", "2009-12-31": "18.88%", "2009-09-30": "18.54%", "2009-06-30": "17.07%", "2009-03-31": "17.09%", "2008-12-31": "17.11%", "2008-09-30": "17.21%", "2008-06-30": "18.02%", "2008-03-31": "18.49%", "2007-12-31": "18.74%", "2007-09-30": "19.11%", "2007-06-30": "18.67%", "2007-03-31": "18.67%", "2006-12-31": "18.12%", "2006-09-30": "18.22%", "2006-06-30": "18.23%", "2006-03-31": "18.71%", "2005-12-31": "19.84%"}, "pre tax profit margin": {"2020-12-31": "15.31%", "2020-09-30": "15.30%", "2020-06-30": "16.79%", "2020-03-31": "15.41%", "2019-12-31": "14.36%", "2019-09-30": "13.59%", "2019-06-30": "12.20%", "2019-03-31": "12.08%", "2018-12-31": "9.81%", "2018-09-30": "11.16%", "2018-06-30": "12.20%", "2018-03-31": "12.99%", "2017-12-31": "16.30%", "2017-09-30": "16.37%", "2017-06-30": "16.31%", "2017-03-31": "16.54%", "2016-12-31": "16.45%", "2016-09-30": "15.43%", "2016-06-30": "15.06%", "2016-03-31": "7.55%", "2015-12-31": "7.18%", "2015-09-30": "4.61%", "2015-06-30": "5.05%", "2015-03-31": "11.74%", "2014-12-31": "11.43%", "2014-09-30": "14.03%", "2014-06-30": "13.50%", "2014-03-31": "13.40%", "2013-12-31": "13.50%", "2013-09-30": "11.57%", "2013-06-30": "11.46%", "2013-03-31": "11.25%", "2012-12-31": "10.84%", "2012-09-30": "12.34%", "2012-06-30": "11.69%", "2012-03-31": "11.07%", "2011-12-31": "10.47%", "2011-09-30": "10.99%", "2011-06-30": "11.43%", "2011-03-31": "12.16%", "2010-12-31": "12.91%", "2010-09-30": "13.07%", "2010-06-30": "13.96%", "2010-03-31": "13.48%", "2009-12-31": "13.48%", "2009-09-30": "13.22%", "2009-06-30": "11.77%", "2009-03-31": "11.80%", "2008-12-31": "11.79%", "2008-09-30": "11.96%", "2008-06-30": "12.50%", "2008-03-31": "12.69%", "2007-12-31": "12.69%", "2007-09-30": "12.62%", "2007-06-30": "12.08%", "2007-03-31": "11.91%", "2006-12-31": "11.02%", "2006-09-30": "10.88%", "2006-06-30": "10.53%", "2006-03-31": "11.03%", "2005-12-31": "12.38%"}, "net profit margin": {"2020-12-31": "12.29%", "2020-09-30": "12.50%", "2020-06-30": "13.58%", "2020-03-31": "12.55%", "2019-12-31": "11.69%", "2019-09-30": "10.96%", "2019-06-30": "9.80%", "2019-03-31": "9.63%", "2018-12-31": "7.63%", "2018-09-30": "8.73%", "2018-06-30": "9.31%", "2018-03-31": "9.73%", "2017-12-31": "12.42%", "2017-09-30": "11.79%", "2017-06-30": "11.74%", "2017-03-31": "11.92%", "2016-12-31": "11.84%", "2016-09-30": "10.96%", "2016-06-30": "10.70%", "2016-03-31": "5.93%", "2015-12-31": "5.45%", "2015-09-30": "3.16%", "2015-06-30": "3.34%", "2015-03-31": "7.46%", "2014-12-31": "7.74%", "2014-09-30": "11.54%", "2014-06-30": "11.33%", "2014-03-31": "11.23%", "2013-12-31": "10.95%", "2013-09-30": "9.56%", "2013-06-30": "9.42%", "2013-03-31": "9.28%", "2012-12-31": "8.99%", "2012-09-30": "9.00%", "2012-06-30": "8.54%", "2012-03-31": "8.12%", "2011-12-31": "7.63%", "2011-09-30": "8.11%", "2011-06-30": "8.45%", "2011-03-31": "9.07%", "2010-12-31": "9.33%", "2010-09-30": "9.38%", "2010-06-30": "9.99%", "2010-03-31": "9.56%", "2009-12-31": "9.86%", "2009-09-30": "9.67%", "2009-06-30": "8.73%", "2009-03-31": "8.67%", "2008-12-31": "8.70%", "2008-09-30": "8.82%", "2008-06-30": "9.20%", "2008-03-31": "9.69%", "2007-12-31": "9.98%", "2007-09-30": "10.38%", "2007-06-30": "10.12%", "2007-03-31": "9.83%", "2006-12-31": "8.96%", "2006-09-30": "8.44%", "2006-06-30": "8.31%", "2006-03-31": "8.67%", "2005-12-31": "9.86%"}, "pe ratio": {"current": "17.08", "2021-02-05": "24.98", "2020-12-31": "25.49", "2020-09-30": "21.30", "2020-06-30": "18.72", "2020-03-31": "18.25", "2019-12-31": "21.39", "2019-09-30": "23.47", "2019-06-30": "24.60", "2019-03-31": "23.14", "2018-12-31": "26.59", "2018-09-30": "23.03", "2018-06-30": "19.83", "2018-03-31": "19.76", "2017-12-31": "17.08", "2017-09-30": "17.47", "2017-06-30": "19.27", "2017-03-31": "19.28", "2016-12-31": "16.79", "2016-09-30": "20.05", "2016-06-30": "22.14", "2016-03-31": "38.70", "2015-12-31": "39.40", "2015-09-30": "56.73", "2015-06-30": "51.81", "2015-03-31": "22.91", "2014-12-31": "23.66", "2014-09-30": "14.97", "2014-06-30": "15.58", "2014-03-31": "15.30", "2013-12-31": "14.51", "2013-09-30": "14.93", "2013-06-30": "15.65", "2013-03-31": "15.99", "2012-12-31": "14.22", "2012-09-30": "13.33", "2012-06-30": "13.50", "2012-03-31": "12.43", "2011-12-31": "13.22", "2011-09-30": "12.07", "2011-06-30": "11.06", "2011-03-31": "10.32", "2010-12-31": "9.73", "2010-09-30": "10.00", "2010-06-30": "8.72", "2010-03-31": "9.40", "2009-12-31": "9.30", "2009-09-30": "8.85", "2009-06-30": "8.59", "2009-03-31": "7.43", "2008-12-31": "8.27", "2008-09-30": "9.91", "2008-06-30": "8.95", "2008-03-31": "9.55", "2007-12-31": "10.31", "2007-09-30": "10.42", "2007-06-30": "10.49", "2007-03-31": "11.19", "2006-12-31": "12.30"}, "price sales": {"2021-02-05": "2.36", "2020-12-31": "2.41", "2020-09-30": "2.66", "2020-06-30": "2.55", "2020-03-31": "2.29", "2019-12-31": "2.50", "2019-09-30": "2.57", "2019-06-30": "2.41", "2019-03-31": "2.23", "2018-12-31": "2.03", "2018-09-30": "2.01", "2018-06-30": "1.85", "2018-03-31": "1.93", "2017-12-31": "2.13", "2017-09-30": "2.06", "2017-06-30": "2.26", "2017-03-31": "2.30", "2016-12-31": "1.99", "2016-09-30": "2.20", "2016-06-30": "2.37", "2016-03-31": "2.30", "2015-12-31": "2.15", "2015-09-30": "1.81", "2015-06-30": "1.73", "2015-03-31": "1.72", "2014-12-31": "1.83", "2014-09-30": "1.73", "2014-06-30": "1.77", "2014-03-31": "1.72", "2013-12-31": "1.59", "2013-09-30": "1.43", "2013-06-30": "1.48", "2013-03-31": "1.49", "2012-12-31": "1.28", "2012-09-30": "1.20", "2012-06-30": "1.15", "2012-03-31": "1.01", "2011-12-31": "1.01", "2011-09-30": "0.98", "2011-06-30": "0.94", "2011-03-31": "0.94", "2010-12-31": "0.91", "2010-09-30": "0.94", "2010-06-30": "0.87", "2010-03-31": "0.90", "2009-12-31": "0.92", "2009-09-30": "0.86", "2009-06-30": "0.75", "2009-03-31": "0.65", "2008-12-31": "0.72", "2008-09-30": "0.88", "2008-06-30": "0.83", "2008-03-31": "0.93", "2007-12-31": "1.04", "2007-09-30": "1.08", "2007-06-30": "1.06", "2007-03-31": "1.10", "2006-12-31": "1.10"}, "price book": {"current": "51.73", "2021-02-05": "77.97", "2020-09-30": "86.44", "2020-06-30": "95.95", "2020-03-31": "926.13", "2019-12-31": "234.99", "2019-09-30": "533.45", "2019-06-30": "877.10", "2019-03-31": "-492.94", "2018-12-31": "-803.88", "2018-09-30": "327.57", "2018-06-30": "190.16", "2018-03-31": "63.49", "2017-12-31": "43.57", "2017-09-30": "74.80", "2017-06-30": "123.01", "2017-03-31": "114.35", "2016-12-31": "305.94", "2016-09-30": "71.55", "2016-06-30": "101.02", "2016-03-31": "126.65", "2015-12-31": "981.44", "2015-09-30": "121.62", "2015-06-30": "43.63", "2015-03-31": "78.95", "2014-12-31": "34.96", "2014-09-30": "6.94", "2014-06-30": "6.64", "2014-03-31": "6.54", "2013-12-31": "5.96", "2013-09-30": "5.52", "2013-06-30": "6.05", "2013-03-31": "5.68", "2012-12-31": "4.63", "2012-09-30": "4.25", "2012-06-30": "4.22", "2012-03-31": "3.72", "2011-12-31": "3.78", "2011-09-30": "3.63", "2011-06-30": "3.13", "2011-03-31": "3.14", "2010-12-31": "2.85", "2010-09-30": "3.05", "2010-06-30": "3.17", "2010-03-31": "3.06", "2009-12-31": "3.08", "2009-09-30": "2.91", "2009-06-30": "2.94", "2009-03-31": "3.20", "2008-12-31": "3.23", "2008-09-30": "3.37", "2008-06-30": "2.75", "2008-03-31": "2.98", "2007-12-31": "3.40", "2007-09-30": "3.60", "2007-06-30": "2.73", "2007-03-31": "2.92", "2006-12-31": "3.00", "2006-09-30": "2.94", "2006-06-30": "2.79", "2006-03-31": "2.70"}, "price fcf": {"2021-02-05": "", "2020-09-30": "$7.50", "2020-06-30": "$8.90", "2020-03-31": "$6.14", "2019-12-31": "$5.12", "2019-09-30": "$5.24", "2019-06-30": "$4.36", "2019-03-31": "$5.13", "2018-12-31": "$6.13", "2018-09-30": "$6.10", "2018-06-30": "$6.38", "2018-03-31": "$6.42", "2017-12-31": "$6.03", "2017-09-30": "$6.09", "2017-06-30": "$6.52", "2017-03-31": "$6.57", "2016-12-31": "$6.87", "2016-09-30": "$6.03", "2016-06-30": "$5.49", "2016-03-31": "$5.05", "2015-12-31": "$3.41", "2015-09-30": "$3.03", "2015-06-30": "$3.29", "2015-03-31": "$3.60", "2014-12-31": "$4.79", "2014-09-30": "$5.86", "2014-06-30": "$5.94", "2014-03-31": "$5.15", "2013-12-31": "$5.72", "2013-09-30": "$5.92", "2013-06-30": "$5.43", "2013-03-31": "$5.78", "2012-12-31": "$5.56", "2012-09-30": "$4.12", "2012-06-30": "$4.09", "2012-03-31": "$4.22", "2011-12-31": "$3.44", "2011-09-30": "$4.32", "2011-06-30": "$4.13", "2011-03-31": "$3.69", "2010-12-31": "$4.32", "2010-09-30": "$4.64", "2010-06-30": "$4.93", "2010-03-31": "$5.88", "2009-12-31": "$6.38", "2009-09-30": "$5.68", "2009-06-30": "$5.20", "2009-03-31": "$4.54", "2008-12-31": "$3.90", "2008-09-30": "$3.91", "2008-06-30": "$3.75", "2008-03-31": "$3.32", "2007-12-31": "$3.44", "2007-09-30": "$3.44", "2007-06-30": "$3.47", "2007-03-31": "$3.47", "2006-12-31": "$3.58"}, "net worth": {"value": "$44.96B"}, "current ratio": {"2020-12-31": "0.80", "2020-09-30": "1.00", "2020-06-30": "0.91", "2020-03-31": "0.87", "2019-12-31": "0.73", "2019-09-30": "0.75", "2019-06-30": "0.81", "2019-03-31": "0.73", "2018-12-31": "0.77", "2018-09-30": "0.75", "2018-06-30": "0.76", "2018-03-31": "0.81", "2017-12-31": "0.89", "2017-09-30": "0.97", "2017-06-30": "0.92", "2017-03-31": "0.87", "2016-12-31": "0.88", "2016-09-30": "0.92", "2016-06-30": "0.98", "2016-03-31": "0.96", "2015-12-31": "0.86", "2015-09-30": "0.88", "2015-06-30": "0.82", "2015-03-31": "0.87", "2014-12-31": "0.89", "2014-09-30": "1.11", "2014-06-30": "1.17", "2014-03-31": "1.06", "2013-12-31": "1.12", "2013-09-30": "1.19", "2013-06-30": "1.09", "2013-03-31": "0.98", "2012-12-31": "1.08", "2012-09-30": "1.15", "2012-06-30": "1.28", "2012-03-31": "1.20", "2011-12-31": "1.16", "2011-09-30": "1.12", "2011-06-30": "1.09", "2011-03-31": "1.09", "2010-12-31": "1.19", "2010-09-30": "1.18", "2010-06-30": "1.03", "2010-03-31": "1.09", "2009-12-31": "1.19", "2009-09-30": "1.09", "2009-06-30": "1.27", "2009-03-31": "1.15", "2008-12-31": "1.22", "2008-09-30": "1.07", "2008-06-30": "1.21", "2008-03-31": "1.24", "2007-12-31": "1.24", "2007-09-30": "1.19", "2007-06-30": "1.15", "2007-03-31": "1.14", "2006-12-31": "1.05", "2006-09-30": "1.03", "2006-06-30": "1.10", "2006-03-31": "1.06", "2005-12-31": "1.03", "2005-09-30": "1.11", "2005-06-30": "1.10", "2005-03-31": "1.11"}, "quick ratio": {"2020-12-31": "0.51", "2020-09-30": "0.70", "2020-06-30": "0.63", "2020-03-31": "0.63", "2019-12-31": "0.47", "2019-09-30": "0.48", "2019-06-30": "0.53", "2019-03-31": "0.47", "2018-12-31": "0.49", "2018-09-30": "0.49", "2018-06-30": "0.49", "2018-03-31": "0.54", "2017-12-31": "0.58", "2017-09-30": "0.64", "2017-06-30": "0.62", "2017-03-31": "0.58", "2016-12-31": "0.59", "2016-09-30": "0.62", "2016-06-30": "0.63", "2016-03-31": "0.60", "2015-12-31": "0.55", "2015-09-30": "0.57", "2015-06-30": "0.53", "2015-03-31": "0.56", "2014-12-31": "0.59", "2014-09-30": "0.74", "2014-06-30": "0.78", "2014-03-31": "0.70", "2013-12-31": "0.74", "2013-09-30": "0.80", "2013-06-30": "0.71", "2013-03-31": "0.64", "2012-12-31": "0.70", "2012-09-30": "0.76", "2012-06-30": "0.82", "2012-03-31": "0.76", "2011-12-31": "0.73", "2011-09-30": "0.71", "2011-06-30": "0.68", "2011-03-31": "0.67", "2010-12-31": "0.74", "2010-09-30": "0.72", "2010-06-30": "0.62", "2010-03-31": "0.69", "2009-12-31": "0.78", "2009-09-30": "0.71", "2009-06-30": "0.79", "2009-03-31": "0.69", "2008-12-31": "0.70", "2008-09-30": "0.61", "2008-06-30": "0.71", "2008-03-31": "0.72", "2007-12-31": "0.74", "2007-09-30": "0.72", "2007-06-30": "0.69", "2007-03-31": "0.68", "2006-12-31": "0.65", "2006-09-30": "0.65", "2006-06-30": "0.68", "2006-03-31": "0.67", "2005-12-31": "0.65", "2005-09-30": "0.69", "2005-06-30": "0.71", "2005-03-31": "0.75"}, "debt equity ratio": {"current": "9.07", "2020-12-31": "19.17", "2020-09-30": "27.65", "2020-06-30": "31.67", "2020-03-31": "339.80", "2019-12-31": "77.78", "2019-09-30": "169.83", "2019-06-30": "305.94", "2019-03-31": "-186.42", "2018-12-31": "-316.61", "2018-09-30": "129.21", "2018-06-30": "80.82", "2018-03-31": "26.57", "2017-12-31": "16.18", "2017-09-30": "29.22", "2017-06-30": "44.53", "2017-03-31": "39.77", "2016-12-31": "123.80", "2016-09-30": "26.04", "2016-06-30": "33.84", "2016-03-31": "44.05", "2015-12-31": "370.05", "2015-09-30": "53.09", "2015-06-30": "19.63", "2015-03-31": "35.54", "2014-12-31": "14.54", "2014-09-30": "3.15", "2014-06-30": "2.96", "2014-03-31": "2.86", "2013-12-31": "2.68", "2013-09-30": "2.89", "2013-06-30": "3.19", "2013-03-31": "2.96", "2012-12-31": "2.76", "2012-09-30": "2.43", "2012-06-30": "2.42", "2012-03-31": "2.47", "2011-12-31": "2.50", "2011-09-30": "2.59", "2011-06-30": "2.50", "2011-03-31": "2.49", "2010-12-31": "2.20", "2010-09-30": "2.28", "2010-06-30": "2.54", "2010-03-31": "2.35", "2009-12-31": "2.38", "2009-09-30": "2.38", "2009-06-30": "2.80", "2009-03-31": "3.61", "2008-12-31": "3.25", "2008-09-30": "2.74", "2008-06-30": "2.50", "2008-03-31": "2.40", "2007-12-31": "2.53", "2007-09-30": "2.67", "2007-06-30": "1.67", "2007-03-31": "1.70", "2006-12-31": "1.80", "2006-09-30": "1.79", "2006-06-30": "1.81", "2006-03-31": "1.89", "2005-12-31": "1.93", "2005-09-30": "1.70", "2005-06-30": "1.60", "2005-03-31": "1.62"}, "return on equity": {"2020-12-31": "473.48%", "2020-09-30": "719.51%", "2020-06-30": "1243.74%", "2020-03-31": "2500.53%", "2019-12-31": "3451.20%", "2019-09-30": "80840.00%", "2019-06-30": "21188.24%", "2019-03-31": "4372.84%", "2018-12-31": "705.88%", "2018-09-30": "374.29%", "2018-06-30": "327.88%", "2018-03-31": "319.15%", "2017-12-31": "439.56%", "2017-09-30": "662.39%", "2017-06-30": "631.59%", "2017-03-31": "600.83%", "2016-12-31": "609.71%", "2016-09-30": "593.45%", "2016-06-30": "733.77%", "2016-03-31": "313.89%", "2015-12-31": "275.27%", "2015-09-30": "98.23%", "2015-06-30": "38.31%", "2015-03-31": "53.65%", "2014-12-31": "39.72%", "2014-09-30": "44.04%", "2014-06-30": "42.77%", "2014-03-31": "43.63%", "2013-12-31": "43.36%", "2013-09-30": "37.57%", "2013-06-30": "35.45%", "2013-03-31": "33.21%", "2012-12-31": "31.13%", "2012-09-30": "33.15%", "2012-06-30": "32.19%", "2012-03-31": "30.40%", "2011-12-31": "28.20%", "2011-09-30": "28.95%", "2011-06-30": "29.00%", "2011-03-31": "31.27%", "2010-12-31": "31.91%", "2010-09-30": "32.64%", "2010-06-30": "35.32%", "2010-03-31": "34.39%", "2009-12-31": "38.10%", "2009-09-30": "39.48%", "2009-06-30": "36.80%", "2009-03-31": "35.48%", "2008-12-31": "33.09%", "2008-09-30": "32.30%", "2008-06-30": "33.04%", "2008-03-31": "32.24%", "2007-12-31": "31.34%", "2007-09-30": "30.65%", "2007-06-30": "28.05%", "2007-03-31": "27.60%", "2006-12-31": "25.40%", "2006-09-30": "24.05%", "2006-06-30": "23.31%", "2006-03-31": "23.56%", "2005-12-31": "25.63%"}, "return on assets": {"2020-12-31": "14.28%", "2020-09-30": "14.83%", "2020-06-30": "16.47%", "2020-03-31": "15.41%", "2019-12-31": "14.18%", "2019-09-30": "13.45%", "2019-06-30": "12.08%", "2019-03-31": "12.03%", "2018-12-31": "9.56%", "2018-09-30": "10.85%", "2018-06-30": "11.53%", "2018-03-31": "11.94%", "2017-12-31": "15.18%", "2017-09-30": "14.57%", "2017-06-30": "14.49%", "2017-03-31": "14.80%", "2016-12-31": "14.66%", "2016-09-30": "13.44%", "2016-06-30": "13.21%", "2016-03-31": "7.27%", "2015-12-31": "6.73%", "2015-09-30": "3.92%", "2015-06-30": "3.96%", "2015-03-31": "8.46%", "2014-12-31": "8.39%", "2014-09-30": "11.28%", "2014-06-30": "11.12%", "2014-03-31": "11.19%", "2013-12-31": "11.05%", "2013-09-30": "9.53%", "2013-06-30": "9.30%", "2013-03-31": "9.15%", "2012-12-31": "8.85%", "2012-09-30": "9.59%", "2012-06-30": "9.21%", "2012-03-31": "8.65%", "2011-12-31": "8.01%", "2011-09-30": "8.41%", "2011-06-30": "8.61%", "2011-03-31": "9.27%", "2010-12-31": "9.57%", "2010-09-30": "9.65%", "2010-06-30": "10.36%", "2010-03-31": "9.93%", "2009-12-31": "10.25%", "2009-09-30": "10.01%", "2009-06-30": "9.06%", "2009-03-31": "8.95%", "2008-12-31": "8.97%", "2008-09-30": "9.13%", "2008-06-30": "9.39%", "2008-03-31": "9.86%", "2007-12-31": "10.16%", "2007-09-30": "10.51%", "2007-06-30": "10.25%", "2007-03-31": "9.95%", "2006-12-31": "9.01%", "2006-09-30": "8.43%", "2006-06-30": "8.24%", "2006-03-31": "8.50%", "2005-12-31": "9.47%"}, "return on investments": {"2020-12-31": "40.36%", "2020-09-30": "43.56%", "2020-06-30": "50.53%", "2020-03-31": "48.54%", "2019-12-31": "47.19%", "2019-09-30": "45.80%", "2019-06-30": "42.62%", "2019-03-31": "44.16%", "2018-12-31": "36.23%", "2018-09-30": "37.54%", "2018-06-30": "38.11%", "2018-03-31": "38.49%", "2017-12-31": "46.63%", "2017-09-30": "49.06%", "2017-06-30": "49.60%", "2017-03-31": "49.55%", "2016-12-31": "48.14%", "2016-09-30": "44.88%", "2016-06-30": "45.02%", "2016-03-31": "25.61%", "2015-12-31": "25.44%", "2015-09-30": "17.66%", "2015-06-30": "16.73%", "2015-03-31": "29.92%", "2014-12-31": "26.55%", "2014-09-30": "27.51%", "2014-06-30": "26.72%", "2014-03-31": "27.45%", "2013-12-31": "28.68%", "2013-09-30": "25.06%", "2013-06-30": "24.45%", "2013-03-31": "23.26%", "2012-12-31": "21.56%", "2012-09-30": "25.49%", "2012-06-30": "24.46%", "2012-03-31": "23.37%", "2011-12-31": "22.08%", "2011-09-30": "22.68%", "2011-06-30": "23.13%", "2011-03-31": "24.77%", "2010-12-31": "26.56%", "2010-09-30": "27.28%", "2010-06-30": "29.48%", "2010-03-31": "28.09%", "2009-12-31": "28.70%", "2009-09-30": "28.72%", "2009-06-30": "26.37%", "2009-03-31": "26.57%", "2008-12-31": "26.04%", "2008-09-30": "26.20%", "2008-06-30": "26.93%", "2008-03-31": "28.07%", "2007-12-31": "28.60%", "2007-09-30": "28.95%", "2007-06-30": "28.08%", "2007-03-31": "27.29%", "2006-12-31": "25.25%", "2006-09-30": "24.95%", "2006-06-30": "23.91%", "2006-03-31": "24.81%", "2005-12-31": "26.97%"}, "return on tangible equity": {"2020-09-30": "-217.76%", "2020-06-30": "-211.31%", "2020-03-31": "-176.15%", "2019-12-31": "-153.82%", "2019-09-30": "-138.05%", "2019-06-30": "-122.64%", "2019-03-31": "-122.73%", "2018-12-31": "-107.74%", "2018-09-30": "-146.61%", "2018-06-30": "-167.99%", "2018-03-31": "-181.07%", "2017-12-31": "-220.15%", "2017-09-30": "-180.20%", "2017-06-30": "-183.21%", "2017-03-31": "-190.78%", "2016-12-31": "-189.09%", "2016-09-30": "-172.45%", "2016-06-30": "-162.84%", "2016-03-31": "-95.97%", "2015-12-31": "-90.04%", "2015-09-30": "-64.14%", "2015-06-30": "-188.82%", "2015-03-31": "659.57%", "2014-12-31": "174.80%", "2014-09-30": "147.20%", "2014-06-30": "139.14%", "2014-03-31": "144.93%", "2013-12-31": "145.94%", "2013-09-30": "127.67%", "2013-06-30": "111.17%", "2013-03-31": "96.07%", "2012-12-31": "86.09%", "2012-09-30": "90.24%", "2012-06-30": "87.41%", "2012-03-31": "80.98%", "2011-12-31": "72.88%", "2011-09-30": "72.19%", "2011-06-30": "70.42%", "2011-03-31": "76.43%", "2010-12-31": "77.00%", "2010-09-30": "80.42%", "2010-06-30": "86.87%", "2010-03-31": "85.29%", "2009-12-31": "101.45%", "2009-09-30": "105.89%", "2009-06-30": "101.00%", "2009-03-31": "91.83%", "2008-12-31": "78.00%", "2008-09-30": "73.25%", "2008-06-30": "75.91%", "2008-03-31": "68.74%", "2007-12-31": "63.72%", "2007-09-30": "59.68%", "2007-06-30": "51.54%", "2007-03-31": "51.30%", "2006-12-31": "47.66%", "2006-09-30": "45.41%", "2006-06-30": "43.85%", "2006-03-31": "43.43%", "2005-12-31": "45.86%"}, "dividend yield history": {"last payout": "$4.28", "last yield": "3.24%"}}