{"ticker": "KIM", "price": {"title": "Kimco Realty Historical Annual Stock Price Data", "value": 16.72, "historical": {"2021": {"Average Stock Price": "16.1946", "Year Open": "14.3300", "Year High": "17.5000", "Year Low": "14.3300", "Year Close": "16.7200", "Annual % Change": "11.39%"}, "2020": {"Average Stock Price": "13.3127", "Year Open": "19.6000", "Year High": "20.4500", "Year Low": "7.7500", "Year Close": "15.0100", "Annual % Change": "-27.52%"}, "2019": {"Average Stock Price": "18.8413", "Year Open": "14.5800", "Year High": "21.7700", "Year Low": "14.5500", "Year Close": "20.7100", "Annual % Change": "41.37%"}, "2018": {"Average Stock Price": "15.7456", "Year Open": "18.1200", "Year High": "18.1200", "Year Low": "13.2400", "Year Close": "14.6500", "Annual % Change": "-19.28%"}, "2017": {"Average Stock Price": "20.4800", "Year Open": "25.3800", "Year High": "26.0700", "Year Low": "17.3000", "Year Close": "18.1500", "Annual % Change": "-27.86%"}, "2016": {"Average Stock Price": "28.1700", "Year Open": "25.7500", "Year High": "32.1700", "Year Low": "24.7100", "Year Close": "25.1600", "Annual % Change": "-4.91%"}, "2015": {"Average Stock Price": "25.3153", "Year Open": "25.4600", "Year High": "28.3300", "Year Low": "22.2600", "Year Close": "26.4600", "Annual % Change": "5.25%"}, "2014": {"Average Stock Price": "22.8658", "Year Open": "19.7700", "Year High": "25.9100", "Year Low": "19.7700", "Year Close": "25.1400", "Annual % Change": "27.29%"}, "2013": {"Average Stock Price": "21.5195", "Year Open": "19.5300", "Year High": "25.0000", "Year Low": "19.2500", "Year Close": "19.7500", "Annual % Change": "2.23%"}, "2012": {"Average Stock Price": "19.1150", "Year Open": "16.6200", "Year High": "21.0300", "Year Low": "16.2700", "Year Close": "19.3200", "Annual % Change": "18.97%"}, "2011": {"Average Stock Price": "17.4984", "Year Open": "18.3700", "Year High": "20.3000", "Year Low": "14.1100", "Year Close": "16.2400", "Annual % Change": "-9.98%"}, "2010": {"Average Stock Price": "15.3000", "Year Open": "13.6600", "Year High": "18.1400", "Year Low": "12.5900", "Year Close": "18.0400", "Annual % Change": "33.33%"}, "2009": {"Average Stock Price": "11.6775", "Year Open": "18.2000", "Year High": "20.4500", "Year Low": "6.9700", "Year Close": "13.5300", "Annual % Change": "-25.98%"}, "2008": {"Average Stock Price": "32.4323", "Year Open": "36.4300", "Year High": "42.9500", "Year Low": "11.2600", "Year Close": "18.2800", "Annual % Change": "-49.78%"}, "2007": {"Average Stock Price": "43.8601", "Year Open": "45.1100", "Year High": "53.4100", "Year Low": "35.3000", "Year Close": "36.4000", "Annual % Change": "-19.02%"}, "2006": {"Average Stock Price": "39.2855", "Year Open": "32.7300", "Year High": "46.8800", "Year Low": "32.7300", "Year Close": "44.9500", "Annual % Change": "40.12%"}, "2005": {"Average Stock Price": "29.3626", "Year Open": "28.7500", "Year High": "33.2500", "Year Low": "26.1950", "Year Close": "32.0800", "Annual % Change": "10.64%"}, "2004": {"Average Stock Price": "24.4288", "Year Open": "22.4250", "Year High": "29.4700", "Year Low": "20.2750", "Year Close": "28.9950", "Annual % Change": "29.59%"}, "2003": {"Average Stock Price": "19.2144", "Year Open": "15.5600", "Year High": "22.9300", "Year Low": "15.0850", "Year Close": "22.3750", "Annual % Change": "46.05%"}, "2002": {"Average Stock Price": "15.7141", "Year Open": "16.6000", "Year High": "16.8050", "Year Low": "14.0050", "Year Close": "15.3200", "Annual % Change": "-6.27%"}, "2001": {"Average Stock Price": "15.2522", "Year Open": "14.6267", "Year High": "17.0000", "Year Low": "13.6333", "Year Close": "16.3450", "Annual % Change": "10.96%"}, "2000": {"Average Stock Price": "13.1498", "Year Open": "11.2933", "Year High": "14.8767", "Year Low": "11.0200", "Year Close": "14.7300", "Annual % Change": "30.43%"}, "1999": {"Average Stock Price": "12.3279", "Year Open": "13.0633", "Year High": "13.4600", "Year Low": "10.4167", "Year Close": "11.2933", "Annual % Change": "-14.64%"}, "1998": {"Average Stock Price": "12.4030", "Year Open": "11.7933", "Year High": "13.6867", "Year Low": "11.2100", "Year Close": "13.2300", "Annual % Change": "12.60%"}, "1997": {"Average Stock Price": "11.0514", "Year Open": "11.2933", "Year High": "11.8767", "Year Low": "10.1667", "Year Close": "11.7500", "Annual % Change": "1.06%"}, "1996": {"Average Stock Price": "9.3751", "Year Open": "9.1267", "Year High": "11.6267", "Year Low": "8.5000", "Year Close": "11.6267", "Annual % Change": "28.00%"}, "1995": {"Average Stock Price": "8.3134", "Year Open": "8.3333", "Year High": "9.1111", "Year Low": "5.7400", "Year Close": "9.0833", "Annual % Change": "7.57%"}, "1994": {"Average Stock Price": "8.1030", "Year Open": "7.7778", "Year High": "8.5556", "Year Low": "7.3889", "Year Close": "8.4444", "Annual % Change": "8.17%"}, "1993": {"Average Stock Price": "7.5599", "Year Open": "6.8889", "Year High": "8.6956", "Year Low": "6.8067", "Year Close": "7.8067", "Annual % Change": "13.32%"}, "1992": {"Average Stock Price": "5.7322", "Year Open": "4.7778", "Year High": "6.8889", "Year Low": "4.7778", "Year Close": "6.8889", "Annual % Change": "44.19%"}}}, "market cap": {"value": "$7.23B"}, "income statement": {"Revenue": {"2019-12-31": "1158.88400", "2018-12-31": "1164.76200", "2017-12-31": "1200.83400", "2016-12-31": "1170.79200", "2015-12-31": "1166.76900", "2014-12-31": "993.89700", "2013-12-31": "861.52700", "2012-12-31": "793.37300", "2011-12-31": "814.47700", "2010-12-31": "826.80600", "2009-12-31": "797.89800", "2008-12-31": "798.82300", "2007-12-31": "729.37800", "2006-12-31": "621.23500", "2005-12-31": "532.04300"}, "Cost Of Goods Sold": {"2019-12-31": "336.95100", "2018-12-31": "328.55900", "2017-12-31": "337.89300", "2016-12-31": "329.02400", "2015-12-31": "304.47700", "2014-12-31": "258.61700", "2013-12-31": "221.49800", "2012-12-31": "206.97400", "2011-12-31": "220.83600", "2010-12-31": "227.42400", "2009-12-31": "227.30600", "2008-12-31": "213.76400", "2007-12-31": "183.73700", "2006-12-31": "157.12700", "2005-12-31": "132.24600"}, "Gross Profit": {"2019-12-31": "821.93300", "2018-12-31": "836.20290", "2017-12-31": "862.94100", "2016-12-31": "841.76800", "2015-12-31": "862.29210", "2014-12-31": "735.28000", "2013-12-31": "640.02900", "2012-12-31": "586.39900", "2011-12-31": "593.64100", "2010-12-31": "599.38200", "2009-12-31": "570.59200", "2008-12-31": "585.05900", "2007-12-31": "545.64100", "2006-12-31": "464.10800", "2005-12-31": "399.79700"}, "Research And Development Expenses": {"2019-12-31": "", "2018-12-31": "", "2017-12-31": "", "2016-12-31": "", "2015-12-31": "", "2014-12-31": "", "2013-12-31": "", "2012-12-31": "", "2011-12-31": "", "2010-12-31": "", "2009-12-31": "", "2008-12-31": "", "2007-12-31": "", "2006-12-31": "", "2005-12-31": ""}, "SG&A Expenses": {"2019-12-31": "96.94200", "2018-12-31": "87.79700", "2017-12-31": "91.69000", "2016-12-31": "86.79600", "2015-12-31": "122.73500", "2014-12-31": "122.20100", "2013-12-31": "127.47000", "2012-12-31": "123.52400", "2011-12-31": "118.55900", "2010-12-31": "109.03400", "2009-12-31": "109.96000", "2008-12-31": "114.94100", "2007-12-31": "101.82900", "2006-12-31": "76.51900", "2005-12-31": "56.47500"}, "Other Operating Income Or Expenses": {"2019-12-31": "30.47500", "2018-12-31": "144.38000", "2017-12-31": "20.57700", "2016-12-31": "-6.00600", "2015-12-31": "-51.45800", "2014-12-31": "-44.69000", "2013-12-31": "-38.38000", "2012-12-31": "-15.13200", "2011-12-31": "-19.04200", "2010-12-31": "-43.30300", "2009-12-31": "-18.47200", "2008-12-31": "0.38900", "2007-12-31": "-10.55000", "2006-12-31": "8.93200", "2005-12-31": "5.07100"}, "Operating Expenses": {"2019-12-31": "681.29700", "2018-12-31": "582.35600", "2017-12-31": "769.81700", "2016-12-31": "777.14600", "2015-12-31": "823.19700", "2014-12-31": "683.58200", "2013-12-31": "612.06100", "2012-12-31": "560.45700", "2011-12-31": "576.69700", "2010-12-31": "596.96600", "2009-12-31": "577.48800", "2008-12-31": "533.12500", "2007-12-31": "486.23200", "2006-12-31": "362.53400", "2005-12-31": "284.16700"}, "Operating Income": {"2019-12-31": "477.58700", "2018-12-31": "582.40590", "2017-12-31": "431.01700", "2016-12-31": "393.64600", "2015-12-31": "343.57200", "2014-12-31": "310.31490", "2013-12-31": "249.46590", "2012-12-31": "232.91600", "2011-12-31": "237.78000", "2010-12-31": "229.84000", "2009-12-31": "220.41000", "2008-12-31": "265.69800", "2007-12-31": "243.14600", "2006-12-31": "258.70100", "2005-12-31": "247.87600"}, "Total Non-Operating Income/Expense": {"2019-12-31": "-165.58100", "2018-12-31": "-183.06000", "2017-12-31": "-191.15000", "2016-12-31": "-232.79800", "2015-12-31": "-174.65600", "2014-12-31": "-208.20800", "2013-12-31": "-189.89400", "2012-12-31": "-221.15900", "2011-12-31": "-186.42400", "2010-12-31": "-201.93500", "2009-12-31": "-274.41800", "2008-12-31": "-161.08900", "2007-12-31": "-57.82400", "2006-12-31": "-95.44600", "2005-12-31": "-70.50100"}, "Pre-Tax Income": {"2019-12-31": "312.00600", "2018-12-31": "399.34600", "2017-12-31": "239.86700", "2016-12-31": "160.84800", "2015-12-31": "168.91600", "2014-12-31": "102.10700", "2013-12-31": "59.57200", "2012-12-31": "11.75700", "2011-12-31": "51.35600", "2010-12-31": "27.90500", "2009-12-31": "-54.00800", "2008-12-31": "104.60900", "2007-12-31": "185.32200", "2006-12-31": "163.25500", "2005-12-31": "177.37500"}, "Income Taxes": {"2019-12-31": "-3.31700", "2018-12-31": "1.60000", "2017-12-31": "-0.88000", "2016-12-31": "78.58300", "2015-12-31": "60.23000", "2014-12-31": "22.43800", "2013-12-31": "32.65400", "2012-12-31": "15.60300", "2011-12-31": "25.78900", "2010-12-31": "3.20800", "2009-12-31": "-20.06100", "2008-12-31": "-11.64500", "2007-12-31": "-31.85000", "2006-12-31": "4.38700", "2005-12-31": "0.16500"}, "Income After Taxes": {"2019-12-31": "315.32300", "2018-12-31": "397.74600", "2017-12-31": "240.74700", "2016-12-31": "82.26500", "2015-12-31": "108.68600", "2014-12-31": "79.66900", "2013-12-31": "26.91800", "2012-12-31": "-3.84600", "2011-12-31": "25.56700", "2010-12-31": "24.69700", "2009-12-31": "-33.94700", "2008-12-31": "116.25400", "2007-12-31": "217.17200", "2006-12-31": "158.86800", "2005-12-31": "177.21000"}, "Other Income": {"2019-12-31": "", "2018-12-31": "", "2017-12-31": "71.16000", "2016-12-31": "57.38600", "2015-12-31": "149.23400", "2014-12-31": "107.23500", "2013-12-31": "21.71100", "2012-12-31": "15.55500", "2011-12-31": "0.56900", "2010-12-31": "", "2009-12-31": "", "2008-12-31": "", "2007-12-31": "", "2006-12-31": "25.12100", "2005-12-31": "22.81200"}, "Income From Continuous Operations": {"2019-12-31": "413.56100", "2018-12-31": "498.46300", "2017-12-31": "439.67100", "2016-12-31": "386.13800", "2015-12-31": "774.40500", "2014-12-31": "384.50600", "2013-12-31": "288.45400", "2012-12-31": "178.00200", "2011-12-31": "141.41600", "2010-12-31": "120.12200", "2009-12-31": "3.89700", "2008-12-31": "248.46200", "2007-12-31": "390.53400", "2006-12-31": "340.33000", "2005-12-31": "322.06300"}, "Income From Discontinued Operations": {"2019-12-31": "", "2018-12-31": "", "2017-12-31": "", "2016-12-31": "", "2015-12-31": "125.73800", "2014-12-31": "50.98500", "2013-12-31": "-48.53300", "2012-12-31": "97.97400", "2011-12-31": "40.56600", "2010-12-31": "39.15200", "2009-12-31": "-1.70300", "2008-12-31": "26.16000", "2007-12-31": "39.31400", "2006-12-31": "85.46900", "2005-12-31": "38.73200"}, "Net Income": {"2019-12-31": "337.38900", "2018-12-31": "429.70800", "2017-12-31": "370.32900", "2016-12-31": "330.61200", "2015-12-31": "831.21500", "2014-12-31": "365.70700", "2013-12-31": "177.98700", "2012-12-31": "172.67300", "2011-12-31": "109.68800", "2010-12-31": "91.14700", "2009-12-31": "-51.23000", "2008-12-31": "202.61400", "2007-12-31": "423.17100", "2006-12-31": "416.62100", "2005-12-31": "351.99000"}, "EBITDA": {"2019-12-31": "755.46610", "2018-12-31": "892.78590", "2017-12-31": "791.82800", "2016-12-31": "748.96600", "2015-12-31": "688.09900", "2014-12-31": "583.40800", "2013-12-31": "507.32100", "2012-12-31": "495.65800", "2011-12-31": "488.91900", "2010-12-31": "477.47700", "2009-12-31": "448.18600", "2008-12-31": "472.21600", "2007-12-31": "434.41600", "2006-12-31": "403.46800", "2005-12-31": "355.91800"}, "EBIT": {"2019-12-31": "477.58700", "2018-12-31": "582.40590", "2017-12-31": "431.01700", "2016-12-31": "393.64600", "2015-12-31": "343.57200", "2014-12-31": "310.31490", "2013-12-31": "249.46590", "2012-12-31": "232.91600", "2011-12-31": "237.78000", "2010-12-31": "229.84000", "2009-12-31": "220.41000", "2008-12-31": "265.69800", "2007-12-31": "243.14600", "2006-12-31": "258.70100", "2005-12-31": "247.87600"}, "Basic Shares Outstanding": {"2019-12-31": "420.37000", "2018-12-31": "420.64100", "2017-12-31": "423.61400", "2016-12-31": "418.40200", "2015-12-31": "411.31900", "2014-12-31": "409.08800", "2013-12-31": "407.63100", "2012-12-31": "405.99700", "2011-12-31": "406.53000", "2010-12-31": "405.82700", "2009-12-31": "350.07700", "2008-12-31": "257.81100", "2007-12-31": "252.12900", "2006-12-31": "239.55200", "2005-12-31": "226.64100"}, "Shares Outstanding": {"2019-12-31": "421.79900", "2018-12-31": "421.37900", "2017-12-31": "424.01900", "2016-12-31": "419.70900", "2015-12-31": "412.85100", "2014-12-31": "411.03800", "2013-12-31": "408.61400", "2012-12-31": "406.68900", "2011-12-31": "407.66900", "2010-12-31": "406.20100", "2009-12-31": "350.07700", "2008-12-31": "258.84300", "2007-12-31": "257.05800", "2006-12-31": "244.61500", "2005-12-31": "230.86800"}, "Basic EPS": {"2019-12-31": "0.80000", "2018-12-31": "1.02000", "2017-12-31": "0.87000", "2016-12-31": "0.79000", "2015-12-31": "2.01000", "2014-12-31": "0.89000", "2013-12-31": "0.43000", "2012-12-31": "0.42000", "2011-12-31": "0.27000", "2010-12-31": "0.22000", "2009-12-31": "-0.15000", "2008-12-31": "0.79000", "2007-12-31": "1.68000", "2006-12-31": "1.74000", "2005-12-31": "1.55000"}, "EPS - Earnings Per Share": {"2019-12-31": "0.80000", "2018-12-31": "1.02000", "2017-12-31": "0.87000", "2016-12-31": "0.79000", "2015-12-31": "2.00000", "2014-12-31": "0.89000", "2013-12-31": "0.43000", "2012-12-31": "0.42000", "2011-12-31": "0.27000", "2010-12-31": "0.22000", "2009-12-31": "-0.15000", "2008-12-31": "0.78000", "2007-12-31": "1.65000", "2006-12-31": "1.70000", "2005-12-31": "1.52000"}}, "income statement, quarterly": {"Revenue": {"2020-09-30": "259.79200", "2020-06-30": "238.91600", "2020-03-31": "289.74400", "2019-12-31": "296.13010", "2019-09-30": "282.87100", "2019-06-30": "284.87300", "2019-03-31": "295.01000", "2018-12-31": "284.20100", "2018-09-30": "283.08000", "2018-06-30": "293.40300", "2018-03-31": "304.07800", "2017-12-31": "315.22500", "2017-09-30": "294.84500", "2017-06-30": "297.17600", "2017-03-31": "293.58800", "2016-12-31": "297.02600", "2016-09-30": "285.07600", "2016-06-30": "291.48800", "2016-03-31": "297.20200", "2015-12-31": "300.87010", "2015-09-30": "288.38200", "2015-06-30": "294.06100", "2015-03-31": "283.45600", "2014-12-31": "264.51200", "2014-09-30": "255.23400", "2014-06-30": "245.95800", "2014-03-31": "228.19300", "2013-12-31": "185.92990", "2013-09-30": "221.46300", "2013-06-30": "227.11900", "2013-03-31": "227.01500", "2012-12-31": "120.00200", "2012-09-30": "222.86300", "2012-06-30": "226.51900", "2012-03-31": "223.98900", "2011-12-31": "156.24200", "2011-09-30": "213.02500", "2011-06-30": "220.07400", "2011-03-31": "225.13600", "2010-12-31": "167.56100", "2010-09-30": "216.31300", "2010-06-30": "219.73900", "2010-03-31": "223.19300", "2009-12-31": "195.69500", "2009-09-30": "200.25800", "2009-06-30": "198.39400", "2009-03-31": "203.55100", "2008-12-31": "201.29000", "2008-09-30": "202.91100", "2008-06-30": "194.17300", "2008-03-31": "200.44900", "2007-12-31": "186.56000", "2007-09-30": "184.93700", "2007-06-30": "182.99600", "2007-03-31": "174.88500", "2006-12-31": "159.41500", "2006-09-30": "158.94300", "2006-06-30": "158.32600", "2006-03-31": "144.55100", "2005-12-31": "126.51800", "2005-09-30": "135.25700", "2005-06-30": "133.30100", "2005-03-31": "136.96700"}, "Cost Of Goods Sold": {"2020-09-30": "86.01400", "2020-06-30": "80.44500", "2020-03-31": "84.89500", "2019-12-31": "90.75700", "2019-09-30": "80.11300", "2019-06-30": "83.14600", "2019-03-31": "82.93500", "2018-12-31": "80.80600", "2018-09-30": "79.82900", "2018-06-30": "81.34100", "2018-03-31": "86.58300", "2017-12-31": "88.66300", "2017-09-30": "81.38900", "2017-06-30": "84.21500", "2017-03-31": "83.62600", "2016-12-31": "112.41800", "2016-09-30": "73.02100", "2016-06-30": "71.74200", "2016-03-31": "71.84300", "2015-12-31": "80.72900", "2015-09-30": "74.39900", "2015-06-30": "75.82100", "2015-03-31": "73.52800", "2014-12-31": "71.09500", "2014-09-30": "65.59000", "2014-06-30": "63.20100", "2014-03-31": "58.73100", "2013-12-31": "50.72600", "2013-09-30": "55.23800", "2013-06-30": "58.09000", "2013-03-31": "57.44400", "2012-12-31": "34.05300", "2012-09-30": "57.42600", "2012-06-30": "57.66500", "2012-03-31": "57.83000", "2011-12-31": "37.61400", "2011-09-30": "58.59700", "2011-06-30": "58.81600", "2011-03-31": "65.80900", "2010-12-31": "41.33200", "2010-09-30": "60.36000", "2010-06-30": "61.32200", "2010-03-31": "64.41000", "2009-12-31": "56.64100", "2009-09-30": "57.60800", "2009-06-30": "54.43700", "2009-03-31": "58.62000", "2008-12-31": "55.56600", "2008-09-30": "54.10900", "2008-06-30": "50.15500", "2008-03-31": "53.93400", "2007-12-31": "50.77900", "2007-09-30": "45.30800", "2007-06-30": "45.31400", "2007-03-31": "42.33600", "2006-12-31": "40.68500", "2006-09-30": "40.28000", "2006-06-30": "39.16600", "2006-03-31": "36.99600", "2005-12-31": "31.32300", "2005-09-30": "32.60500", "2005-06-30": "32.32500", "2005-03-31": "35.99300"}, "Gross Profit": {"2020-09-30": "173.77800", "2020-06-30": "158.47100", "2020-03-31": "204.84900", "2019-12-31": "205.37310", "2019-09-30": "202.75800", "2019-06-30": "201.72700", "2019-03-31": "212.07500", "2018-12-31": "203.39500", "2018-09-30": "203.25100", "2018-06-30": "212.06200", "2018-03-31": "217.49500", "2017-12-31": "226.56200", "2017-09-30": "213.45600", "2017-06-30": "212.96100", "2017-03-31": "209.96200", "2016-12-31": "184.60800", "2016-09-30": "212.05500", "2016-06-30": "219.74600", "2016-03-31": "225.35900", "2015-12-31": "220.14110", "2015-09-30": "213.98300", "2015-06-30": "218.24000", "2015-03-31": "209.92800", "2014-12-31": "193.41700", "2014-09-30": "189.64400", "2014-06-30": "182.75700", "2014-03-31": "169.46200", "2013-12-31": "135.20390", "2013-09-30": "166.22500", "2013-06-30": "169.02900", "2013-03-31": "169.57100", "2012-12-31": "85.94900", "2012-09-30": "165.43700", "2012-06-30": "168.85400", "2012-03-31": "166.15900", "2011-12-31": "118.62800", "2011-09-30": "154.42800", "2011-06-30": "161.25800", "2011-03-31": "159.32700", "2010-12-31": "126.22900", "2010-09-30": "155.95300", "2010-06-30": "158.41700", "2010-03-31": "158.78300", "2009-12-31": "139.05400", "2009-09-30": "142.65000", "2009-06-30": "143.95700", "2009-03-31": "144.93100", "2008-12-31": "145.72400", "2008-09-30": "148.80200", "2008-06-30": "144.01800", "2008-03-31": "146.51500", "2007-12-31": "135.78100", "2007-09-30": "139.62900", "2007-06-30": "137.68200", "2007-03-31": "132.54900", "2006-12-31": "118.73000", "2006-09-30": "118.66300", "2006-06-30": "119.16000", "2006-03-31": "107.55500", "2005-12-31": "95.19500", "2005-09-30": "102.65200", "2005-06-30": "100.97600", "2005-03-31": "100.97400"}, "Research And Development Expenses": {"2020-09-30": "", "2020-06-30": "", "2020-03-31": "", "2019-12-31": "", "2019-09-30": "", "2019-06-30": "", "2019-03-31": "", "2018-12-31": "", "2018-09-30": "", "2018-06-30": "", "2018-03-31": "", "2017-12-31": "", "2017-09-30": "", "2017-06-30": "", "2017-03-31": "", "2016-12-31": "", "2016-09-30": "", "2016-06-30": "", "2016-03-31": "", "2015-12-31": "", "2015-09-30": "", "2015-06-30": "", "2015-03-31": "", "2014-12-31": "", "2014-09-30": "", "2014-06-30": "", "2014-03-31": "", "2013-12-31": "", "2013-09-30": "", "2013-06-30": "", "2013-03-31": "", "2012-12-31": "", "2012-09-30": "", "2012-06-30": "", "2012-03-31": "", "2011-12-31": "", "2011-09-30": "", "2011-06-30": "", "2011-03-31": "", "2010-12-31": "", "2010-09-30": "", "2010-06-30": "", "2010-03-31": "", "2009-12-31": "", "2009-09-30": "", "2009-06-30": "", "2009-03-31": "", "2008-12-31": "", "2008-09-30": "", "2008-06-30": "", "2008-03-31": "", "2007-12-31": "", "2007-09-30": "", "2007-06-30": "", "2007-03-31": "", "2006-12-31": "", "2006-09-30": "", "2006-06-30": "", "2006-03-31": "", "2005-12-31": "", "2005-09-30": "", "2005-06-30": "", "2005-03-31": ""}, "SG&A Expenses": {"2020-09-30": "28.79500", "2020-06-30": "22.50400", "2020-03-31": "21.01700", "2019-12-31": "24.64600", "2019-09-30": "23.83200", "2019-06-30": "22.63300", "2019-03-31": "25.83100", "2018-12-31": "20.02200", "2018-09-30": "21.34800", "2018-06-30": "24.02900", "2018-03-31": "22.39800", "2017-12-31": "27.97200", "2017-09-30": "21.52300", "2017-06-30": "19.96500", "2017-03-31": "22.23000", "2016-12-31": "-3.04400", "2016-09-30": "27.98300", "2016-06-30": "29.92800", "2016-03-31": "31.92900", "2015-12-31": "33.41300", "2015-09-30": "27.31000", "2015-06-30": "29.30700", "2015-03-31": "32.70500", "2014-12-31": "27.67500", "2014-09-30": "28.63200", "2014-06-30": "28.77300", "2014-03-31": "37.12100", "2013-12-31": "31.30300", "2013-09-30": "30.82800", "2013-06-30": "31.31900", "2013-03-31": "34.02000", "2012-12-31": "28.32200", "2012-09-30": "29.88000", "2012-06-30": "30.90800", "2012-03-31": "34.41400", "2011-12-31": "28.35500", "2011-09-30": "30.84600", "2011-06-30": "29.61200", "2011-03-31": "29.74600", "2010-12-31": "26.01900", "2010-09-30": "28.45200", "2010-06-30": "26.42500", "2010-03-31": "28.13800", "2009-12-31": "26.56500", "2009-09-30": "27.93700", "2009-06-30": "26.10400", "2009-03-31": "29.35400", "2008-12-31": "33.90100", "2008-09-30": "30.59100", "2008-06-30": "25.69300", "2008-03-31": "24.75600", "2007-12-31": "24.79000", "2007-09-30": "29.55200", "2007-06-30": "24.79200", "2007-03-31": "22.69500", "2006-12-31": "20.60600", "2006-09-30": "22.61800", "2006-06-30": "16.56400", "2006-03-31": "16.73100", "2005-12-31": "17.64000", "2005-09-30": "14.08400", "2005-06-30": "12.74700", "2005-03-31": "12.00400"}, "Other Operating Income Or Expenses": {"2020-09-30": "-0.39700", "2020-06-30": "1.71200", "2020-03-31": "0.87300", "2019-12-31": "24.32800", "2019-09-30": "-10.58400", "2019-06-30": "-2.68900", "2019-03-31": "19.42000", "2018-12-31": "2.34500", "2018-09-30": "23.52500", "2018-06-30": "71.31600", "2018-03-31": "47.19400", "2017-12-31": "59.05800", "2017-09-30": "-3.64500", "2017-06-30": "-31.81500", "2017-03-31": "-3.02100", "2016-12-31": "67.87200", "2016-09-30": "-11.16500", "2016-06-30": "-53.39800", "2016-03-31": "-9.31500", "2015-12-31": "-18.22600", "2015-09-30": "-7.97800", "2015-06-30": "-16.56600", "2015-03-31": "-8.68800", "2014-12-31": "-12.20800", "2014-09-30": "-3.49200", "2014-06-30": "-27.37700", "2014-03-31": "-1.61300", "2013-12-31": "52.46000", "2013-09-30": "-60.75200", "2013-06-30": "-27.85800", "2013-03-31": "-2.23000", "2012-12-31": "-8.27100", "2012-09-30": "-0.88800", "2012-06-30": "-2.64300", "2012-03-31": "-3.33000", "2011-12-31": "-11.28400", "2011-09-30": "-4.03700", "2011-06-30": "-3.72100", "2011-03-31": "", "2010-12-31": "-39.22400", "2010-09-30": "-0.74100", "2010-06-30": "-3.00900", "2010-03-31": "-0.32900", "2009-12-31": "19.86400", "2009-09-30": "4.38200", "2009-06-30": "-38.50300", "2009-03-31": "-4.21500", "2008-12-31": "2.25800", "2008-09-30": "-1.64300", "2008-06-30": "-4.10800", "2008-03-31": "3.88200", "2007-12-31": "-4.67700", "2007-09-30": "-1.28300", "2007-06-30": "-0.89100", "2007-03-31": "-3.69900", "2006-12-31": "0.29100", "2006-09-30": "-0.15900", "2006-06-30": "-3.13400", "2006-03-31": "11.93400", "2005-12-31": "-4.27600", "2005-09-30": "-1.81000", "2005-06-30": "12.09300", "2005-03-31": "-0.93600"}, "Operating Expenses": {"2020-09-30": "186.91000", "2020-06-30": "174.79600", "2020-03-31": "174.43600", "2019-12-31": "159.51400", "2019-09-30": "183.40300", "2019-06-30": "177.47300", "2019-03-31": "160.90700", "2018-12-31": "172.74900", "2018-09-30": "152.62400", "2018-06-30": "113.81400", "2018-03-31": "143.16900", "2017-12-31": "142.60100", "2017-09-30": "195.00000", "2017-06-30": "231.26500", "2017-03-31": "200.95100", "2016-12-31": "132.38600", "2016-09-30": "208.99600", "2016-06-30": "237.82100", "2016-03-31": "197.94300", "2015-12-31": "218.46300", "2015-09-30": "213.39500", "2015-06-30": "201.84900", "2015-03-31": "189.49000", "2014-12-31": "183.74500", "2014-09-30": "164.84400", "2014-06-30": "181.46800", "2014-03-31": "153.52500", "2013-12-31": "78.70010", "2013-09-30": "204.75100", "2013-06-30": "175.94000", "2013-03-31": "152.67000", "2012-12-31": "102.33200", "2012-09-30": "152.04800", "2012-06-30": "150.94700", "2012-03-31": "155.13000", "2011-12-31": "115.86200", "2011-09-30": "150.35000", "2011-06-30": "151.28000", "2011-03-31": "159.20500", "2010-12-31": "149.89100", "2010-09-30": "149.36800", "2010-06-30": "148.56400", "2010-03-31": "149.14300", "2009-12-31": "117.49300", "2009-09-30": "136.54200", "2009-06-30": "174.57000", "2009-03-31": "148.88300", "2008-12-31": "139.92900", "2008-09-30": "139.35600", "2008-06-30": "130.41300", "2008-03-31": "123.42700", "2007-12-31": "134.75300", "2007-09-30": "123.95600", "2007-06-30": "117.22200", "2007-03-31": "110.30100", "2006-12-31": "100.65900", "2006-09-30": "98.72300", "2006-06-30": "93.15300", "2006-03-31": "69.99900", "2005-12-31": "75.77100", "2005-09-30": "74.40100", "2005-06-30": "59.69300", "2005-03-31": "74.30200"}, "Operating Income": {"2020-09-30": "72.88200", "2020-06-30": "64.12000", "2020-03-31": "115.30800", "2019-12-31": "136.61610", "2019-09-30": "99.46800", "2019-06-30": "107.40000", "2019-03-31": "134.10300", "2018-12-31": "111.45200", "2018-09-30": "130.45600", "2018-06-30": "179.58900", "2018-03-31": "160.90900", "2017-12-31": "172.62400", "2017-09-30": "99.84500", "2017-06-30": "65.91100", "2017-03-31": "92.63700", "2016-12-31": "164.64000", "2016-09-30": "76.08000", "2016-06-30": "53.66700", "2016-03-31": "99.25900", "2015-12-31": "82.40710", "2015-09-30": "74.98700", "2015-06-30": "92.21200", "2015-03-31": "93.96600", "2014-12-31": "80.76700", "2014-09-30": "90.39000", "2014-06-30": "64.49000", "2014-03-31": "74.66800", "2013-12-31": "107.22990", "2013-09-30": "16.71200", "2013-06-30": "51.17900", "2013-03-31": "74.34500", "2012-12-31": "17.67000", "2012-09-30": "70.81500", "2012-06-30": "75.57200", "2012-03-31": "68.85900", "2011-12-31": "40.38000", "2011-09-30": "62.67500", "2011-06-30": "68.79400", "2011-03-31": "65.93100", "2010-12-31": "17.67000", "2010-09-30": "66.94500", "2010-06-30": "71.17500", "2010-03-31": "74.05000", "2009-12-31": "78.20210", "2009-09-30": "63.71600", "2009-06-30": "23.82400", "2009-03-31": "54.66800", "2008-12-31": "61.36100", "2008-09-30": "63.55500", "2008-06-30": "63.76000", "2008-03-31": "77.02200", "2007-12-31": "51.80700", "2007-09-30": "60.98100", "2007-06-30": "65.77400", "2007-03-31": "64.58400", "2006-12-31": "58.75600", "2006-09-30": "60.22000", "2006-06-30": "65.17300", "2006-03-31": "74.55200", "2005-12-31": "50.74700", "2005-09-30": "60.85600", "2005-06-30": "73.60800", "2005-03-31": "62.66500"}, "Total Non-Operating Income/Expense": {"2020-09-30": "-132.31100", "2020-06-30": "669.10890", "2020-03-31": "-49.48200", "2019-12-31": "-42.83000", "2019-09-30": "-38.81900", "2019-06-30": "-42.15900", "2019-03-31": "-41.77300", "2018-12-31": "-44.51500", "2018-09-30": "-51.62400", "2018-06-30": "-43.15700", "2018-03-31": "-43.76400", "2017-12-31": "-53.38000", "2017-09-30": "-47.91000", "2017-06-30": "-44.65100", "2017-03-31": "-45.20900", "2016-12-31": "-40.81800", "2016-09-30": "-87.86800", "2016-06-30": "-51.49100", "2016-03-31": "-52.62100", "2015-12-31": "-52.52500", "2015-09-30": "-47.27900", "2015-06-30": "-22.64200", "2015-03-31": "-52.21000", "2014-12-31": "-53.15400", "2014-09-30": "-51.94100", "2014-06-30": "-52.19800", "2014-03-31": "-50.91500", "2013-12-31": "-38.99200", "2013-09-30": "-49.08100", "2013-06-30": "-48.94900", "2013-03-31": "-52.87200", "2012-12-31": "-53.38200", "2012-09-30": "-56.30800", "2012-06-30": "-53.48700", "2012-03-31": "-57.98200", "2011-12-31": "-40.11000", "2011-09-30": "-53.99200", "2011-06-30": "-43.51000", "2011-03-31": "-48.81200", "2010-12-31": "-40.71700", "2010-09-30": "-60.57100", "2010-06-30": "-52.30700", "2010-03-31": "-48.34000", "2009-12-31": "-89.84400", "2009-09-30": "-31.18600", "2009-06-30": "-129.73200", "2009-03-31": "-23.65600", "2008-12-31": "-59.70500", "2008-09-30": "-40.54700", "2008-06-30": "-32.76100", "2008-03-31": "-28.07600", "2007-12-31": "57.17900", "2007-09-30": "-38.66400", "2007-06-30": "-39.62100", "2007-03-31": "-36.71800", "2006-12-31": "-23.86500", "2006-09-30": "-27.90700", "2006-06-30": "-20.60400", "2006-03-31": "-23.07000", "2005-12-31": "-5.61800", "2005-09-30": "-21.21500", "2005-06-30": "-22.36400", "2005-03-31": "-21.30400"}, "Pre-Tax Income": {"2020-09-30": "-59.42900", "2020-06-30": "733.22900", "2020-03-31": "65.82600", "2019-12-31": "93.78600", "2019-09-30": "60.64900", "2019-06-30": "65.24100", "2019-03-31": "92.33000", "2018-12-31": "66.93700", "2018-09-30": "78.83200", "2018-06-30": "136.43200", "2018-03-31": "117.14500", "2017-12-31": "119.24400", "2017-09-30": "51.93500", "2017-06-30": "21.26000", "2017-03-31": "47.42800", "2016-12-31": "123.82200", "2016-09-30": "-11.78800", "2016-06-30": "2.17600", "2016-03-31": "46.63800", "2015-12-31": "29.88200", "2015-09-30": "27.70800", "2015-06-30": "69.57000", "2015-03-31": "41.75600", "2014-12-31": "27.61300", "2014-09-30": "38.44900", "2014-06-30": "12.29200", "2014-03-31": "23.75300", "2013-12-31": "68.23800", "2013-09-30": "-32.36900", "2013-06-30": "2.23000", "2013-03-31": "21.47300", "2012-12-31": "-35.71200", "2012-09-30": "14.50700", "2012-06-30": "22.08500", "2012-03-31": "10.87700", "2011-12-31": "0.27000", "2011-09-30": "8.68300", "2011-06-30": "25.28400", "2011-03-31": "17.11900", "2010-12-31": "-23.04700", "2010-09-30": "6.37400", "2010-06-30": "18.86800", "2010-03-31": "25.71000", "2009-12-31": "-11.64200", "2009-09-30": "32.53000", "2009-06-30": "-105.90800", "2009-03-31": "31.01200", "2008-12-31": "1.65600", "2008-09-30": "23.00800", "2008-06-30": "30.99900", "2008-03-31": "48.94600", "2007-12-31": "108.98600", "2007-09-30": "22.31700", "2007-06-30": "26.15300", "2007-03-31": "27.86600", "2006-12-31": "34.89100", "2006-09-30": "32.31300", "2006-06-30": "44.56900", "2006-03-31": "51.48200", "2005-12-31": "45.12900", "2005-09-30": "39.64100", "2005-06-30": "51.24400", "2005-03-31": "41.36100"}, "Income Taxes": {"2020-09-30": "0.38800", "2020-06-30": "0.05100", "2020-03-31": "0.04300", "2019-12-31": "0.26300", "2019-09-30": "-3.86600", "2019-06-30": "-0.34400", "2019-03-31": "0.63000", "2018-12-31": "2.58300", "2018-09-30": "-0.31500", "2018-06-30": "-0.72000", "2018-03-31": "0.05200", "2017-12-31": "1.34400", "2017-09-30": "-0.69700", "2017-06-30": "-1.03400", "2017-03-31": "-0.49300", "2016-12-31": "5.29100", "2016-09-30": "61.42600", "2016-06-30": "-0.24600", "2016-03-31": "12.11200", "2015-12-31": "48.29700", "2015-09-30": "2.84400", "2015-06-30": "-3.62800", "2015-03-31": "12.71700", "2014-12-31": "7.73100", "2014-09-30": "5.25200", "2014-06-30": "0.94000", "2014-03-31": "8.51500", "2013-12-31": "5.52200", "2013-09-30": "23.76300", "2013-06-30": "-12.20400", "2013-03-31": "15.57300", "2012-12-31": "2.72700", "2012-09-30": "5.52000", "2012-06-30": "3.30200", "2012-03-31": "4.05400", "2011-12-31": "11.49700", "2011-09-30": "4.44300", "2011-06-30": "5.64000", "2011-03-31": "4.20900", "2010-12-31": "-0.54400", "2010-09-30": "2.70800", "2010-06-30": "-0.10100", "2010-03-31": "1.14500", "2009-12-31": "-17.99600", "2009-09-30": "-0.69100", "2009-06-30": "-0.69200", "2009-03-31": "-0.68200", "2008-12-31": "-32.25300", "2008-09-30": "12.33600", "2008-06-30": "-1.13800", "2008-03-31": "9.41000", "2007-12-31": "0.89000", "2007-09-30": "0.34800", "2007-06-30": "-2.97400", "2007-03-31": "-30.11400", "2006-12-31": "3.61300", "2006-09-30": "2.45400", "2006-06-30": "-3.25700", "2006-03-31": "1.57700", "2005-12-31": "-3.78900", "2005-09-30": "-0.93500", "2005-06-30": "2.25200", "2005-03-31": "2.63700"}, "Income After Taxes": {"2020-09-30": "-59.81700", "2020-06-30": "733.17800", "2020-03-31": "65.78300", "2019-12-31": "93.52300", "2019-09-30": "64.51500", "2019-06-30": "65.58500", "2019-03-31": "91.70000", "2018-12-31": "64.35400", "2018-09-30": "79.14700", "2018-06-30": "137.15200", "2018-03-31": "117.09300", "2017-12-31": "117.90000", "2017-09-30": "52.63200", "2017-06-30": "22.29400", "2017-03-31": "47.92100", "2016-12-31": "118.53100", "2016-09-30": "-73.21400", "2016-06-30": "2.42200", "2016-03-31": "34.52600", "2015-12-31": "-18.41500", "2015-09-30": "24.86400", "2015-06-30": "73.19800", "2015-03-31": "29.03900", "2014-12-31": "19.88200", "2014-09-30": "33.19700", "2014-06-30": "11.35200", "2014-03-31": "15.23800", "2013-12-31": "62.71600", "2013-09-30": "-56.13200", "2013-06-30": "14.43400", "2013-03-31": "5.90000", "2012-12-31": "-38.43900", "2012-09-30": "8.98700", "2012-06-30": "18.78300", "2012-03-31": "6.82300", "2011-12-31": "-11.22700", "2011-09-30": "4.24000", "2011-06-30": "19.64400", "2011-03-31": "12.91000", "2010-12-31": "-22.50300", "2010-09-30": "3.66600", "2010-06-30": "18.96900", "2010-03-31": "24.56500", "2009-12-31": "6.35400", "2009-09-30": "33.22100", "2009-06-30": "-105.21600", "2009-03-31": "31.69400", "2008-12-31": "33.90900", "2008-09-30": "10.67200", "2008-06-30": "32.13700", "2008-03-31": "39.53600", "2007-12-31": "108.09600", "2007-09-30": "21.96900", "2007-06-30": "29.12700", "2007-03-31": "57.98000", "2006-12-31": "31.27800", "2006-09-30": "29.85900", "2006-06-30": "47.82600", "2006-03-31": "49.90500", "2005-12-31": "48.91800", "2005-09-30": "40.57600", "2005-06-30": "48.99200", "2005-03-31": "38.72400"}, "Other Income": {"2020-09-30": "", "2020-06-30": "", "2020-03-31": "", "2019-12-31": "", "2019-09-30": "", "2019-06-30": "", "2019-03-31": "", "2018-12-31": "", "2018-09-30": "", "2018-06-30": "", "2018-03-31": "", "2017-12-31": "0.00000", "2017-09-30": "", "2017-06-30": "60.97200", "2017-03-31": "10.18800", "2016-12-31": "4.29000", "2016-09-30": "6.58400", "2016-06-30": "46.51200", "2016-03-31": "", "2015-12-31": "3.09100", "2015-09-30": "6.34200", "2015-06-30": "", "2015-03-31": "139.80100", "2014-12-31": "23.46200", "2014-09-30": "14.43100", "2014-06-30": "65.59800", "2014-03-31": "3.74400", "2013-12-31": "", "2013-09-30": "", "2013-06-30": "-1.45900", "2013-03-31": "23.17000", "2012-12-31": "1.40000", "2012-09-30": "", "2012-06-30": "12.14700", "2012-03-31": "2.00800", "2011-12-31": "", "2011-09-30": "", "2011-06-30": "", "2011-03-31": "", "2010-12-31": "", "2010-09-30": "", "2010-06-30": "", "2010-03-31": "", "2009-12-31": "", "2009-09-30": "", "2009-06-30": "", "2009-03-31": "", "2008-12-31": "", "2008-09-30": "-3.10700", "2008-06-30": "14.78200", "2008-03-31": "2.41800", "2007-12-31": "", "2007-09-30": "5.02800", "2007-06-30": "5.30000", "2007-03-31": "2.40300", "2006-12-31": "10.27900", "2006-09-30": "6.39400", "2006-06-30": "6.63500", "2006-03-31": "1.81300", "2005-12-31": "3.97700", "2005-09-30": "8.12100", "2005-06-30": "5.49500", "2005-03-31": "5.21900"}, "Income From Continuous Operations": {"2020-09-30": "-37.42900", "2020-06-30": "748.11800", "2020-03-31": "90.38900", "2019-12-31": "110.04300", "2019-09-30": "85.45300", "2019-06-30": "101.38700", "2019-03-31": "116.67800", "2018-12-31": "87.94700", "2018-09-30": "100.72500", "2018-06-30": "165.80900", "2018-03-31": "143.98200", "2017-12-31": "146.66800", "2017-09-30": "81.68300", "2017-06-30": "134.79100", "2017-03-31": "76.52900", "2016-12-31": "156.62100", "2016-09-30": "-51.31900", "2016-06-30": "165.57800", "2016-03-31": "115.25800", "2015-12-31": "339.11700", "2015-09-30": "53.41900", "2015-06-30": "101.11000", "2015-03-31": "280.75900", "2014-12-31": "74.47000", "2014-09-30": "105.45100", "2014-06-30": "128.98900", "2014-03-31": "75.59600", "2013-12-31": "92.84100", "2013-09-30": "50.59000", "2013-06-30": "80.67900", "2013-03-31": "64.34400", "2012-12-31": "4.32600", "2012-09-30": "43.72400", "2012-06-30": "75.35600", "2012-03-31": "54.59600", "2011-12-31": "19.68900", "2011-09-30": "48.66900", "2011-06-30": "42.29900", "2011-03-31": "30.75900", "2010-12-31": "8.32700", "2010-09-30": "31.81600", "2010-06-30": "26.40700", "2010-03-31": "53.57200", "2009-12-31": "40.88200", "2009-09-30": "42.16700", "2009-06-30": "-120.48800", "2009-03-31": "41.33600", "2008-12-31": "-63.43600", "2008-09-30": "110.06600", "2008-06-30": "99.79200", "2008-03-31": "102.04000", "2007-12-31": "114.78500", "2007-09-30": "75.49300", "2007-06-30": "99.35800", "2007-03-31": "100.89800", "2006-12-31": "83.64000", "2006-09-30": "87.00900", "2006-06-30": "88.63700", "2006-03-31": "81.04400", "2005-12-31": "87.04800", "2005-09-30": "76.22200", "2005-06-30": "76.99700", "2005-03-31": "81.79600"}, "Income From Discontinued Operations": {"2020-09-30": "", "2020-06-30": "", "2020-03-31": "", "2019-12-31": "", "2019-09-30": "", "2019-06-30": "", "2019-03-31": "", "2018-12-31": "", "2018-09-30": "", "2018-06-30": "", "2018-03-31": "", "2017-12-31": "", "2017-09-30": "40.53300", "2017-06-30": "", "2017-03-31": "1.68600", "2016-12-31": "", "2016-09-30": "", "2016-06-30": "", "2016-03-31": "26.89600", "2015-12-31": "98.14800", "2015-09-30": "27.66500", "2015-06-30": "", "2015-03-31": "-0.07500", "2014-12-31": "-23.70900", "2014-09-30": "91.85800", "2014-06-30": "-37.42800", "2014-03-31": "20.26400", "2013-12-31": "-32.80800", "2013-09-30": "6.05800", "2013-06-30": "-27.40700", "2013-03-31": "5.62400", "2012-12-31": "87.09000", "2012-09-30": "13.36000", "2012-06-30": "-7.02800", "2012-03-31": "4.55200", "2011-12-31": "30.36300", "2011-09-30": "9.92400", "2011-06-30": "-0.98400", "2011-03-31": "1.26300", "2010-12-31": "38.34800", "2010-09-30": "1.17300", "2010-06-30": "-1.51500", "2010-03-31": "1.14600", "2009-12-31": "9.81200", "2009-09-30": "0.98900", "2009-06-30": "-12.93400", "2009-03-31": "0.43000", "2008-12-31": "10.79000", "2008-09-30": "9.33600", "2008-06-30": "0.65700", "2008-03-31": "5.37700", "2007-12-31": "8.24600", "2007-09-30": "2.13600", "2007-06-30": "18.41800", "2007-03-31": "10.51400", "2006-12-31": "47.18700", "2006-09-30": "4.41800", "2006-06-30": "18.71300", "2006-03-31": "15.15100", "2005-12-31": "20.62000", "2005-09-30": "8.43900", "2005-06-30": "6.28400", "2005-03-31": "3.38900"}, "Net Income": {"2020-09-30": "-44.74800", "2020-06-30": "741.53900", "2020-03-31": "83.74600", "2019-12-31": "90.21300", "2019-09-30": "59.04800", "2019-06-30": "86.49300", "2019-03-31": "101.63500", "2018-12-31": "63.73100", "2018-09-30": "85.62400", "2018-06-30": "150.85200", "2018-03-31": "129.50100", "2017-12-31": "71.33300", "2017-09-30": "101.95700", "2017-06-30": "131.86100", "2017-03-31": "65.17800", "2016-12-31": "64.70000", "2016-09-30": "-55.10000", "2016-06-30": "191.85400", "2016-03-31": "129.15800", "2015-12-31": "360.02000", "2015-09-30": "62.99900", "2015-06-30": "112.42700", "2015-03-31": "295.76900", "2014-12-31": "38.20600", "2014-09-30": "180.13500", "2014-06-30": "74.93900", "2014-03-31": "72.42700", "2013-12-31": "47.03400", "2013-09-30": "41.19000", "2013-06-30": "36.56600", "2013-03-31": "53.19700", "2012-12-31": "59.53000", "2012-09-30": "26.80800", "2012-06-30": "48.27100", "2012-03-31": "38.06400", "2011-12-31": "31.70800", "2011-09-30": "39.99000", "2011-06-30": "23.86800", "2011-03-31": "14.12200", "2010-12-31": "21.87300", "2010-09-30": "17.47100", "2010-06-30": "12.78900", "2010-03-31": "39.01400", "2009-12-31": "40.35500", "2009-09-30": "28.28600", "2009-06-30": "-146.47300", "2009-03-31": "26.60200", "2008-12-31": "-63.34500", "2008-09-30": "96.76200", "2008-06-30": "82.55200", "2008-03-31": "86.64500", "2007-12-31": "72.10700", "2007-09-30": "75.09600", "2007-06-30": "125.11300", "2007-03-31": "150.85500", "2006-12-31": "128.98200", "2006-09-30": "88.51800", "2006-06-30": "105.83500", "2006-03-31": "93.28600", "2005-12-31": "104.75700", "2005-09-30": "82.43400", "2005-06-30": "80.92800", "2005-03-31": "83.87100"}, "EBITDA": {"2020-09-30": "144.58600", "2020-06-30": "137.67900", "2020-03-31": "184.70500", "2019-12-31": "205.05510", "2019-09-30": "168.34200", "2019-06-30": "176.40500", "2019-03-31": "205.66400", "2018-12-31": "185.71800", "2018-09-30": "205.42800", "2018-06-30": "259.34900", "2018-03-31": "242.29100", "2017-12-31": "257.64800", "2017-09-30": "188.28800", "2017-06-30": "161.18100", "2017-03-31": "184.71100", "2016-12-31": "255.52400", "2016-09-30": "172.90700", "2016-06-30": "136.42000", "2016-03-31": "184.11500", "2015-12-31": "168.50210", "2015-09-30": "178.69500", "2015-06-30": "172.36700", "2015-03-31": "168.53500", "2014-12-31": "153.94590", "2014-09-30": "161.00800", "2014-06-30": "132.12000", "2014-03-31": "136.33400", "2013-12-31": "173.66490", "2013-09-30": "81.09000", "2013-06-30": "115.44800", "2013-03-31": "137.11800", "2012-12-31": "82.44800", "2012-09-30": "137.58800", "2012-06-30": "141.87800", "2012-03-31": "133.74400", "2011-12-31": "102.70700", "2011-09-30": "123.20100", "2011-06-30": "130.74800", "2011-03-31": "132.26300", "2010-12-31": "80.27300", "2010-09-30": "128.80800", "2010-06-30": "132.75600", "2010-03-31": "135.64000", "2009-12-31": "137.92510", "2009-09-30": "120.35500", "2009-06-30": "79.09800", "2009-03-31": "110.80800", "2008-12-31": "114.27600", "2008-09-30": "116.57500", "2008-06-30": "115.09000", "2008-03-31": "126.27500", "2007-12-31": "105.19300", "2007-09-30": "109.54400", "2007-06-30": "112.87700", "2007-03-31": "106.80200", "2006-12-31": "101.03000", "2006-09-30": "97.18600", "2006-06-30": "101.01300", "2006-03-31": "104.23900", "2005-12-31": "78.22600", "2005-09-30": "87.52700", "2005-06-30": "101.31700", "2005-03-31": "88.84800"}, "EBIT": {"2020-09-30": "72.88200", "2020-06-30": "64.12000", "2020-03-31": "115.30800", "2019-12-31": "136.61600", "2019-09-30": "99.46800", "2019-06-30": "107.40000", "2019-03-31": "134.10300", "2018-12-31": "111.45190", "2018-09-30": "130.45600", "2018-06-30": "179.58900", "2018-03-31": "160.90900", "2017-12-31": "172.62400", "2017-09-30": "99.84500", "2017-06-30": "65.91100", "2017-03-31": "92.63700", "2016-12-31": "164.64000", "2016-09-30": "76.08000", "2016-06-30": "53.66700", "2016-03-31": "99.25900", "2015-12-31": "82.40700", "2015-09-30": "74.98700", "2015-06-30": "92.21200", "2015-03-31": "93.96600", "2014-12-31": "80.76700", "2014-09-30": "90.39000", "2014-06-30": "64.49000", "2014-03-31": "74.66800", "2013-12-31": "107.22990", "2013-09-30": "16.71200", "2013-06-30": "51.17900", "2013-03-31": "74.34500", "2012-12-31": "17.67000", "2012-09-30": "70.81500", "2012-06-30": "75.57200", "2012-03-31": "68.85900", "2011-12-31": "40.38000", "2011-09-30": "62.67500", "2011-06-30": "68.79400", "2011-03-31": "65.93100", "2010-12-31": "17.67000", "2010-09-30": "66.94500", "2010-06-30": "71.17500", "2010-03-31": "74.05000", "2009-12-31": "78.20200", "2009-09-30": "63.71600", "2009-06-30": "23.82400", "2009-03-31": "54.66800", "2008-12-31": "61.36100", "2008-09-30": "63.55500", "2008-06-30": "63.76000", "2008-03-31": "77.02200", "2007-12-31": "51.80700", "2007-09-30": "60.98100", "2007-06-30": "65.77400", "2007-03-31": "64.58400", "2006-12-31": "58.75600", "2006-09-30": "60.22000", "2006-06-30": "65.17300", "2006-03-31": "74.55200", "2005-12-31": "50.74700", "2005-09-30": "60.85600", "2005-06-30": "73.60800", "2005-03-31": "62.66500"}, "Basic Shares Outstanding": {"2020-09-30": "429.99400", "2020-06-30": "429.96700", "2020-03-31": "429.73500", "2019-12-31": "420.37000", "2019-09-30": "419.82300", "2019-06-30": "419.69700", "2019-03-31": "419.46400", "2018-12-31": "420.64100", "2018-09-30": "419.23000", "2018-06-30": "420.73100", "2018-03-31": "423.40400", "2017-12-31": "423.61400", "2017-09-30": "423.68800", "2017-06-30": "423.65000", "2017-03-31": "423.38100", "2016-12-31": "418.40200", "2016-09-30": "420.07300", "2016-06-30": "417.74800", "2016-03-31": "412.63000", "2015-12-31": "411.31900", "2015-09-30": "411.48700", "2015-06-30": "411.31700", "2015-03-31": "410.43300", "2014-12-31": "409.08800", "2014-09-30": "409.32600", "2014-06-30": "408.90200", "2014-03-31": "408.36700", "2013-12-31": "407.63100", "2013-09-30": "408.06000", "2013-06-30": "407.64000", "2013-03-31": "406.66200", "2012-12-31": "405.99700", "2012-09-30": "405.81000", "2012-06-30": "405.56000", "2012-03-31": "406.27200", "2011-12-31": "406.53000", "2011-09-30": "406.56400", "2011-06-30": "406.55900", "2011-03-31": "406.44000", "2010-12-31": "405.82700", "2010-09-30": "405.85400", "2010-06-30": "405.70500", "2010-03-31": "405.56400", "2009-12-31": "350.07700", "2009-09-30": "376.55900", "2009-06-30": "368.25400", "2009-03-31": "271.08300", "2008-12-31": "257.81100", "2008-09-30": "256.16400", "2008-06-30": "253.74000", "2008-03-31": "252.93200", "2007-12-31": "252.12900", "2007-09-30": "252.32700", "2007-06-30": "252.07400", "2007-03-31": "251.36500", "2006-12-31": "239.55200", "2006-09-30": "241.00200", "2006-06-30": "240.55400", "2006-03-31": "228.67400", "2005-12-31": "226.64100", "2005-09-30": "227.01700", "2005-06-30": "226.43500", "2005-03-31": "225.46100"}, "Shares Outstanding": {"2020-09-30": "429.99400", "2020-06-30": "431.17000", "2020-03-31": "430.50500", "2019-12-31": "421.79900", "2019-09-30": "421.00200", "2019-06-30": "420.64600", "2019-03-31": "420.76300", "2018-12-31": "421.37900", "2018-09-30": "419.76400", "2018-06-30": "421.92800", "2018-03-31": "424.52100", "2017-12-31": "424.01900", "2017-09-30": "424.31100", "2017-06-30": "424.94400", "2017-03-31": "424.14600", "2016-12-31": "419.70900", "2016-09-30": "420.07300", "2016-06-30": "419.30200", "2016-03-31": "414.14500", "2015-12-31": "412.85100", "2015-09-30": "412.68600", "2015-06-30": "413.08600", "2015-03-31": "415.39600", "2014-12-31": "411.03800", "2014-09-30": "411.10100", "2014-06-30": "413.34400", "2014-03-31": "409.44400", "2013-12-31": "408.61400", "2013-09-30": "408.86600", "2013-06-30": "408.83100", "2013-03-31": "407.66600", "2012-12-31": "406.68900", "2012-09-30": "406.74700", "2012-06-30": "406.47600", "2012-03-31": "407.27900", "2011-12-31": "407.66900", "2011-09-30": "407.29200", "2011-06-30": "407.56200", "2011-03-31": "407.36100", "2010-12-31": "406.20100", "2010-09-30": "406.25300", "2010-06-30": "406.00900", "2010-03-31": "405.71300", "2009-12-31": "350.07700", "2009-09-30": "378.12700", "2009-06-30": "368.25400", "2009-03-31": "271.15800", "2008-12-31": "258.84300", "2008-09-30": "258.93300", "2008-06-30": "257.31800", "2008-03-31": "255.91600", "2007-12-31": "257.05800", "2007-09-30": "256.49700", "2007-06-30": "257.39800", "2007-03-31": "257.42200", "2006-12-31": "244.61500", "2006-09-30": "246.14600", "2006-06-30": "246.04800", "2006-03-31": "233.62000", "2005-12-31": "230.86800", "2005-09-30": "231.73300", "2005-06-30": "230.54500", "2005-03-31": "234.31100"}, "Basic EPS": {"2020-09-30": "-0.10000", "2020-06-30": "1.71000", "2020-03-31": "0.19000", "2019-12-31": "0.22000", "2019-09-30": "0.14000", "2019-06-30": "0.20000", "2019-03-31": "0.24000", "2018-12-31": "0.17000", "2018-09-30": "0.19000", "2018-06-30": "0.36000", "2018-03-31": "0.30000", "2017-12-31": "0.17000", "2017-09-30": "0.24000", "2017-06-30": "0.31000", "2017-03-31": "0.15000", "2016-12-31": "0.15000", "2016-09-30": "-0.13000", "2016-06-30": "0.46000", "2016-03-31": "0.31000", "2015-12-31": "0.87000", "2015-09-30": "0.15000", "2015-06-30": "0.27000", "2015-03-31": "0.72000", "2014-12-31": "0.09000", "2014-09-30": "0.44000", "2014-06-30": "0.18000", "2014-03-31": "0.18000", "2013-12-31": "0.11000", "2013-09-30": "0.10000", "2013-06-30": "0.09000", "2013-03-31": "0.13000", "2012-12-31": "0.14000", "2012-09-30": "0.07000", "2012-06-30": "0.12000", "2012-03-31": "0.09000", "2011-12-31": "0.08000", "2011-09-30": "0.10000", "2011-06-30": "0.06000", "2011-03-31": "0.03000", "2010-12-31": "0.05000", "2010-09-30": "0.04000", "2010-06-30": "0.03000", "2010-03-31": "0.10000", "2009-12-31": "0.08000", "2009-09-30": "0.07000", "2009-06-30": "-0.40000", "2009-03-31": "0.10000", "2008-12-31": "-0.26000", "2008-09-30": "0.38000", "2008-06-30": "0.33000", "2008-03-31": "0.34000", "2007-12-31": "0.28000", "2007-09-30": "0.30000", "2007-06-30": "0.50000", "2007-03-31": "0.60000", "2006-12-31": "0.52000", "2006-09-30": "0.37000", "2006-06-30": "0.44000", "2006-03-31": "0.41000", "2005-12-31": "0.46000", "2005-09-30": "0.36000", "2005-06-30": "0.36000", "2005-03-31": "0.37000"}, "EPS - Earnings Per Share": {"2020-09-30": "-0.10000", "2020-06-30": "1.71000", "2020-03-31": "0.19000", "2019-12-31": "0.22000", "2019-09-30": "0.14000", "2019-06-30": "0.20000", "2019-03-31": "0.24000", "2018-12-31": "0.17000", "2018-09-30": "0.19000", "2018-06-30": "0.36000", "2018-03-31": "0.30000", "2017-12-31": "0.17000", "2017-09-30": "0.24000", "2017-06-30": "0.31000", "2017-03-31": "0.15000", "2016-12-31": "0.15000", "2016-09-30": "-0.13000", "2016-06-30": "0.46000", "2016-03-31": "0.31000", "2015-12-31": "0.87000", "2015-09-30": "0.15000", "2015-06-30": "0.27000", "2015-03-31": "0.71000", "2014-12-31": "0.09000", "2014-09-30": "0.44000", "2014-06-30": "0.18000", "2014-03-31": "0.18000", "2013-12-31": "0.11000", "2013-09-30": "0.10000", "2013-06-30": "0.09000", "2013-03-31": "0.13000", "2012-12-31": "0.14000", "2012-09-30": "0.07000", "2012-06-30": "0.12000", "2012-03-31": "0.09000", "2011-12-31": "0.08000", "2011-09-30": "0.10000", "2011-06-30": "0.06000", "2011-03-31": "0.03000", "2010-12-31": "0.05000", "2010-09-30": "0.04000", "2010-06-30": "0.03000", "2010-03-31": "0.10000", "2009-12-31": "0.08000", "2009-09-30": "0.07000", "2009-06-30": "-0.40000", "2009-03-31": "0.10000", "2008-12-31": "-0.25000", "2008-09-30": "0.37000", "2008-06-30": "0.32000", "2008-03-31": "0.34000", "2007-12-31": "0.28000", "2007-09-30": "0.29000", "2007-06-30": "0.49000", "2007-03-31": "0.59000", "2006-12-31": "0.51000", "2006-09-30": "0.36000", "2006-06-30": "0.43000", "2006-03-31": "0.40000", "2005-12-31": "0.45000", "2005-09-30": "0.36000", "2005-06-30": "0.35000", "2005-03-31": "0.36000"}}, "balance sheet": {"Cash On Hand": {"2019-12-31": "123.94700", "2018-12-31": "143.58100", "2017-12-31": "238.51300", "2016-12-31": "142.48600", "2015-12-31": "189.53400", "2014-12-31": "187.32200", "2013-12-31": "148.76800", "2012-12-31": "141.87500", "2011-12-31": "112.88200", "2010-12-31": "125.15400", "2009-12-31": "122.05800", "2008-12-31": "136.17700", "2007-12-31": "87.49900", "2006-12-31": "345.06500", "2005-12-31": "76.27300"}, "Receivables": {"2019-12-31": "", "2018-12-31": "", "2017-12-31": "", "2016-12-31": "", "2015-12-31": "", "2014-12-31": "", "2013-12-31": "", "2012-12-31": "", "2011-12-31": "", "2010-12-31": "", "2009-12-31": "", "2008-12-31": "", "2007-12-31": "", "2006-12-31": "", "2005-12-31": ""}, "Inventory": {"2019-12-31": "", "2018-12-31": "", "2017-12-31": "", "2016-12-31": "", "2015-12-31": "", "2014-12-31": "", "2013-12-31": "", "2012-12-31": "", "2011-12-31": "", "2010-12-31": "", "2009-12-31": "", "2008-12-31": "", "2007-12-31": "", "2006-12-31": "", "2005-12-31": ""}, "Pre-Paid Expenses": {"2019-12-31": "", "2018-12-31": "", "2017-12-31": "", "2016-12-31": "", "2015-12-31": "", "2014-12-31": "", "2013-12-31": "", "2012-12-31": "", "2011-12-31": "", "2010-12-31": "", "2009-12-31": "", "2008-12-31": "", "2007-12-31": "", "2006-12-31": "", "2005-12-31": ""}, "Other Current Assets": {"2019-12-31": "", "2018-12-31": "", "2017-12-31": "", "2016-12-31": "", "2015-12-31": "", "2014-12-31": "", "2013-12-31": "", "2012-12-31": "", "2011-12-31": "", "2010-12-31": "", "2009-12-31": "", "2008-12-31": "", "2007-12-31": "", "2006-12-31": "", "2005-12-31": ""}, "Total Current Assets": {"2019-12-31": "342.63600", "2018-12-31": "328.10900", "2017-12-31": "450.10800", "2016-12-31": "347.50600", "2015-12-31": "388.61000", "2014-12-31": "433.72100", "2013-12-31": "343.33700", "2012-12-31": "384.11900", "2011-12-31": "379.90700", "2010-12-31": "364.18300", "2009-12-31": "367.00000", "2008-12-31": "411.90100", "2007-12-31": "329.36300", "2006-12-31": "591.15200", "2005-12-31": "273.27700"}, "Property, Plant, And Equipment": {"2019-12-31": "9429.22300", "2018-12-31": "9491.90300", "2017-12-31": "10220.39000", "2016-12-31": "9729.78300", "2015-12-31": "9453.48900", "2014-12-31": "8062.82000", "2013-12-31": "7244.66300", "2012-12-31": "7201.82500", "2011-12-31": "7078.16700", "2010-12-31": "7043.38000", "2009-12-31": "7539.19300", "2008-12-31": "6659.25200", "2007-12-31": "6347.59100", "2006-12-31": "5194.64900", "2005-12-31": "3820.27900"}, "Long-Term Investments": {"2019-12-31": "", "2018-12-31": "", "2017-12-31": "", "2016-12-31": "", "2015-12-31": "", "2014-12-31": "", "2013-12-31": "", "2012-12-31": "", "2011-12-31": "", "2010-12-31": "", "2009-12-31": "", "2008-12-31": "", "2007-12-31": "", "2006-12-31": "", "2005-12-31": ""}, "Goodwill And Intangible Assets": {"2019-12-31": "", "2018-12-31": "", "2017-12-31": "", "2016-12-31": "", "2015-12-31": "", "2014-12-31": "", "2013-12-31": "", "2012-12-31": "", "2011-12-31": "", "2010-12-31": "", "2009-12-31": "", "2008-12-31": "", "2007-12-31": "", "2006-12-31": "", "2005-12-31": ""}, "Other Long-Term Assets": {"2019-12-31": "976.55300", "2018-12-31": "1022.93300", "2017-12-31": "937.75310", "2016-12-31": "1005.61700", "2015-12-31": "1349.72300", "2014-12-31": "1606.55700", "2013-12-31": "1899.93200", "2012-12-31": "1993.91700", "2011-12-31": "2008.71400", "2010-12-31": "2279.26400", "2009-12-31": "2115.89100", "2008-12-31": "2203.51300", "2007-12-31": "2299.17200", "2006-12-31": "1988.31600", "2005-12-31": "1357.05800"}, "Total Long-Term Assets": {"2019-12-31": "10556.11000", "2018-12-31": "10670.99000", "2017-12-31": "11313.62000", "2016-12-31": "10883.09000", "2015-12-31": "10955.56000", "2014-12-31": "9827.67900", "2013-12-31": "9320.29300", "2012-12-31": "9367.11500", "2011-12-31": "9248.85500", "2010-12-31": "9469.69100", "2009-12-31": "9816.07900", "2008-12-31": "8985.24600", "2007-12-31": "8768.45300", "2006-12-31": "7278.12800", "2005-12-31": "5261.35900"}, "Total Assets": {"2019-12-31": "10997.87000", "2018-12-31": "10999.10000", "2017-12-31": "11763.73000", "2016-12-31": "11230.60000", "2015-12-31": "11344.17000", "2014-12-31": "10261.40000", "2013-12-31": "9663.63000", "2012-12-31": "9751.23400", "2011-12-31": "9628.76200", "2010-12-31": "9833.87500", "2009-12-31": "10183.08000", "2008-12-31": "9397.14700", "2007-12-31": "9097.81600", "2006-12-31": "7869.28000", "2005-12-31": "5534.63600"}, "Total Current Liabilities": {"2019-12-31": "170.08200", "2018-12-31": "174.90300", "2017-12-31": "185.70200", "2016-12-31": "145.75100", "2015-12-31": "150.05900", "2014-12-31": "129.50900", "2013-12-31": "124.29000", "2012-12-31": "111.88100", "2011-12-31": "125.54400", "2010-12-31": "154.48200", "2009-12-31": "142.67000", "2008-12-31": "151.24100", "2007-12-31": "161.52600", "2006-12-31": "163.66800", "2005-12-31": "119.60500"}, "Long Term Debt": {"2019-12-31": "5315.76700", "2018-12-31": "4873.87200", "2017-12-31": "5478.92700", "2016-12-31": "5066.36800", "2015-12-31": "5376.31000", "2014-12-31": "4595.97000", "2013-12-31": "4221.40100", "2012-12-31": "4195.31700", "2011-12-31": "4114.38500", "2010-12-31": "4058.98700", "2009-12-31": "4434.38300", "2008-12-31": "4556.64600", "2007-12-31": "4216.41500", "2006-12-31": "3587.24300", "2005-12-31": "2691.19600"}, "Other Non-Current Liabilities": {"2019-12-31": "472.45700", "2018-12-31": "515.59000", "2017-12-31": "560.80700", "2016-12-31": "528.65400", "2015-12-31": "549.14200", "2014-12-31": "542.67600", "2013-12-31": "462.26000", "2012-12-31": "430.48000", "2011-12-31": "413.61600", "2010-12-31": "364.06000", "2009-12-31": "387.74400", "2008-12-31": "368.67400", "2007-12-31": "377.14200", "2006-12-31": "326.16800", "2005-12-31": "213.77700"}, "Total Long Term Liabilities": {"2019-12-31": "5806.16700", "2018-12-31": "5413.14400", "2017-12-31": "6055.87700", "2016-12-31": "5681.97500", "2015-12-31": "6012.16100", "2014-12-31": "5230.12500", "2013-12-31": "4769.81400", "2012-12-31": "4706.87300", "2011-12-31": "4623.07500", "2010-12-31": "4518.10700", "2009-12-31": "4922.43100", "2008-12-31": "5041.17300", "2007-12-31": "5041.71600", "2006-12-31": "4338.65300", "2005-12-31": "3027.81700"}, "Total Liabilities": {"2019-12-31": "6068.96000", "2018-12-31": "5588.04700", "2017-12-31": "6241.57900", "2016-12-31": "5827.72600", "2015-12-31": "6162.21900", "2014-12-31": "5359.63500", "2013-12-31": "4894.10400", "2012-12-31": "4818.75400", "2011-12-31": "4748.61900", "2010-12-31": "4672.58900", "2009-12-31": "5065.10100", "2008-12-31": "5192.41400", "2007-12-31": "5203.24200", "2006-12-31": "4502.32100", "2005-12-31": "3147.42200"}, "Common Stock Net": {"2019-12-31": "4.31800", "2018-12-31": "4.21400", "2017-12-31": "4.25600", "2016-12-31": "4.25000", "2015-12-31": "4.13400", "2014-12-31": "4.11800", "2013-12-31": "4.09700", "2012-12-31": "4.07800", "2011-12-31": "4.06900", "2010-12-31": "4.06400", "2009-12-31": "4.05500", "2008-12-31": "2.71100", "2007-12-31": "2.52800", "2006-12-31": "2.50900", "2005-12-31": "2.28100"}, "Retained Earnings (Accumulated Deficit)": {"2019-12-31": "-904.67900", "2018-12-31": "-787.70700", "2017-12-31": "-761.33700", "2016-12-31": "-676.86700", "2015-12-31": "-572.33500", "2014-12-31": "-1006.57800", "2013-12-31": "-996.05800", "2012-12-31": "-824.00800", "2011-12-31": "-702.99900", "2010-12-31": "-515.16400", "2009-12-31": "-338.73800", "2008-12-31": "-58.16200", "2007-12-31": "180.00500", "2006-12-31": "140.50900", "2005-12-31": "59.85500"}, "Comprehensive Income": {"2019-12-31": "", "2018-12-31": "", "2017-12-31": "-1.48000", "2016-12-31": "5.76600", "2015-12-31": "5.58800", "2014-12-31": "45.12200", "2013-12-31": "-64.98200", "2012-12-31": "-66.18200", "2011-12-31": "-107.66000", "2010-12-31": "-23.85300", "2009-12-31": "-96.43200", "2008-12-31": "-179.54100", "2007-12-31": "33.64800", "2006-12-31": "45.22500", "2005-12-31": "69.04600"}, "Other Share Holders Equity": {"2019-12-31": "", "2018-12-31": "", "2017-12-31": "", "2016-12-31": "", "2015-12-31": "", "2014-12-31": "", "2013-12-31": "", "2012-12-31": "", "2011-12-31": "", "2010-12-31": "", "2009-12-31": "", "2008-12-31": "", "2007-12-31": "", "2006-12-31": "", "2005-12-31": ""}, "Share Holder Equity": {"2019-12-31": "4928.90700", "2018-12-31": "5411.05300", "2017-12-31": "5522.14700", "2016-12-31": "5402.87400", "2015-12-31": "5181.95100", "2014-12-31": "4901.76500", "2013-12-31": "4769.52600", "2012-12-31": "4932.48000", "2011-12-31": "4880.14300", "2010-12-31": "5161.28600", "2009-12-31": "5117.97800", "2008-12-31": "4204.73300", "2007-12-31": "3894.57400", "2006-12-31": "3366.95900", "2005-12-31": "2387.21400"}, "Total Liabilities And Share Holders Equity": {"2019-12-31": "10997.87000", "2018-12-31": "10999.10000", "2017-12-31": "11763.73000", "2016-12-31": "11230.60000", "2015-12-31": "11344.17000", "2014-12-31": "10261.40000", "2013-12-31": "9663.63000", "2012-12-31": "9751.23400", "2011-12-31": "9628.76200", "2010-12-31": "9833.87500", "2009-12-31": "10183.08000", "2008-12-31": "9397.14700", "2007-12-31": "9097.81600", "2006-12-31": "7869.28000", "2005-12-31": "5534.63600"}}, "balance sheet, quarterly": {"Cash On Hand": {"2020-09-30": "324.97700", "2020-06-30": "201.68700", "2020-03-31": "451.79600", "2019-12-31": "123.94700", "2019-09-30": "141.31000", "2019-06-30": "113.99100", "2019-03-31": "143.67300", "2018-12-31": "143.58100", "2018-09-30": "146.38600", "2018-06-30": "305.57700", "2018-03-31": "218.31300", "2017-12-31": "238.51300", "2017-09-30": "156.58800", "2017-06-30": "143.09900", "2017-03-31": "167.45400", "2016-12-31": "142.48600", "2016-09-30": "170.54500", "2016-06-30": "337.81500", "2016-03-31": "222.00000", "2015-12-31": "189.53400", "2015-09-30": "180.91300", "2015-06-30": "145.83200", "2015-03-31": "220.97700", "2014-12-31": "187.32200", "2014-09-30": "154.19000", "2014-06-30": "192.18300", "2014-03-31": "268.91100", "2013-12-31": "148.76800", "2013-09-30": "401.73000", "2013-06-30": "156.45000", "2013-03-31": "166.89400", "2012-12-31": "141.87500", "2012-09-30": "429.52900", "2012-06-30": "383.72900", "2012-03-31": "242.30000", "2011-12-31": "112.88200", "2011-09-30": "180.19800", "2011-06-30": "144.06700", "2011-03-31": "148.03800", "2010-12-31": "125.15400", "2010-09-30": "158.11600", "2010-06-30": "135.28300", "2010-03-31": "137.43700", "2009-12-31": "122.05800", "2009-09-30": "140.75700", "2009-06-30": "188.92500", "2009-03-31": "149.98200", "2008-12-31": "136.17700", "2008-09-30": "124.09100", "2008-06-30": "123.18300", "2008-03-31": "150.96100", "2007-12-31": "87.49900", "2007-09-30": "45.43900", "2007-06-30": "109.53100", "2007-03-31": "120.04400", "2006-12-31": "345.06500", "2006-09-30": "102.79500", "2006-06-30": "122.34600", "2006-03-31": "158.87800", "2005-12-31": "76.27300", "2005-09-30": "69.94000", "2005-06-30": "47.37700", "2005-03-31": "96.14100"}, "Receivables": {"2020-09-30": "", "2020-06-30": "", "2020-03-31": "", "2019-12-31": "", "2019-09-30": "", "2019-06-30": "", "2019-03-31": "", "2018-12-31": "", "2018-09-30": "", "2018-06-30": "", "2018-03-31": "", "2017-12-31": "", "2017-09-30": "", "2017-06-30": "", "2017-03-31": "", "2016-12-31": "", "2016-09-30": "", "2016-06-30": "", "2016-03-31": "", "2015-12-31": "", "2015-09-30": "", "2015-06-30": "", "2015-03-31": "", "2014-12-31": "", "2014-09-30": "", "2014-06-30": "", "2014-03-31": "", "2013-12-31": "", "2013-09-30": "", "2013-06-30": "", "2013-03-31": "", "2012-12-31": "", "2012-09-30": "", "2012-06-30": "", "2012-03-31": "", "2011-12-31": "", "2011-09-30": "", "2011-06-30": "", "2011-03-31": "", "2010-12-31": "", "2010-09-30": "", "2010-06-30": "", "2010-03-31": "", "2009-12-31": "", "2009-09-30": "", "2009-06-30": "", "2009-03-31": "", "2008-12-31": "", "2008-09-30": "", "2008-06-30": "", "2008-03-31": "", "2007-12-31": "", "2007-09-30": "", "2007-06-30": "", "2007-03-31": "", "2006-12-31": "", "2006-09-30": "", "2006-06-30": "", "2006-03-31": "", "2005-12-31": "", "2005-09-30": "", "2005-06-30": "", "2005-03-31": ""}, "Inventory": {"2020-09-30": "", "2020-06-30": "", "2020-03-31": "", "2019-12-31": "", "2019-09-30": "", "2019-06-30": "", "2019-03-31": "", "2018-12-31": "", "2018-09-30": "", "2018-06-30": "", "2018-03-31": "", "2017-12-31": "", "2017-09-30": "", "2017-06-30": "", "2017-03-31": "", "2016-12-31": "", "2016-09-30": "", "2016-06-30": "", "2016-03-31": "", "2015-12-31": "", "2015-09-30": "", "2015-06-30": "", "2015-03-31": "", "2014-12-31": "", "2014-09-30": "", "2014-06-30": "", "2014-03-31": "", "2013-12-31": "", "2013-09-30": "", "2013-06-30": "", "2013-03-31": "", "2012-12-31": "", "2012-09-30": "", "2012-06-30": "", "2012-03-31": "", "2011-12-31": "", "2011-09-30": "", "2011-06-30": "", "2011-03-31": "", "2010-12-31": "", "2010-09-30": "", "2010-06-30": "", "2010-03-31": "", "2009-12-31": "", "2009-09-30": "", "2009-06-30": "", "2009-03-31": "", "2008-12-31": "", "2008-09-30": "", "2008-06-30": "", "2008-03-31": "", "2007-12-31": "", "2007-09-30": "", "2007-06-30": "", "2007-03-31": "", "2006-12-31": "", "2006-09-30": "", "2006-06-30": "", "2006-03-31": "", "2005-12-31": "", "2005-09-30": "", "2005-06-30": "", "2005-03-31": ""}, "Pre-Paid Expenses": {"2020-09-30": "", "2020-06-30": "", "2020-03-31": "", "2019-12-31": "", "2019-09-30": "", "2019-06-30": "", "2019-03-31": "", "2018-12-31": "", "2018-09-30": "", "2018-06-30": "", "2018-03-31": "", "2017-12-31": "", "2017-09-30": "", "2017-06-30": "", "2017-03-31": "", "2016-12-31": "", "2016-09-30": "", "2016-06-30": "", "2016-03-31": "", "2015-12-31": "", "2015-09-30": "", "2015-06-30": "", "2015-03-31": "", "2014-12-31": "", "2014-09-30": "", "2014-06-30": "", "2014-03-31": "", "2013-12-31": "", "2013-09-30": "", "2013-06-30": "", "2013-03-31": "", "2012-12-31": "", "2012-09-30": "", "2012-06-30": "", "2012-03-31": "", "2011-12-31": "", "2011-09-30": "", "2011-06-30": "", "2011-03-31": "", "2010-12-31": "", "2010-09-30": "", "2010-06-30": "", "2010-03-31": "", "2009-12-31": "", "2009-09-30": "", "2009-06-30": "", "2009-03-31": "", "2008-12-31": "", "2008-09-30": "", "2008-06-30": "", "2008-03-31": "", "2007-12-31": "", "2007-09-30": "", "2007-06-30": "", "2007-03-31": "", "2006-12-31": "", "2006-09-30": "", "2006-06-30": "", "2006-03-31": "", "2005-12-31": "", "2005-09-30": "", "2005-06-30": "", "2005-03-31": ""}, "Other Current Assets": {"2020-09-30": "", "2020-06-30": "", "2020-03-31": "", "2019-12-31": "", "2019-09-30": "", "2019-06-30": "", "2019-03-31": "", "2018-12-31": "", "2018-09-30": "", "2018-06-30": "", "2018-03-31": "", "2017-12-31": "", "2017-09-30": "", "2017-06-30": "", "2017-03-31": "", "2016-12-31": "", "2016-09-30": "", "2016-06-30": "", "2016-03-31": "", "2015-12-31": "", "2015-09-30": "", "2015-06-30": "", "2015-03-31": "", "2014-12-31": "", "2014-09-30": "", "2014-06-30": "", "2014-03-31": "", "2013-12-31": "", "2013-09-30": "", "2013-06-30": "", "2013-03-31": "", "2012-12-31": "", "2012-09-30": "", "2012-06-30": "", "2012-03-31": "", "2011-12-31": "", "2011-09-30": "", "2011-06-30": "", "2011-03-31": "", "2010-12-31": "", "2010-09-30": "", "2010-06-30": "", "2010-03-31": "", "2009-12-31": "", "2009-09-30": "", "2009-06-30": "", "2009-03-31": "", "2008-12-31": "", "2008-09-30": "", "2008-06-30": "", "2008-03-31": "", "2007-12-31": "", "2007-09-30": "", "2007-06-30": "", "2007-03-31": "", "2006-12-31": "", "2006-09-30": "", "2006-06-30": "", "2006-03-31": "", "2005-12-31": "", "2005-09-30": "", "2005-06-30": "", "2005-03-31": ""}, "Total Current Assets": {"2020-09-30": "564.84100", "2020-06-30": "451.83700", "2020-03-31": "672.01100", "2019-12-31": "342.63600", "2019-09-30": "332.74600", "2019-06-30": "296.36000", "2019-03-31": "327.32300", "2018-12-31": "328.10900", "2018-09-30": "359.04800", "2018-06-30": "517.15500", "2018-03-31": "424.22200", "2017-12-31": "450.10800", "2017-09-30": "361.13800", "2017-06-30": "342.50100", "2017-03-31": "366.09300", "2016-12-31": "347.50600", "2016-09-30": "365.55600", "2016-06-30": "534.33200", "2016-03-31": "420.00500", "2015-12-31": "388.61000", "2015-09-30": "379.87800", "2015-06-30": "346.59000", "2015-03-31": "472.76200", "2014-12-31": "433.72100", "2014-09-30": "338.07200", "2014-06-30": "377.79800", "2014-03-31": "450.91400", "2013-12-31": "343.33700", "2013-09-30": "607.56400", "2013-06-30": "390.93600", "2013-03-31": "403.76500", "2012-12-31": "384.11900", "2012-09-30": "666.27500", "2012-06-30": "611.36600", "2012-03-31": "482.82000", "2011-12-31": "379.90700", "2011-09-30": "409.36400", "2011-06-30": "387.65800", "2011-03-31": "396.98000", "2010-12-31": "364.18300", "2010-09-30": "395.44900", "2010-06-30": "361.42900", "2010-03-31": "384.26000", "2009-12-31": "367.00000", "2009-09-30": "401.34700", "2009-06-30": "468.44400", "2009-03-31": "434.98200", "2008-12-31": "411.90100", "2008-09-30": "444.79600", "2008-06-30": "424.34800", "2008-03-31": "399.38300", "2007-12-31": "329.36300", "2007-09-30": "301.52600", "2007-06-30": "375.96500", "2007-03-31": "410.13200", "2006-12-31": "591.15200", "2006-09-30": "335.77100", "2006-06-30": "329.91100", "2006-03-31": "378.27700", "2005-12-31": "273.27700", "2005-09-30": "279.00800", "2005-06-30": "249.48500", "2005-03-31": "294.69600"}, "Property, Plant, And Equipment": {"2020-09-30": "9379.20900", "2020-06-30": "9402.71700", "2020-03-31": "9410.15600", "2019-12-31": "9429.22300", "2019-09-30": "9473.09900", "2019-06-30": "9468.99900", "2019-03-31": "9497.65700", "2018-12-31": "9491.90300", "2018-09-30": "9583.66800", "2018-06-30": "9656.70400", "2018-03-31": "9828.58100", "2017-12-31": "10220.39000", "2017-09-30": "10132.92000", "2017-06-30": "9961.99300", "2017-03-31": "9736.90100", "2016-12-31": "9729.78300", "2016-09-30": "9682.08500", "2016-06-30": "9465.29400", "2016-03-31": "9346.35500", "2015-12-31": "9453.48900", "2015-09-30": "9414.24700", "2015-06-30": "9426.68200", "2015-03-31": "9491.88400", "2014-12-31": "8062.82000", "2014-09-30": "7963.00100", "2014-06-30": "7832.65700", "2014-03-31": "7389.02900", "2013-12-31": "7244.66300", "2013-09-30": "7183.56700", "2013-06-30": "7381.10100", "2013-03-31": "7404.47000", "2012-12-31": "7201.82500", "2012-09-30": "7210.31900", "2012-06-30": "7217.67300", "2012-03-31": "7151.97700", "2011-12-31": "7078.16700", "2011-09-30": "7009.75200", "2011-06-30": "7051.58200", "2011-03-31": "7050.59400", "2010-12-31": "7043.38000", "2010-09-30": "7023.45800", "2010-06-30": "7127.14700", "2010-03-31": "7590.38100", "2009-12-31": "7539.19300", "2009-09-30": "6585.29000", "2009-06-30": "6572.27000", "2009-03-31": "6593.64100", "2008-12-31": "6659.25200", "2008-09-30": "6771.01100", "2008-06-30": "6635.46500", "2008-03-31": "6467.14200", "2007-12-31": "6347.59100", "2007-09-30": "6155.05500", "2007-06-30": "5947.73200", "2007-03-31": "5397.40500", "2006-12-31": "5194.64900", "2006-09-30": "4874.72800", "2006-06-30": "4665.26500", "2006-03-31": "4397.94600", "2005-12-31": "3820.27900", "2005-09-30": "3552.64300", "2005-06-30": "3536.00900", "2005-03-31": "3418.63500"}, "Long-Term Investments": {"2020-09-30": "", "2020-06-30": "", "2020-03-31": "", "2019-12-31": "", "2019-09-30": "", "2019-06-30": "", "2019-03-31": "", "2018-12-31": "", "2018-09-30": "", "2018-06-30": "", "2018-03-31": "", "2017-12-31": "", "2017-09-30": "", "2017-06-30": "", "2017-03-31": "", "2016-12-31": "", "2016-09-30": "", "2016-06-30": "", "2016-03-31": "", "2015-12-31": "", "2015-09-30": "", "2015-06-30": "", "2015-03-31": "", "2014-12-31": "", "2014-09-30": "", "2014-06-30": "", "2014-03-31": "", "2013-12-31": "", "2013-09-30": "", "2013-06-30": "", "2013-03-31": "", "2012-12-31": "", "2012-09-30": "", "2012-06-30": "", "2012-03-31": "", "2011-12-31": "", "2011-09-30": "", "2011-06-30": "", "2011-03-31": "", "2010-12-31": "", "2010-09-30": "", "2010-06-30": "", "2010-03-31": "", "2009-12-31": "", "2009-09-30": "", "2009-06-30": "", "2009-03-31": "", "2008-12-31": "", "2008-09-30": "", "2008-06-30": "", "2008-03-31": "", "2007-12-31": "", "2007-09-30": "", "2007-06-30": "", "2007-03-31": "", "2006-12-31": "", "2006-09-30": "", "2006-06-30": "", "2006-03-31": "", "2005-12-31": "", "2005-09-30": "", "2005-06-30": "", "2005-03-31": ""}, "Goodwill And Intangible Assets": {"2020-09-30": "", "2020-06-30": "", "2020-03-31": "", "2019-12-31": "", "2019-09-30": "", "2019-06-30": "", "2019-03-31": "", "2018-12-31": "", "2018-09-30": "", "2018-06-30": "", "2018-03-31": "", "2017-12-31": "", "2017-09-30": "", "2017-06-30": "", "2017-03-31": "", "2016-12-31": "", "2016-09-30": "", "2016-06-30": "", "2016-03-31": "", "2015-12-31": "", "2015-09-30": "", "2015-06-30": "", "2015-03-31": "", "2014-12-31": "", "2014-09-30": "", "2014-06-30": "", "2014-03-31": "", "2013-12-31": "", "2013-09-30": "", "2013-06-30": "", "2013-03-31": "", "2012-12-31": "", "2012-09-30": "", "2012-06-30": "", "2012-03-31": "", "2011-12-31": "", "2011-09-30": "", "2011-06-30": "", "2011-03-31": "", "2010-12-31": "", "2010-09-30": "", "2010-06-30": "", "2010-03-31": "", "2009-12-31": "", "2009-09-30": "", "2009-06-30": "", "2009-03-31": "", "2008-12-31": "", "2008-09-30": "", "2008-06-30": "", "2008-03-31": "", "2007-12-31": "", "2007-09-30": "", "2007-06-30": "", "2007-03-31": "", "2006-12-31": "", "2006-09-30": "", "2006-06-30": "", "2006-03-31": "", "2005-12-31": "", "2005-09-30": "", "2005-06-30": "", "2005-03-31": ""}, "Other Long-Term Assets": {"2020-09-30": "1485.33500", "2020-06-30": "1608.97900", "2020-03-31": "1125.17700", "2019-12-31": "1126.88300", "2019-09-30": "1181.07600", "2019-06-30": "1175.54700", "2019-03-31": "1141.04300", "2018-12-31": "1022.93300", "2018-09-30": "1166.80500", "2018-06-30": "1117.92400", "2018-03-31": "1119.69900", "2017-12-31": "937.75310", "2017-09-30": "1208.18500", "2017-06-30": "1253.82600", "2017-03-31": "1145.42500", "2016-12-31": "1005.61700", "2016-09-30": "1158.46100", "2016-06-30": "1392.80600", "2016-03-31": "1483.00100", "2015-12-31": "1349.72300", "2015-09-30": "1619.85900", "2015-06-30": "1694.03200", "2015-03-31": "1769.24200", "2014-12-31": "1606.55700", "2014-09-30": "1992.13800", "2014-06-30": "1979.91700", "2014-03-31": "1993.75400", "2013-12-31": "1899.93200", "2013-09-30": "2161.94800", "2013-06-30": "2216.43400", "2013-03-31": "2253.60000", "2012-12-31": "1993.91700", "2012-09-30": "2239.38200", "2012-06-30": "2201.03200", "2012-03-31": "2191.76800", "2011-12-31": "2008.71400", "2011-09-30": "2161.43500", "2011-06-30": "2265.44000", "2011-03-31": "2447.58400", "2010-12-31": "2279.26400", "2010-09-30": "2395.60100", "2010-06-30": "2394.43100", "2010-03-31": "2287.82200", "2009-12-31": "2115.89100", "2009-09-30": "2301.40400", "2009-06-30": "2297.63300", "2009-03-31": "2364.34600", "2008-12-31": "2203.51300", "2008-09-30": "2540.85500", "2008-06-30": "2534.43300", "2008-03-31": "2565.06800", "2007-12-31": "2299.17200", "2007-09-30": "2441.79700", "2007-06-30": "2301.55300", "2007-03-31": "2177.69400", "2006-12-31": "1988.31600", "2006-09-30": "1913.30700", "2006-06-30": "1766.67400", "2006-03-31": "1599.58500", "2005-12-31": "1357.05800", "2005-09-30": "1336.82500", "2005-06-30": "1204.32800", "2005-03-31": "1125.29100"}, "Total Long-Term Assets": {"2020-09-30": "10864.54000", "2020-06-30": "11011.70000", "2020-03-31": "10535.33000", "2019-12-31": "10556.11000", "2019-09-30": "10654.17000", "2019-06-30": "10644.55000", "2019-03-31": "10638.70000", "2018-12-31": "10670.99000", "2018-09-30": "10750.47000", "2018-06-30": "10774.63000", "2018-03-31": "10948.28000", "2017-12-31": "11313.62000", "2017-09-30": "11341.10000", "2017-06-30": "11215.82000", "2017-03-31": "10882.33000", "2016-12-31": "10883.09000", "2016-09-30": "10840.55000", "2016-06-30": "10858.10000", "2016-03-31": "10829.36000", "2015-12-31": "10955.56000", "2015-09-30": "11034.11000", "2015-06-30": "11120.71000", "2015-03-31": "11261.13000", "2014-12-31": "9827.67900", "2014-09-30": "9955.13900", "2014-06-30": "9812.57400", "2014-03-31": "9382.78300", "2013-12-31": "9320.29300", "2013-09-30": "9345.51500", "2013-06-30": "9597.53500", "2013-03-31": "9658.07000", "2012-12-31": "9367.11500", "2012-09-30": "9449.70100", "2012-06-30": "9418.70500", "2012-03-31": "9343.74500", "2011-12-31": "9248.85500", "2011-09-30": "9171.18800", "2011-06-30": "9317.02100", "2011-03-31": "9498.17800", "2010-12-31": "9469.69100", "2010-09-30": "9419.05900", "2010-06-30": "9521.57800", "2010-03-31": "9878.20300", "2009-12-31": "9816.07900", "2009-09-30": "8886.69400", "2009-06-30": "8869.90300", "2009-03-31": "8957.98700", "2008-12-31": "8985.24600", "2008-09-30": "9311.86600", "2008-06-30": "9169.89700", "2008-03-31": "9032.21000", "2007-12-31": "8768.45300", "2007-09-30": "8596.85300", "2007-06-30": "8249.28500", "2007-03-31": "7575.09900", "2006-12-31": "7278.12800", "2006-09-30": "6788.03500", "2006-06-30": "6431.93900", "2006-03-31": "5997.53100", "2005-12-31": "5261.35900", "2005-09-30": "4889.46800", "2005-06-30": "4740.33700", "2005-03-31": "4543.92600"}, "Total Assets": {"2020-09-30": "11524.19000", "2020-06-30": "11559.97000", "2020-03-31": "11305.13000", "2019-12-31": "10997.87000", "2019-09-30": "11085.13000", "2019-06-30": "11040.90000", "2019-03-31": "11070.20000", "2018-12-31": "10999.10000", "2018-09-30": "11109.52000", "2018-06-30": "11291.78000", "2018-03-31": "11372.50000", "2017-12-31": "11763.73000", "2017-09-30": "11702.24000", "2017-06-30": "11558.32000", "2017-03-31": "11248.42000", "2016-12-31": "11230.60000", "2016-09-30": "11206.10000", "2016-06-30": "11392.43000", "2016-03-31": "11249.36000", "2015-12-31": "11344.17000", "2015-09-30": "11413.98000", "2015-06-30": "11467.30000", "2015-03-31": "11733.89000", "2014-12-31": "10261.40000", "2014-09-30": "10293.21000", "2014-06-30": "10190.37000", "2014-03-31": "9833.69700", "2013-12-31": "9663.63000", "2013-09-30": "9953.07900", "2013-06-30": "9988.47100", "2013-03-31": "10061.83000", "2012-12-31": "9751.23400", "2012-09-30": "10115.98000", "2012-06-30": "10030.07000", "2012-03-31": "9826.56500", "2011-12-31": "9628.76200", "2011-09-30": "9580.55100", "2011-06-30": "9704.68000", "2011-03-31": "9895.15800", "2010-12-31": "9833.87500", "2010-09-30": "9814.50800", "2010-06-30": "9883.00700", "2010-03-31": "10262.46000", "2009-12-31": "10183.08000", "2009-09-30": "9288.04100", "2009-06-30": "9338.34700", "2009-03-31": "9392.96900", "2008-12-31": "9397.14700", "2008-09-30": "9756.66200", "2008-06-30": "9594.24600", "2008-03-31": "9431.59300", "2007-12-31": "9097.81600", "2007-09-30": "8898.37800", "2007-06-30": "8625.25000", "2007-03-31": "7985.23100", "2006-12-31": "7869.28000", "2006-09-30": "7123.80600", "2006-06-30": "6761.85000", "2006-03-31": "6375.80800", "2005-12-31": "5534.63600", "2005-09-30": "5168.47600", "2005-06-30": "4989.82200", "2005-03-31": "4838.62200"}, "Total Current Liabilities": {"2020-09-30": "", "2020-06-30": "", "2020-03-31": "", "2019-12-31": "", "2019-09-30": "", "2019-06-30": "", "2019-03-31": "", "2018-12-31": "174.90300", "2018-09-30": "", "2018-06-30": "", "2018-03-31": "", "2017-12-31": "185.70200", "2017-09-30": "", "2017-06-30": "", "2017-03-31": "", "2016-12-31": "145.75100", "2016-09-30": "", "2016-06-30": "", "2016-03-31": "", "2015-12-31": "150.05900", "2015-09-30": "", "2015-06-30": "", "2015-03-31": "", "2014-12-31": "129.50900", "2014-09-30": "", "2014-06-30": "", "2014-03-31": "", "2013-12-31": "124.29000", "2013-09-30": "", "2013-06-30": "", "2013-03-31": "", "2012-12-31": "111.88100", "2012-09-30": "", "2012-06-30": "", "2012-03-31": "", "2011-12-31": "125.54400", "2011-09-30": "", "2011-06-30": "", "2011-03-31": "", "2010-12-31": "154.48200", "2010-09-30": "", "2010-06-30": "", "2010-03-31": "", "2009-12-31": "142.67000", "2009-09-30": "", "2009-06-30": "", "2009-03-31": "", "2008-12-31": "151.24100", "2008-09-30": "", "2008-06-30": "", "2008-03-31": "", "2007-12-31": "161.52600", "2007-09-30": "", "2007-06-30": "", "2007-03-31": "", "2006-12-31": "163.66800", "2006-09-30": "", "2006-06-30": "", "2006-03-31": "", "2005-12-31": "119.60500", "2005-09-30": "", "2005-06-30": "", "2005-03-31": ""}, "Long Term Debt": {"2020-09-30": "5357.37800", "2020-06-30": "5350.37800", "2020-03-31": "5708.53500", "2019-12-31": "5315.76700", "2019-09-30": "5312.62800", "2019-06-30": "4905.50200", "2019-03-31": "4868.75400", "2018-12-31": "4873.87200", "2018-09-30": "4887.47400", "2018-06-30": "5068.71600", "2018-03-31": "5097.32200", "2017-12-31": "5478.92700", "2017-09-30": "5551.27100", "2017-06-30": "5390.18000", "2017-03-31": "5124.88300", "2016-12-31": "5066.36800", "2016-09-30": "5000.04100", "2016-06-30": "5188.81700", "2016-03-31": "5162.46200", "2015-12-31": "5376.31000", "2015-09-30": "5498.58600", "2015-06-30": "5537.77200", "2015-03-31": "5721.25100", "2014-12-31": "4595.97000", "2014-09-30": "4697.31700", "2014-06-30": "4730.37100", "2014-03-31": "4380.34600", "2013-12-31": "4221.40100", "2013-09-30": "4380.65200", "2013-06-30": "4464.77400", "2013-03-31": "4451.07300", "2012-12-31": "4195.31700", "2012-09-30": "4218.19100", "2012-06-30": "4191.61600", "2012-03-31": "3913.55800", "2011-12-31": "4114.38500", "2011-09-30": "3985.26300", "2011-06-30": "3980.36900", "2011-03-31": "4150.09300", "2010-12-31": "4058.98700", "2010-09-30": "4037.47700", "2010-06-30": "4260.26200", "2010-03-31": "4524.46600", "2009-12-31": "4434.38300", "2009-09-30": "3972.14600", "2009-06-30": "4138.66800", "2009-03-31": "4651.85600", "2008-12-31": "4556.64600", "2008-09-30": "4396.07400", "2008-06-30": "4739.77300", "2008-03-31": "4539.07000", "2007-12-31": "4216.41500", "2007-09-30": "4416.47400", "2007-06-30": "4191.21500", "2007-03-31": "3629.51600", "2006-12-31": "3587.24300", "2006-09-30": "3352.62300", "2006-06-30": "3138.85400", "2006-03-31": "2874.99400", "2005-12-31": "2691.19600", "2005-09-30": "2357.12900", "2005-06-30": "2266.52600", "2005-03-31": "2141.55200"}, "Other Non-Current Liabilities": {"2020-09-30": "522.55100", "2020-06-30": "482.91100", "2020-03-31": "614.64100", "2019-12-31": "642.53900", "2019-09-30": "682.71800", "2019-06-30": "651.01700", "2019-03-31": "683.77100", "2018-12-31": "515.59000", "2018-09-30": "745.87600", "2018-06-30": "717.93800", "2018-03-31": "756.63200", "2017-12-31": "560.80700", "2017-09-30": "726.68700", "2017-06-30": "646.47600", "2017-03-31": "666.95900", "2016-12-31": "528.65400", "2016-09-30": "687.24300", "2016-06-30": "672.15600", "2016-03-31": "682.83700", "2015-12-31": "549.14200", "2015-09-30": "733.00100", "2015-06-30": "702.55200", "2015-03-31": "714.17800", "2014-12-31": "542.67600", "2014-09-30": "668.78400", "2014-06-30": "619.91900", "2014-03-31": "619.70200", "2013-12-31": "462.26000", "2013-09-30": "646.37200", "2013-06-30": "571.93000", "2013-03-31": "568.65000", "2012-12-31": "430.48000", "2012-09-30": "559.54700", "2012-06-30": "538.30700", "2012-03-31": "534.35900", "2011-12-31": "413.61600", "2011-09-30": "553.39200", "2011-06-30": "517.60700", "2011-03-31": "530.34100", "2010-12-31": "364.06000", "2010-09-30": "516.38400", "2010-06-30": "485.98600", "2010-03-31": "528.95000", "2009-12-31": "387.74400", "2009-09-30": "450.49700", "2009-06-30": "419.26600", "2009-03-31": "539.35400", "2008-12-31": "368.67400", "2008-09-30": "572.59200", "2008-06-30": "508.93000", "2008-03-31": "548.27400", "2007-12-31": "377.14200", "2007-09-30": "559.58700", "2007-06-30": "512.83800", "2007-03-31": "482.92500", "2006-12-31": "326.16800", "2006-09-30": "486.35900", "2006-06-30": "420.91700", "2006-03-31": "397.65000", "2005-12-31": "213.77700", "2005-09-30": "342.39900", "2005-06-30": "295.59900", "2005-03-31": "302.46000"}, "Total Long Term Liabilities": {"2020-09-30": "5897.87200", "2020-06-30": "5851.23200", "2020-03-31": "6341.11900", "2019-12-31": "5976.24900", "2019-09-30": "6019.04100", "2019-06-30": "5580.20900", "2019-03-31": "5576.20900", "2018-12-31": "5413.14400", "2018-09-30": "5653.42400", "2018-06-30": "5802.80500", "2018-03-31": "5870.10000", "2017-12-31": "6055.87700", "2017-09-30": "6294.09700", "2017-06-30": "6132.71800", "2017-03-31": "5888.87300", "2016-12-31": "5681.97500", "2016-09-30": "5774.14000", "2016-06-30": "5947.74700", "2016-03-31": "5932.00400", "2015-12-31": "6012.16100", "2015-09-30": "6324.32600", "2015-06-30": "6331.79000", "2015-03-31": "6526.95600", "2014-12-31": "5230.12500", "2014-09-30": "5457.51400", "2014-06-30": "5441.65300", "2014-03-31": "5091.36700", "2013-12-31": "4769.81400", "2013-09-30": "5112.92700", "2013-06-30": "5122.19000", "2013-03-31": "5106.04700", "2012-12-31": "4706.87300", "2012-09-30": "4872.79700", "2012-06-30": "4824.98200", "2012-03-31": "4542.99100", "2011-12-31": "4623.07500", "2011-09-30": "4633.71400", "2011-06-30": "4593.03500", "2011-03-31": "4775.50800", "2010-12-31": "4518.10700", "2010-09-30": "4648.89000", "2010-06-30": "4845.19200", "2010-03-31": "5152.69200", "2009-12-31": "4922.43100", "2009-09-30": "4523.97100", "2009-06-30": "4659.28900", "2009-03-31": "5306.95300", "2008-12-31": "5041.17300", "2008-09-30": "5501.35800", "2008-06-30": "5732.36400", "2008-03-31": "5551.08600", "2007-12-31": "5041.71600", "2007-09-30": "5413.12100", "2007-06-30": "5125.24700", "2007-03-31": "4539.71900", "2006-12-31": "4338.65300", "2006-09-30": "4206.68100", "2006-06-30": "3868.57000", "2006-03-31": "3513.53100", "2005-12-31": "3027.81700", "2005-09-30": "2823.70200", "2005-06-30": "2676.24700", "2005-03-31": "2556.55100"}, "Total Liabilities": {"2020-09-30": "5986.76500", "2020-06-30": "5941.59600", "2020-03-31": "6432.66500", "2019-12-31": "6068.96000", "2019-09-30": "6110.66200", "2019-06-30": "5673.44200", "2019-03-31": "5673.34200", "2018-12-31": "5588.04700", "2018-09-30": "5653.42400", "2018-06-30": "5802.80500", "2018-03-31": "5870.10000", "2017-12-31": "6241.57900", "2017-09-30": "6294.09700", "2017-06-30": "6132.71800", "2017-03-31": "5888.87300", "2016-12-31": "5827.72600", "2016-09-30": "5774.14000", "2016-06-30": "5947.74700", "2016-03-31": "5932.00400", "2015-12-31": "6162.21900", "2015-09-30": "6324.32200", "2015-06-30": "6331.78600", "2015-03-31": "6526.95800", "2014-12-31": "5359.63500", "2014-09-30": "5457.51300", "2014-06-30": "5441.65100", "2014-03-31": "5091.36700", "2013-12-31": "4894.10400", "2013-09-30": "5112.92700", "2013-06-30": "5122.19000", "2013-03-31": "5106.04700", "2012-12-31": "4818.75400", "2012-09-30": "4872.80100", "2012-06-30": "4824.98200", "2012-03-31": "4542.99100", "2011-12-31": "4748.61900", "2011-09-30": "4633.71400", "2011-06-30": "4593.03500", "2011-03-31": "4775.50800", "2010-12-31": "4672.58900", "2010-09-30": "4648.89000", "2010-06-30": "4845.19300", "2010-03-31": "5152.69200", "2009-12-31": "5065.10100", "2009-09-30": "4523.97100", "2009-06-30": "4659.28900", "2009-03-31": "5306.95300", "2008-12-31": "5192.41400", "2008-09-30": "5501.35800", "2008-06-30": "5732.36400", "2008-03-31": "5551.08600", "2007-12-31": "5203.24200", "2007-09-30": "5413.12100", "2007-06-30": "5125.24700", "2007-03-31": "4539.71900", "2006-12-31": "4502.32100", "2006-09-30": "4206.68100", "2006-06-30": "3868.57000", "2006-03-31": "3513.53100", "2005-12-31": "3147.42200", "2005-09-30": "2823.70200", "2005-06-30": "2676.24700", "2005-03-31": "2556.55100"}, "Common Stock Net": {"2020-09-30": "4.32500", "2020-06-30": "4.32500", "2020-03-31": "4.32500", "2019-12-31": "4.31800", "2019-09-30": "4.22200", "2019-06-30": "4.22100", "2019-03-31": "4.22000", "2018-12-31": "4.21400", "2018-09-30": "4.21400", "2018-06-30": "4.21400", "2018-03-31": "4.24900", "2017-12-31": "4.25600", "2017-09-30": "4.25600", "2017-06-30": "4.25600", "2017-03-31": "4.25600", "2016-12-31": "4.25000", "2016-09-30": "4.25000", "2016-06-30": "4.20000", "2016-03-31": "4.18300", "2015-12-31": "4.13400", "2015-09-30": "4.13200", "2015-06-30": "4.13100", "2015-03-31": "4.12700", "2014-12-31": "4.11800", "2014-09-30": "4.11300", "2014-06-30": "4.11000", "2014-03-31": "4.10500", "2013-12-31": "4.09700", "2013-09-30": "4.09700", "2013-06-30": "4.09600", "2013-03-31": "4.08600", "2012-12-31": "4.07800", "2012-09-30": "4.07600", "2012-06-30": "4.06900", "2012-03-31": "4.06900", "2011-12-31": "4.06900", "2011-09-30": "4.06900", "2011-06-30": "4.07000", "2011-03-31": "4.06900", "2010-12-31": "4.06400", "2010-09-30": "4.05900", "2010-06-30": "4.05800", "2010-03-31": "4.05700", "2009-12-31": "4.05500", "2009-09-30": "3.76700", "2009-06-30": "3.76400", "2009-03-31": "2.71100", "2008-12-31": "2.71100", "2008-09-30": "2.66200", "2008-06-30": "2.54000", "2008-03-31": "2.53400", "2007-12-31": "2.52800", "2007-09-30": "2.52700", "2007-06-30": "2.52200", "2007-03-31": "2.51900", "2006-12-31": "2.50900", "2006-09-30": "2.41400", "2006-06-30": "2.40600", "2006-03-31": "2.40400", "2005-12-31": "2.28100", "2005-09-30": "2.27300", "2005-06-30": "1.13300", "2005-03-31": "1.13100"}, "Retained Earnings (Accumulated Deficit)": {"2020-09-30": "-288.49100", "2020-06-30": "-200.49200", "2020-03-31": "-942.03100", "2019-12-31": "-904.67900", "2019-09-30": "-883.74100", "2019-06-30": "-835.93400", "2019-03-31": "-804.24100", "2018-12-31": "-787.70700", "2018-09-30": "-743.34600", "2018-06-30": "-710.98100", "2018-03-31": "-743.84500", "2017-12-31": "-761.33700", "2017-09-30": "-715.62100", "2017-06-30": "-709.67100", "2017-03-31": "-726.61000", "2016-12-31": "-676.86700", "2016-09-30": "-628.82600", "2016-06-30": "-465.34800", "2016-03-31": "-550.10300", "2015-12-31": "-572.33500", "2015-09-30": "-832.74600", "2015-06-30": "-796.57100", "2015-03-31": "-809.84900", "2014-12-31": "-1006.57800", "2014-09-30": "-945.94900", "2014-06-30": "-1033.53500", "2014-03-31": "-1015.99500", "2013-12-31": "-996.05800", "2013-09-30": "-950.90500", "2013-06-30": "-906.07000", "2013-03-31": "-856.62000", "2012-12-31": "-824.00800", "2012-09-30": "-813.09700", "2012-06-30": "-771.28200", "2012-03-31": "-742.24800", "2011-12-31": "-702.99900", "2011-09-30": "-657.23700", "2011-06-30": "-624.12900", "2011-03-31": "-574.73900", "2010-12-31": "-515.16400", "2010-09-30": "-464.25600", "2010-06-30": "-416.77700", "2010-03-31": "-364.63300", "2009-12-31": "-338.73800", "2009-09-30": "-314.20800", "2009-06-30": "-319.89100", "2009-03-31": "-150.83600", "2008-12-31": "-58.16200", "2008-09-30": "124.45800", "2008-06-30": "144.83800", "2008-03-31": "163.90500", "2007-12-31": "180.00500", "2007-09-30": "209.01800", "2007-06-30": "234.99000", "2007-03-31": "200.66600", "2006-12-31": "140.50900", "2006-09-30": "101.83000", "2006-06-30": "100.21300", "2006-03-31": "73.79200", "2005-12-31": "59.85500", "2005-09-30": "30.35700", "2005-06-30": "22.91600", "2005-03-31": "11.13100"}, "Comprehensive Income": {"2020-09-30": "", "2020-06-30": "", "2020-03-31": "", "2019-12-31": "", "2019-09-30": "", "2019-06-30": "", "2019-03-31": "", "2018-12-31": "", "2018-09-30": "", "2018-06-30": "0.07200", "2018-03-31": "-0.06600", "2017-12-31": "-1.48000", "2017-09-30": "-1.72700", "2017-06-30": "6.07300", "2017-03-31": "6.48500", "2016-12-31": "5.76600", "2016-09-30": "6.14500", "2016-06-30": "7.15000", "2016-03-31": "7.49600", "2015-12-31": "5.58800", "2015-09-30": "-14.74400", "2015-06-30": "-1.90600", "2015-03-31": "50.95600", "2014-12-31": "45.12200", "2014-09-30": "-68.62000", "2014-06-30": "-59.59200", "2014-03-31": "-76.87000", "2013-12-31": "-64.98200", "2013-09-30": "-44.12800", "2013-06-30": "-61.79800", "2013-03-31": "-27.67800", "2012-12-31": "-66.18200", "2012-09-30": "-56.78500", "2012-06-30": "-99.88900", "2012-03-31": "-55.39700", "2011-12-31": "-107.66000", "2011-09-30": "-86.08000", "2011-06-30": "27.98900", "2011-03-31": "-7.38200", "2010-12-31": "-23.85300", "2010-09-30": "-59.40300", "2010-06-30": "-65.01900", "2010-03-31": "-89.39400", "2009-12-31": "-96.43200", "2009-09-30": "-98.71100", "2009-06-30": "-172.21700", "2009-03-31": "-210.66300", "2008-12-31": "-179.54100", "2008-09-30": "-12.48900", "2008-06-30": "4.63700", "2008-03-31": "20.69100", "2007-12-31": "33.64800", "2007-09-30": "45.45200", "2007-06-30": "50.39300", "2007-03-31": "37.75000", "2006-12-31": "45.22500", "2006-09-30": "50.93100", "2006-06-30": "49.02700", "2006-03-31": "49.68800", "2005-12-31": "69.04600", "2005-09-30": "69.44900", "2005-06-30": "57.23700", "2005-03-31": "47.70500"}, "Other Share Holders Equity": {"2020-09-30": "", "2020-06-30": "", "2020-03-31": "", "2019-12-31": "", "2019-09-30": "", "2019-06-30": "", "2019-03-31": "", "2018-12-31": "", "2018-09-30": "", "2018-06-30": "", "2018-03-31": "", "2017-12-31": "", "2017-09-30": "", "2017-06-30": "", "2017-03-31": "", "2016-12-31": "", "2016-09-30": "", "2016-06-30": "", "2016-03-31": "", "2015-12-31": "", "2015-09-30": "", "2015-06-30": "", "2015-03-31": "", "2014-12-31": "", "2014-09-30": "", "2014-06-30": "", "2014-03-31": "", "2013-12-31": "", "2013-09-30": "", "2013-06-30": "", "2013-03-31": "", "2012-12-31": "", "2012-09-30": "", "2012-06-30": "", "2012-03-31": "", "2011-12-31": "", "2011-09-30": "", "2011-06-30": "", "2011-03-31": "", "2010-12-31": "", "2010-09-30": "", "2010-06-30": "", "2010-03-31": "", "2009-12-31": "", "2009-09-30": "", "2009-06-30": "", "2009-03-31": "", "2008-12-31": "", "2008-09-30": "", "2008-06-30": "", "2008-03-31": "", "2007-12-31": "", "2007-09-30": "", "2007-06-30": "", "2007-03-31": "", "2006-12-31": "", "2006-09-30": "", "2006-06-30": "", "2006-03-31": "", "2005-12-31": "", "2005-09-30": "", "2005-06-30": "", "2005-03-31": ""}, "Share Holder Equity": {"2020-09-30": "5537.42700", "2020-06-30": "5618.37400", "2020-03-31": "4872.46900", "2019-12-31": "4928.90700", "2019-09-30": "4974.46900", "2019-06-30": "5367.46100", "2019-03-31": "5396.85800", "2018-12-31": "5411.05300", "2018-09-30": "5456.09700", "2018-06-30": "5488.97800", "2018-03-31": "5502.40200", "2017-12-31": "5522.14700", "2017-09-30": "5408.14400", "2017-06-30": "5425.60200", "2017-03-31": "5359.54600", "2016-12-31": "5402.87400", "2016-09-30": "5431.96200", "2016-06-30": "5444.68500", "2016-03-31": "5317.35700", "2015-12-31": "5181.95100", "2015-09-30": "5089.65800", "2015-06-30": "5135.51400", "2015-03-31": "5206.93200", "2014-12-31": "4901.76500", "2014-09-30": "4835.69700", "2014-06-30": "4748.71900", "2014-03-31": "4742.33000", "2013-12-31": "4769.52600", "2013-09-30": "4840.15200", "2013-06-30": "4866.28100", "2013-03-31": "4955.78800", "2012-12-31": "4932.48000", "2012-09-30": "5243.17900", "2012-06-30": "5205.08900", "2012-03-31": "5283.57400", "2011-12-31": "4880.14300", "2011-09-30": "4946.83700", "2011-06-30": "5111.64500", "2011-03-31": "5119.65000", "2010-12-31": "5161.28600", "2010-09-30": "5165.61800", "2010-06-30": "5037.81400", "2010-03-31": "5109.77100", "2009-12-31": "5117.97800", "2009-09-30": "4764.07000", "2009-06-30": "4679.05800", "2009-03-31": "4086.01600", "2008-12-31": "4204.73300", "2008-09-30": "4255.30400", "2008-06-30": "3861.88200", "2008-03-31": "3880.50700", "2007-12-31": "3894.57400", "2007-09-30": "3485.25700", "2007-06-30": "3500.00300", "2007-03-31": "3445.51200", "2006-12-31": "3366.95900", "2006-09-30": "2917.12500", "2006-06-30": "2893.28000", "2006-03-31": "2862.27700", "2005-12-31": "2387.21400", "2005-09-30": "2344.77400", "2005-06-30": "2313.57500", "2005-03-31": "2282.07100"}, "Total Liabilities And Share Holders Equity": {"2020-09-30": "11524.19000", "2020-06-30": "11559.97000", "2020-03-31": "11305.13000", "2019-12-31": "10997.87000", "2019-09-30": "11085.13000", "2019-06-30": "11040.90000", "2019-03-31": "11070.20000", "2018-12-31": "10999.10000", "2018-09-30": "11109.52000", "2018-06-30": "11291.78000", "2018-03-31": "11372.50000", "2017-12-31": "11763.73000", "2017-09-30": "11702.24000", "2017-06-30": "11558.32000", "2017-03-31": "11248.42000", "2016-12-31": "11230.60000", "2016-09-30": "11206.10000", "2016-06-30": "11392.43000", "2016-03-31": "11249.36000", "2015-12-31": "11344.17000", "2015-09-30": "11413.98000", "2015-06-30": "11467.30000", "2015-03-31": "11733.89000", "2014-12-31": "10261.40000", "2014-09-30": "10293.21000", "2014-06-30": "10190.37000", "2014-03-31": "9833.69700", "2013-12-31": "9663.63000", "2013-09-30": "9953.07900", "2013-06-30": "9988.47100", "2013-03-31": "10061.83000", "2012-12-31": "9751.23400", "2012-09-30": "10115.98000", "2012-06-30": "10030.07000", "2012-03-31": "9826.56500", "2011-12-31": "9628.76200", "2011-09-30": "9580.55100", "2011-06-30": "9704.68000", "2011-03-31": "9895.15800", "2010-12-31": "9833.87500", "2010-09-30": "9814.50800", "2010-06-30": "9883.00700", "2010-03-31": "10262.46000", "2009-12-31": "10183.08000", "2009-09-30": "9288.04100", "2009-06-30": "9338.34700", "2009-03-31": "9392.96900", "2008-12-31": "9397.14700", "2008-09-30": "9756.66200", "2008-06-30": "9594.24600", "2008-03-31": "9431.59300", "2007-12-31": "9097.81600", "2007-09-30": "8898.37800", "2007-06-30": "8625.25000", "2007-03-31": "7985.23100", "2006-12-31": "7869.28000", "2006-09-30": "7123.80600", "2006-06-30": "6761.85000", "2006-03-31": "6375.80800", "2005-12-31": "5534.63600", "2005-09-30": "5168.47600", "2005-06-30": "4989.82200", "2005-03-31": "4838.62200"}}, "cash flow statement": {"Net Income/Loss": {"2019-12-31": "413.56100", "2018-12-31": "498.46300", "2017-12-31": "439.67100", "2016-12-31": "386.13800", "2015-12-31": "900.14300", "2014-12-31": "435.88000", "2013-12-31": "241.35300", "2012-12-31": "280.27500", "2011-12-31": "182.09000", "2010-12-31": "161.65100", "2009-12-31": "6.06100", "2008-12-31": "276.40400", "2007-12-31": "486.89600", "2006-12-31": "428.25900", "2005-12-31": "363.62800"}, "Total Depreciation And Amortization - Cash Flow": {"2019-12-31": "277.87900", "2018-12-31": "310.38000", "2017-12-31": "360.81100", "2016-12-31": "355.32000", "2015-12-31": "344.52700", "2014-12-31": "273.09300", "2013-12-31": "257.85500", "2012-12-31": "262.74200", "2011-12-31": "251.13900", "2010-12-31": "247.63700", "2009-12-31": "227.77600", "2008-12-31": "206.51800", "2007-12-31": "191.27000", "2006-12-31": "144.76700", "2005-12-31": "108.04200"}, "Other Non-Cash Items": {"2019-12-31": "-14.63600", "2018-12-31": "-115.74100", "2017-12-31": "-142.81900", "2016-12-31": "-93.02800", "2015-12-31": "-643.78800", "2014-12-31": "-2.32900", "2013-12-31": "141.96500", "2012-12-31": "-4.63100", "2011-12-31": "50.45300", "2010-12-31": "100.09200", "2009-12-31": "265.30400", "2008-12-31": "138.49000", "2007-12-31": "69.24500", "2006-12-31": "-97.65500", "2005-12-31": "-49.09400"}, "Total Non-Cash Items": {"2019-12-31": "263.24300", "2018-12-31": "194.63900", "2017-12-31": "217.99200", "2016-12-31": "262.29200", "2015-12-31": "-299.26100", "2014-12-31": "270.76400", "2013-12-31": "399.82000", "2012-12-31": "258.11100", "2011-12-31": "301.59200", "2010-12-31": "347.72900", "2009-12-31": "493.08000", "2008-12-31": "345.00800", "2007-12-31": "260.51500", "2006-12-31": "47.11200", "2005-12-31": "58.94800"}, "Change In Accounts Receivable": {"2019-12-31": "-34.16000", "2018-12-31": "5.22900", "2017-12-31": "-7.93400", "2016-12-31": "-6.57100", "2015-12-31": "-2.86700", "2014-12-31": "-8.06000", "2013-12-31": "7.21300", "2012-12-31": "2.94000", "2011-12-31": "-19.27100", "2010-12-31": "-17.38800", "2009-12-31": "-19.87800", "2008-12-31": "-9.70400", "2007-12-31": "-4.87600", "2006-12-31": "-17.77800", "2005-12-31": "-12.15600"}, "Change In Inventories": {"2019-12-31": "", "2018-12-31": "", "2017-12-31": "", "2016-12-31": "", "2015-12-31": "", "2014-12-31": "", "2013-12-31": "", "2012-12-31": "", "2011-12-31": "", "2010-12-31": "", "2009-12-31": "", "2008-12-31": "", "2007-12-31": "", "2006-12-31": "", "2005-12-31": ""}, "Change In Accounts Payable": {"2019-12-31": "", "2018-12-31": "", "2017-12-31": "", "2016-12-31": "", "2015-12-31": "", "2014-12-31": "", "2013-12-31": "", "2012-12-31": "", "2011-12-31": "", "2010-12-31": "", "2009-12-31": "", "2008-12-31": "", "2007-12-31": "", "2006-12-31": "", "2005-12-31": ""}, "Change In Assets/Liabilities": {"2019-12-31": "-55.40500", "2018-12-31": "-51.22000", "2017-12-31": "-39.96500", "2016-12-31": "-41.87700", "2015-12-31": "-104.47800", "2014-12-31": "-68.14600", "2013-12-31": "-88.51700", "2012-12-31": "-50.99100", "2011-12-31": "-7.71600", "2010-12-31": "-27.86800", "2009-12-31": "-79.78200", "2008-12-31": "-42.12600", "2007-12-31": "-77.90700", "2006-12-31": "-40.64300", "2005-12-31": "-10.22900"}, "Total Change In Assets/Liabilities": {"2019-12-31": "-93.17600", "2018-12-31": "-55.16600", "2017-12-31": "-43.48200", "2016-12-31": "-56.33400", "2015-12-31": "-107.18100", "2014-12-31": "-77.30100", "2013-12-31": "-71.13800", "2012-12-31": "-59.33200", "2011-12-31": "-35.06900", "2010-12-31": "-29.44500", "2009-12-31": "-95.55900", "2008-12-31": "-53.81300", "2007-12-31": "-81.42200", "2006-12-31": "-19.80200", "2005-12-31": "-11.77900"}, "Cash Flow From Operating Activities": {"2019-12-31": "583.62800", "2018-12-31": "637.93600", "2017-12-31": "614.18100", "2016-12-31": "592.09600", "2015-12-31": "493.70100", "2014-12-31": "629.34300", "2013-12-31": "570.03500", "2012-12-31": "479.05400", "2011-12-31": "448.61300", "2010-12-31": "479.93500", "2009-12-31": "403.58200", "2008-12-31": "567.59900", "2007-12-31": "665.98900", "2006-12-31": "455.56900", "2005-12-31": "410.79700"}, "Net Change In Property, Plant, And Equipment": {"2019-12-31": "-121.33900", "2018-12-31": "222.46200", "2017-12-31": "-339.59000", "2016-12-31": "-110.28700", "2015-12-31": "237.14400", "2014-12-31": "546.60600", "2013-12-31": "-75.72000", "2012-12-31": "-102.93000", "2011-12-31": "-201.05400", "2010-12-31": "22.11800", "2009-12-31": "-460.67300", "2008-12-31": "-478.92500", "2007-12-31": "-1358.97100", "2006-12-31": "-823.23500", "2005-12-31": "-535.88400"}, "Net Change In Intangible Assets": {"2019-12-31": "", "2018-12-31": "", "2017-12-31": "", "2016-12-31": "", "2015-12-31": "", "2014-12-31": "", "2013-12-31": "", "2012-12-31": "", "2011-12-31": "", "2010-12-31": "", "2009-12-31": "", "2008-12-31": "", "2007-12-31": "", "2006-12-31": "", "2005-12-31": ""}, "Net Acquisitions/Divestitures": {"2019-12-31": "", "2018-12-31": "-4.59200", "2017-12-31": "-10.01000", "2016-12-31": "-51.58800", "2015-12-31": "-661.42300", "2014-12-31": "-384.82800", "2013-12-31": "", "2012-12-31": "", "2011-12-31": "", "2010-12-31": "", "2009-12-31": "", "2008-12-31": "", "2007-12-31": "", "2006-12-31": "", "2005-12-31": ""}, "Net Change In Short-term Investments": {"2019-12-31": "1.77900", "2018-12-31": "0.89400", "2017-12-31": "-6.67600", "2016-12-31": "-0.52900", "2015-12-31": "75.91300", "2014-12-31": "-7.66500", "2013-12-31": "-7.18200", "2012-12-31": "0.15600", "2011-12-31": "188.00300", "2010-12-31": "21.41400", "2009-12-31": "80.58600", "2008-12-31": "-211.55800", "2007-12-31": "-19.71000", "2006-12-31": "-2.63100", "2005-12-31": "-46.60700"}, "Net Change In Long-Term Investments": {"2019-12-31": "-12.76200", "2018-12-31": "-2.65800", "2017-12-31": "60.59100", "2016-12-31": "-4.01100", "2015-12-31": "42.35900", "2014-12-31": "102.76900", "2013-12-31": "446.15500", "2012-12-31": "213.45100", "2011-12-31": "125.45200", "2010-12-31": "103.53800", "2009-12-31": "105.35800", "2008-12-31": "-106.86400", "2007-12-31": "-224.60000", "2006-12-31": "-468.86600", "2005-12-31": "-232.73300"}, "Net Change In Investments - Total": {"2019-12-31": "-10.98300", "2018-12-31": "-1.76400", "2017-12-31": "53.91500", "2016-12-31": "-4.54000", "2015-12-31": "118.27200", "2014-12-31": "95.10400", "2013-12-31": "438.97300", "2012-12-31": "213.60700", "2011-12-31": "313.45500", "2010-12-31": "124.95200", "2009-12-31": "185.94400", "2008-12-31": "-318.42200", "2007-12-31": "-244.31000", "2006-12-31": "-471.49700", "2005-12-31": "-279.34000"}, "Investing Activities - Other": {"2019-12-31": "11.90100", "2018-12-31": "37.53900", "2017-12-31": "1.40500", "2016-12-31": "331.79800", "2015-12-31": "327.37200", "2014-12-31": "-130.17700", "2013-12-31": "-291.01800", "2012-12-31": "-161.67700", "2011-12-31": "-133.16100", "2010-12-31": "-109.16600", "2009-12-31": "-68.50700", "2008-12-31": "15.99700", "2007-12-31": "95.67000", "2006-12-31": "1048.51100", "2005-12-31": "99.20900"}, "Cash Flow From Investing Activities": {"2019-12-31": "-120.42100", "2018-12-31": "253.64500", "2017-12-31": "-294.28000", "2016-12-31": "165.38300", "2015-12-31": "21.36500", "2014-12-31": "126.70500", "2013-12-31": "72.23500", "2012-12-31": "-51.00000", "2011-12-31": "-20.76000", "2010-12-31": "37.90400", "2009-12-31": "-343.23600", "2008-12-31": "-781.35000", "2007-12-31": "-1507.61100", "2006-12-31": "-246.22100", "2005-12-31": "-716.01500"}, "Net Long-Term Debt": {"2019-12-31": "347.27700", "2018-12-31": "-481.98200", "2017-12-31": "203.69700", "2016-12-31": "-581.74210", "2015-12-31": "165.77100", "2014-12-31": "-221.64600", "2013-12-31": "-169.33100", "2012-12-31": "-111.24600", "2011-12-31": "-160.87200", "2010-12-31": "-288.22800", "2009-12-31": "-185.68000", "2008-12-31": "-182.67700", "2007-12-31": "288.84200", "2006-12-31": "315.81500", "2005-12-31": "564.50500"}, "Net Current Debt": {"2019-12-31": "100.00000", "2018-12-31": "92.25400", "2017-12-31": "-17.14300", "2016-12-31": "26.44500", "2015-12-31": "-100.00000", "2014-12-31": "-94.35400", "2013-12-31": "-57.77500", "2012-12-31": "8.55900", "2011-12-31": "112.13700", "2010-12-31": "-11.30900", "2009-12-31": "-576.69200", "2008-12-31": "531.27290", "2007-12-31": "283.81600", "2006-12-31": "-335.55800", "2005-12-31": "53.70200"}, "Debt Issuance/Retirement Net - Total": {"2019-12-31": "447.27700", "2018-12-31": "-389.72800", "2017-12-31": "186.55400", "2016-12-31": "-555.29710", "2015-12-31": "65.77100", "2014-12-31": "-316.00000", "2013-12-31": "-227.10600", "2012-12-31": "-102.68700", "2011-12-31": "-48.73500", "2010-12-31": "-299.53700", "2009-12-31": "-762.37200", "2008-12-31": "348.59590", "2007-12-31": "572.65810", "2006-12-31": "-19.74300", "2005-12-31": "618.20700"}, "Net Common Equity Issued/Repurchased": {"2019-12-31": "204.01200", "2018-12-31": "-41.42100", "2017-12-31": "440.94600", "2016-12-31": "307.39500", "2015-12-31": "18.70800", "2014-12-31": "23.87400", "2013-12-31": "30.21000", "2012-12-31": "765.80100", "2011-12-31": "0.53400", "2010-12-31": "177.83700", "2009-12-31": "1064.44400", "2008-12-31": "451.00200", "2007-12-31": "485.22000", "2006-12-31": "451.80900", "2005-12-31": "48.97100"}, "Net Total Equity Issued/Repurchased": {"2019-12-31": "-370.98800", "2018-12-31": "-41.42100", "2017-12-31": "215.94600", "2016-12-31": "307.39500", "2015-12-31": "-156.29200", "2014-12-31": "23.87400", "2013-12-31": "30.21000", "2012-12-31": "130.80100", "2011-12-31": "0.53400", "2010-12-31": "177.83700", "2009-12-31": "1064.44400", "2008-12-31": "451.00200", "2007-12-31": "485.22000", "2006-12-31": "451.80900", "2005-12-31": "48.97100"}, "Total Common And Preferred Stock Dividends Paid": {"2019-12-31": "-531.56500", "2018-12-31": "-529.75600", "2017-12-31": "-506.17200", "2016-12-31": "-474.04500", "2015-12-31": "-455.83300", "2014-12-31": "-427.87300", "2013-12-31": "-400.35400", "2012-12-31": "-382.72200", "2011-12-31": "-353.76400", "2010-12-31": "-306.96400", "2009-12-31": "-331.02400", "2008-12-31": "-469.02400", "2007-12-31": "-384.50200", "2006-12-31": "-332.55200", "2005-12-31": "-293.34500"}, "Financial Activities - Other": {"2019-12-31": "-27.56500", "2018-12-31": "-25.60800", "2017-12-31": "-120.20200", "2016-12-31": "-82.58000", "2015-12-31": "33.50000", "2014-12-31": "2.50500", "2013-12-31": "-38.12700", "2012-12-31": "-44.45300", "2011-12-31": "-38.16000", "2010-12-31": "-86.07900", "2009-12-31": "-45.51300", "2008-12-31": "-68.14500", "2007-12-31": "-89.32000", "2006-12-31": "-40.07000", "2005-12-31": "-30.56200"}, "Cash Flow From Financial Activities": {"2019-12-31": "-482.84100", "2018-12-31": "-986.51300", "2017-12-31": "-223.87400", "2016-12-31": "-804.52700", "2015-12-31": "-512.85400", "2014-12-31": "-717.49400", "2013-12-31": "-635.37700", "2012-12-31": "-399.06100", "2011-12-31": "-440.12500", "2010-12-31": "-514.74300", "2009-12-31": "-74.46500", "2008-12-31": "262.42900", "2007-12-31": "584.05600", "2006-12-31": "59.44400", "2005-12-31": "343.27100"}, "Net Cash Flow": {"2019-12-31": "-19.63400", "2018-12-31": "-94.93200", "2017-12-31": "96.02700", "2016-12-31": "-47.04800", "2015-12-31": "2.21200", "2014-12-31": "38.55400", "2013-12-31": "6.89300", "2012-12-31": "28.99300", "2011-12-31": "-12.27200", "2010-12-31": "3.09600", "2009-12-31": "-14.11900", "2008-12-31": "48.67800", "2007-12-31": "-257.56600", "2006-12-31": "268.79200", "2005-12-31": "38.05300"}, "Stock-Based Compensation": {"2019-12-31": "", "2018-12-31": "", "2017-12-31": "", "2016-12-31": "", "2015-12-31": "", "2014-12-31": "", "2013-12-31": "", "2012-12-31": "", "2011-12-31": "", "2010-12-31": "", "2009-12-31": "", "2008-12-31": "", "2007-12-31": "", "2006-12-31": "", "2005-12-31": ""}, "Common Stock Dividends Paid": {"2019-12-31": "-531.56500", "2018-12-31": "-529.75600", "2017-12-31": "-506.17200", "2016-12-31": "-474.04500", "2015-12-31": "-455.83300", "2014-12-31": "-427.87300", "2013-12-31": "-400.35400", "2012-12-31": "-382.72200", "2011-12-31": "-353.76400", "2010-12-31": "-306.96400", "2009-12-31": "-331.02400", "2008-12-31": "-469.02400", "2007-12-31": "-384.50200", "2006-12-31": "-332.55200", "2005-12-31": "-293.34500"}}, "cash flow statement, quarterly": {"Net Income/Loss": {"2020-09-30": -37.429, "2020-06-30": 748.118, "2020-03-31": "90.38900", "2019-12-31": 110.043, "2019-09-30": 85.453, "2019-06-30": 101.387, "2019-03-31": "116.67800", "2018-12-31": 87.947, "2018-09-30": 100.725, "2018-06-30": 165.809, "2018-03-31": "143.98200", "2017-12-31": 84.566, "2017-09-30": 122.216, "2017-06-30": 154.674, "2017-03-31": "78.21500", "2016-12-31": 80.686, "2016-09-30": -41.548, "2016-06-30": 204.846, "2016-03-31": "142.15400", "2015-12-31": 378.711, "2015-09-30": 81.084, "2015-06-30": 127.609, "2015-03-31": "312.73900", "2014-12-31": 50.761, "2014-09-30": 197.309, "2014-06-30": 91.95, "2014-03-31": "95.86000", "2013-12-31": 60.385, "2013-09-30": 57.188, "2013-06-30": 53.272, "2013-03-31": "70.50800", "2012-12-31": 91.655, "2012-09-30": 57.085, "2012-06-30": 72.387, "2012-03-31": "59.14800", "2011-12-31": 50.159, "2011-09-30": 58.595, "2011-06-30": 41.314, "2011-03-31": "32.02200", "2010-12-31": 46.676, "2010-09-30": 32.988, "2010-06-30": 27.277, "2010-03-31": "54.71000", "2009-12-31": 52.491, "2009-09-30": 43.645, "2009-06-30": -131.867, "2009-03-31": "41.79200", "2008-12-31": -52.639, "2008-09-30": 120.59, "2008-06-30": 100.473, "2008-03-31": "107.98000", "2007-12-31": 127.105, "2007-09-30": 78.004, "2007-06-30": 128.023, "2007-03-31": "153.76400", "2006-12-31": 131.899, "2006-09-30": 91.421, "2006-06-30": 108.744, "2006-03-31": "96.19500", "2005-12-31": 107.667, "2005-09-30": 85.344, "2005-06-30": 83.837, "2005-03-31": "86.78000"}, "Total Depreciation And Amortization - Cash Flow": {"2020-09-30": 71.704, "2020-06-30": 73.559, "2020-03-31": "69.39700", "2019-12-31": 68.439, "2019-09-30": 68.874, "2019-06-30": 69.005, "2019-03-31": "71.56100", "2018-12-31": 74.266, "2018-09-30": 74.972, "2018-06-30": 79.76, "2018-03-31": "81.38200", "2017-12-31": 85.024, "2017-09-30": 88.443, "2017-06-30": 95.27, "2017-03-31": "92.07400", "2016-12-31": 90.884, "2016-09-30": 96.827, "2016-06-30": 82.753, "2016-03-31": "84.85600", "2015-12-31": 86.095, "2015-09-30": 103.708, "2015-06-30": 80.155, "2015-03-31": "74.56900", "2014-12-31": 73.179, "2014-09-30": 70.618, "2014-06-30": 67.63, "2014-03-31": "61.66600", "2013-12-31": 66.435, "2013-09-30": 64.378, "2013-06-30": 64.269, "2013-03-31": "62.77300", "2012-12-31": 64.778, "2012-09-30": 66.773, "2012-06-30": 66.306, "2012-03-31": "64.88500", "2011-12-31": 62.327, "2011-09-30": 60.526, "2011-06-30": 61.954, "2011-03-31": "66.33200", "2010-12-31": 62.603, "2010-09-30": 61.863, "2010-06-30": 61.581, "2010-03-31": "61.59000", "2009-12-31": 59.723, "2009-09-30": 56.639, "2009-06-30": 55.274, "2009-03-31": "56.14000", "2008-12-31": 52.915, "2008-09-30": 53.02, "2008-06-30": 51.33, "2008-03-31": "49.25300", "2007-12-31": 53.386, "2007-09-30": 48.563, "2007-06-30": 47.103, "2007-03-31": "42.21800", "2006-12-31": 42.274, "2006-09-30": 36.966, "2006-06-30": 35.84, "2006-03-31": "29.68700", "2005-12-31": 27.479, "2005-09-30": 26.671, "2005-06-30": 27.709, "2005-03-31": "26.18300"}, "Other Non-Cash Items": {"2020-09-30": 149.162, "2020-06-30": -703.55, "2020-03-31": "16.32000", "2019-12-31": -19.361, "2019-09-30": 12.668, "2019-06-30": 2.454, "2019-03-31": "-10.39700", "2018-12-31": -0.128, "2018-09-30": -15.803, "2018-06-30": -63.439, "2018-03-31": "-36.37100", "2017-12-31": -5.263, "2017-09-30": -47.671, "2017-06-30": -84.097, "2017-03-31": "-5.78800", "2016-12-31": -0.65, "2016-09-30": 99.977, "2016-06-30": -121.187, "2016-03-31": "-71.16800", "2015-12-31": -351.132, "2015-09-30": -22.019, "2015-06-30": -41.839, "2015-03-31": "-228.79800", "2014-12-31": 69.845, "2014-09-30": -100.134, "2014-06-30": 13.932, "2014-03-31": "14.02800", "2013-12-31": 24.721, "2013-09-30": 83.589, "2013-06-30": 49.126, "2013-03-31": "-15.47100", "2012-12-31": -9.413, "2012-09-30": -9.748, "2012-06-30": 4.266, "2012-03-31": "10.26400", "2011-12-31": 18.906, "2011-09-30": 6.822, "2011-06-30": 9.839, "2011-03-31": "14.88600", "2010-12-31": 69.013, "2010-09-30": -4.338, "2010-06-30": 30.461, "2010-03-31": "4.95600", "2009-12-31": 48.53, "2009-09-30": 18.358, "2009-06-30": 184.809, "2009-03-31": "13.60700", "2008-12-31": 177.443, "2008-09-30": -23.9, "2008-06-30": -3.883, "2008-03-31": "-11.17000", "2007-12-31": -15.517, "2007-09-30": 12.633, "2007-06-30": 22.296, "2007-03-31": "49.83300", "2006-12-31": -40.378, "2006-09-30": -25.839, "2006-06-30": -18.894, "2006-03-31": "-12.54400", "2005-12-31": -14.827, "2005-09-30": -13.701, "2005-06-30": -8.122, "2005-03-31": "-12.44400"}, "Total Non-Cash Items": {"2020-09-30": 220.866, "2020-06-30": -629.991, "2020-03-31": "85.71700", "2019-12-31": 49.078, "2019-09-30": 81.542, "2019-06-30": 71.459, "2019-03-31": "61.16400", "2018-12-31": 74.138, "2018-09-30": 59.169, "2018-06-30": 16.321, "2018-03-31": "45.01100", "2017-12-31": 79.761, "2017-09-30": 40.772, "2017-06-30": 11.173, "2017-03-31": "86.28600", "2016-12-31": 90.234, "2016-09-30": 196.804, "2016-06-30": -38.434, "2016-03-31": "13.68800", "2015-12-31": -265.037, "2015-09-30": 81.689, "2015-06-30": 38.316, "2015-03-31": "-154.22900", "2014-12-31": 143.024, "2014-09-30": -29.516, "2014-06-30": 81.562, "2014-03-31": "75.69400", "2013-12-31": 91.156, "2013-09-30": 147.967, "2013-06-30": 113.395, "2013-03-31": "47.30200", "2012-12-31": 55.365, "2012-09-30": 57.025, "2012-06-30": 70.572, "2012-03-31": "75.14900", "2011-12-31": 81.233, "2011-09-30": 67.348, "2011-06-30": 71.793, "2011-03-31": "81.21800", "2010-12-31": 131.616, "2010-09-30": 57.525, "2010-06-30": 92.042, "2010-03-31": "66.54600", "2009-12-31": 108.253, "2009-09-30": 74.997, "2009-06-30": 240.083, "2009-03-31": "69.74700", "2008-12-31": 230.358, "2008-09-30": 29.12, "2008-06-30": 47.447, "2008-03-31": "38.08300", "2007-12-31": 37.869, "2007-09-30": 61.196, "2007-06-30": 69.399, "2007-03-31": "92.05100", "2006-12-31": 1.896, "2006-09-30": 11.127, "2006-06-30": 16.946, "2006-03-31": "17.14300", "2005-12-31": 12.652, "2005-09-30": 12.97, "2005-06-30": 19.587, "2005-03-31": "13.73900"}, "Change In Accounts Receivable": {"2020-09-30": 10.286, "2020-06-30": -29.935, "2020-03-31": "-1.52600", "2019-12-31": -27.252, "2019-09-30": -9.067, "2019-06-30": 1.281, "2019-03-31": "0.87800", "2018-12-31": -1.088, "2018-09-30": -2.989, "2018-06-30": 4.082, "2018-03-31": "5.22400", "2017-12-31": -7.745, "2017-09-30": -5.105, "2017-06-30": -0.853, "2017-03-31": "5.76900", "2016-12-31": -10.35, "2016-09-30": 1.228, "2016-06-30": 1.304, "2016-03-31": "1.24700", "2015-12-31": -2.495, "2015-09-30": 5.011, "2015-06-30": 0.598, "2015-03-31": "-5.98100", "2014-12-31": -11.228, "2014-09-30": 0.99, "2014-06-30": -3.621, "2014-03-31": "5.79900", "2013-12-31": -4.201, "2013-09-30": 0.272, "2013-06-30": 4.112, "2013-03-31": "7.03000", "2012-12-31": -8.309, "2012-09-30": -7.071, "2012-06-30": 4.757, "2012-03-31": "13.56300", "2011-12-31": -14.089, "2011-09-30": -0.732, "2011-06-30": 4.501, "2011-03-31": "-8.95100", "2010-12-31": -3.993, "2010-09-30": -10.976, "2010-06-30": -1.642, "2010-03-31": "-0.77700", "2009-12-31": -10.749, "2009-09-30": -4.081, "2009-06-30": 6.391, "2009-03-31": "-11.43900", "2008-12-31": 7.006, "2008-09-30": -5.369, "2008-06-30": -4.261, "2008-03-31": "-7.08000", "2007-12-31": -3.879, "2007-09-30": 6.215, "2007-06-30": -5.877, "2007-03-31": "-1.33500", "2006-12-31": -8.089, "2006-09-30": -10.234, "2006-06-30": -1.059, "2006-03-31": "1.60400", "2005-12-31": -0.837, "2005-09-30": -4.245, "2005-06-30": -2.05, "2005-03-31": "-5.02400"}, "Change In Inventories": {"2020-09-30": 0, "2020-06-30": 0, "2020-03-31": "", "2019-12-31": 0, "2019-09-30": 0, "2019-06-30": 0, "2019-03-31": "", "2018-12-31": 0, "2018-09-30": 0, "2018-06-30": 0, "2018-03-31": "", "2017-12-31": 0, "2017-09-30": 0, "2017-06-30": 0, "2017-03-31": "", "2016-12-31": 0, "2016-09-30": 0, "2016-06-30": 0, "2016-03-31": "", "2015-12-31": 0, "2015-09-30": 0, "2015-06-30": 0, "2015-03-31": "", "2014-12-31": 0, "2014-09-30": 0, "2014-06-30": 0, "2014-03-31": "", "2013-12-31": 0, "2013-09-30": 0, "2013-06-30": 0, "2013-03-31": "", "2012-12-31": 0, "2012-09-30": 0, "2012-06-30": 0, "2012-03-31": "", "2011-12-31": 0, "2011-09-30": 0, "2011-06-30": 0, "2011-03-31": "", "2010-12-31": 0, "2010-09-30": 0, "2010-06-30": 0, "2010-03-31": "", "2009-12-31": 0, "2009-09-30": 0, "2009-06-30": 0, "2009-03-31": "", "2008-12-31": 0, "2008-09-30": 0, "2008-06-30": 0, "2008-03-31": "", "2007-12-31": 0, "2007-09-30": 0, "2007-06-30": 0, "2007-03-31": "", "2006-12-31": 0, "2006-09-30": 0, "2006-06-30": 0, "2006-03-31": "", "2005-12-31": 0, "2005-09-30": 0, "2005-06-30": 0, "2005-03-31": ""}, "Change In Accounts Payable": {"2020-09-30": 0, "2020-06-30": 0, "2020-03-31": "", "2019-12-31": 0, "2019-09-30": 0, "2019-06-30": 0, "2019-03-31": "", "2018-12-31": 0, "2018-09-30": 0, "2018-06-30": 0, "2018-03-31": "", "2017-12-31": 0, "2017-09-30": 0, "2017-06-30": 0, "2017-03-31": "", "2016-12-31": 0, "2016-09-30": 0, "2016-06-30": 0, "2016-03-31": "", "2015-12-31": 0, "2015-09-30": 0, "2015-06-30": 0, "2015-03-31": "", "2014-12-31": 0, "2014-09-30": 0, "2014-06-30": 0, "2014-03-31": "", "2013-12-31": 0, "2013-09-30": 0, "2013-06-30": 0, "2013-03-31": "", "2012-12-31": 0, "2012-09-30": 0, "2012-06-30": 0, "2012-03-31": "", "2011-12-31": 0, "2011-09-30": 0, "2011-06-30": 0, "2011-03-31": "", "2010-12-31": 0, "2010-09-30": 0, "2010-06-30": 0, "2010-03-31": "", "2009-12-31": 0, "2009-09-30": 0, "2009-06-30": 0, "2009-03-31": "", "2008-12-31": 0, "2008-09-30": 0, "2008-06-30": 0, "2008-03-31": "", "2007-12-31": 0, "2007-09-30": 0, "2007-06-30": 0, "2007-03-31": "", "2006-12-31": 0, "2006-09-30": 0, "2006-06-30": 0, "2006-03-31": "", "2005-12-31": 0, "2005-09-30": 0, "2005-06-30": 0, "2005-03-31": ""}, "Change In Assets/Liabilities": {"2020-09-30": -8.269, "2020-06-30": 0.439, "2020-03-31": "-24.78700", "2019-12-31": 2.426, "2019-09-30": -26.895, "2019-06-30": -4.637, "2019-03-31": "-26.29900", "2018-12-31": -4.145, "2018-09-30": -23.771, "2018-06-30": -10.995, "2018-03-31": "-12.30900", "2017-12-31": -2.75, "2017-09-30": -12.491, "2017-06-30": -3.621, "2017-03-31": "-21.10300", "2016-12-31": 18.817, "2016-09-30": 43.567, "2016-06-30": -75.259, "2016-03-31": "-29.00200", "2015-12-31": -41.581, "2015-09-30": -30.221, "2015-06-30": -31.252, "2015-03-31": "-1.42400", "2014-12-31": -26.835, "2014-09-30": -21.458, "2014-06-30": -11.673, "2014-03-31": "-8.18000", "2013-12-31": -52.259, "2013-09-30": 0.588, "2013-06-30": -43.614, "2013-03-31": "6.76800", "2012-12-31": -21.051, "2012-09-30": -9.682, "2012-06-30": -12.057, "2012-03-31": "-8.20100", "2011-12-31": 4.303, "2011-09-30": -11.579, "2011-06-30": 3.584, "2011-03-31": "-4.02400", "2010-12-31": -11.681, "2010-09-30": 12.875, "2010-06-30": -15.621, "2010-03-31": "-13.44100", "2009-12-31": -35.075, "2009-09-30": -18.371, "2009-06-30": -16.123, "2009-03-31": "-10.21300", "2008-12-31": -48.933, "2008-09-30": 19.817, "2008-06-30": -0.492, "2008-03-31": "-12.51800", "2007-12-31": -15.145, "2007-09-30": -12.174, "2007-06-30": 12.992, "2007-03-31": "-63.58000", "2006-12-31": -16.767, "2006-09-30": -7.628, "2006-06-30": -15.136, "2006-03-31": "-1.11200", "2005-12-31": -8.09, "2005-09-30": 2.748, "2005-06-30": -0.386, "2005-03-31": "-4.50100"}, "Total Change In Assets/Liabilities": {"2020-09-30": 45.058, "2020-06-30": -35.929, "2020-03-31": "-20.85700", "2019-12-31": -57.952, "2019-09-30": 1.935, "2019-06-30": -14.575, "2019-03-31": "-22.58400", "2018-12-31": -40.48, "2018-09-30": 4.451, "2018-06-30": -22.423, "2018-03-31": "3.28600", "2017-12-31": -43.962, "2017-09-30": 30.794, "2017-06-30": -22.865, "2017-03-31": "-7.44900", "2016-12-31": -23.35, "2016-09-30": 73.423, "2016-06-30": -87.521, "2016-03-31": "-18.88600", "2015-12-31": -82.615, "2015-09-30": 13.874, "2015-06-30": -43.02, "2015-03-31": "4.58000", "2014-12-31": -74.447, "2014-09-30": 16.115, "2014-06-30": -28.928, "2014-03-31": "9.95900", "2013-12-31": -115.347, "2013-09-30": 63.158, "2013-06-30": -51.024, "2013-03-31": "32.07500", "2012-12-31": -75.556, "2012-09-30": 18.048, "2012-06-30": -24.401, "2012-03-31": "22.57700", "2011-12-31": -50.694, "2011-09-30": 26.137, "2011-06-30": -12.114, "2011-03-31": "1.60200", "2010-12-31": -56.561, "2010-09-30": 37.957, "2010-06-30": -32.771, "2010-03-31": "21.93000", "2009-12-31": -79.11, "2009-09-30": 5.354, "2009-06-30": -25.169, "2009-03-31": "3.36600", "2008-12-31": -89.423, "2008-09-30": 58.292, "2008-06-30": -30.319, "2008-03-31": "7.63700", "2007-12-31": -59.312, "2007-09-30": 28.323, "2007-06-30": -1.094, "2007-03-31": "-49.33900", "2006-12-31": -39.099, "2006-09-30": 18.19, "2006-06-30": -18.682, "2006-03-31": "19.78900", "2005-12-31": -29.854, "2005-09-30": 27.993, "2005-06-30": -21.071, "2005-03-31": "11.15300"}, "Cash Flow From Operating Activities": {"2020-09-30": 228.495, "2020-06-30": 82.198, "2020-03-31": "155.24900", "2019-12-31": 101.169, "2019-09-30": 168.93, "2019-06-30": 158.271, "2019-03-31": "155.25800", "2018-12-31": 121.605, "2018-09-30": 164.345, "2018-06-30": 159.707, "2018-03-31": "192.27900", "2017-12-31": 120.365, "2017-09-30": 193.782, "2017-06-30": 142.982, "2017-03-31": "157.05200", "2016-12-31": 147.57, "2016-09-30": 228.679, "2016-06-30": 78.891, "2016-03-31": "136.95600", "2015-12-31": 31.059, "2015-09-30": 176.647, "2015-06-30": 122.905, "2015-03-31": "163.09000", "2014-12-31": 119.338, "2014-09-30": 183.908, "2014-06-30": 144.584, "2014-03-31": "181.51300", "2013-12-31": 36.194, "2013-09-30": 268.313, "2013-06-30": 115.643, "2013-03-31": "149.88500", "2012-12-31": 71.464, "2012-09-30": 132.158, "2012-06-30": 118.558, "2012-03-31": "156.87400", "2011-12-31": 80.698, "2011-09-30": 152.08, "2011-06-30": 100.993, "2011-03-31": "114.84200", "2010-12-31": 121.731, "2010-09-30": 128.47, "2010-06-30": 86.548, "2010-03-31": "143.18600", "2009-12-31": 81.634, "2009-09-30": 123.996, "2009-06-30": 83.047, "2009-03-31": "114.90500", "2008-12-31": 88.296, "2008-09-30": 208.002, "2008-06-30": 117.601, "2008-03-31": "153.70000", "2007-12-31": 105.662, "2007-09-30": 167.523, "2007-06-30": 196.328, "2007-03-31": "196.47600", "2006-12-31": 94.696, "2006-09-30": 120.738, "2006-06-30": 107.008, "2006-03-31": "133.12700", "2005-12-31": 90.465, "2005-09-30": 126.307, "2005-06-30": 82.353, "2005-03-31": "111.67200"}, "Net Change In Property, Plant, And Equipment": {"2020-09-30": -52.342, "2020-06-30": -54.377, "2020-03-31": "-65.36000", "2019-12-31": 29.1, "2019-09-30": -59.86, "2019-06-30": -85.017, "2019-03-31": "-5.56200", "2018-12-31": -0.059, "2018-09-30": 1.85, "2018-06-30": 134.693, "2018-03-31": "85.97800", "2017-12-31": -47.359, "2017-09-30": -129.989, "2017-06-30": -140.287, "2017-03-31": "-21.95500", "2016-12-31": -51.872, "2016-09-30": -93.242, "2016-06-30": 8.228, "2016-03-31": "26.59900", "2015-12-31": 730.062, "2015-09-30": -12.925, "2015-06-30": 8.102, "2015-03-31": "-488.09500", "2014-12-31": 719.517, "2014-09-30": 80.387, "2014-06-30": -207.261, "2014-03-31": "-46.03700", "2013-12-31": -62.231, "2013-09-30": 70.922, "2013-06-30": -18.139, "2013-03-31": "-66.27200", "2012-12-31": 44.168, "2012-09-30": -84.029, "2012-06-30": -15.424, "2012-03-31": "-47.64500", "2011-12-31": -77.731, "2011-09-30": -74.163, "2011-06-30": -12.025, "2011-03-31": "-37.13500", "2010-12-31": -67.303, "2010-09-30": -12.218, "2010-06-30": 130.023, "2010-03-31": "-28.38400", "2009-12-31": -312.121, "2009-09-30": -43.957, "2009-06-30": -54.131, "2009-03-31": "-50.46400", "2008-12-31": -87.049, "2008-09-30": -127.645, "2008-06-30": -150.908, "2008-03-31": "-113.32300", "2007-12-31": -153.46, "2007-09-30": -267.288, "2007-06-30": -630.473, "2007-03-31": "-307.75000", "2006-12-31": -147.217, "2006-09-30": -165.259, "2006-06-30": -88.324, "2006-03-31": "-422.43500", "2005-12-31": -239.363, "2005-09-30": -116.716, "2005-06-30": -152.295, "2005-03-31": "-27.51000"}, "Net Change In Intangible Assets": {"2020-09-30": 0, "2020-06-30": 0, "2020-03-31": "", "2019-12-31": 0, "2019-09-30": 0, "2019-06-30": 0, "2019-03-31": "", "2018-12-31": 0, "2018-09-30": 0, "2018-06-30": 0, "2018-03-31": "", "2017-12-31": 0, "2017-09-30": 0, "2017-06-30": 0, "2017-03-31": "", "2016-12-31": 0, "2016-09-30": 0, "2016-06-30": 0, "2016-03-31": "", "2015-12-31": 0, "2015-09-30": 0, "2015-06-30": 0, "2015-03-31": "", "2014-12-31": 0, "2014-09-30": 0, "2014-06-30": 0, "2014-03-31": "", "2013-12-31": 0, "2013-09-30": 0, "2013-06-30": 0, "2013-03-31": "", "2012-12-31": 0, "2012-09-30": 0, "2012-06-30": 0, "2012-03-31": "", "2011-12-31": 0, "2011-09-30": 0, "2011-06-30": 0, "2011-03-31": "", "2010-12-31": 0, "2010-09-30": 0, "2010-06-30": 0, "2010-03-31": "", "2009-12-31": 0, "2009-09-30": 0, "2009-06-30": 0, "2009-03-31": "", "2008-12-31": 0, "2008-09-30": 0, "2008-06-30": 0, "2008-03-31": "", "2007-12-31": 0, "2007-09-30": 0, "2007-06-30": 0, "2007-03-31": "", "2006-12-31": 0, "2006-09-30": 0, "2006-06-30": 0, "2006-03-31": "", "2005-12-31": 0, "2005-09-30": 0, "2005-06-30": 0, "2005-03-31": ""}, "Net Acquisitions/Divestitures": {"2020-09-30": 7.073, "2020-06-30": -7.073, "2020-03-31": "", "2019-12-31": 0, "2019-09-30": 0, "2019-06-30": 0, "2019-03-31": "", "2018-12-31": 0, "2018-09-30": 0, "2018-06-30": 0, "2018-03-31": "-4.59200", "2017-12-31": 0, "2017-09-30": 0, "2017-06-30": 34.424, "2017-03-31": "-44.43400", "2016-12-31": 0, "2016-09-30": -0.81, "2016-06-30": -45.445, "2016-03-31": "-5.33300", "2015-12-31": -658.349, "2015-09-30": -3.074, "2015-06-30": 0, "2015-03-31": "", "2014-12-31": -384.828, "2014-09-30": 0, "2014-06-30": 0, "2014-03-31": "", "2013-12-31": 0, "2013-09-30": 0, "2013-06-30": 0, "2013-03-31": "", "2012-12-31": 0, "2012-09-30": 0, "2012-06-30": 0, "2012-03-31": "", "2011-12-31": 0, "2011-09-30": 0, "2011-06-30": 0, "2011-03-31": "", "2010-12-31": 0, "2010-09-30": 0, "2010-06-30": 0, "2010-03-31": "", "2009-12-31": 0, "2009-09-30": 0, "2009-06-30": 0, "2009-03-31": "", "2008-12-31": 0, "2008-09-30": 0, "2008-06-30": 0, "2008-03-31": "", "2007-12-31": 0, "2007-09-30": 0, "2007-06-30": 0, "2007-03-31": "", "2006-12-31": 0, "2006-09-30": 0, "2006-06-30": 0, "2006-03-31": "", "2005-12-31": 0, "2005-09-30": 0, "2005-06-30": 0, "2005-03-31": ""}, "Net Change In Short-term Investments": {"2020-09-30": 0.025, "2020-06-30": 0.743, "2020-03-31": "0.16300", "2019-12-31": 0.103, "2019-09-30": 1.682, "2019-06-30": 0.112, "2019-03-31": "-0.11800", "2018-12-31": 0.28, "2018-09-30": 0.548, "2018-06-30": -0.063, "2018-03-31": "0.12900", "2017-12-31": 0.704, "2017-09-30": 0.596, "2017-06-30": -8.433, "2017-03-31": "0.45700", "2016-12-31": 0.03, "2016-09-30": -1.084, "2016-06-30": -1.325, "2016-03-31": "1.85000", "2015-12-31": 4.608, "2015-09-30": 12.244, "2015-06-30": 58.361, "2015-03-31": "0.70000", "2014-12-31": -6.889, "2014-09-30": 3.561, "2014-06-30": 0, "2014-03-31": "-4.33700", "2013-12-31": 15.606, "2013-09-30": 0.042, "2013-06-30": 10.594, "2013-03-31": "-33.42400", "2012-12-31": 0, "2012-09-30": 0.038, "2012-06-30": 0.034, "2012-03-31": "0.08400", "2011-12-31": 9.713, "2011-09-30": 0.011, "2011-06-30": 169.745, "2011-03-31": "8.53400", "2010-12-31": 24.119, "2010-09-30": -8.428, "2010-06-30": 1.27, "2010-03-31": "4.45300", "2009-12-31": 10.001, "2009-09-30": 53.158, "2009-06-30": 9.915, "2009-03-31": "7.51200", "2008-12-31": 0.177, "2008-09-30": -6.626, "2008-06-30": -13.067, "2008-03-31": "-192.04200", "2007-12-31": -17.253, "2007-09-30": 18.659, "2007-06-30": -6.739, "2007-03-31": "-14.37700", "2006-12-31": 7.143, "2006-09-30": 5.131, "2006-06-30": 7.34, "2006-03-31": "-22.24500", "2005-12-31": -3.337, "2005-09-30": 3.238, "2005-06-30": -8.333, "2005-03-31": "-38.17500"}, "Net Change In Long-Term Investments": {"2020-09-30": -7.314, "2020-06-30": -4.179, "2020-03-31": "-3.36800", "2019-12-31": 5.636, "2019-09-30": -1.161, "2019-06-30": -13.034, "2019-03-31": "-4.20300", "2018-12-31": 16.118, "2018-09-30": -18.855, "2018-06-30": 2.503, "2018-03-31": "-2.42400", "2017-12-31": 30.002, "2017-09-30": -1.682, "2017-06-30": 31.957, "2017-03-31": "0.31400", "2016-12-31": -35.878, "2016-09-30": -8.646, "2016-06-30": 26.96, "2016-03-31": "13.55300", "2015-12-31": -61.357, "2015-09-30": 97.055, "2015-06-30": 11.075, "2015-03-31": "-4.41400", "2014-12-31": -37.739, "2014-09-30": 15.323, "2014-06-30": 68.598, "2014-03-31": "56.58700", "2013-12-31": 40.338, "2013-09-30": 132.984, "2013-06-30": 273.643, "2013-03-31": "-0.81000", "2012-12-31": 55.042, "2012-09-30": 137.196, "2012-06-30": -24.525, "2012-03-31": "45.73800", "2011-12-31": 35.247, "2011-09-30": 47.848, "2011-06-30": 19.802, "2011-03-31": "22.55500", "2010-12-31": 29.648, "2010-09-30": 98.412, "2010-06-30": -15.309, "2010-03-31": "-9.21300", "2009-12-31": 115.433, "2009-09-30": 33.357, "2009-06-30": -3.241, "2009-03-31": "-40.19100", "2008-12-31": -68.639, "2008-09-30": -32.001, "2008-06-30": 1.662, "2008-03-31": "-7.88600", "2007-12-31": 3.18, "2007-09-30": -77.745, "2007-06-30": -128.052, "2007-03-31": "-21.98300", "2006-12-31": -196.395, "2006-09-30": -92.775, "2006-06-30": -61.493, "2006-03-31": "-118.20300", "2005-12-31": -88.498, "2005-09-30": -69.427, "2005-06-30": -53.857, "2005-03-31": "-20.95100"}, "Net Change In Investments - Total": {"2020-09-30": -7.289, "2020-06-30": -3.436, "2020-03-31": "-3.20500", "2019-12-31": 5.739, "2019-09-30": 0.521, "2019-06-30": -12.922, "2019-03-31": "-4.32100", "2018-12-31": 16.398, "2018-09-30": -18.307, "2018-06-30": 2.44, "2018-03-31": "-2.29500", "2017-12-31": 30.706, "2017-09-30": -1.086, "2017-06-30": 23.524, "2017-03-31": "0.77100", "2016-12-31": -35.848, "2016-09-30": -9.73, "2016-06-30": 25.635, "2016-03-31": "15.40300", "2015-12-31": -56.749, "2015-09-30": 109.299, "2015-06-30": 69.436, "2015-03-31": "-3.71400", "2014-12-31": -44.628, "2014-09-30": 18.884, "2014-06-30": 68.598, "2014-03-31": "52.25000", "2013-12-31": 55.944, "2013-09-30": 133.026, "2013-06-30": 284.237, "2013-03-31": "-34.23400", "2012-12-31": 55.042, "2012-09-30": 137.234, "2012-06-30": -24.491, "2012-03-31": "45.82200", "2011-12-31": 44.96, "2011-09-30": 47.859, "2011-06-30": 189.547, "2011-03-31": "31.08900", "2010-12-31": 53.767, "2010-09-30": 89.984, "2010-06-30": -14.039, "2010-03-31": "-4.76000", "2009-12-31": 125.434, "2009-09-30": 86.515, "2009-06-30": 6.674, "2009-03-31": "-32.67900", "2008-12-31": -68.462, "2008-09-30": -38.627, "2008-06-30": -11.405, "2008-03-31": "-199.92800", "2007-12-31": -14.073, "2007-09-30": -59.086, "2007-06-30": -134.791, "2007-03-31": "-36.36000", "2006-12-31": -189.252, "2006-09-30": -87.644, "2006-06-30": -54.153, "2006-03-31": "-140.44800", "2005-12-31": -91.835, "2005-09-30": -66.189, "2005-06-30": -62.19, "2005-03-31": "-59.12600"}, "Investing Activities - Other": {"2020-09-30": -0.659, "2020-06-30": 228.036, "2020-03-31": "2.01200", "2019-12-31": 6.047, "2019-09-30": -1.449, "2019-06-30": 12.962, "2019-03-31": "-5.65900", "2018-12-31": 6.551, "2018-09-30": 19.061, "2018-06-30": 11.592, "2018-03-31": "0.33500", "2017-12-31": 0.645, "2017-09-30": 0.246, "2017-06-30": 0.271, "2017-03-31": "0.24300", "2016-12-31": 4.86, "2016-09-30": 40.676, "2016-06-30": 195.129, "2016-03-31": "91.13300", "2015-12-31": 471.884, "2015-09-30": -79.302, "2015-06-30": 50.437, "2015-03-31": "-115.64700", "2014-12-31": -91.263, "2014-09-30": 0.615, "2014-06-30": -27.49, "2014-03-31": "-12.03900", "2013-12-31": 8.236, "2013-09-30": -36.21, "2013-06-30": -201.953, "2013-03-31": "-61.09100", "2012-12-31": -20.16, "2012-09-30": -38.372, "2012-06-30": -72.489, "2012-03-31": "-30.65600", "2011-12-31": -67.538, "2011-09-30": -7.758, "2011-06-30": -10.663, "2011-03-31": "-47.20200", "2010-12-31": -22.651, "2010-09-30": -108.686, "2010-06-30": 20.519, "2010-03-31": "1.65200", "2009-12-31": -101.587, "2009-09-30": 25.692, "2009-06-30": 4.069, "2009-03-31": "3.31900", "2008-12-31": 16.485, "2008-09-30": 31.7, "2008-06-30": -32.684, "2008-03-31": "0.49600", "2007-12-31": 21.365, "2007-09-30": -10.621, "2007-06-30": 65.266, "2007-03-31": "19.66000", "2006-12-31": 1045.091, "2006-09-30": 31.453, "2006-06-30": -66.448, "2006-03-31": "38.41500", "2005-12-31": 7.84, "2005-09-30": 23.293, "2005-06-30": 25.834, "2005-03-31": "42.24200"}, "Cash Flow From Investing Activities": {"2020-09-30": -53.217, "2020-06-30": 163.15, "2020-03-31": "-66.55300", "2019-12-31": 40.886, "2019-09-30": -60.788, "2019-06-30": -84.977, "2019-03-31": "-15.54200", "2018-12-31": 22.89, "2018-09-30": 2.604, "2018-06-30": 148.725, "2018-03-31": "79.42600", "2017-12-31": -16.008, "2017-09-30": -130.829, "2017-06-30": -82.068, "2017-03-31": "-65.37500", "2016-12-31": -82.86, "2016-09-30": -63.106, "2016-06-30": 183.547, "2016-03-31": "127.80200", "2015-12-31": 486.848, "2015-09-30": 13.998, "2015-06-30": 127.975, "2015-03-31": "-607.45600", "2014-12-31": 198.798, "2014-09-30": 99.886, "2014-06-30": -166.153, "2014-03-31": "-5.82600", "2013-12-31": 1.949, "2013-09-30": 167.738, "2013-06-30": 64.145, "2013-03-31": "-161.59700", "2012-12-31": 79.05, "2012-09-30": 14.833, "2012-06-30": -112.404, "2012-03-31": "-32.47900", "2011-12-31": -100.309, "2011-09-30": -34.062, "2011-06-30": 166.859, "2011-03-31": "-53.24800", "2010-12-31": -36.187, "2010-09-30": -30.92, "2010-06-30": 136.503, "2010-03-31": "-31.49200", "2009-12-31": -288.274, "2009-09-30": 68.25, "2009-06-30": -43.388, "2009-03-31": "-79.82400", "2008-12-31": -139.026, "2008-09-30": -134.572, "2008-06-30": -194.997, "2008-03-31": "-312.75500", "2007-12-31": -146.168, "2007-09-30": -336.995, "2007-06-30": -699.998, "2007-03-31": "-324.45000", "2006-12-31": 708.622, "2006-09-30": -221.45, "2006-06-30": -208.925, "2006-03-31": "-524.46800", "2005-12-31": -323.358, "2005-09-30": -159.612, "2005-06-30": -188.651, "2005-03-31": "-44.39400"}, "Net Long-Term Debt": {"2020-09-30": 17.3691, "2020-06-30": 309.557, "2020-03-31": "-78.42300", "2019-12-31": 3.988, "2019-09-30": 348.517, "2019-06-30": -2.167, "2019-03-31": "-3.06100", "2018-12-31": 15.497, "2018-09-30": -309.053, "2018-06-30": -23.394, "2018-03-31": "-165.03200", "2017-12-31": -100.8679, "2017-09-30": 626.2659, "2017-06-30": -408.057, "2017-03-31": "86.35600", "2016-12-31": 247.5029, "2016-09-30": -435.562, "2016-06-30": 13.493, "2016-03-31": "-407.17600", "2015-12-31": 232.3731, "2015-09-30": -243.2461, "2015-06-30": -266.915, "2015-03-31": "443.55900", "2014-12-31": -51.142, "2014-09-30": -568.704, "2014-06-30": 476.729, "2014-03-31": "-78.52900", "2013-12-31": -229.394, "2013-09-30": -244.163, "2013-06-30": 421.862, "2013-03-31": "-117.63600", "2012-12-31": -270.619, "2012-09-30": 191.28, "2012-06-30": 49.177, "2012-03-31": "-81.08400", "2011-12-31": -44.625, "2011-09-30": -93.411, "2011-06-30": -18.144, "2011-03-31": "-4.69200", "2010-12-31": -18.502, "2010-09-30": -125.217, "2010-06-30": -97.814, "2010-03-31": "-46.69500", "2009-12-31": -245.392, "2009-09-30": -164.774, "2009-06-30": 324.846, "2009-03-31": "-100.36000", "2008-12-31": -28.875, "2008-09-30": -135.104, "2008-06-30": -37.598, "2008-03-31": "18.90000", "2007-12-31": 109.228, "2007-09-30": 2.113, "2007-06-30": 169.942, "2007-03-31": "7.55900", "2006-12-31": -60.837, "2006-09-30": 29.068, "2006-06-30": -14.307, "2006-03-31": "361.89100", "2005-12-31": 184.512, "2005-09-30": 61.182, "2005-06-30": 181.52, "2005-03-31": "137.29100"}, "Net Current Debt": {"2020-09-30": 0, "2020-06-30": -675, "2020-03-31": "475.00000", "2019-12-31": 0, "2019-09-30": 65, "2019-06-30": 35, "2019-03-31": "", "2018-12-31": -30, "2018-09-30": 130, "2018-06-30": -7.746, "2018-03-31": "", "2017-12-31": -17.101, "2017-09-30": -450, "2017-06-30": 465, "2017-03-31": "-15.04200", "2016-12-31": -200.002, "2016-09-30": 126.428, "2016-06-30": -79.981, "2016-03-31": "180.00000", "2015-12-31": -425, "2015-09-30": 200, "2015-06-30": 85, "2015-03-31": "40.00000", "2014-12-31": -150, "2014-09-30": 350.216, "2014-06-30": -426.858, "2014-03-31": "132.28800", "2013-12-31": 41.301, "2013-09-30": 154.149, "2013-06-30": -503.225, "2013-03-31": "250.00000", "2012-12-31": 235.117, "2012-09-30": -226.558, "2012-06-30": 185.57, "2012-03-31": "-185.57000", "2011-12-31": 98.811, "2011-09-30": 114.751, "2011-06-30": -166.139, "2011-03-31": "64.71400", "2010-12-31": -20.715, "2010-09-30": -31.908, "2010-06-30": 1.167, "2010-03-31": "40.14700", "2009-12-31": 139.0969, "2009-09-30": -38.1679, "2009-06-30": -889.123, "2009-03-31": "211.50200", "2008-12-31": 267.7159, "2008-09-30": -238.961, "2008-06-30": 190.155, "2008-03-31": "312.36300", "2007-12-31": -342.615, "2007-09-30": 201.835, "2007-06-30": 425.534, "2007-03-31": "-0.93800", "2006-12-31": -416.802, "2006-09-30": 144.595, "2006-06-30": 169.774, "2006-03-31": "-233.12500", "2005-12-31": 130.712, "2005-09-30": 69.729, "2005-06-30": -52.637, "2005-03-31": "-94.10200"}, "Debt Issuance/Retirement Net - Total": {"2020-09-30": 17.3691, "2020-06-30": -365.443, "2020-03-31": "396.57700", "2019-12-31": 3.988, "2019-09-30": 413.517, "2019-06-30": 32.833, "2019-03-31": "-3.06100", "2018-12-31": -14.503, "2018-09-30": -179.053, "2018-06-30": -31.14, "2018-03-31": "-165.03200", "2017-12-31": -117.9689, "2017-09-30": 176.2659, "2017-06-30": 56.943, "2017-03-31": "71.31400", "2016-12-31": 47.5009, "2016-09-30": -309.134, "2016-06-30": -66.488, "2016-03-31": "-227.17600", "2015-12-31": -192.6269, "2015-09-30": -43.2461, "2015-06-30": -181.915, "2015-03-31": "483.55900", "2014-12-31": -201.142, "2014-09-30": -218.488, "2014-06-30": 49.871, "2014-03-31": "53.75900", "2013-12-31": -188.093, "2013-09-30": -90.014, "2013-06-30": -81.363, "2013-03-31": "132.36400", "2012-12-31": -35.502, "2012-09-30": -35.278, "2012-06-30": 234.747, "2012-03-31": "-266.65400", "2011-12-31": 54.186, "2011-09-30": 21.34, "2011-06-30": -184.283, "2011-03-31": "60.02200", "2010-12-31": -39.217, "2010-09-30": -157.125, "2010-06-30": -96.647, "2010-03-31": "-6.54800", "2009-12-31": -106.2951, "2009-09-30": -202.9419, "2009-06-30": -564.277, "2009-03-31": "111.14200", "2008-12-31": 238.8409, "2008-09-30": -374.065, "2008-06-30": 152.557, "2008-03-31": "331.26300", "2007-12-31": -233.3869, "2007-09-30": 203.948, "2007-06-30": 595.476, "2007-03-31": "6.62100", "2006-12-31": -477.639, "2006-09-30": 173.663, "2006-06-30": 155.467, "2006-03-31": "128.76600", "2005-12-31": 315.224, "2005-09-30": 130.911, "2005-06-30": 128.883, "2005-03-31": "43.18900"}, "Net Common Equity Issued/Repurchased": {"2020-09-30": 0, "2020-06-30": 0, "2020-03-31": "0.98100", "2019-12-31": 200.661, "2019-09-30": 1.54, "2019-06-30": 1.13, "2019-03-31": "0.68100", "2018-12-31": 0.104, "2018-09-30": 0.457, "2018-06-30": -50.85, "2018-03-31": "8.86800", "2017-12-31": 222.196, "2017-09-30": 217.777, "2017-06-30": 0.412, "2017-03-31": "0.56100", "2016-12-31": 0.586, "2016-09-30": 150.296, "2016-06-30": 45.102, "2016-03-31": "111.41100", "2015-12-31": 3.141, "2015-09-30": 2.095, "2015-06-30": 3.214, "2015-03-31": "10.25800", "2014-12-31": 7.787, "2014-09-30": 3.751, "2014-06-30": 9.033, "2014-03-31": "3.30300", "2013-12-31": 1.167, "2013-09-30": 1.101, "2013-06-30": 22.17, "2013-03-31": "5.77200", "2012-12-31": 171.645, "2012-09-30": 228.705, "2012-06-30": -0.454, "2012-03-31": "365.90500", "2011-12-31": -0.317, "2011-09-30": -0.492, "2011-06-30": 0.619, "2011-03-31": "0.72400", "2010-12-31": 6.72, "2010-09-30": 170.757, "2010-06-30": 0.149, "2010-03-31": "0.21100", "2009-12-31": 345.907, "2009-09-30": 0.717, "2009-06-30": 717.776, "2009-03-31": "0.04400", "2008-12-31": 6.144, "2008-09-30": 421.55, "2008-06-30": 14.874, "2008-03-31": "8.43400", "2007-12-31": 447.954, "2007-09-30": 9.196, "2007-06-30": 5.387, "2007-03-31": "22.68300", "2006-12-31": 7.301, "2006-09-30": 12.605, "2006-06-30": 3.933, "2006-03-31": "427.97000", "2005-12-31": 12.094, "2005-09-30": 8.501, "2005-06-30": 8.695, "2005-03-31": "19.68100"}, "Net Total Equity Issued/Repurchased": {"2020-09-30": 0, "2020-06-30": 0, "2020-03-31": "0.98100", "2019-12-31": -24.339, "2019-09-30": -348.46, "2019-06-30": 1.13, "2019-03-31": "0.68100", "2018-12-31": 0.104, "2018-09-30": 0.457, "2018-06-30": -50.85, "2018-03-31": "8.86800", "2017-12-31": 222.196, "2017-09-30": -7.223, "2017-06-30": 0.412, "2017-03-31": "0.56100", "2016-12-31": 0.586, "2016-09-30": 150.296, "2016-06-30": 45.102, "2016-03-31": "111.41100", "2015-12-31": -171.859, "2015-09-30": 2.095, "2015-06-30": 3.214, "2015-03-31": "10.25800", "2014-12-31": 7.787, "2014-09-30": 3.751, "2014-06-30": 9.033, "2014-03-31": "3.30300", "2013-12-31": 1.167, "2013-09-30": 1.101, "2013-06-30": 22.17, "2013-03-31": "5.77200", "2012-12-31": -288.355, "2012-09-30": 53.705, "2012-06-30": -0.454, "2012-03-31": "365.90500", "2011-12-31": -0.317, "2011-09-30": -0.492, "2011-06-30": 0.619, "2011-03-31": "0.72400", "2010-12-31": 6.72, "2010-09-30": 170.757, "2010-06-30": 0.149, "2010-03-31": "0.21100", "2009-12-31": 345.907, "2009-09-30": 0.717, "2009-06-30": 717.776, "2009-03-31": "0.04400", "2008-12-31": 6.144, "2008-09-30": 421.55, "2008-06-30": 14.874, "2008-03-31": "8.43400", "2007-12-31": 447.954, "2007-09-30": 9.196, "2007-06-30": 5.387, "2007-03-31": "22.68300", "2006-12-31": 7.301, "2006-09-30": 12.605, "2006-06-30": 3.933, "2006-03-31": "427.97000", "2005-12-31": 12.094, "2005-09-30": 8.501, "2005-06-30": 8.695, "2005-03-31": "19.68100"}, "Total Common And Preferred Stock Dividends Paid": {"2020-09-30": -49.604, "2020-06-30": -127.461, "2020-03-31": "-127.25500", "2019-12-31": -130.285, "2019-09-30": -136.054, "2019-06-30": -132.705, "2019-03-31": "-132.52100", "2018-12-31": -132.524, "2018-09-30": -132.521, "2018-06-30": -134.47, "2018-03-31": "-130.24100", "2017-12-31": -124.99, "2017-09-30": -128.389, "2017-06-30": -126.478, "2017-03-31": "-126.31500", "2016-12-31": -119.933, "2016-09-30": -118.654, "2016-06-30": -118.428, "2016-03-31": "-117.03000", "2015-12-31": -115.088, "2015-09-30": -113.722, "2015-06-30": -113.623, "2015-03-31": "-113.40000", "2014-12-31": -107.124, "2014-09-30": -107.05, "2014-06-30": -106.937, "2014-03-31": "-106.76200", "2013-12-31": -100.6, "2013-09-30": -100.59, "2013-06-30": -101.42, "2013-03-31": "-97.74400", "2012-12-31": -97.63, "2012-09-30": -100.785, "2012-06-30": -92.149, "2012-03-31": "-92.15800", "2011-12-31": -88.09, "2011-09-30": -88.094, "2011-06-30": -88.079, "2011-03-31": "-89.50100", "2010-12-31": -76.772, "2010-09-30": -76.754, "2010-06-30": -76.732, "2010-03-31": "-76.70600", "2009-12-31": -34.425, "2009-09-30": -34.403, "2009-06-30": -131.099, "2009-03-31": "-131.09700", "2008-12-31": -128.964, "2008-09-30": -113.423, "2008-06-30": -113.199, "2008-03-31": "-113.43800", "2007-12-31": -103.976, "2007-09-30": -93.697, "2007-06-30": -93.607, "2007-03-31": "-93.22200", "2006-12-31": -89.802, "2006-09-30": -82.323, "2006-06-30": -82.258, "2006-03-31": "-78.16900", "2005-12-31": -77.904, "2005-09-30": -72.052, "2005-06-30": -71.892, "2005-03-31": "-71.49700"}, "Financial Activities - Other": {"2020-09-30": -19.753, "2020-06-30": -2.553, "2020-03-31": "-31.15000", "2019-12-31": -8.782, "2019-09-30": -9.826, "2019-06-30": -4.234, "2019-03-31": "-4.72300", "2018-12-31": -0.377, "2018-09-30": -15.023, "2018-06-30": -4.708, "2018-03-31": "-5.50000", "2017-12-31": -1.669, "2017-09-30": -90.118, "2017-06-30": -16.146, "2017-03-31": "-12.26900", "2016-12-31": -20.923, "2016-09-30": -55.351, "2016-06-30": -6.809, "2016-03-31": "0.50300", "2015-12-31": -29.712, "2015-09-30": -0.691, "2015-06-30": -33.701, "2015-03-31": "97.60400", "2014-12-31": 15.475, "2014-09-30": 0, "2014-06-30": -7.126, "2014-03-31": "-5.84400", "2013-12-31": -3.579, "2013-09-30": -1.268, "2013-06-30": -29.619, "2013-03-31": "-3.66100", "2012-12-31": -16.681, "2012-09-30": -18.833, "2012-06-30": -6.869, "2012-03-31": "-2.07000", "2011-12-31": -13.484, "2011-09-30": -14.641, "2011-06-30": -0.08, "2011-03-31": "-9.95500", "2010-12-31": -9.237, "2010-09-30": -11.595, "2010-06-30": -51.975, "2010-03-31": "-13.27200", "2009-12-31": -17.246, "2009-09-30": -3.786, "2009-06-30": -23.116, "2009-03-31": "-1.36500", "2008-12-31": -53.205, "2008-09-30": -6.584, "2008-06-30": -4.614, "2008-03-31": "-3.74200", "2007-12-31": -28.025, "2007-09-30": -14.067, "2007-06-30": -14.099, "2007-03-31": "-33.12900", "2006-12-31": -0.908, "2006-09-30": -22.784, "2006-06-30": -11.757, "2006-03-31": "-4.62100", "2005-12-31": -10.188, "2005-09-30": -11.492, "2005-06-30": -8.152, "2005-03-31": "-0.73000"}, "Cash Flow From Financial Activities": {"2020-09-30": -51.988, "2020-06-30": -495.457, "2020-03-31": "239.15300", "2019-12-31": -159.418, "2019-09-30": -80.823, "2019-06-30": -102.976, "2019-03-31": "-139.62400", "2018-12-31": -147.3, "2018-09-30": -326.14, "2018-06-30": -221.168, "2018-03-31": "-291.90500", "2017-12-31": -22.432, "2017-09-30": -49.464, "2017-06-30": -85.269, "2017-03-31": "-66.70900", "2016-12-31": -92.769, "2016-09-30": -332.843, "2016-06-30": -146.623, "2016-03-31": "-232.29200", "2015-12-31": -509.286, "2015-09-30": -155.564, "2015-06-30": -326.025, "2015-03-31": "478.02100", "2014-12-31": -285.004, "2014-09-30": -321.787, "2014-06-30": -55.159, "2014-03-31": "-55.54400", "2013-12-31": -291.105, "2013-09-30": -190.771, "2013-06-30": -190.232, "2013-03-31": "36.73100", "2012-12-31": -438.168, "2012-09-30": -101.191, "2012-06-30": 135.275, "2012-03-31": "5.02300", "2011-12-31": -47.705, "2011-09-30": -81.887, "2011-06-30": -271.823, "2011-03-31": "-38.71000", "2010-12-31": -118.506, "2010-09-30": -74.717, "2010-06-30": -225.205, "2010-03-31": "-96.31500", "2009-12-31": 187.941, "2009-09-30": -240.414, "2009-06-30": -0.716, "2009-03-31": "-21.27600", "2008-12-31": 62.816, "2008-09-30": -72.522, "2008-06-30": 49.618, "2008-03-31": "222.51700", "2007-12-31": 82.566, "2007-09-30": 105.38, "2007-06-30": 493.157, "2007-03-31": "-97.04700", "2006-12-31": -561.048, "2006-09-30": 81.161, "2006-06-30": 65.385, "2006-03-31": "473.94600", "2005-12-31": 239.226, "2005-09-30": 55.868, "2005-06-30": 57.534, "2005-03-31": "-9.35700"}, "Net Cash Flow": {"2020-09-30": 123.29, "2020-06-30": -250.109, "2020-03-31": "327.84900", "2019-12-31": -17.363, "2019-09-30": 27.319, "2019-06-30": -29.682, "2019-03-31": "0.09200", "2018-12-31": -2.805, "2018-09-30": -159.191, "2018-06-30": 87.264, "2018-03-31": "-20.20000", "2017-12-31": 81.925, "2017-09-30": 13.489, "2017-06-30": -24.355, "2017-03-31": "24.96800", "2016-12-31": -28.059, "2016-09-30": -167.27, "2016-06-30": 115.815, "2016-03-31": "32.46600", "2015-12-31": 8.621, "2015-09-30": 35.081, "2015-06-30": -75.145, "2015-03-31": "33.65500", "2014-12-31": 33.132, "2014-09-30": -37.993, "2014-06-30": -76.728, "2014-03-31": "120.14300", "2013-12-31": -252.962, "2013-09-30": 245.28, "2013-06-30": -10.444, "2013-03-31": "25.01900", "2012-12-31": -287.654, "2012-09-30": 45.8, "2012-06-30": 141.429, "2012-03-31": "129.41800", "2011-12-31": -67.316, "2011-09-30": 36.131, "2011-06-30": -3.971, "2011-03-31": "22.88400", "2010-12-31": -32.962, "2010-09-30": 22.833, "2010-06-30": -2.154, "2010-03-31": "15.37900", "2009-12-31": -18.699, "2009-09-30": -48.168, "2009-06-30": 38.943, "2009-03-31": "13.80500", "2008-12-31": 12.086, "2008-09-30": 0.908, "2008-06-30": -27.778, "2008-03-31": "63.46200", "2007-12-31": 42.06, "2007-09-30": -64.092, "2007-06-30": -10.513, "2007-03-31": "-225.02100", "2006-12-31": 242.27, "2006-09-30": -19.551, "2006-06-30": -36.532, "2006-03-31": "82.60500", "2005-12-31": 6.333, "2005-09-30": 22.563, "2005-06-30": -48.764, "2005-03-31": "57.92100"}, "Stock-Based Compensation": {"2020-09-30": 0, "2020-06-30": 0, "2020-03-31": "", "2019-12-31": 0, "2019-09-30": 0, "2019-06-30": 0, "2019-03-31": "", "2018-12-31": 0, "2018-09-30": 0, "2018-06-30": 0, "2018-03-31": "", "2017-12-31": 0, "2017-09-30": 0, "2017-06-30": 0, "2017-03-31": "", "2016-12-31": 0, "2016-09-30": 0, "2016-06-30": 0, "2016-03-31": "", "2015-12-31": 0, "2015-09-30": 0, "2015-06-30": 0, "2015-03-31": "", "2014-12-31": 0, "2014-09-30": 0, "2014-06-30": 0, "2014-03-31": "", "2013-12-31": 0, "2013-09-30": 0, "2013-06-30": 0, "2013-03-31": "", "2012-12-31": 0, "2012-09-30": 0, "2012-06-30": 0, "2012-03-31": "", "2011-12-31": 0, "2011-09-30": 0, "2011-06-30": 0, "2011-03-31": "", "2010-12-31": 0, "2010-09-30": 0, "2010-06-30": 0, "2010-03-31": "", "2009-12-31": 0, "2009-09-30": 0, "2009-06-30": 0, "2009-03-31": "", "2008-12-31": 0, "2008-09-30": 0, "2008-06-30": 0, "2008-03-31": "", "2007-12-31": 0, "2007-09-30": 0, "2007-06-30": 0, "2007-03-31": "", "2006-12-31": 0, "2006-09-30": 0, "2006-06-30": 0, "2006-03-31": "", "2005-12-31": 0, "2005-09-30": 0, "2005-06-30": 0, "2005-03-31": ""}, "Common Stock Dividends Paid": {"2020-09-30": -49.604, "2020-06-30": -127.461, "2020-03-31": "-127.25500", "2019-12-31": -130.285, "2019-09-30": -136.054, "2019-06-30": -132.705, "2019-03-31": "-132.52100", "2018-12-31": -132.524, "2018-09-30": -132.521, "2018-06-30": -134.47, "2018-03-31": "-130.24100", "2017-12-31": -124.99, "2017-09-30": -128.389, "2017-06-30": -126.478, "2017-03-31": "-126.31500", "2016-12-31": -119.933, "2016-09-30": -118.654, "2016-06-30": -118.428, "2016-03-31": "-117.03000", "2015-12-31": -115.088, "2015-09-30": -113.722, "2015-06-30": -113.623, "2015-03-31": "-113.40000", "2014-12-31": -107.124, "2014-09-30": -107.05, "2014-06-30": -106.937, "2014-03-31": "-106.76200", "2013-12-31": -100.6, "2013-09-30": -100.59, "2013-06-30": -101.42, "2013-03-31": "-97.74400", "2012-12-31": -97.63, "2012-09-30": -100.785, "2012-06-30": -92.149, "2012-03-31": "-92.15800", "2011-12-31": -88.09, "2011-09-30": -88.094, "2011-06-30": -88.079, "2011-03-31": "-89.50100", "2010-12-31": -76.772, "2010-09-30": -76.754, "2010-06-30": -76.732, "2010-03-31": "-76.70600", "2009-12-31": -34.425, "2009-09-30": -34.403, "2009-06-30": -131.099, "2009-03-31": "-131.09700", "2008-12-31": -128.964, "2008-09-30": -113.423, "2008-06-30": -113.199, "2008-03-31": "-113.43800", "2007-12-31": -103.976, "2007-09-30": -93.697, "2007-06-30": -93.607, "2007-03-31": "-93.22200", "2006-12-31": -89.802, "2006-09-30": -82.323, "2006-06-30": -82.258, "2006-03-31": "-78.16900", "2005-12-31": -77.904, "2005-09-30": -72.052, "2005-06-30": -71.892, "2005-03-31": "-71.49700"}}, "financial ratios": {"Current Ratio": {"2019-12-31": "", "2018-12-31": "", "2017-12-31": "", "2016-12-31": "", "2015-12-31": "", "2014-12-31": "", "2013-12-31": "", "2012-12-31": "", "2011-12-31": "", "2010-12-31": "", "2009-12-31": "", "2008-12-31": "", "2007-12-31": "", "2006-12-31": "", "2005-12-31": ""}, "Long-term Debt / Capital": {"2019-12-31": "0.51890", "2018-12-31": "0.47390", "2017-12-31": "0.49800", "2016-12-31": "0.48390", "2015-12-31": "0.50920", "2014-12-31": "0.48390", "2013-12-31": "0.46950", "2012-12-31": "0.45960", "2011-12-31": "0.45740", "2010-12-31": "0.44020", "2009-12-31": "0.46420", "2008-12-31": "0.52010", "2007-12-31": "0.51980", "2006-12-31": "0.51580", "2005-12-31": "0.52990"}, "Debt/Equity Ratio": {"2019-12-31": "1.07850", "2018-12-31": "0.90070", "2017-12-31": "0.99220", "2016-12-31": "0.93770", "2015-12-31": "1.03750", "2014-12-31": "0.93760", "2013-12-31": "0.88510", "2012-12-31": "0.85050", "2011-12-31": "0.84310", "2010-12-31": "0.78640", "2009-12-31": "0.86640", "2008-12-31": "1.08370", "2007-12-31": "1.08260", "2006-12-31": "1.06540", "2005-12-31": "1.12730"}, "Gross Margin": {"2019-12-31": "", "2018-12-31": "", "2017-12-31": "", "2016-12-31": "", "2015-12-31": "", "2014-12-31": "", "2013-12-31": "", "2012-12-31": "", "2011-12-31": "", "2010-12-31": "", "2009-12-31": "", "2008-12-31": "", "2007-12-31": "", "2006-12-31": "", "2005-12-31": ""}, "Operating Margin": {"2019-12-31": "41.21100", "2018-12-31": "50.00210", "2017-12-31": "35.89310", "2016-12-31": "33.62220", "2015-12-31": "29.44650", "2014-12-31": "31.22200", "2013-12-31": "28.95630", "2012-12-31": "29.35770", "2011-12-31": "29.19420", "2010-12-31": "27.79850", "2009-12-31": "27.62380", "2008-12-31": "33.26120", "2007-12-31": "33.33610", "2006-12-31": "41.64300", "2005-12-31": "46.58950"}, "EBIT Margin": {"2019-12-31": "41.21100", "2018-12-31": "50.00210", "2017-12-31": "35.89310", "2016-12-31": "33.62220", "2015-12-31": "29.44650", "2014-12-31": "31.22200", "2013-12-31": "28.95630", "2012-12-31": "29.35770", "2011-12-31": "29.19420", "2010-12-31": "27.79850", "2009-12-31": "27.62380", "2008-12-31": "33.26120", "2007-12-31": "33.33610", "2006-12-31": "41.64300", "2005-12-31": "46.58950"}, "EBITDA Margin": {"2019-12-31": "65.18910", "2018-12-31": "76.64970", "2017-12-31": "65.93980", "2016-12-31": "63.97090", "2015-12-31": "58.97470", "2014-12-31": "58.69900", "2013-12-31": "58.88630", "2012-12-31": "62.47480", "2011-12-31": "60.02860", "2010-12-31": "57.74960", "2009-12-31": "56.17090", "2008-12-31": "59.11400", "2007-12-31": "59.55980", "2006-12-31": "64.94610", "2005-12-31": "66.89650"}, "Pre-Tax Profit Margin": {"2019-12-31": "26.92300", "2018-12-31": "34.28560", "2017-12-31": "19.97500", "2016-12-31": "13.73840", "2015-12-31": "14.47720", "2014-12-31": "10.27340", "2013-12-31": "6.91470", "2012-12-31": "1.48190", "2011-12-31": "6.30540", "2010-12-31": "3.37500", "2009-12-31": "-6.76880", "2008-12-31": "13.09540", "2007-12-31": "25.40820", "2006-12-31": "26.27910", "2005-12-31": "33.33850"}, "Net Profit Margin": {"2019-12-31": "29.11330", "2018-12-31": "36.89240", "2017-12-31": "30.83930", "2016-12-31": "28.23830", "2015-12-31": "71.24080", "2014-12-31": "36.79530", "2013-12-31": "20.65950", "2012-12-31": "21.76440", "2011-12-31": "13.46730", "2010-12-31": "11.02400", "2009-12-31": "-6.42060", "2008-12-31": "25.36410", "2007-12-31": "58.01810", "2006-12-31": "67.06340", "2005-12-31": "66.15820"}, "Asset Turnover": {"2019-12-31": "0.10540", "2018-12-31": "0.10590", "2017-12-31": "0.10210", "2016-12-31": "0.10430", "2015-12-31": "0.10290", "2014-12-31": "0.09690", "2013-12-31": "0.08920", "2012-12-31": "0.08140", "2011-12-31": "0.08460", "2010-12-31": "0.08410", "2009-12-31": "0.07840", "2008-12-31": "0.08500", "2007-12-31": "0.08020", "2006-12-31": "0.07890", "2005-12-31": "0.09610"}, "Inventory Turnover Ratio": {"2019-12-31": "", "2018-12-31": "", "2017-12-31": "", "2016-12-31": "", "2015-12-31": "", "2014-12-31": "", "2013-12-31": "", "2012-12-31": "", "2011-12-31": "", "2010-12-31": "", "2009-12-31": "", "2008-12-31": "", "2007-12-31": "", "2006-12-31": "", "2005-12-31": ""}, "Receiveable Turnover": {"2019-12-31": "", "2018-12-31": "", "2017-12-31": "", "2016-12-31": "", "2015-12-31": "", "2014-12-31": "", "2013-12-31": "", "2012-12-31": "", "2011-12-31": "", "2010-12-31": "", "2009-12-31": "", "2008-12-31": "", "2007-12-31": "", "2006-12-31": "", "2005-12-31": ""}, "Days Sales In Receivables": {"2019-12-31": "", "2018-12-31": "", "2017-12-31": "", "2016-12-31": "", "2015-12-31": "", "2014-12-31": "", "2013-12-31": "", "2012-12-31": "", "2011-12-31": "", "2010-12-31": "", "2009-12-31": "", "2008-12-31": "", "2007-12-31": "", "2006-12-31": "", "2005-12-31": ""}, "ROE - Return On Equity": {"2019-12-31": "8.39060", "2018-12-31": "9.21200", "2017-12-31": "7.96200", "2016-12-31": "7.14690", "2015-12-31": "14.94440", "2014-12-31": "7.84440", "2013-12-31": "6.04800", "2012-12-31": "3.60880", "2011-12-31": "2.89840", "2010-12-31": "2.32780", "2009-12-31": "0.07620", "2008-12-31": "5.91030", "2007-12-31": "10.02990", "2006-12-31": "10.11000", "2005-12-31": "13.49510"}, "Return On Tangible Equity": {"2019-12-31": "8.39050", "2018-12-31": "9.21190", "2017-12-31": "7.96200", "2016-12-31": "7.14690", "2015-12-31": "14.94430", "2014-12-31": "7.84420", "2013-12-31": "6.04790", "2012-12-31": "3.60880", "2011-12-31": "2.89780", "2010-12-31": "2.32740", "2009-12-31": "0.07610", "2008-12-31": "5.90910", "2007-12-31": "10.02760", "2006-12-31": "10.10790", "2005-12-31": "13.49120"}, "ROA - Return On Assets": {"2019-12-31": "3.76040", "2018-12-31": "4.53190", "2017-12-31": "3.73750", "2016-12-31": "3.43830", "2015-12-31": "6.82650", "2014-12-31": "3.74710", "2013-12-31": "2.98490", "2012-12-31": "1.82540", "2011-12-31": "1.46870", "2010-12-31": "1.22150", "2009-12-31": "0.03830", "2008-12-31": "2.64400", "2007-12-31": "4.29260", "2006-12-31": "4.32480", "2005-12-31": "5.81900"}, "ROI - Return On Investment": {"2019-12-31": "4.03680", "2018-12-31": "4.84650", "2017-12-31": "3.99660", "2016-12-31": "3.68830", "2015-12-31": "7.33460", "2014-12-31": "4.04840", "2013-12-31": "3.20830", "2012-12-31": "1.95010", "2011-12-31": "1.57220", "2010-12-31": "1.30280", "2009-12-31": "0.04080", "2008-12-31": "2.83590", "2007-12-31": "4.81490", "2006-12-31": "4.89390", "2005-12-31": "6.34180"}, "Book Value Per Share": {"2019-12-31": "11.41440", "2018-12-31": "12.84100", "2017-12-31": "12.97360", "2016-12-31": "12.71160", "2015-12-31": "12.53400", "2014-12-31": "11.90270", "2013-12-31": "11.64060", "2012-12-31": "12.09590", "2011-12-31": "11.99240", "2010-12-31": "12.69930", "2009-12-31": "12.62040", "2008-12-31": "15.51100", "2007-12-31": "15.40550", "2006-12-31": "13.42110", "2005-12-31": "10.46750"}, "Operating Cash Flow Per Share": {"2019-12-31": -0.1302, "2018-12-31": 0.0654, "2017-12-31": 0.0378, "2016-12-31": 0.2149, "2015-12-31": -0.3353, "2014-12-31": 0.1361, "2013-12-31": 0.2171, "2012-12-31": 0.0775, "2011-12-31": -0.0811, "2010-12-31": 0.0287, "2009-12-31": -1.04, "2008-12-31": -0.398, "2007-12-31": 0.7284, "2006-12-31": 0.083, "2005-12-31": 1.7794}, "Free Cash Flow Per Share": {"2019-12-31": -0.9459, "2018-12-31": 1.3943, "2017-12-31": -0.5004, "2016-12-31": -0.6222, "2015-12-31": -1.0907, "2014-12-31": 1.6512, "2013-12-31": 0.2849, "2012-12-31": 0.3175, "2011-12-31": -0.6287, "2010-12-31": 1.3991, "2009-12-31": -0.5057, "2008-12-31": 3.0384, "2007-12-31": -1.1928, "2006-12-31": -0.9612, "2005-12-31": -0.5418}}, "financial ratios, quarterly": {"Current Ratio": {"2020-09-30": "", "2020-06-30": "", "2020-03-31": "", "2019-12-31": "", "2019-09-30": "", "2019-06-30": "", "2019-03-31": "", "2018-12-31": "", "2018-09-30": "", "2018-06-30": "", "2018-03-31": "", "2017-12-31": "", "2017-09-30": "", "2017-06-30": "", "2017-03-31": "", "2016-12-31": "", "2016-09-30": "", "2016-06-30": "", "2016-03-31": "", "2015-12-31": "", "2015-09-30": "", "2015-06-30": "", "2015-03-31": "", "2014-12-31": "", "2014-09-30": "", "2014-06-30": "", "2014-03-31": "", "2013-12-31": "", "2013-09-30": "", "2013-06-30": "", "2013-03-31": "", "2012-12-31": "", "2012-09-30": "", "2012-06-30": "", "2012-03-31": "", "2011-12-31": "", "2011-09-30": "", "2011-06-30": "", "2011-03-31": "", "2010-12-31": "", "2010-09-30": "", "2010-06-30": "", "2010-03-31": "", "2009-12-31": "", "2009-09-30": "", "2009-06-30": "", "2009-03-31": "", "2008-12-31": "", "2008-09-30": "", "2008-06-30": "", "2008-03-31": "", "2007-12-31": "", "2007-09-30": "", "2007-06-30": "", "2007-03-31": "", "2006-12-31": "", "2006-09-30": "", "2006-06-30": "", "2006-03-31": "", "2005-12-31": "", "2005-09-30": "", "2005-06-30": "", "2005-03-31": ""}, "Long-term Debt / Capital": {"2020-09-30": "0.49170", "2020-06-30": "0.48780", "2020-03-31": "0.53950", "2019-12-31": "0.51890", "2019-09-30": "0.51640", "2019-06-30": "0.47750", "2019-03-31": "0.47430", "2018-12-31": "0.47390", "2018-09-30": "0.47250", "2018-06-30": "0.48010", "2018-03-31": "0.48090", "2017-12-31": "0.49800", "2017-09-30": "0.50650", "2017-06-30": "0.49840", "2017-03-31": "0.48880", "2016-12-31": "0.48390", "2016-09-30": "0.47930", "2016-06-30": "0.48800", "2016-03-31": "0.49260", "2015-12-31": "0.50920", "2015-09-30": "0.51930", "2015-06-30": "0.51880", "2015-03-31": "0.52350", "2014-12-31": "0.48390", "2014-09-30": "0.49270", "2014-06-30": "0.49900", "2014-03-31": "0.48020", "2013-12-31": "0.46950", "2013-09-30": "0.47510", "2013-06-30": "0.47850", "2013-03-31": "0.47320", "2012-12-31": "0.45960", "2012-09-30": "0.44580", "2012-06-30": "0.44610", "2012-03-31": "0.42550", "2011-12-31": "0.45740", "2011-09-30": "0.44620", "2011-06-30": "0.43780", "2011-03-31": "0.44770", "2010-12-31": "0.44020", "2010-09-30": "0.43870", "2010-06-30": "0.45820", "2010-03-31": "0.46960", "2009-12-31": "0.46420", "2009-09-30": "0.45470", "2009-06-30": "0.46940", "2009-03-31": "0.53240", "2008-12-31": "0.52010", "2008-09-30": "0.50810", "2008-06-30": "0.55100", "2008-03-31": "0.53910", "2007-12-31": "0.51980", "2007-09-30": "0.55890", "2007-06-30": "0.54490", "2007-03-31": "0.51300", "2006-12-31": "0.51580", "2006-09-30": "0.53470", "2006-06-30": "0.52040", "2006-03-31": "0.50110", "2005-12-31": "0.52990", "2005-09-30": "0.50130", "2005-06-30": "0.49490", "2005-03-31": "0.48410"}, "Debt/Equity Ratio": {"2020-09-30": "0.96750", "2020-06-30": "0.95230", "2020-03-31": "1.17160", "2019-12-31": "1.07850", "2019-09-30": "1.06800", "2019-06-30": "0.91390", "2019-03-31": "0.90210", "2018-12-31": "0.90070", "2018-09-30": "0.89580", "2018-06-30": "0.92340", "2018-03-31": "0.92640", "2017-12-31": "0.99220", "2017-09-30": "1.02650", "2017-06-30": "0.99350", "2017-03-31": "0.95620", "2016-12-31": "0.93770", "2016-09-30": "0.92050", "2016-06-30": "0.95300", "2016-03-31": "0.97090", "2015-12-31": "1.03750", "2015-09-30": "1.08030", "2015-06-30": "1.07830", "2015-03-31": "1.09880", "2014-12-31": "0.93760", "2014-09-30": "0.97140", "2014-06-30": "0.99610", "2014-03-31": "0.92370", "2013-12-31": "0.88510", "2013-09-30": "0.90510", "2013-06-30": "0.91750", "2013-03-31": "0.89820", "2012-12-31": "0.85050", "2012-09-30": "0.80450", "2012-06-30": "0.80530", "2012-03-31": "0.74070", "2011-12-31": "0.84310", "2011-09-30": "0.80560", "2011-06-30": "0.77870", "2011-03-31": "0.81060", "2010-12-31": "0.78640", "2010-09-30": "0.78160", "2010-06-30": "0.84570", "2010-03-31": "0.88550", "2009-12-31": "0.86640", "2009-09-30": "0.83380", "2009-06-30": "0.88450", "2009-03-31": "1.13850", "2008-12-31": "1.08370", "2008-09-30": "1.03310", "2008-06-30": "1.22730", "2008-03-31": "1.16970", "2007-12-31": "1.08260", "2007-09-30": "1.26720", "2007-06-30": "1.19750", "2007-03-31": "1.05340", "2006-12-31": "1.06540", "2006-09-30": "1.14930", "2006-06-30": "1.08490", "2006-03-31": "1.00440", "2005-12-31": "1.12730", "2005-09-30": "1.00530", "2005-06-30": "0.97970", "2005-03-31": "0.93840"}, "Gross Margin": {"2020-09-30": "", "2020-06-30": "", "2020-03-31": "", "2019-12-31": "", "2019-09-30": "", "2019-06-30": "", "2019-03-31": "", "2018-12-31": "", "2018-09-30": "", "2018-06-30": "", "2018-03-31": "", "2017-12-31": "", "2017-09-30": "", "2017-06-30": "", "2017-03-31": "", "2016-12-31": "", "2016-09-30": "", "2016-06-30": "", "2016-03-31": "", "2015-12-31": "", "2015-09-30": "", "2015-06-30": "", "2015-03-31": "", "2014-12-31": "", "2014-09-30": "", "2014-06-30": "", "2014-03-31": "", "2013-12-31": "", "2013-09-30": "", "2013-06-30": "", "2013-03-31": "", "2012-12-31": "", "2012-09-30": "", "2012-06-30": "", "2012-03-31": "", "2011-12-31": "", "2011-09-30": "", "2011-06-30": "", "2011-03-31": "", "2010-12-31": "", "2010-09-30": "", "2010-06-30": "", "2010-03-31": "", "2009-12-31": "", "2009-09-30": "", "2009-06-30": "", "2009-03-31": "", "2008-12-31": "", "2008-09-30": "", "2008-06-30": "", "2008-03-31": "", "2007-12-31": "", "2007-09-30": "", "2007-06-30": "", "2007-03-31": "", "2006-12-31": "", "2006-09-30": "", "2006-06-30": "", "2006-03-31": "", "2005-12-31": "", "2005-09-30": "", "2005-06-30": "", "2005-03-31": ""}, "Operating Margin": {"2020-09-30": "28.05400", "2020-06-30": "26.83790", "2020-03-31": "39.79650", "2019-12-31": "46.13380", "2019-09-30": "35.16370", "2019-06-30": "37.70100", "2019-03-31": "45.45710", "2018-12-31": "39.21590", "2018-09-30": "46.08450", "2018-06-30": "61.20900", "2018-03-31": "52.91700", "2017-12-31": "54.76220", "2017-09-30": "33.86360", "2017-06-30": "22.17910", "2017-03-31": "31.55340", "2016-12-31": "55.42950", "2016-09-30": "26.68760", "2016-06-30": "18.41140", "2016-03-31": "33.39780", "2015-12-31": "27.38960", "2015-09-30": "26.00270", "2015-06-30": "31.35810", "2015-03-31": "33.15010", "2014-12-31": "30.53430", "2014-09-30": "35.41460", "2014-06-30": "26.21990", "2014-03-31": "32.72140", "2013-12-31": "57.67220", "2013-09-30": "7.54620", "2013-06-30": "22.53400", "2013-03-31": "32.74890", "2012-12-31": "14.72480", "2012-09-30": "31.77510", "2012-06-30": "33.36230", "2012-03-31": "30.74210", "2011-12-31": "25.84450", "2011-09-30": "29.42140", "2011-06-30": "31.25950", "2011-03-31": "29.28500", "2010-12-31": "10.54540", "2010-09-30": "30.94820", "2010-06-30": "32.39070", "2010-03-31": "33.17760", "2009-12-31": "39.96120", "2009-09-30": "31.81700", "2009-06-30": "12.00840", "2009-03-31": "26.85720", "2008-12-31": "30.48390", "2008-09-30": "31.32160", "2008-06-30": "32.83670", "2008-03-31": "38.42470", "2007-12-31": "27.76960", "2007-09-30": "32.97390", "2007-06-30": "35.94290", "2007-03-31": "36.92940", "2006-12-31": "36.85730", "2006-09-30": "37.88780", "2006-06-30": "41.16380", "2006-03-31": "51.57490", "2005-12-31": "40.11050", "2005-09-30": "44.99290", "2005-06-30": "55.21940", "2005-03-31": "45.75190"}, "EBIT Margin": {"2020-09-30": "28.05400", "2020-06-30": "26.83790", "2020-03-31": "39.79650", "2019-12-31": "46.13380", "2019-09-30": "35.16370", "2019-06-30": "37.70100", "2019-03-31": "45.45710", "2018-12-31": "39.21590", "2018-09-30": "46.08450", "2018-06-30": "61.20900", "2018-03-31": "52.91700", "2017-12-31": "54.76220", "2017-09-30": "33.86360", "2017-06-30": "22.17910", "2017-03-31": "31.55340", "2016-12-31": "55.42950", "2016-09-30": "26.68760", "2016-06-30": "18.41140", "2016-03-31": "33.39780", "2015-12-31": "27.38960", "2015-09-30": "26.00270", "2015-06-30": "31.35810", "2015-03-31": "33.15010", "2014-12-31": "30.53430", "2014-09-30": "35.41460", "2014-06-30": "26.21990", "2014-03-31": "32.72140", "2013-12-31": "57.67220", "2013-09-30": "7.54620", "2013-06-30": "22.53400", "2013-03-31": "32.74890", "2012-12-31": "14.72470", "2012-09-30": "31.77510", "2012-06-30": "33.36230", "2012-03-31": "30.74210", "2011-12-31": "25.84450", "2011-09-30": "29.42140", "2011-06-30": "31.25950", "2011-03-31": "29.28500", "2010-12-31": "10.54540", "2010-09-30": "30.94820", "2010-06-30": "32.39070", "2010-03-31": "33.17760", "2009-12-31": "39.96120", "2009-09-30": "31.81700", "2009-06-30": "12.00840", "2009-03-31": "26.85720", "2008-12-31": "30.48390", "2008-09-30": "31.32160", "2008-06-30": "32.83670", "2008-03-31": "38.42470", "2007-12-31": "27.76960", "2007-09-30": "32.97390", "2007-06-30": "35.94290", "2007-03-31": "36.92940", "2006-12-31": "36.85730", "2006-09-30": "37.88780", "2006-06-30": "41.16380", "2006-03-31": "51.57490", "2005-12-31": "40.11050", "2005-09-30": "44.99290", "2005-06-30": "55.21940", "2005-03-31": "45.75190"}, "EBITDA Margin": {"2020-09-30": "", "2020-06-30": "", "2020-03-31": "", "2019-12-31": "", "2019-09-30": "", "2019-06-30": "", "2019-03-31": "", "2018-12-31": "", "2018-09-30": "", "2018-06-30": "", "2018-03-31": "", "2017-12-31": "", "2017-09-30": "", "2017-06-30": "", "2017-03-31": "", "2016-12-31": "", "2016-09-30": "", "2016-06-30": "", "2016-03-31": "", "2015-12-31": "", "2015-09-30": "", "2015-06-30": "", "2015-03-31": "", "2014-12-31": "", "2014-09-30": "", "2014-06-30": "", "2014-03-31": "", "2013-12-31": "", "2013-09-30": "", "2013-06-30": "", "2013-03-31": "", "2012-12-31": "", "2012-09-30": "", "2012-06-30": "", "2012-03-31": "", "2011-12-31": "", "2011-09-30": "", "2011-06-30": "", "2011-03-31": "", "2010-12-31": "", "2010-09-30": "", "2010-06-30": "", "2010-03-31": "", "2009-12-31": "", "2009-09-30": "", "2009-06-30": "", "2009-03-31": "", "2008-12-31": "", "2008-09-30": "", "2008-06-30": "", "2008-03-31": "", "2007-12-31": "", "2007-09-30": "", "2007-06-30": "", "2007-03-31": "", "2006-12-31": "", "2006-09-30": "", "2006-06-30": "", "2006-03-31": "", "2005-12-31": "", "2005-09-30": "", "2005-06-30": "", "2005-03-31": ""}, "Pre-Tax Profit Margin": {"2020-09-30": "-22.87560", "2020-06-30": "306.89820", "2020-03-31": "22.71870", "2019-12-31": "31.67060", "2019-09-30": "21.44050", "2019-06-30": "22.90180", "2019-03-31": "31.29720", "2018-12-31": "23.55270", "2018-09-30": "27.84800", "2018-06-30": "46.49990", "2018-03-31": "38.52470", "2017-12-31": "37.82820", "2017-09-30": "17.61430", "2017-06-30": "7.15400", "2017-03-31": "16.15460", "2016-12-31": "41.68730", "2016-09-30": "-4.13500", "2016-06-30": "0.74650", "2016-03-31": "15.69240", "2015-12-31": "9.93190", "2015-09-30": "9.60810", "2015-06-30": "23.65840", "2015-03-31": "14.73100", "2014-12-31": "10.43920", "2014-09-30": "15.06420", "2014-06-30": "4.99760", "2014-03-31": "10.40920", "2013-12-31": "36.70090", "2013-09-30": "-14.61600", "2013-06-30": "0.98190", "2013-03-31": "9.45880", "2012-12-31": "-29.75950", "2012-09-30": "6.50940", "2012-06-30": "9.74970", "2012-03-31": "4.85600", "2011-12-31": "0.17280", "2011-09-30": "4.07600", "2011-06-30": "11.48890", "2011-03-31": "7.60380", "2010-12-31": "-13.75440", "2010-09-30": "2.94670", "2010-06-30": "8.58660", "2010-03-31": "11.51920", "2009-12-31": "-5.94910", "2009-09-30": "16.24410", "2009-06-30": "-53.38270", "2009-03-31": "15.23550", "2008-12-31": "0.82270", "2008-09-30": "11.33900", "2008-06-30": "15.96460", "2008-03-31": "24.41820", "2007-12-31": "58.41880", "2007-09-30": "12.06740", "2007-06-30": "14.29160", "2007-03-31": "15.93390", "2006-12-31": "21.88690", "2006-09-30": "20.32990", "2006-06-30": "28.15010", "2006-03-31": "35.61510", "2005-12-31": "35.67000", "2005-09-30": "29.30790", "2005-06-30": "38.44230", "2005-03-31": "30.19780"}, "Net Profit Margin": {"2020-09-30": "-17.22460", "2020-06-30": "310.37650", "2020-03-31": "28.90350", "2019-12-31": "30.46400", "2019-09-30": "20.87450", "2019-06-30": "30.36200", "2019-03-31": "34.45140", "2018-12-31": "22.42460", "2018-09-30": "30.24730", "2018-06-30": "51.41460", "2018-03-31": "42.58810", "2017-12-31": "22.62920", "2017-09-30": "34.57990", "2017-06-30": "44.37140", "2017-03-31": "22.20050", "2016-12-31": "21.78260", "2016-09-30": "-19.32820", "2016-06-30": "65.81880", "2016-03-31": "43.45800", "2015-12-31": "119.65960", "2015-09-30": "21.84570", "2015-06-30": "38.23250", "2015-03-31": "104.34390", "2014-12-31": "14.44400", "2014-09-30": "70.57640", "2014-06-30": "30.46820", "2014-03-31": "31.73940", "2013-12-31": "25.29660", "2013-09-30": "18.59900", "2013-06-30": "16.09990", "2013-03-31": "23.43330", "2012-12-31": "49.60750", "2012-09-30": "12.02890", "2012-06-30": "21.30990", "2012-03-31": "16.99370", "2011-12-31": "20.29420", "2011-09-30": "18.77250", "2011-06-30": "10.84540", "2011-03-31": "6.27270", "2010-12-31": "13.05380", "2010-09-30": "8.07670", "2010-06-30": "5.82010", "2010-03-31": "17.47990", "2009-12-31": "20.62140", "2009-09-30": "14.12480", "2009-06-30": "-73.82940", "2009-03-31": "13.06900", "2008-12-31": "-31.46950", "2008-09-30": "47.68690", "2008-06-30": "42.51470", "2008-03-31": "43.22550", "2007-12-31": "38.65080", "2007-09-30": "40.60630", "2007-06-30": "68.36930", "2007-03-31": "86.25950", "2006-12-31": "80.90960", "2006-09-30": "55.69170", "2006-06-30": "66.84630", "2006-03-31": "64.53500", "2005-12-31": "82.80010", "2005-09-30": "60.94620", "2005-06-30": "60.71070", "2005-03-31": "61.23450"}, "Asset Turnover": {"2020-09-30": "0.02250", "2020-06-30": "0.02070", "2020-03-31": "0.02560", "2019-12-31": "0.02690", "2019-09-30": "0.02550", "2019-06-30": "0.02580", "2019-03-31": "0.02660", "2018-12-31": "0.02580", "2018-09-30": "0.02550", "2018-06-30": "0.02600", "2018-03-31": "0.02670", "2017-12-31": "0.02680", "2017-09-30": "0.02520", "2017-06-30": "0.02570", "2017-03-31": "0.02610", "2016-12-31": "0.02640", "2016-09-30": "0.02540", "2016-06-30": "0.02560", "2016-03-31": "0.02640", "2015-12-31": "0.02650", "2015-09-30": "0.02530", "2015-06-30": "0.02560", "2015-03-31": "0.02420", "2014-12-31": "0.02580", "2014-09-30": "0.02480", "2014-06-30": "0.02410", "2014-03-31": "0.02320", "2013-12-31": "0.01920", "2013-09-30": "0.02230", "2013-06-30": "0.02270", "2013-03-31": "0.02260", "2012-12-31": "0.01230", "2012-09-30": "0.02200", "2012-06-30": "0.02260", "2012-03-31": "0.02280", "2011-12-31": "0.01620", "2011-09-30": "0.02220", "2011-06-30": "0.02270", "2011-03-31": "0.02280", "2010-12-31": "0.01700", "2010-09-30": "0.02200", "2010-06-30": "0.02220", "2010-03-31": "0.02170", "2009-12-31": "0.01920", "2009-09-30": "0.02160", "2009-06-30": "0.02120", "2009-03-31": "0.02170", "2008-12-31": "0.02140", "2008-09-30": "0.02080", "2008-06-30": "0.02020", "2008-03-31": "0.02130", "2007-12-31": "0.02050", "2007-09-30": "0.02080", "2007-06-30": "0.02120", "2007-03-31": "0.02190", "2006-12-31": "0.02030", "2006-09-30": "0.02230", "2006-06-30": "0.02340", "2006-03-31": "0.02270", "2005-12-31": "0.02290", "2005-09-30": "0.02620", "2005-06-30": "0.02670", "2005-03-31": "0.02830"}, "Inventory Turnover Ratio": {"2020-09-30": "", "2020-06-30": "", "2020-03-31": "", "2019-12-31": "", "2019-09-30": "", "2019-06-30": "", "2019-03-31": "", "2018-12-31": "", "2018-09-30": "", "2018-06-30": "", "2018-03-31": "", "2017-12-31": "", "2017-09-30": "", "2017-06-30": "", "2017-03-31": "", "2016-12-31": "", "2016-09-30": "", "2016-06-30": "", "2016-03-31": "", "2015-12-31": "", "2015-09-30": "", "2015-06-30": "", "2015-03-31": "", "2014-12-31": "", "2014-09-30": "", "2014-06-30": "", "2014-03-31": "", "2013-12-31": "", "2013-09-30": "", "2013-06-30": "", "2013-03-31": "", "2012-12-31": "", "2012-09-30": "", "2012-06-30": "", "2012-03-31": "", "2011-12-31": "", "2011-09-30": "", "2011-06-30": "", "2011-03-31": "", "2010-12-31": "", "2010-09-30": "", "2010-06-30": "", "2010-03-31": "", "2009-12-31": "", "2009-09-30": "", "2009-06-30": "", "2009-03-31": "", "2008-12-31": "", "2008-09-30": "", "2008-06-30": "", "2008-03-31": "", "2007-12-31": "", "2007-09-30": "", "2007-06-30": "", "2007-03-31": "", "2006-12-31": "", "2006-09-30": "", "2006-06-30": "", "2006-03-31": "", "2005-12-31": "", "2005-09-30": "", "2005-06-30": "", "2005-03-31": ""}, "Receiveable Turnover": {"2020-09-30": "", "2020-06-30": "", "2020-03-31": "", "2019-12-31": "", "2019-09-30": "", "2019-06-30": "", "2019-03-31": "", "2018-12-31": "", "2018-09-30": "", "2018-06-30": "", "2018-03-31": "", "2017-12-31": "", "2017-09-30": "", "2017-06-30": "", "2017-03-31": "", "2016-12-31": "", "2016-09-30": "", "2016-06-30": "", "2016-03-31": "", "2015-12-31": "", "2015-09-30": "", "2015-06-30": "", "2015-03-31": "", "2014-12-31": "", "2014-09-30": "", "2014-06-30": "", "2014-03-31": "", "2013-12-31": "", "2013-09-30": "", "2013-06-30": "", "2013-03-31": "", "2012-12-31": "", "2012-09-30": "", "2012-06-30": "", "2012-03-31": "", "2011-12-31": "", "2011-09-30": "", "2011-06-30": "", "2011-03-31": "", "2010-12-31": "", "2010-09-30": "", "2010-06-30": "", "2010-03-31": "", "2009-12-31": "", "2009-09-30": "", "2009-06-30": "", "2009-03-31": "", "2008-12-31": "", "2008-09-30": "", "2008-06-30": "", "2008-03-31": "", "2007-12-31": "", "2007-09-30": "", "2007-06-30": "", "2007-03-31": "", "2006-12-31": "", "2006-09-30": "", "2006-06-30": "", "2006-03-31": "", "2005-12-31": "", "2005-09-30": "", "2005-06-30": "", "2005-03-31": ""}, "Days Sales In Receivables": {"2020-09-30": "", "2020-06-30": "", "2020-03-31": "", "2019-12-31": "", "2019-09-30": "", "2019-06-30": "", "2019-03-31": "", "2018-12-31": "", "2018-09-30": "", "2018-06-30": "", "2018-03-31": "", "2017-12-31": "", "2017-09-30": "", "2017-06-30": "", "2017-03-31": "", "2016-12-31": "", "2016-09-30": "", "2016-06-30": "", "2016-03-31": "", "2015-12-31": "", "2015-09-30": "", "2015-06-30": "", "2015-03-31": "", "2014-12-31": "", "2014-09-30": "", "2014-06-30": "", "2014-03-31": "", "2013-12-31": "", "2013-09-30": "", "2013-06-30": "", "2013-03-31": "", "2012-12-31": "", "2012-09-30": "", "2012-06-30": "", "2012-03-31": "", "2011-12-31": "", "2011-09-30": "", "2011-06-30": "", "2011-03-31": "", "2010-12-31": "", "2010-09-30": "", "2010-06-30": "", "2010-03-31": "", "2009-12-31": "", "2009-09-30": "", "2009-06-30": "", "2009-03-31": "", "2008-12-31": "", "2008-09-30": "", "2008-06-30": "", "2008-03-31": "", "2007-12-31": "", "2007-09-30": "", "2007-06-30": "", "2007-03-31": "", "2006-12-31": "", "2006-09-30": "", "2006-06-30": "", "2006-03-31": "", "2005-12-31": "", "2005-09-30": "", "2005-06-30": "", "2005-03-31": ""}, "ROE - Return On Equity": {"2020-09-30": "-0.67590", "2020-06-30": "13.31560", "2020-03-31": "1.85510", "2019-12-31": "2.23260", "2019-09-30": "1.71780", "2019-06-30": "1.88890", "2019-03-31": "2.16200", "2018-12-31": "1.62530", "2018-09-30": "1.84610", "2018-06-30": "3.02080", "2018-03-31": "2.61670", "2017-12-31": "2.65600", "2017-09-30": "1.51040", "2017-06-30": "2.48440", "2017-03-31": "1.42790", "2016-12-31": "2.89890", "2016-09-30": "-0.94480", "2016-06-30": "3.04110", "2016-03-31": "2.16760", "2015-12-31": "6.54420", "2015-09-30": "1.04960", "2015-06-30": "1.96890", "2015-03-31": "5.39210", "2014-12-31": "1.51930", "2014-09-30": "2.18070", "2014-06-30": "2.71630", "2014-03-31": "1.59410", "2013-12-31": "1.94660", "2013-09-30": "1.04520", "2013-06-30": "1.65800", "2013-03-31": "1.29840", "2012-12-31": "0.08770", "2012-09-30": "0.83400", "2012-06-30": "1.44800", "2012-03-31": "1.03350", "2011-12-31": "0.40350", "2011-09-30": "0.98400", "2011-06-30": "0.82770", "2011-03-31": "0.60090", "2010-12-31": "0.16140", "2010-09-30": "0.61600", "2010-06-30": "0.52430", "2010-03-31": "1.04860", "2009-12-31": "0.79890", "2009-09-30": "0.88530", "2009-06-30": "-2.57550", "2009-03-31": "1.01190", "2008-12-31": "-1.50900", "2008-09-30": "2.58710", "2008-06-30": "2.58460", "2008-03-31": "2.63020", "2007-12-31": "2.94800", "2007-09-30": "2.16650", "2007-06-30": "2.83940", "2007-03-31": "2.92900", "2006-12-31": "2.48470", "2006-09-30": "2.98340", "2006-06-30": "3.06430", "2006-03-31": "2.83210", "2005-12-31": "3.64750", "2005-09-30": "3.25170", "2005-06-30": "3.32910", "2005-03-31": "3.58540"}, "Return On Tangible Equity": {"2020-09-30": "-0.67590", "2020-06-30": "13.31560", "2020-03-31": "1.85510", "2019-12-31": "2.23260", "2019-09-30": "1.71780", "2019-06-30": "1.88890", "2019-03-31": "2.16200", "2018-12-31": "1.62530", "2018-09-30": "1.84610", "2018-06-30": "3.02080", "2018-03-31": "2.61670", "2017-12-31": "2.65600", "2017-09-30": "1.51040", "2017-06-30": "2.48440", "2017-03-31": "1.42790", "2016-12-31": "2.89880", "2016-09-30": "-0.94480", "2016-06-30": "3.04110", "2016-03-31": "2.16760", "2015-12-31": "6.54420", "2015-09-30": "1.04960", "2015-06-30": "1.96880", "2015-03-31": "5.39200", "2014-12-31": "1.51920", "2014-09-30": "2.18070", "2014-06-30": "2.71630", "2014-03-31": "1.59410", "2013-12-31": "1.94650", "2013-09-30": "1.04520", "2013-06-30": "1.65790", "2013-03-31": "1.29840", "2012-12-31": "0.08770", "2012-09-30": "0.83390", "2012-06-30": "1.44770", "2012-03-31": "1.03330", "2011-12-31": "0.40350", "2011-09-30": "0.98380", "2011-06-30": "0.82750", "2011-03-31": "0.60080", "2010-12-31": "0.16130", "2010-09-30": "0.61590", "2010-06-30": "0.52420", "2010-03-31": "1.04840", "2009-12-31": "0.79880", "2009-09-30": "0.88510", "2009-06-30": "-2.57500", "2009-03-31": "1.01160", "2008-12-31": "-1.50870", "2008-09-30": "2.58660", "2008-06-30": "2.58400", "2008-03-31": "2.62960", "2007-12-31": "2.94730", "2007-09-30": "2.16610", "2007-06-30": "2.83880", "2007-03-31": "2.92840", "2006-12-31": "2.48410", "2006-09-30": "2.98270", "2006-06-30": "3.06350", "2006-03-31": "2.83150", "2005-12-31": "3.64640", "2005-09-30": "3.25070", "2005-06-30": "3.32810", "2005-03-31": "3.58430"}, "ROA - Return On Assets": {"2020-09-30": "-0.32480", "2020-06-30": "6.47160", "2020-03-31": "0.79950", "2019-12-31": "1.00060", "2019-09-30": "0.77090", "2019-06-30": "0.91830", "2019-03-31": "1.05400", "2018-12-31": "0.79960", "2018-09-30": "0.90670", "2018-06-30": "1.46840", "2018-03-31": "1.26610", "2017-12-31": "1.24680", "2017-09-30": "0.69800", "2017-06-30": "1.16620", "2017-03-31": "0.68040", "2016-12-31": "1.39460", "2016-09-30": "-0.45800", "2016-06-30": "1.45340", "2016-03-31": "1.02460", "2015-12-31": "2.98940", "2015-09-30": "0.46800", "2015-06-30": "0.88170", "2015-03-31": "2.39270", "2014-12-31": "0.72570", "2014-09-30": "1.02450", "2014-06-30": "1.26580", "2014-03-31": "0.76870", "2013-12-31": "0.96070", "2013-09-30": "0.50830", "2013-06-30": "0.80770", "2013-03-31": "0.63950", "2012-12-31": "0.04440", "2012-09-30": "0.43220", "2012-06-30": "0.75130", "2012-03-31": "0.55560", "2011-12-31": "0.20450", "2011-09-30": "0.50800", "2011-06-30": "0.43590", "2011-03-31": "0.31080", "2010-12-31": "0.08470", "2010-09-30": "0.32420", "2010-06-30": "0.26720", "2010-03-31": "0.52200", "2009-12-31": "0.40150", "2009-09-30": "0.45400", "2009-06-30": "-1.29030", "2009-03-31": "0.44010", "2008-12-31": "-0.67510", "2008-09-30": "1.12810", "2008-06-30": "1.04010", "2008-03-31": "1.08190", "2007-12-31": "1.26170", "2007-09-30": "0.84840", "2007-06-30": "1.15190", "2007-03-31": "1.26360", "2006-12-31": "1.06290", "2006-09-30": "1.22140", "2006-06-30": "1.31080", "2006-03-31": "1.27110", "2005-12-31": "1.57280", "2005-09-30": "1.47470", "2005-06-30": "1.54310", "2005-03-31": "1.69050"}, "ROI - Return On Investment": {"2020-09-30": "-0.34350", "2020-06-30": "6.82040", "2020-03-31": "0.85430", "2019-12-31": "1.07410", "2019-09-30": "0.83070", "2019-06-30": "0.98690", "2019-03-31": "1.13660", "2018-12-31": "0.85510", "2018-09-30": "0.97380", "2018-06-30": "1.57050", "2018-03-31": "1.35840", "2017-12-31": "1.33320", "2017-09-30": "0.74530", "2017-06-30": "1.24620", "2017-03-31": "0.72990", "2016-12-31": "1.49600", "2016-09-30": "-0.49190", "2016-06-30": "1.55710", "2016-03-31": "1.09980", "2015-12-31": "3.21190", "2015-09-30": "0.50450", "2015-06-30": "0.94730", "2015-03-31": "2.56910", "2014-12-31": "0.78410", "2014-09-30": "1.10620", "2014-06-30": "1.36080", "2014-03-31": "0.82870", "2013-12-31": "1.03260", "2013-09-30": "0.54870", "2013-06-30": "0.86460", "2013-03-31": "0.68400", "2012-12-31": "0.04740", "2012-09-30": "0.46210", "2012-06-30": "0.80190", "2012-03-31": "0.59360", "2011-12-31": "0.21890", "2011-09-30": "0.54490", "2011-06-30": "0.46520", "2011-03-31": "0.33180", "2010-12-31": "0.09030", "2010-09-30": "0.34570", "2010-06-30": "0.28400", "2010-03-31": "0.55610", "2009-12-31": "0.42800", "2009-09-30": "0.48270", "2009-06-30": "-1.36640", "2009-03-31": "0.47310", "2008-12-31": "-0.72400", "2008-09-30": "1.27220", "2008-06-30": "1.16010", "2008-03-31": "1.21190", "2007-12-31": "1.41520", "2007-09-30": "0.95540", "2007-06-30": "1.29180", "2007-03-31": "1.42610", "2006-12-31": "1.20270", "2006-09-30": "1.38780", "2006-06-30": "1.46940", "2006-03-31": "1.41260", "2005-12-31": "1.71410", "2005-09-30": "1.62110", "2005-06-30": "1.68110", "2005-03-31": "1.84910"}, "Book Value Per Share": {"2020-09-30": "12.80320", "2020-06-30": "12.99030", "2020-03-31": "11.26520", "2019-12-31": "11.41440", "2019-09-30": "11.78140", "2019-06-30": "12.71630", "2019-03-31": "12.78760", "2018-12-31": "12.84100", "2018-09-30": "12.94780", "2018-06-30": "13.02600", "2018-03-31": "12.94990", "2017-12-31": "12.97360", "2017-09-30": "12.70610", "2017-06-30": "12.74700", "2017-03-31": "12.59170", "2016-12-31": "12.71160", "2016-09-30": "12.78070", "2016-06-30": "12.96360", "2016-03-31": "12.71240", "2015-12-31": "12.53400", "2015-09-30": "12.31700", "2015-06-30": "12.43110", "2015-03-31": "12.61650", "2014-12-31": "11.90270", "2014-09-30": "11.75600", "2014-06-30": "11.55350", "2014-03-31": "11.55240", "2013-12-31": "11.64060", "2013-09-30": "11.81520", "2013-06-30": "11.88010", "2013-03-31": "12.12800", "2012-12-31": "12.09590", "2012-09-30": "12.86330", "2012-06-30": "12.79230", "2012-03-31": "12.98450", "2011-12-31": "11.99240", "2011-09-30": "12.15620", "2011-06-30": "12.56060", "2011-03-31": "12.58360", "2010-12-31": "12.69930", "2010-09-30": "12.72510", "2010-06-30": "12.41350", "2010-03-31": "12.59540", "2009-12-31": "12.62040", "2009-09-30": "12.64620", "2009-06-30": "12.43250", "2009-03-31": "15.07310", "2008-12-31": "15.51100", "2008-09-30": "15.98340", "2008-06-30": "15.20410", "2008-03-31": "15.31390", "2007-12-31": "15.40550", "2007-09-30": "13.79390", "2007-06-30": "13.87850", "2007-03-31": "13.67600", "2006-12-31": "13.42110", "2006-09-30": "12.08560", "2006-06-30": "12.02300", "2006-03-31": "11.90390", "2005-12-31": "10.46750", "2005-09-30": "10.31790", "2005-06-30": "10.20560", "2005-03-31": "10.08990"}, "Operating Cash Flow Per Share": {"2020-09-30": 0.5329, "2020-06-30": 0.1901, "2020-03-31": "0.36060", "2019-12-31": 0.2377, "2019-09-30": 0.4006, "2019-06-30": 0.3764, "2019-03-31": "0.36900", "2018-12-31": 0.2838, "2018-09-30": 0.3959, "2018-06-30": 0.3813, "2018-03-31": "0.45290", "2017-12-31": 0.2847, "2017-09-30": 0.4577, "2017-06-30": 0.3358, "2017-03-31": "0.37030", "2016-12-31": 0.3525, "2016-09-30": 0.5434, "2016-06-30": 0.1841, "2016-03-31": "0.33070", "2015-12-31": 0.0747, "2015-09-30": 0.4288, "2015-06-30": 0.2997, "2015-03-31": "0.39260", "2014-12-31": 0.2905, "2014-09-30": 0.4517, "2014-06-30": 0.3456, "2014-03-31": "0.44330", "2013-12-31": 0.0893, "2013-09-30": 0.6562, "2013-06-30": 0.2818, "2013-03-31": "0.36770", "2012-12-31": 0.1758, "2012-09-30": 0.3245, "2012-06-30": 0.2924, "2012-03-31": "0.38520", "2011-12-31": 0.1971, "2011-09-30": 0.3737, "2011-06-30": 0.2477, "2011-03-31": "0.28190", "2010-12-31": 0.2998, "2010-09-30": 0.3159, "2010-06-30": 0.2129, "2010-03-31": "0.35290", "2009-12-31": 0.3014, "2009-09-30": 0.3139, "2009-06-30": 0.1137, "2009-03-31": "0.42380", "2008-12-31": 0.3417, "2008-09-30": 0.7968, "2008-06-30": 0.4537, "2008-03-31": "0.60060", "2007-12-31": 0.4063, "2007-09-30": 0.6584, "2007-06-30": 0.7629, "2007-03-31": "0.76320", "2006-12-31": 0.3963, "2006-09-30": 0.4901, "2006-06-30": 0.4062, "2006-03-31": "0.56980", "2005-12-31": 0.3971, "2005-09-30": 0.5407, "2005-06-30": 0.365, "2005-03-31": "0.47660"}, "Free Cash Flow Per Share": {"2020-09-30": 0.4104, "2020-06-30": 0.0642, "2020-03-31": "0.20880", "2019-12-31": 0.3074, "2019-09-30": 0.2586, "2019-06-30": 0.1742, "2019-03-31": "0.35580", "2018-12-31": 0.2817, "2018-09-30": 0.403, "2018-06-30": 0.7017, "2018-03-31": "0.65550", "2017-12-31": 0.1725, "2017-09-30": 0.1508, "2017-06-30": 0.0058, "2017-03-31": "0.31850", "2016-12-31": 0.2288, "2016-09-30": 0.3214, "2016-06-30": 0.2029, "2016-03-31": "0.39490", "2015-12-31": 1.8436, "2015-09-30": 0.3962, "2015-06-30": 0.3128, "2015-03-31": "-0.78240", "2014-12-31": 2.0409, "2014-09-30": 0.6439, "2014-06-30": -0.1548, "2014-03-31": "0.33090", "2013-12-31": -0.063, "2013-09-30": 0.8297, "2013-06-30": 0.2379, "2013-03-31": "0.20510", "2012-12-31": 0.2844, "2012-09-30": 0.118, "2012-06-30": 0.2542, "2012-03-31": "0.26820", "2011-12-31": 0.0068, "2011-09-30": 0.1915, "2011-06-30": 0.2182, "2011-03-31": "0.19080", "2010-12-31": 0.1342, "2010-09-30": 0.2856, "2010-06-30": 0.5332, "2010-03-31": "0.28300", "2009-12-31": -0.6217, "2009-09-30": 0.2051, "2009-06-30": 0.0158, "2009-03-31": "0.23770", "2008-12-31": 0.005, "2008-09-30": 0.3101, "2008-06-30": -0.1303, "2008-03-31": "0.15780", "2007-12-31": -0.1804, "2007-09-30": -0.3964, "2007-06-30": -1.6867, "2007-03-31": "-0.43230", "2006-12-31": -0.2227, "2006-09-30": -0.1804, "2006-06-30": 0.1385, "2006-03-31": "-1.23840", "2005-12-31": -0.6446, "2005-09-30": 0.0411, "2005-06-30": -0.2975, "2005-03-31": "0.35920"}}, "revenue": {"Kimco Realty Annual Revenue (Millions of US $)": {"2019": "$1,159", "2018": "$1,165", "2017": "$1,201", "2016": "$1,171", "2015": "$1,167", "2014": "$994", "2013": "$862", "2012": "$793", "2011": "$814", "2010": "$827", "2009": "$798", "2008": "$799", "2007": "$729", "2006": "$621", "2005": "$532"}, "Kimco Realty Quarterly Revenue (Millions of US $)": {"2020-09-30": "$260", "2020-06-30": "$239", "2020-03-31": "$290", "2019-12-31": "$296", "2019-09-30": "$283", "2019-06-30": "$285", "2019-03-31": "$295", "2018-12-31": "$284", "2018-09-30": "$283", "2018-06-30": "$293", "2018-03-31": "$304", "2017-12-31": "$315", "2017-09-30": "$295", "2017-06-30": "$297", "2017-03-31": "$294", "2016-12-31": "$297", "2016-09-30": "$285", "2016-06-30": "$291", "2016-03-31": "$297", "2015-12-31": "$301", "2015-09-30": "$288", "2015-06-30": "$294", "2015-03-31": "$283", "2014-12-31": "$265", "2014-09-30": "$255", "2014-06-30": "$246", "2014-03-31": "$228", "2013-12-31": "$186", "2013-09-30": "$221", "2013-06-30": "$227", "2013-03-31": "$227", "2012-12-31": "$120", "2012-09-30": "$223", "2012-06-30": "$227", "2012-03-31": "$224", "2011-12-31": "$156", "2011-09-30": "$213", "2011-06-30": "$220", "2011-03-31": "$225", "2010-12-31": "$168", "2010-09-30": "$216", "2010-06-30": "$220", "2010-03-31": "$223", "2009-12-31": "$196", "2009-09-30": "$200", "2009-06-30": "$198", "2009-03-31": "$204", "2008-12-31": "$201", "2008-09-30": "$203", "2008-06-30": "$194", "2008-03-31": "$200", "2007-12-31": "$187", "2007-09-30": "$185", "2007-06-30": "$183", "2007-03-31": "$175", "2006-12-31": "$159", "2006-09-30": "$159", "2006-06-30": "$158", "2006-03-31": "$145", "2005-12-31": "$127", "2005-09-30": "$135", "2005-06-30": "$133", "2005-03-31": "$137"}}, "gross-profit": {"Kimco Realty Annual Gross Profit (Millions of US $)": {"2019": "$822", "2018": "$836", "2017": "$863", "2016": "$842", "2015": "$862", "2014": "$735", "2013": "$640", "2012": "$586", "2011": "$594", "2010": "$599", "2009": "$571", "2008": "$585", "2007": "$546", "2006": "$464", "2005": "$400"}, "Kimco Realty Quarterly Gross Profit (Millions of US $)": {"2020-09-30": "$174", "2020-06-30": "$158", "2020-03-31": "$205", "2019-12-31": "$205", "2019-09-30": "$203", "2019-06-30": "$202", "2019-03-31": "$212", "2018-12-31": "$203", "2018-09-30": "$203", "2018-06-30": "$212", "2018-03-31": "$217", "2017-12-31": "$227", "2017-09-30": "$213", "2017-06-30": "$213", "2017-03-31": "$210", "2016-12-31": "$185", "2016-09-30": "$212", "2016-06-30": "$220", "2016-03-31": "$225", "2015-12-31": "$220", "2015-09-30": "$214", "2015-06-30": "$218", "2015-03-31": "$210", "2014-12-31": "$193", "2014-09-30": "$190", "2014-06-30": "$183", "2014-03-31": "$169", "2013-12-31": "$135", "2013-09-30": "$166", "2013-06-30": "$169", "2013-03-31": "$170", "2012-12-31": "$86", "2012-09-30": "$165", "2012-06-30": "$169", "2012-03-31": "$166", "2011-12-31": "$119", "2011-09-30": "$154", "2011-06-30": "$161", "2011-03-31": "$159", "2010-12-31": "$126", "2010-09-30": "$156", "2010-06-30": "$158", "2010-03-31": "$159", "2009-12-31": "$139", "2009-09-30": "$143", "2009-06-30": "$144", "2009-03-31": "$145", "2008-12-31": "$146", "2008-09-30": "$149", "2008-06-30": "$144", "2008-03-31": "$147", "2007-12-31": "$136", "2007-09-30": "$140", "2007-06-30": "$138", "2007-03-31": "$133", "2006-12-31": "$119", "2006-09-30": "$119", "2006-06-30": "$119", "2006-03-31": "$108", "2005-12-31": "$95", "2005-09-30": "$103", "2005-06-30": "$101", "2005-03-31": "$101"}}, "operating-income": {"Kimco Realty Annual Operating Income (Millions of US $)": {"2019": "$478", "2018": "$582", "2017": "$431", "2016": "$394", "2015": "$344", "2014": "$310", "2013": "$249", "2012": "$233", "2011": "$238", "2010": "$230", "2009": "$220", "2008": "$266", "2007": "$243", "2006": "$259", "2005": "$248"}, "Kimco Realty Quarterly Operating Income (Millions of US $)": {"2020-09-30": "$73", "2020-06-30": "$64", "2020-03-31": "$115", "2019-12-31": "$137", "2019-09-30": "$99", "2019-06-30": "$107", "2019-03-31": "$134", "2018-12-31": "$111", "2018-09-30": "$130", "2018-06-30": "$180", "2018-03-31": "$161", "2017-12-31": "$173", "2017-09-30": "$100", "2017-06-30": "$66", "2017-03-31": "$93", "2016-12-31": "$165", "2016-09-30": "$76", "2016-06-30": "$54", "2016-03-31": "$99", "2015-12-31": "$82", "2015-09-30": "$75", "2015-06-30": "$92", "2015-03-31": "$94", "2014-12-31": "$81", "2014-09-30": "$90", "2014-06-30": "$64", "2014-03-31": "$75", "2013-12-31": "$107", "2013-09-30": "$17", "2013-06-30": "$51", "2013-03-31": "$74", "2012-12-31": "$18", "2012-09-30": "$71", "2012-06-30": "$76", "2012-03-31": "$69", "2011-12-31": "$40", "2011-09-30": "$63", "2011-06-30": "$69", "2011-03-31": "$66", "2010-12-31": "$18", "2010-09-30": "$67", "2010-06-30": "$71", "2010-03-31": "$74", "2009-12-31": "$78", "2009-09-30": "$64", "2009-06-30": "$24", "2009-03-31": "$55", "2008-12-31": "$61", "2008-09-30": "$64", "2008-06-30": "$64", "2008-03-31": "$77", "2007-12-31": "$52", "2007-09-30": "$61", "2007-06-30": "$66", "2007-03-31": "$65", "2006-12-31": "$59", "2006-09-30": "$60", "2006-06-30": "$65", "2006-03-31": "$75", "2005-12-31": "$51", "2005-09-30": "$61", "2005-06-30": "$74", "2005-03-31": "$63"}}, "ebitda": {"Kimco Realty Annual EBITDA (Millions of US $)": {"2019": "$755", "2018": "$893", "2017": "$792", "2016": "$749", "2015": "$688", "2014": "$583", "2013": "$507", "2012": "$496", "2011": "$489", "2010": "$477", "2009": "$448", "2008": "$472", "2007": "$434", "2006": "$403", "2005": "$356"}, "Kimco Realty Quarterly EBITDA (Millions of US $)": {"2020-09-30": "$145", "2020-06-30": "$138", "2020-03-31": "$185", "2019-12-31": "$205", "2019-09-30": "$168", "2019-06-30": "$176", "2019-03-31": "$206", "2018-12-31": "$186", "2018-09-30": "$205", "2018-06-30": "$259", "2018-03-31": "$242", "2017-12-31": "$258", "2017-09-30": "$188", "2017-06-30": "$161", "2017-03-31": "$185", "2016-12-31": "$256", "2016-09-30": "$173", "2016-06-30": "$136", "2016-03-31": "$184", "2015-12-31": "$169", "2015-09-30": "$179", "2015-06-30": "$172", "2015-03-31": "$169", "2014-12-31": "$154", "2014-09-30": "$161", "2014-06-30": "$132", "2014-03-31": "$136", "2013-12-31": "$174", "2013-09-30": "$81", "2013-06-30": "$115", "2013-03-31": "$137", "2012-12-31": "$82", "2012-09-30": "$138", "2012-06-30": "$142", "2012-03-31": "$134", "2011-12-31": "$103", "2011-09-30": "$123", "2011-06-30": "$131", "2011-03-31": "$132", "2010-12-31": "$80", "2010-09-30": "$129", "2010-06-30": "$133", "2010-03-31": "$136", "2009-12-31": "$138", "2009-09-30": "$120", "2009-06-30": "$79", "2009-03-31": "$111", "2008-12-31": "$114", "2008-09-30": "$117", "2008-06-30": "$115", "2008-03-31": "$126", "2007-12-31": "$105", "2007-09-30": "$110", "2007-06-30": "$113", "2007-03-31": "$107", "2006-12-31": "$101", "2006-09-30": "$97", "2006-06-30": "$101", "2006-03-31": "$104", "2005-12-31": "$78", "2005-09-30": "$88", "2005-06-30": "$101", "2005-03-31": "$89"}}, "net-income": {"Kimco Realty Annual Net Income (Millions of US $)": {"2019": "$337", "2018": "$430", "2017": "$370", "2016": "$331", "2015": "$831", "2014": "$366", "2013": "$178", "2012": "$173", "2011": "$110", "2010": "$91", "2009": "$-51", "2008": "$203", "2007": "$423", "2006": "$417", "2005": "$352"}, "Kimco Realty Quarterly Net Income (Millions of US $)": {"2020-09-30": "$-45", "2020-06-30": "$742", "2020-03-31": "$84", "2019-12-31": "$90", "2019-09-30": "$59", "2019-06-30": "$86", "2019-03-31": "$102", "2018-12-31": "$64", "2018-09-30": "$86", "2018-06-30": "$151", "2018-03-31": "$130", "2017-12-31": "$71", "2017-09-30": "$102", "2017-06-30": "$132", "2017-03-31": "$65", "2016-12-31": "$65", "2016-09-30": "$-55", "2016-06-30": "$192", "2016-03-31": "$129", "2015-12-31": "$360", "2015-09-30": "$63", "2015-06-30": "$112", "2015-03-31": "$296", "2014-12-31": "$38", "2014-09-30": "$180", "2014-06-30": "$75", "2014-03-31": "$72", "2013-12-31": "$47", "2013-09-30": "$41", "2013-06-30": "$37", "2013-03-31": "$53", "2012-12-31": "$60", "2012-09-30": "$27", "2012-06-30": "$48", "2012-03-31": "$38", "2011-12-31": "$32", "2011-09-30": "$40", "2011-06-30": "$24", "2011-03-31": "$14", "2010-12-31": "$22", "2010-09-30": "$17", "2010-06-30": "$13", "2010-03-31": "$39", "2009-12-31": "$40", "2009-09-30": "$28", "2009-06-30": "$-146", "2009-03-31": "$27", "2008-12-31": "$-63", "2008-09-30": "$97", "2008-06-30": "$83", "2008-03-31": "$87", "2007-12-31": "$72", "2007-09-30": "$75", "2007-06-30": "$125", "2007-03-31": "$151", "2006-12-31": "$129", "2006-09-30": "$89", "2006-06-30": "$106", "2006-03-31": "$93", "2005-12-31": "$105", "2005-09-30": "$82", "2005-06-30": "$81", "2005-03-31": "$84"}}, "eps-earnings-per-share-diluted": {"Kimco Realty Annual EPS": {"2019": "$0.80", "2018": "$1.02", "2017": "$0.87", "2016": "$0.79", "2015": "$2.00", "2014": "$0.89", "2013": "$0.43", "2012": "$0.42", "2011": "$0.27", "2010": "$0.22", "2009": "$-0.15", "2008": "$0.78", "2007": "$1.65", "2006": "$1.70", "2005": "$1.52"}, "Kimco Realty Quarterly EPS": {"2020-09-30": "$-0.10", "2020-06-30": "$1.71", "2020-03-31": "$0.19", "2019-12-31": "$0.22", "2019-09-30": "$0.14", "2019-06-30": "$0.20", "2019-03-31": "$0.24", "2018-12-31": "$0.17", "2018-09-30": "$0.19", "2018-06-30": "$0.36", "2018-03-31": "$0.30", "2017-12-31": "$0.17", "2017-09-30": "$0.24", "2017-06-30": "$0.31", "2017-03-31": "$0.15", "2016-12-31": "$0.15", "2016-09-30": "$-0.13", "2016-06-30": "$0.46", "2016-03-31": "$0.31", "2015-12-31": "$0.87", "2015-09-30": "$0.15", "2015-06-30": "$0.27", "2015-03-31": "$0.71", "2014-12-31": "$0.09", "2014-09-30": "$0.44", "2014-06-30": "$0.18", "2014-03-31": "$0.18", "2013-12-31": "$0.11", "2013-09-30": "$0.10", "2013-06-30": "$0.09", "2013-03-31": "$0.13", "2012-12-31": "$0.14", "2012-09-30": "$0.07", "2012-06-30": "$0.12", "2012-03-31": "$0.09", "2011-12-31": "$0.08", "2011-09-30": "$0.10", "2011-06-30": "$0.06", "2011-03-31": "$0.03", "2010-12-31": "$0.05", "2010-09-30": "$0.04", "2010-06-30": "$0.03", "2010-03-31": "$0.10", "2009-12-31": "$0.08", "2009-09-30": "$0.07", "2009-06-30": "$-0.40", "2009-03-31": "$0.10", "2008-12-31": "$-0.25", "2008-09-30": "$0.37", "2008-06-30": "$0.32", "2008-03-31": "$0.34", "2007-12-31": "$0.28", "2007-09-30": "$0.29", "2007-06-30": "$0.49", "2007-03-31": "$0.59", "2006-12-31": "$0.51", "2006-09-30": "$0.36", "2006-06-30": "$0.43", "2006-03-31": "$0.40", "2005-12-31": "$0.45", "2005-09-30": "$0.36", "2005-06-30": "$0.35", "2005-03-31": "$0.36"}}, "shares-outstanding": {"Kimco Realty Annual Shares Outstanding (Millions of Shares)": {"2019": "422", "2018": "421", "2017": "424", "2016": "420", "2015": "413", "2014": "411", "2013": "409", "2012": "407", "2011": "408", "2010": "406", "2009": "350", "2008": "259", "2007": "257", "2006": "245", "2005": "231"}, "Kimco Realty Quarterly Shares Outstanding (Millions of Shares)": {"2020-09-30": "430", "2020-06-30": "431", "2020-03-31": "431", "2019-12-31": "422", "2019-09-30": "421", "2019-06-30": "421", "2019-03-31": "421", "2018-12-31": "421", "2018-09-30": "420", "2018-06-30": "422", "2018-03-31": "425", "2017-12-31": "424", "2017-09-30": "424", "2017-06-30": "425", "2017-03-31": "424", "2016-12-31": "420", "2016-09-30": "420", "2016-06-30": "419", "2016-03-31": "414", "2015-12-31": "413", "2015-09-30": "413", "2015-06-30": "413", "2015-03-31": "415", "2014-12-31": "411", "2014-09-30": "411", "2014-06-30": "413", "2014-03-31": "409", "2013-12-31": "409", "2013-09-30": "409", "2013-06-30": "409", "2013-03-31": "408", "2012-12-31": "407", "2012-09-30": "407", "2012-06-30": "406", "2012-03-31": "407", "2011-12-31": "408", "2011-09-30": "407", "2011-06-30": "408", "2011-03-31": "407", "2010-12-31": "406", "2010-09-30": "406", "2010-06-30": "406", "2010-03-31": "406", "2009-12-31": "350", "2009-09-30": "378", "2009-06-30": "368", "2009-03-31": "271", "2008-12-31": "259", "2008-09-30": "259", "2008-06-30": "257", "2008-03-31": "256", "2007-12-31": "257", "2007-09-30": "256", "2007-06-30": "257", "2007-03-31": "257", "2006-12-31": "245", "2006-09-30": "246", "2006-06-30": "246", "2006-03-31": "234", "2005-12-31": "231", "2005-09-30": "232", "2005-06-30": "231", "2005-03-31": "234"}}, "total-assets": {"Kimco Realty Annual Total Assets (Millions of US $)": {"2019": "$10,998", "2018": "$10,999", "2017": "$11,764", "2016": "$11,231", "2015": "$11,344", "2014": "$10,261", "2013": "$9,664", "2012": "$9,751", "2011": "$9,629", "2010": "$9,834", "2009": "$10,183", "2008": "$9,397", "2007": "$9,098", "2006": "$7,869", "2005": "$5,535"}, "Kimco Realty Quarterly Total Assets (Millions of US $)": {"2020-09-30": "$11,524", "2020-06-30": "$11,560", "2020-03-31": "$11,305", "2019-12-31": "$10,998", "2019-09-30": "$11,085", "2019-06-30": "$11,041", "2019-03-31": "$11,070", "2018-12-31": "$10,999", "2018-09-30": "$11,110", "2018-06-30": "$11,292", "2018-03-31": "$11,373", "2017-12-31": "$11,764", "2017-09-30": "$11,702", "2017-06-30": "$11,558", "2017-03-31": "$11,248", "2016-12-31": "$11,231", "2016-09-30": "$11,206", "2016-06-30": "$11,392", "2016-03-31": "$11,249", "2015-12-31": "$11,344", "2015-09-30": "$11,414", "2015-06-30": "$11,467", "2015-03-31": "$11,734", "2014-12-31": "$10,261", "2014-09-30": "$10,293", "2014-06-30": "$10,190", "2014-03-31": "$9,834", "2013-12-31": "$9,664", "2013-09-30": "$9,953", "2013-06-30": "$9,988", "2013-03-31": "$10,062", "2012-12-31": "$9,751", "2012-09-30": "$10,116", "2012-06-30": "$10,030", "2012-03-31": "$9,827", "2011-12-31": "$9,629", "2011-09-30": "$9,581", "2011-06-30": "$9,705", "2011-03-31": "$9,895", "2010-12-31": "$9,834", "2010-09-30": "$9,815", "2010-06-30": "$9,883", "2010-03-31": "$10,262", "2009-12-31": "$10,183", "2009-09-30": "$9,288", "2009-06-30": "$9,338", "2009-03-31": "$9,393", "2008-12-31": "$9,397", "2008-09-30": "$9,757", "2008-06-30": "$9,594", "2008-03-31": "$9,432", "2007-12-31": "$9,098", "2007-09-30": "$8,898", "2007-06-30": "$8,625", "2007-03-31": "$7,985", "2006-12-31": "$7,869", "2006-09-30": "$7,124", "2006-06-30": "$6,762", "2006-03-31": "$6,376", "2005-12-31": "$5,535", "2005-09-30": "$5,168", "2005-06-30": "$4,990", "2005-03-31": "$4,839"}}, "cash-on-hand": {"Kimco Realty Annual Cash on Hand (Millions of US $)": {"2019": "$124", "2018": "$144", "2017": "$239", "2016": "$142", "2015": "$190", "2014": "$187", "2013": "$149", "2012": "$142", "2011": "$113", "2010": "$125", "2009": "$122", "2008": "$136", "2007": "$87", "2006": "$345", "2005": "$76"}, "Kimco Realty Quarterly Cash on Hand (Millions of US $)": {"2020-09-30": "$325", "2020-06-30": "$202", "2020-03-31": "$452", "2019-12-31": "$124", "2019-09-30": "$141", "2019-06-30": "$114", "2019-03-31": "$144", "2018-12-31": "$144", "2018-09-30": "$146", "2018-06-30": "$306", "2018-03-31": "$218", "2017-12-31": "$239", "2017-09-30": "$157", "2017-06-30": "$143", "2017-03-31": "$167", "2016-12-31": "$142", "2016-09-30": "$171", "2016-06-30": "$338", "2016-03-31": "$222", "2015-12-31": "$190", "2015-09-30": "$181", "2015-06-30": "$146", "2015-03-31": "$221", "2014-12-31": "$187", "2014-09-30": "$154", "2014-06-30": "$192", "2014-03-31": "$269", "2013-12-31": "$149", "2013-09-30": "$402", "2013-06-30": "$156", "2013-03-31": "$167", "2012-12-31": "$142", "2012-09-30": "$430", "2012-06-30": "$384", "2012-03-31": "$242", "2011-12-31": "$113", "2011-09-30": "$180", "2011-06-30": "$144", "2011-03-31": "$148", "2010-12-31": "$125", "2010-09-30": "$158", "2010-06-30": "$135", "2010-03-31": "$137", "2009-12-31": "$122", "2009-09-30": "$141", "2009-06-30": "$189", "2009-03-31": "$150", "2008-12-31": "$136", "2008-09-30": "$124", "2008-06-30": "$123", "2008-03-31": "$151", "2007-12-31": "$87", "2007-09-30": "$45", "2007-06-30": "$110", "2007-03-31": "$120", "2006-12-31": "$345", "2006-09-30": "$103", "2006-06-30": "$122", "2006-03-31": "$159", "2005-12-31": "$76", "2005-09-30": "$70", "2005-06-30": "$47", "2005-03-31": "$96"}}, "long-term-debt": {"Kimco Realty Annual Long Term Debt (Millions of US $)": {"2019": "$5,316", "2018": "$4,874", "2017": "$5,479", "2016": "$5,066", "2015": "$5,376", "2014": "$4,596", "2013": "$4,221", "2012": "$4,195", "2011": "$4,114", "2010": "$4,059", "2009": "$4,434", "2008": "$4,557", "2007": "$4,216", "2006": "$3,587", "2005": "$2,691"}, "Kimco Realty Quarterly Long Term Debt (Millions of US $)": {"2020-09-30": "$5,357", "2020-06-30": "$5,350", "2020-03-31": "$5,709", "2019-12-31": "$5,316", "2019-09-30": "$5,313", "2019-06-30": "$4,906", "2019-03-31": "$4,869", "2018-12-31": "$4,874", "2018-09-30": "$4,887", "2018-06-30": "$5,069", "2018-03-31": "$5,097", "2017-12-31": "$5,479", "2017-09-30": "$5,551", "2017-06-30": "$5,390", "2017-03-31": "$5,125", "2016-12-31": "$5,066", "2016-09-30": "$5,000", "2016-06-30": "$5,189", "2016-03-31": "$5,162", "2015-12-31": "$5,376", "2015-09-30": "$5,499", "2015-06-30": "$5,538", "2015-03-31": "$5,721", "2014-12-31": "$4,596", "2014-09-30": "$4,697", "2014-06-30": "$4,730", "2014-03-31": "$4,380", "2013-12-31": "$4,221", "2013-09-30": "$4,381", "2013-06-30": "$4,465", "2013-03-31": "$4,451", "2012-12-31": "$4,195", "2012-09-30": "$4,218", "2012-06-30": "$4,192", "2012-03-31": "$3,914", "2011-12-31": "$4,114", "2011-09-30": "$3,985", "2011-06-30": "$3,980", "2011-03-31": "$4,150", "2010-12-31": "$4,059", "2010-09-30": "$4,037", "2010-06-30": "$4,260", "2010-03-31": "$4,524", "2009-12-31": "$4,434", "2009-09-30": "$3,972", "2009-06-30": "$4,139", "2009-03-31": "$4,652", "2008-12-31": "$4,557", "2008-09-30": "$4,396", "2008-06-30": "$4,740", "2008-03-31": "$4,539", "2007-12-31": "$4,216", "2007-09-30": "$4,416", "2007-06-30": "$4,191", "2007-03-31": "$3,630", "2006-12-31": "$3,587", "2006-09-30": "$3,353", "2006-06-30": "$3,139", "2006-03-31": "$2,875", "2005-12-31": "$2,691", "2005-09-30": "$2,357", "2005-06-30": "$2,267", "2005-03-31": "$2,142"}}, "total-liabilities": {"Kimco Realty Annual Total Liabilities (Millions of US $)": {"2019": "$6,069", "2018": "$5,588", "2017": "$6,242", "2016": "$5,828", "2015": "$6,162", "2014": "$5,360", "2013": "$4,894", "2012": "$4,819", "2011": "$4,749", "2010": "$4,673", "2009": "$5,065", "2008": "$5,192", "2007": "$5,203", "2006": "$4,502", "2005": "$3,147"}, "Kimco Realty Quarterly Total Liabilities (Millions of US $)": {"2020-09-30": "$5,987", "2020-06-30": "$5,942", "2020-03-31": "$6,433", "2019-12-31": "$6,069", "2019-09-30": "$6,111", "2019-06-30": "$5,673", "2019-03-31": "$5,673", "2018-12-31": "$5,588", "2018-09-30": "$5,653", "2018-06-30": "$5,803", "2018-03-31": "$5,870", "2017-12-31": "$6,242", "2017-09-30": "$6,294", "2017-06-30": "$6,133", "2017-03-31": "$5,889", "2016-12-31": "$5,828", "2016-09-30": "$5,774", "2016-06-30": "$5,948", "2016-03-31": "$5,932", "2015-12-31": "$6,162", "2015-09-30": "$6,324", "2015-06-30": "$6,332", "2015-03-31": "$6,527", "2014-12-31": "$5,360", "2014-09-30": "$5,458", "2014-06-30": "$5,442", "2014-03-31": "$5,091", "2013-12-31": "$4,894", "2013-09-30": "$5,113", "2013-06-30": "$5,122", "2013-03-31": "$5,106", "2012-12-31": "$4,819", "2012-09-30": "$4,873", "2012-06-30": "$4,825", "2012-03-31": "$4,543", "2011-12-31": "$4,749", "2011-09-30": "$4,634", "2011-06-30": "$4,593", "2011-03-31": "$4,776", "2010-12-31": "$4,673", "2010-09-30": "$4,649", "2010-06-30": "$4,845", "2010-03-31": "$5,153", "2009-12-31": "$5,065", "2009-09-30": "$4,524", "2009-06-30": "$4,659", "2009-03-31": "$5,307", "2008-12-31": "$5,192", "2008-09-30": "$5,501", "2008-06-30": "$5,732", "2008-03-31": "$5,551", "2007-12-31": "$5,203", "2007-09-30": "$5,413", "2007-06-30": "$5,125", "2007-03-31": "$4,540", "2006-12-31": "$4,502", "2006-09-30": "$4,207", "2006-06-30": "$3,869", "2006-03-31": "$3,514", "2005-12-31": "$3,147", "2005-09-30": "$2,824", "2005-06-30": "$2,676", "2005-03-31": "$2,557"}}, "total-share-holder-equity": {"Kimco Realty Annual Share Holder Equity (Millions of US $)": {"2019": "$4,929", "2018": "$5,411", "2017": "$5,522", "2016": "$5,403", "2015": "$5,182", "2014": "$4,902", "2013": "$4,770", "2012": "$4,932", "2011": "$4,880", "2010": "$5,161", "2009": "$5,118", "2008": "$4,205", "2007": "$3,895", "2006": "$3,367", "2005": "$2,387"}, "Kimco Realty Quarterly Share Holder Equity (Millions of US $)": {"2020-09-30": "$5,537", "2020-06-30": "$5,618", "2020-03-31": "$4,872", "2019-12-31": "$4,929", "2019-09-30": "$4,974", "2019-06-30": "$5,367", "2019-03-31": "$5,397", "2018-12-31": "$5,411", "2018-09-30": "$5,456", "2018-06-30": "$5,489", "2018-03-31": "$5,502", "2017-12-31": "$5,522", "2017-09-30": "$5,408", "2017-06-30": "$5,426", "2017-03-31": "$5,360", "2016-12-31": "$5,403", "2016-09-30": "$5,432", "2016-06-30": "$5,445", "2016-03-31": "$5,317", "2015-12-31": "$5,182", "2015-09-30": "$5,090", "2015-06-30": "$5,136", "2015-03-31": "$5,207", "2014-12-31": "$4,902", "2014-09-30": "$4,836", "2014-06-30": "$4,749", "2014-03-31": "$4,742", "2013-12-31": "$4,770", "2013-09-30": "$4,840", "2013-06-30": "$4,866", "2013-03-31": "$4,956", "2012-12-31": "$4,932", "2012-09-30": "$5,243", "2012-06-30": "$5,205", "2012-03-31": "$5,284", "2011-12-31": "$4,880", "2011-09-30": "$4,947", "2011-06-30": "$5,112", "2011-03-31": "$5,120", "2010-12-31": "$5,161", "2010-09-30": "$5,166", "2010-06-30": "$5,038", "2010-03-31": "$5,110", "2009-12-31": "$5,118", "2009-09-30": "$4,764", "2009-06-30": "$4,679", "2009-03-31": "$4,086", "2008-12-31": "$4,205", "2008-09-30": "$4,255", "2008-06-30": "$3,862", "2008-03-31": "$3,881", "2007-12-31": "$3,895", "2007-09-30": "$3,485", "2007-06-30": "$3,500", "2007-03-31": "$3,446", "2006-12-31": "$3,367", "2006-09-30": "$2,917", "2006-06-30": "$2,893", "2006-03-31": "$2,862", "2005-12-31": "$2,387", "2005-09-30": "$2,345", "2005-06-30": "$2,314", "2005-03-31": "$2,282"}}, "profit-margins": {"current": "83.81%"}, "gross margin": {"2020-09-30": "68.39%", "2020-06-30": "69.58%", "2020-03-31": "70.62%", "2019-12-31": "70.92%", "2019-09-30": "71.49%", "2019-06-30": "71.49%", "2019-03-31": "71.86%", "2018-12-31": "71.74%", "2018-09-30": "71.88%", "2018-06-30": "72.00%", "2018-03-31": "71.84%", "2017-12-31": "71.86%", "2017-09-30": "69.40%", "2017-06-30": "69.91%", "2017-03-31": "70.87%", "2016-12-31": "71.97%", "2016-09-30": "74.70%", "2016-06-30": "74.68%", "2016-03-31": "74.32%", "2015-12-31": "73.93%", "2015-09-30": "73.89%", "2015-06-30": "73.93%", "2015-03-31": "73.98%", "2014-12-31": "73.94%", "2014-09-30": "73.99%", "2014-06-30": "74.12%", "2014-03-31": "74.13%", "2013-12-31": "74.33%", "2013-09-30": "74.34%", "2013-06-30": "74.03%", "2013-03-31": "74.03%", "2012-12-31": "73.80%", "2012-09-30": "74.58%", "2012-06-30": "74.15%", "2012-03-31": "73.80%", "2011-12-31": "72.85%", "2011-09-30": "72.64%", "2011-06-30": "72.62%", "2011-03-31": "72.26%", "2010-12-31": "72.43%", "2010-09-30": "71.58%", "2010-06-30": "71.39%", "2010-03-31": "71.60%", "2009-12-31": "71.55%", "2009-09-30": "71.98%", "2009-06-30": "72.46%", "2009-03-31": "72.82%", "2008-12-31": "73.43%", "2008-09-30": "73.47%", "2008-06-30": "74.02%", "2008-03-31": "74.30%", "2007-12-31": "74.93%", "2007-09-30": "75.50%", "2007-06-30": "75.30%", "2007-03-31": "75.27%", "2006-12-31": "74.88%", "2006-09-30": "74.87%", "2006-06-30": "75.22%", "2006-03-31": "75.37%", "2005-12-31": "75.19%"}, "operating margin": {"2020-09-30": "35.85%", "2020-06-30": "37.45%", "2020-03-31": "39.69%", "2019-12-31": "41.16%", "2019-09-30": "39.32%", "2019-06-30": "42.02%", "2019-03-31": "48.05%", "2018-12-31": "50.00%", "2018-09-30": "53.89%", "2018-06-30": "50.87%", "2018-03-31": "41.29%", "2017-12-31": "35.97%", "2017-09-30": "35.84%", "2017-06-30": "34.10%", "2017-03-31": "33.25%", "2016-12-31": "33.68%", "2016-09-30": "26.49%", "2016-06-30": "26.34%", "2016-03-31": "29.49%", "2015-12-31": "29.42%", "2015-09-30": "30.27%", "2015-06-30": "32.54%", "2015-03-31": "31.36%", "2014-12-31": "31.19%", "2014-09-30": "36.72%", "2014-06-30": "29.85%", "2014-03-31": "29.00%", "2013-12-31": "28.92%", "2013-09-30": "20.13%", "2013-06-30": "26.85%", "2013-03-31": "29.99%", "2012-12-31": "29.47%", "2012-09-30": "30.84%", "2012-06-30": "30.24%", "2012-03-31": "29.64%", "2011-12-31": "29.24%", "2011-09-30": "26.15%", "2011-06-30": "26.54%", "2011-03-31": "26.78%", "2010-12-31": "27.81%", "2010-09-30": "33.92%", "2010-06-30": "34.21%", "2010-03-31": "29.38%", "2009-12-31": "27.69%", "2009-09-30": "25.40%", "2009-06-30": "25.31%", "2009-03-31": "30.42%", "2008-12-31": "33.33%", "2008-09-30": "32.78%", "2008-06-30": "33.16%", "2008-03-31": "33.91%", "2007-12-31": "33.42%", "2007-09-30": "35.75%", "2007-06-30": "36.98%", "2007-03-31": "38.25%", "2006-12-31": "41.71%", "2006-09-30": "42.61%", "2006-06-30": "44.60%", "2006-03-31": "48.33%", "2005-12-31": "46.80%"}, "ebitda margin": {"2020-09-30": "62.03%", "2020-06-30": "62.82%", "2020-03-31": "63.60%", "2019-12-31": "65.14%", "2019-09-30": "64.17%", "2019-06-30": "67.39%", "2019-03-31": "74.11%", "2018-12-31": "76.63%", "2018-09-30": "80.67%", "2018-06-30": "78.46%", "2018-03-31": "70.11%", "2017-12-31": "65.95%", "2017-09-30": "66.78%", "2017-06-30": "66.07%", "2017-03-31": "64.27%", "2016-12-31": "64.02%", "2016-09-30": "56.39%", "2016-06-30": "56.75%", "2016-03-31": "59.66%", "2015-12-31": "59.09%", "2015-09-30": "59.65%", "2015-06-30": "59.80%", "2015-03-31": "58.72%", "2014-12-31": "58.65%", "2014-09-30": "65.90%", "2014-06-30": "59.36%", "2014-03-31": "58.70%", "2013-12-31": "58.89%", "2013-09-30": "52.20%", "2013-06-30": "59.22%", "2013-03-31": "62.61%", "2012-12-31": "62.47%", "2012-09-30": "62.29%", "2012-06-30": "61.22%", "2012-03-31": "60.39%", "2011-12-31": "60.07%", "2011-09-30": "56.42%", "2011-06-30": "56.94%", "2011-03-31": "57.18%", "2010-12-31": "57.80%", "2010-09-30": "62.69%", "2010-06-30": "62.81%", "2010-03-31": "57.89%", "2009-12-31": "56.14%", "2009-09-30": "52.80%", "2009-06-30": "52.23%", "2009-03-31": "56.98%", "2008-12-31": "59.15%", "2008-09-30": "59.06%", "2008-06-30": "59.53%", "2008-03-31": "60.13%", "2007-12-31": "59.59%", "2007-09-30": "61.40%", "2007-06-30": "61.83%", "2007-03-31": "62.37%", "2006-12-31": "64.90%", "2006-09-30": "64.52%", "2006-06-30": "65.66%", "2006-03-31": "68.70%", "2005-12-31": "66.92%"}, "pre tax profit margin": {"2020-09-30": "76.87%", "2020-06-30": "86.10%", "2020-03-31": "24.78%", "2019-12-31": "26.92%", "2019-09-30": "24.85%", "2019-06-30": "26.42%", "2019-03-31": "32.38%", "2018-12-31": "34.28%", "2018-09-30": "37.74%", "2018-06-30": "35.13%", "2018-03-31": "25.52%", "2017-12-31": "19.90%", "2017-09-30": "20.63%", "2017-06-30": "15.35%", "2017-03-31": "13.80%", "2016-12-31": "13.76%", "2016-09-30": "5.71%", "2016-06-30": "9.09%", "2016-03-31": "14.83%", "2015-12-31": "14.58%", "2015-09-30": "14.87%", "2015-06-30": "16.23%", "2015-03-31": "11.44%", "2014-12-31": "10.26%", "2014-09-30": "15.52%", "2014-06-30": "8.17%", "2014-03-31": "7.19%", "2013-12-31": "6.85%", "2013-09-30": "-5.66%", "2013-06-30": "0.25%", "2013-03-31": "2.76%", "2012-12-31": "1.51%", "2012-09-30": "5.78%", "2012-06-30": "5.12%", "2012-03-31": "5.54%", "2011-12-31": "6.27%", "2011-09-30": "3.39%", "2011-06-30": "3.02%", "2011-03-31": "2.29%", "2010-12-31": "3.39%", "2010-09-30": "4.56%", "2010-06-30": "7.87%", "2010-03-31": "-7.22%", "2009-12-31": "-6.77%", "2009-09-30": "-4.98%", "2009-06-30": "-6.20%", "2009-03-31": "10.85%", "2008-12-31": "13.16%", "2008-09-30": "27.04%", "2008-06-30": "27.55%", "2008-03-31": "27.28%", "2007-12-31": "25.34%", "2007-09-30": "15.81%", "2007-06-30": "17.90%", "2007-03-31": "21.51%", "2006-12-31": "26.25%", "2006-09-30": "29.37%", "2006-06-30": "32.04%", "2006-03-31": "34.63%", "2005-12-31": "33.27%"}, "net profit margin": {"2020-09-30": "80.28%", "2020-06-30": "88.00%", "2020-03-31": "27.64%", "2019-12-31": "29.08%", "2019-09-30": "27.11%", "2019-06-30": "29.47%", "2019-03-31": "34.89%", "2018-12-31": "37.03%", "2018-09-30": "36.65%", "2018-06-30": "37.61%", "2018-03-31": "35.92%", "2017-12-31": "30.81%", "2017-09-30": "30.77%", "2017-06-30": "17.65%", "2017-03-31": "22.88%", "2016-12-31": "28.29%", "2016-09-30": "53.32%", "2016-06-30": "63.21%", "2016-03-31": "56.27%", "2015-12-31": "71.27%", "2015-09-30": "45.04%", "2015-06-30": "57.06%", "2015-03-31": "56.15%", "2014-12-31": "36.72%", "2014-09-30": "40.87%", "2014-06-30": "26.67%", "2014-03-31": "22.85%", "2013-12-31": "20.67%", "2013-09-30": "24.03%", "2013-06-30": "22.21%", "2013-03-31": "23.59%", "2012-12-31": "21.79%", "2012-09-30": "17.47%", "2012-06-30": "19.27%", "2012-03-31": "16.48%", "2011-12-31": "13.51%", "2011-09-30": "12.11%", "2011-06-30": "9.29%", "2011-03-31": "7.96%", "2010-12-31": "11.00%", "2010-09-30": "12.75%", "2010-06-30": "14.30%", "2010-03-31": "-4.77%", "2009-12-31": "-6.39%", "2009-09-30": "-19.18%", "2009-06-30": "-10.55%", "2009-03-31": "17.96%", "2008-12-31": "25.56%", "2008-09-30": "43.24%", "2008-06-30": "41.38%", "2008-03-31": "47.55%", "2007-12-31": "57.95%", "2007-09-30": "68.38%", "2007-06-30": "73.08%", "2007-03-31": "72.96%", "2006-12-31": "67.15%", "2006-09-30": "66.72%", "2006-06-30": "68.32%", "2006-03-31": "66.85%", "2005-12-31": "66.17%"}, "pe ratio": {"current": "13.59", "2021-02-05": "8.28", "2020-09-30": "5.51", "2020-06-30": "5.57", "2020-03-31": "12.24", "2019-12-31": "24.57", "2019-09-30": "25.72", "2019-06-30": "21.01", "2019-03-31": "17.26", "2018-12-31": "12.87", "2018-09-30": "14.46", "2018-06-30": "13.75", "2018-03-31": "11.99", "2017-12-31": "17.71", "2017-09-30": "18.74", "2017-06-30": "30.44", "2017-03-31": "27.72", "2016-12-31": "25.26", "2016-09-30": "15.09", "2016-06-30": "13.69", "2016-03-31": "13.92", "2015-12-31": "10.24", "2015-09-30": "15.20", "2015-06-30": "11.21", "2015-03-31": "14.08", "2014-12-31": "21.03", "2014-09-30": "17.39", "2014-06-30": "28.64", "2014-03-31": "31.95", "2013-12-31": "32.12", "2013-09-30": "30.72", "2013-06-30": "34.56", "2013-03-31": "33.45", "2012-12-31": "31.60", "2012-09-30": "37.89", "2012-06-30": "32.51", "2012-03-31": "38.51", "2011-12-31": "39.68", "2011-09-30": "40.33", "2011-06-30": "66.05", "2011-03-31": "72.38", "2010-12-31": "49.53", "2010-09-30": "33.59", "2010-06-30": "26.00", "2010-03-31": "0.00", "2009-12-31": "0.00", "2009-09-30": "0.00", "2009-06-30": "0.00", "2009-03-31": "7.75", "2008-12-31": "12.94", "2008-09-30": "15.21", "2008-06-30": "14.96", "2008-03-31": "14.77", "2007-12-31": "11.64", "2007-09-30": "12.44", "2007-06-30": "10.01", "2007-03-31": "13.03", "2006-12-31": "13.46"}, "price sales": {"2021-02-05": "6.60", "2020-09-30": "4.40", "2020-06-30": "4.84", "2020-03-31": "3.37", "2019-12-31": "7.14", "2019-09-30": "7.08", "2019-06-30": "6.16", "2019-03-31": "6.04", "2018-12-31": "4.75", "2018-09-30": "5.21", "2018-06-30": "5.16", "2018-03-31": "4.28", "2017-12-31": "5.45", "2017-09-30": "5.77", "2017-06-30": "5.37", "2017-03-31": "6.40", "2016-12-31": "7.22", "2016-09-30": "8.08", "2016-06-30": "8.63", "2016-03-31": "7.80", "2015-12-31": "7.26", "2015-09-30": "6.78", "2015-06-30": "6.37", "2015-03-31": "7.86", "2014-12-31": "7.74", "2014-09-30": "7.18", "2014-06-30": "7.73", "2014-03-31": "7.42", "2013-12-31": "6.70", "2013-09-30": "7.25", "2013-06-30": "7.60", "2013-03-31": "7.86", "2012-12-31": "6.80", "2012-09-30": "6.69", "2012-06-30": "6.30", "2012-03-31": "6.37", "2011-12-31": "5.36", "2011-09-30": "4.77", "2011-06-30": "5.83", "2011-03-31": "5.68", "2010-12-31": "5.59", "2010-09-30": "4.46", "2010-06-30": "3.82", "2010-03-31": "4.39", "2009-12-31": "3.45", "2009-09-30": "2.99", "2009-06-30": "2.09", "2009-03-31": "1.39", "2008-12-31": "3.30", "2008-09-30": "6.54", "2008-06-30": "6.16", "2008-03-31": "7.03", "2007-12-31": "6.77", "2007-09-30": "8.47", "2007-06-30": "7.26", "2007-03-31": "9.40", "2006-12-31": "8.94"}, "price book": {"current": "1.31", "2021-02-05": "1.31", "2020-09-30": "0.87", "2020-06-30": "0.97", "2020-03-31": "0.81", "2019-12-31": "1.72", "2019-09-30": "1.64", "2019-06-30": "1.32", "2019-03-31": "1.30", "2018-12-31": "1.02", "2018-09-30": "1.14", "2018-06-30": "1.13", "2018-03-31": "0.94", "2017-12-31": "1.19", "2017-09-30": "1.27", "2017-06-30": "1.17", "2017-03-31": "1.41", "2016-12-31": "1.59", "2016-09-30": "1.78", "2016-06-30": "1.89", "2016-03-31": "1.75", "2015-12-31": "1.63", "2015-09-30": "1.51", "2015-06-30": "1.36", "2015-03-31": "1.58", "2014-12-31": "1.57", "2014-09-30": "1.36", "2014-06-30": "1.44", "2014-03-31": "1.36", "2013-12-31": "1.21", "2013-09-30": "1.20", "2013-06-30": "1.25", "2013-03-31": "1.27", "2012-12-31": "1.10", "2012-09-30": "1.06", "2012-06-30": "0.99", "2012-03-31": "0.98", "2011-12-31": "0.89", "2011-09-30": "0.80", "2011-06-30": "0.95", "2011-03-31": "0.92", "2010-12-31": "0.90", "2010-09-30": "0.77", "2010-06-30": "0.67", "2010-03-31": "0.76", "2009-12-31": "0.65", "2009-09-30": "0.61", "2009-06-30": "0.48", "2009-03-31": "0.28", "2008-12-31": "0.66", "2008-09-30": "1.25", "2008-06-30": "1.21", "2008-03-31": "1.35", "2007-12-31": "1.25", "2007-09-30": "1.70", "2007-06-30": "1.41", "2007-03-31": "1.80", "2006-12-31": "1.70", "2006-09-30": "1.78", "2006-06-30": "1.51", "2006-03-31": "1.67"}, "price fcf": {"2021-02-05": "", "2020-09-30": "$0.99", "2020-06-30": "$0.84", "2020-03-31": "$0.95", "2019-12-31": "$1.10", "2019-09-30": "$1.07", "2019-06-30": "$1.21", "2019-03-31": "$1.74", "2018-12-31": "$2.04", "2018-09-30": "$1.93", "2018-06-30": "$1.68", "2018-03-31": "$0.98", "2017-12-31": "$0.65", "2017-09-30": "$0.70", "2017-06-30": "$0.87", "2017-03-31": "$1.07", "2016-12-31": "$1.15", "2016-09-30": "$2.76", "2016-06-30": "$2.84", "2016-03-31": "$2.95", "2015-12-31": "$1.77", "2015-09-30": "$1.97", "2015-06-30": "$2.22", "2015-03-31": "$1.75", "2014-12-31": "$2.86", "2014-09-30": "$0.76", "2014-06-30": "$0.94", "2014-03-31": "$1.34", "2013-12-31": "$1.21", "2013-09-30": "$1.56", "2013-06-30": "$0.85", "2013-03-31": "$0.86", "2012-12-31": "$0.92", "2012-09-30": "$0.65", "2012-06-30": "$0.72", "2012-03-31": "$0.68", "2011-12-31": "$0.61", "2011-09-30": "$0.73", "2011-06-30": "$0.83", "2011-03-31": "$1.14", "2010-12-31": "$1.24", "2010-09-30": "$0.48", "2010-06-30": "$0.40", "2010-03-31": "$-0.12", "2009-12-31": "$-0.16", "2009-09-30": "$0.46", "2009-06-30": "$0.57", "2009-03-31": "$0.42", "2008-12-31": "$0.34", "2008-09-30": "$0.16", "2008-06-30": "$-0.55", "2008-03-31": "$-2.11", "2007-12-31": "$-2.70", "2007-09-30": "$-2.74", "2007-06-30": "$-2.52", "2007-03-31": "$-0.70", "2006-12-31": "$-1.50"}, "net worth": {"value": "$7.23B"}, "current ratio": {"2020-09-30": "0.00", "2020-06-30": "0.00", "2020-03-31": "0.00", "2019-12-31": "0.00", "2019-09-30": "0.00", "2019-06-30": "0.00", "2019-03-31": "0.00", "2018-12-31": "1.88", "2018-09-30": "0.00", "2018-06-30": "0.00", "2018-03-31": "0.00", "2017-12-31": "2.42", "2017-09-30": "0.00", "2017-06-30": "0.00", "2017-03-31": "0.00", "2016-12-31": "2.38", "2016-09-30": "0.00", "2016-06-30": "0.00", "2016-03-31": "0.00", "2015-12-31": "2.59", "2015-09-30": "0.00", "2015-06-30": "0.00", "2015-03-31": "0.00", "2014-12-31": "3.35", "2014-09-30": "0.00", "2014-06-30": "0.00", "2014-03-31": "0.00", "2013-12-31": "2.76", "2013-09-30": "0.00", "2013-06-30": "0.00", "2013-03-31": "0.00", "2012-12-31": "3.43", "2012-09-30": "0.00", "2012-06-30": "0.00", "2012-03-31": "0.00", "2011-12-31": "3.03", "2011-09-30": "0.00", "2011-06-30": "0.00", "2011-03-31": "0.00", "2010-12-31": "2.36", "2010-09-30": "0.00", "2010-06-30": "0.00", "2010-03-31": "0.00", "2009-12-31": "2.57", "2009-09-30": "0.00", "2009-06-30": "0.00", "2009-03-31": "0.00", "2008-12-31": "2.72", "2008-09-30": "0.00", "2008-06-30": "0.00", "2008-03-31": "0.00", "2007-12-31": "2.04", "2007-09-30": "0.00", "2007-06-30": "0.00", "2007-03-31": "0.00", "2006-12-31": "3.61", "2006-09-30": "0.00", "2006-06-30": "0.00", "2006-03-31": "0.00", "2005-12-31": "2.29", "2005-09-30": "0.00", "2005-06-30": "0.00", "2005-03-31": "0.00"}, "quick ratio": {"2020-09-30": "0.00", "2020-06-30": "0.00", "2020-03-31": "0.00", "2019-12-31": "0.00", "2019-09-30": "0.00", "2019-06-30": "0.00", "2019-03-31": "0.00", "2018-12-31": "0.00", "2018-09-30": "0.00", "2018-06-30": "0.00", "2018-03-31": "0.00", "2017-12-31": "0.00", "2017-09-30": "0.00", "2017-06-30": "0.00", "2017-03-31": "0.00", "2016-12-31": "0.00", "2016-09-30": "0.00", "2016-06-30": "0.00", "2016-03-31": "0.00", "2015-12-31": "0.00", "2015-09-30": "0.00", "2015-06-30": "0.00", "2015-03-31": "0.00", "2014-12-31": "0.00", "2014-09-30": "0.00", "2014-06-30": "0.00", "2014-03-31": "0.00", "2013-12-31": "0.00", "2013-09-30": "0.00", "2013-06-30": "0.00", "2013-03-31": "0.00", "2012-12-31": "0.00", "2012-09-30": "0.00", "2012-06-30": "0.00", "2012-03-31": "0.00", "2011-12-31": "0.00", "2011-09-30": "0.00", "2011-06-30": "0.00", "2011-03-31": "0.00", "2010-12-31": "0.00", "2010-09-30": "0.00", "2010-06-30": "0.00", "2010-03-31": "0.00", "2009-12-31": "0.00", "2009-09-30": "0.00", "2009-06-30": "0.00", "2009-03-31": "0.00", "2008-12-31": "0.00", "2008-09-30": "0.00", "2008-06-30": "0.00", "2008-03-31": "0.00", "2007-12-31": "0.00", "2007-09-30": "0.00", "2007-06-30": "0.00", "2007-03-31": "0.00", "2006-12-31": "0.00", "2006-09-30": "0.00", "2006-06-30": "0.00", "2006-03-31": "0.00", "2005-12-31": "0.00", "2005-09-30": "0.00", "2005-06-30": "0.00", "2005-03-31": "0.00"}, "debt equity ratio": {"current": "0.97", "2020-09-30": "1.08", "2020-06-30": "1.06", "2020-03-31": "1.32", "2019-12-31": "1.23", "2019-09-30": "1.23", "2019-06-30": "1.06", "2019-03-31": "1.05", "2018-12-31": "1.03", "2018-09-30": "1.04", "2018-06-30": "1.06", "2018-03-31": "1.07", "2017-12-31": "1.13", "2017-09-30": "1.16", "2017-06-30": "1.13", "2017-03-31": "1.10", "2016-12-31": "1.08", "2016-09-30": "1.06", "2016-06-30": "1.09", "2016-03-31": "1.12", "2015-12-31": "1.19", "2015-09-30": "1.24", "2015-06-30": "1.23", "2015-03-31": "1.25", "2014-12-31": "1.09", "2014-09-30": "1.13", "2014-06-30": "1.15", "2014-03-31": "1.07", "2013-12-31": "1.03", "2013-09-30": "1.06", "2013-06-30": "1.05", "2013-03-31": "1.03", "2012-12-31": "0.98", "2012-09-30": "0.93", "2012-06-30": "0.93", "2012-03-31": "0.86", "2011-12-31": "0.97", "2011-09-30": "0.94", "2011-06-30": "0.90", "2011-03-31": "0.93", "2010-12-31": "0.91", "2010-09-30": "0.90", "2010-06-30": "0.96", "2010-03-31": "1.01", "2009-12-31": "0.99", "2009-09-30": "0.95", "2009-06-30": "1.00", "2009-03-31": "1.30", "2008-12-31": "1.24", "2008-09-30": "1.29", "2008-06-30": "1.48", "2008-03-31": "1.43", "2007-12-31": "1.34", "2007-09-30": "1.55", "2007-06-30": "1.46", "2007-03-31": "1.32", "2006-12-31": "1.34", "2006-09-30": "1.44", "2006-06-30": "1.34", "2006-03-31": "1.23", "2005-12-31": "1.32", "2005-09-30": "1.20", "2005-06-30": "1.16", "2005-03-31": "1.12"}, "return on equity": {"2020-09-30": "16.63%", "2020-06-30": "19.12%", "2020-03-31": "6.34%", "2019-12-31": "6.52%", "2019-09-30": "5.88%", "2019-06-30": "6.25%", "2019-03-31": "7.41%", "2018-12-31": "7.89%", "2018-09-30": "7.97%", "2018-06-30": "8.28%", "2018-03-31": "7.96%", "2017-12-31": "6.82%", "2017-09-30": "6.74%", "2017-06-30": "3.83%", "2017-03-31": "4.94%", "2016-12-31": "6.13%", "2016-09-30": "11.71%", "2016-06-30": "14.15%", "2016-03-31": "12.82%", "2015-12-31": "16.12%", "2015-09-30": "10.01%", "2015-06-30": "12.47%", "2015-03-31": "11.96%", "2014-12-31": "7.59%", "2014-09-30": "7.83%", "2014-06-30": "4.92%", "2014-03-31": "4.10%", "2013-12-31": "3.66%", "2013-09-30": "3.90%", "2013-06-30": "3.54%", "2013-03-31": "3.70%", "2012-12-31": "3.35%", "2012-09-30": "2.81%", "2012-06-30": "3.11%", "2012-03-31": "2.65%", "2011-12-31": "2.19%", "2011-09-30": "1.97%", "2011-06-30": "1.50%", "2011-03-31": "1.29%", "2010-12-31": "1.78%", "2010-09-30": "2.13%", "2010-06-30": "2.40%", "2010-03-31": "-0.79%", "2009-12-31": "-1.09%", "2009-09-30": "-3.47%", "2009-06-30": "-1.97%", "2009-03-31": "3.51%", "2008-12-31": "5.04%", "2008-09-30": "8.53%", "2008-06-30": "8.38%", "2008-03-31": "9.73%", "2007-12-31": "11.81%", "2007-09-30": "13.92%", "2007-06-30": "14.94%", "2007-03-31": "15.05%", "2006-12-31": "13.85%", "2006-09-30": "14.21%", "2006-06-30": "14.72%", "2006-03-31": "14.57%", "2005-12-31": "15.09%"}, "return on assets": {"2020-09-30": "7.68%", "2020-06-30": "8.68%", "2020-03-31": "2.87%", "2019-12-31": "3.05%", "2019-09-30": "2.81%", "2019-06-30": "3.06%", "2019-03-31": "3.62%", "2018-12-31": "3.85%", "2018-09-30": "3.85%", "2018-06-30": "3.94%", "2018-03-31": "3.75%", "2017-12-31": "3.20%", "2017-09-30": "3.18%", "2017-06-30": "1.83%", "2017-03-31": "2.37%", "2016-12-31": "2.94%", "2016-09-30": "5.54%", "2016-06-30": "6.56%", "2016-03-31": "5.84%", "2015-12-31": "7.23%", "2015-09-30": "4.54%", "2015-06-30": "5.72%", "2015-03-31": "5.55%", "2014-12-31": "3.60%", "2014-09-30": "3.74%", "2014-06-30": "2.37%", "2014-03-31": "2.00%", "2013-12-31": "1.79%", "2013-09-30": "1.92%", "2013-06-30": "1.77%", "2013-03-31": "1.88%", "2012-12-31": "1.74%", "2012-09-30": "1.46%", "2012-06-30": "1.62%", "2012-03-31": "1.38%", "2011-12-31": "1.13%", "2011-09-30": "1.03%", "2011-06-30": "0.78%", "2011-03-31": "0.67%", "2010-12-31": "0.91%", "2010-09-30": "1.09%", "2010-06-30": "1.21%", "2010-03-31": "-0.40%", "2009-12-31": "-0.53%", "2009-09-30": "-1.65%", "2009-06-30": "-0.90%", "2009-03-31": "1.51%", "2008-12-31": "2.14%", "2008-09-30": "3.58%", "2008-06-30": "3.42%", "2008-03-31": "3.98%", "2007-12-31": "4.89%", "2007-09-30": "5.75%", "2007-06-30": "6.25%", "2007-03-31": "6.39%", "2006-12-31": "5.93%", "2006-09-30": "6.09%", "2006-06-30": "6.48%", "2006-03-31": "6.54%", "2005-12-31": "6.86%"}, "return on investments": {"2020-09-30": "3.64%", "2020-06-30": "3.94%", "2020-03-31": "4.43%", "2019-12-31": "4.65%", "2019-09-30": "4.39%", "2019-06-30": "4.68%", "2019-03-31": "5.36%", "2018-12-31": "5.57%", "2018-09-30": "6.06%", "2018-06-30": "5.70%", "2018-03-31": "4.61%", "2017-12-31": "3.99%", "2017-09-30": "3.97%", "2017-06-30": "3.79%", "2017-03-31": "3.69%", "2016-12-31": "3.75%", "2016-09-30": "2.95%", "2016-06-30": "2.93%", "2016-03-31": "3.29%", "2015-12-31": "3.21%", "2015-09-30": "3.28%", "2015-06-30": "3.51%", "2015-03-31": "3.34%", "2014-12-31": "3.29%", "2014-09-30": "3.62%", "2014-06-30": "2.86%", "2014-03-31": "2.73%", "2013-12-31": "2.70%", "2013-09-30": "1.73%", "2013-06-30": "2.29%", "2013-03-31": "2.56%", "2012-12-31": "2.52%", "2012-09-30": "2.76%", "2012-06-30": "2.72%", "2012-03-31": "2.66%", "2011-12-31": "2.62%", "2011-09-30": "2.37%", "2011-06-30": "2.39%", "2011-03-31": "2.40%", "2010-12-31": "2.46%", "2010-09-30": "3.08%", "2010-06-30": "3.08%", "2010-03-31": "2.61%", "2009-12-31": "2.47%", "2009-09-30": "2.33%", "2009-06-30": "2.33%", "2009-03-31": "2.81%", "2008-12-31": "3.09%", "2008-09-30": "3.04%", "2008-06-30": "3.08%", "2008-03-31": "3.19%", "2007-12-31": "3.17%", "2007-09-30": "3.39%", "2007-06-30": "3.57%", "2007-03-31": "3.78%", "2006-12-31": "4.15%", "2006-09-30": "4.34%", "2006-06-30": "4.68%", "2006-03-31": "5.19%", "2005-12-31": "5.30%"}, "return on tangible equity": {"2020-09-30": "16.63%", "2020-06-30": "19.12%", "2020-03-31": "6.34%", "2019-12-31": "6.52%", "2019-09-30": "5.88%", "2019-06-30": "6.25%", "2019-03-31": "7.41%", "2018-12-31": "7.89%", "2018-09-30": "7.97%", "2018-06-30": "8.28%", "2018-03-31": "7.96%", "2017-12-31": "6.82%", "2017-09-30": "6.74%", "2017-06-30": "3.83%", "2017-03-31": "4.94%", "2016-12-31": "6.13%", "2016-09-30": "11.71%", "2016-06-30": "14.15%", "2016-03-31": "12.82%", "2015-12-31": "16.12%", "2015-09-30": "10.01%", "2015-06-30": "12.47%", "2015-03-31": "11.96%", "2014-12-31": "7.59%", "2014-09-30": "7.83%", "2014-06-30": "4.92%", "2014-03-31": "4.10%", "2013-12-31": "3.66%", "2013-09-30": "3.90%", "2013-06-30": "3.54%", "2013-03-31": "3.70%", "2012-12-31": "3.35%", "2012-09-30": "2.81%", "2012-06-30": "3.11%", "2012-03-31": "2.65%", "2011-12-31": "2.19%", "2011-09-30": "1.97%", "2011-06-30": "1.50%", "2011-03-31": "1.29%", "2010-12-31": "1.78%", "2010-09-30": "2.13%", "2010-06-30": "2.40%", "2010-03-31": "-0.79%", "2009-12-31": "-1.09%", "2009-09-30": "-3.47%", "2009-06-30": "-1.97%", "2009-03-31": "3.51%", "2008-12-31": "5.04%", "2008-09-30": "8.53%", "2008-06-30": "8.38%", "2008-03-31": "9.73%", "2007-12-31": "11.81%", "2007-09-30": "13.92%", "2007-06-30": "14.94%", "2007-03-31": "15.05%", "2006-12-31": "13.85%", "2006-09-30": "14.21%", "2006-06-30": "14.72%", "2006-03-31": "14.57%", "2005-12-31": "15.09%"}, "dividend yield history": {"last payout": "$0.64", "last yield": "3.83%"}}