{"ticker": "KMI", "price": {"title": "Kinder Morgan Historical Annual Stock Price Data", "value": 14.15, "historical": {"2020": {"Average Stock Price": "15.3416", "Year Open": "21.0400", "Year High": "22.2400", "Year Low": "9.9800", "Year Close": "13.6700", "Annual % Change": "-35.43%"}, "2019": {"Average Stock Price": "19.9139", "Year Open": "15.8000", "Year High": "21.3800", "Year Low": "15.7100", "Year Close": "21.1700", "Annual % Change": "37.65%"}, "2018": {"Average Stock Price": "17.1171", "Year Open": "18.8000", "Year High": "19.6300", "Year Low": "14.7100", "Year Close": "15.3800", "Annual % Change": "-14.89%"}, "2017": {"Average Stock Price": "19.7815", "Year Open": "21.6100", "Year High": "22.9400", "Year Low": "16.7600", "Year Close": "18.0700", "Annual % Change": "-12.75%"}, "2016": {"Average Stock Price": "19.1517", "Year Open": "15.2700", "Year High": "23.1300", "Year Low": "12.0100", "Year Close": "20.7100", "Annual % Change": "38.81%"}, "2015": {"Average Stock Price": "34.9216", "Year Open": "42.8100", "Year High": "44.5700", "Year Low": "14.5400", "Year Close": "14.9200", "Annual % Change": "-64.74%"}, "2014": {"Average Stock Price": "36.2028", "Year Open": "35.9100", "Year High": "43.0100", "Year Low": "30.9600", "Year Close": "42.3100", "Annual % Change": "17.53%"}, "2013": {"Average Stock Price": "37.1433", "Year Open": "36.5300", "Year High": "41.0900", "Year Low": "32.5800", "Year Close": "36.0000", "Annual % Change": "1.90%"}, "2012": {"Average Stock Price": "34.5309", "Year Open": "32.4900", "Year High": "39.8500", "Year Low": "30.7600", "Year Close": "35.3300", "Annual % Change": "9.82%"}, "2011": {"Average Stock Price": "28.4533", "Year Open": "31.0500", "Year High": "32.1700", "Year Low": "23.6600", "Year Close": "32.1700", "Annual % Change": "0.00%"}}}, "market cap": {"value": "$32.03B"}, "income statement": {"Revenue": {"2020-12-31": "11700.00000", "2019-12-31": "13209.00000", "2018-12-31": "14144.00000", "2017-12-31": "13705.00000", "2016-12-31": "13058.00000", "2015-12-31": "14403.00000", "2014-12-31": "16226.00000", "2013-12-31": "14070.00000", "2012-12-31": "9973.00000", "2011-12-31": "7943.00000", "2010-12-31": "7852.00000", "2009-12-31": "7185.20000", "2008-12-31": "12094.80000"}, "Cost Of Goods Sold": {"2020-12-31": "2545.00000", "2019-12-31": "3263.00000", "2018-12-31": "4421.00000", "2017-12-31": "4345.00000", "2016-12-31": "3429.00000", "2015-12-31": "4059.00000", "2014-12-31": "6278.00000", "2013-12-31": "5253.00000", "2012-12-31": "3057.00000", "2011-12-31": "3278.00000", "2010-12-31": "3505.00000", "2009-12-31": "3068.50000", "2008-12-31": "7744.00000"}, "Gross Profit": {"2020-12-31": "9155.00000", "2019-12-31": "9946.00000", "2018-12-31": "9723.00000", "2017-12-31": "9360.00000", "2016-12-31": "9629.00000", "2015-12-31": "10344.00000", "2014-12-31": "9948.00000", "2013-12-31": "8817.00000", "2012-12-31": "6916.00000", "2011-12-31": "4665.00000", "2010-12-31": "4347.00000", "2009-12-31": "4116.70000", "2008-12-31": "4350.80000"}, "Research And Development Expenses": {"2020-12-31": "", "2019-12-31": "", "2018-12-31": "", "2017-12-31": "", "2016-12-31": "", "2015-12-31": "", "2014-12-31": "", "2013-12-31": "", "2012-12-31": "", "2011-12-31": "", "2010-12-31": "", "2009-12-31": "", "2008-12-31": ""}, "SG&A Expenses": {"2020-12-31": "3501.00000", "2019-12-31": "3607.00000", "2018-12-31": "3468.00000", "2017-12-31": "3558.00000", "2016-12-31": "3496.00000", "2015-12-31": "3522.00000", "2014-12-31": "3185.00000", "2013-12-31": "3120.00000", "2012-12-31": "2917.00000", "2011-12-31": "2180.00000", "2010-12-31": "2164.00000", "2009-12-31": "1669.90000", "2008-12-31": "1861.90000"}, "Other Operating Income Or Expenses": {"2020-12-31": "-1930.00000", "2019-12-31": "945.00000", "2018-12-31": "-164.00000", "2017-12-31": "-12.00000", "2016-12-31": "-386.00000", "2015-12-31": "-916.00000", "2014-12-31": "-275.00000", "2013-12-31": "99.00000", "2012-12-31": "13.00000", "2011-12-31": "6.00000", "2010-12-31": "6.00000", "2009-12-31": "30.60000", "2008-12-31": "-9.30000"}, "Operating Expenses": {"2020-12-31": "10140.00000", "2019-12-31": "8336.00000", "2018-12-31": "10350.00000", "2017-12-31": "10176.00000", "2016-12-31": "9520.00000", "2015-12-31": "11956.00000", "2014-12-31": "11778.00000", "2013-12-31": "10080.00000", "2012-12-31": "7380.00000", "2011-12-31": "6520.00000", "2010-12-31": "6719.00000", "2009-12-31": "5778.00000", "2008-12-31": "14566.90000"}, "Operating Income": {"2020-12-31": "1560.00000", "2019-12-31": "4873.00000", "2018-12-31": "3794.00000", "2017-12-31": "3529.00000", "2016-12-31": "3538.00000", "2015-12-31": "2447.00000", "2014-12-31": "4448.00000", "2013-12-31": "3990.00000", "2012-12-31": "2593.00000", "2011-12-31": "1423.00000", "2010-12-31": "1133.00000", "2009-12-31": "1407.20100", "2008-12-31": "-2472.10100"}, "Total Non-Operating Income/Expense": {"2020-12-31": "-899.00000", "2019-12-31": "-1708.00000", "2018-12-31": "-1288.00000", "2017-12-31": "-1368.00000", "2016-12-31": "-1900.00000", "2015-12-31": "-1675.00000", "2014-12-31": "-1357.00000", "2013-12-31": "-552.00000", "2012-12-31": "-1250.00000", "2011-12-31": "-613.00000", "2010-12-31": "-903.00000", "2009-12-31": "-307.80000", "2008-12-31": "-425.90000"}, "Pre-Tax Income": {"2020-12-31": "661.00000", "2019-12-31": "3165.00000", "2018-12-31": "2506.00000", "2017-12-31": "2161.00000", "2016-12-31": "1638.00000", "2015-12-31": "772.00000", "2014-12-31": "3091.00000", "2013-12-31": "3438.00000", "2012-12-31": "1343.00000", "2011-12-31": "810.00000", "2010-12-31": "230.00000", "2009-12-31": "1099.40000", "2008-12-31": "-2898.00000"}, "Income Taxes": {"2020-12-31": "481.00000", "2019-12-31": "926.00000", "2018-12-31": "587.00000", "2017-12-31": "1938.00000", "2016-12-31": "917.00000", "2015-12-31": "564.00000", "2014-12-31": "648.00000", "2013-12-31": "742.00000", "2012-12-31": "139.00000", "2011-12-31": "361.00000", "2010-12-31": "166.00000", "2009-12-31": "326.60000", "2008-12-31": "304.30000"}, "Income After Taxes": {"2020-12-31": "180.00000", "2019-12-31": "2239.00000", "2018-12-31": "1919.00000", "2017-12-31": "223.00000", "2016-12-31": "721.00000", "2015-12-31": "208.00000", "2014-12-31": "2443.00000", "2013-12-31": "2696.00000", "2012-12-31": "1204.00000", "2011-12-31": "449.00000", "2010-12-31": "64.00000", "2009-12-31": "772.80000", "2008-12-31": "-3202.30000"}, "Other Income": {"2020-12-31": "", "2019-12-31": "", "2018-12-31": "", "2017-12-31": "", "2016-12-31": "", "2015-12-31": "", "2014-12-31": "", "2013-12-31": "", "2012-12-31": "", "2011-12-31": "", "2010-12-31": "", "2009-12-31": "", "2008-12-31": ""}, "Income From Continuous Operations": {"2020-12-31": "180.00000", "2019-12-31": "2239.00000", "2018-12-31": "1919.00000", "2017-12-31": "223.00000", "2016-12-31": "721.00000", "2015-12-31": "208.00000", "2014-12-31": "2443.00000", "2013-12-31": "2696.00000", "2012-12-31": "1204.00000", "2011-12-31": "449.00000", "2010-12-31": "64.00000", "2009-12-31": "772.80000", "2008-12-31": "-3202.30000"}, "Income From Discontinued Operations": {"2020-12-31": "", "2019-12-31": "", "2018-12-31": "", "2017-12-31": "", "2016-12-31": "", "2015-12-31": "", "2014-12-31": "", "2013-12-31": "-4.00000", "2012-12-31": "-777.00000", "2011-12-31": "211.00000", "2010-12-31": "236.00000", "2009-12-31": "0.30000", "2008-12-31": "-0.90000"}, "Net Income": {"2020-12-31": "119.00000", "2019-12-31": "2190.00000", "2018-12-31": "1481.00000", "2017-12-31": "27.00000", "2016-12-31": "552.00000", "2015-12-31": "227.00000", "2014-12-31": "1026.00000", "2013-12-31": "1193.00000", "2012-12-31": "315.00000", "2011-12-31": "594.00000", "2010-12-31": "-41.00000", "2009-12-31": "495.00000", "2008-12-31": "-3599.30000"}, "EBITDA": {"2020-12-31": "1560.00000", "2019-12-31": "7367.00000", "2018-12-31": "6186.00000", "2017-12-31": "5851.00000", "2016-12-31": "5806.00000", "2015-12-31": "5957.00000", "2014-12-31": "6533.00000", "2013-12-31": "5835.00000", "2012-12-31": "4042.00000", "2011-12-31": "2522.00000", "2010-12-31": "2218.00000", "2009-12-31": "2483.20100", "2008-12-31": "2485.29900"}, "EBIT": {"2020-12-31": "1560.00000", "2019-12-31": "4873.00000", "2018-12-31": "3794.00000", "2017-12-31": "3529.00000", "2016-12-31": "3538.00000", "2015-12-31": "2447.00000", "2014-12-31": "4448.00000", "2013-12-31": "3990.00000", "2012-12-31": "2593.00000", "2011-12-31": "1423.00000", "2010-12-31": "1133.00000", "2009-12-31": "1407.20100", "2008-12-31": "-2472.10100"}, "Basic Shares Outstanding": {"2020-12-31": "2263.00000", "2019-12-31": "2264.00000", "2018-12-31": "2216.00000", "2017-12-31": "2230.00000", "2016-12-31": "2230.00000", "2015-12-31": "2187.00000", "2014-12-31": "1137.00000", "2013-12-31": "1036.00000", "2012-12-31": "907.00000", "2011-12-31": "707.00000", "2010-12-31": "", "2009-12-31": "", "2008-12-31": ""}, "Shares Outstanding": {"2020-12-31": "2263.00000", "2019-12-31": "2264.00000", "2018-12-31": "2216.00000", "2017-12-31": "2230.00000", "2016-12-31": "2230.00000", "2015-12-31": "2193.00000", "2014-12-31": "1137.00000", "2013-12-31": "1036.00000", "2012-12-31": "1354.00000", "2011-12-31": "1297.00000", "2010-12-31": "", "2009-12-31": "", "2008-12-31": ""}, "Basic EPS": {"2020-12-31": "0.05000", "2019-12-31": "0.96000", "2018-12-31": "0.66000", "2017-12-31": "0.01000", "2016-12-31": "0.25000", "2015-12-31": "0.10000", "2014-12-31": "0.89000", "2013-12-31": "1.15000", "2012-12-31": "0.35000", "2011-12-31": "0.84000", "2010-12-31": "", "2009-12-31": "", "2008-12-31": ""}, "EPS - Earnings Per Share": {"2020-12-31": "0.05000", "2019-12-31": "0.96000", "2018-12-31": "0.66000", "2017-12-31": "0.01000", "2016-12-31": "0.25000", "2015-12-31": "0.10000", "2014-12-31": "0.89000", "2013-12-31": "1.15000", "2012-12-31": "0.35000", "2011-12-31": "0.46000", "2010-12-31": "0.00000", "2009-12-31": "0.00000", "2008-12-31": "0.00000"}}, "income statement, quarterly": {"Revenue": {"2020-12-31": "3115.00000", "2020-09-30": "2919.00000", "2020-06-30": "2560.00000", "2020-03-31": "3106.00000", "2019-12-31": "3352.00000", "2019-09-30": "3214.00000", "2019-06-30": "3214.00000", "2019-03-31": "3429.00000", "2018-12-31": "3781.00000", "2018-09-30": "3517.00000", "2018-06-30": "3428.00000", "2018-03-31": "3418.00000", "2017-12-31": "3632.00000", "2017-09-30": "3281.00000", "2017-06-30": "3368.00000", "2017-03-31": "3424.00000", "2016-12-31": "3389.00000", "2016-09-30": "3330.00000", "2016-06-30": "3144.00000", "2016-03-31": "3195.00000", "2015-12-31": "3636.00000", "2015-09-30": "3707.00000", "2015-06-30": "3463.00000", "2015-03-31": "3597.00000", "2014-12-31": "3951.00000", "2014-09-30": "4291.00000", "2014-06-30": "3937.00000", "2014-03-31": "4047.00000", "2013-12-31": "3872.00000", "2013-09-30": "3756.00000", "2013-06-30": "3382.00000", "2013-03-31": "3060.00000", "2012-12-31": "3079.00000", "2012-09-30": "2870.00000", "2012-06-30": "2167.00000", "2012-03-31": "1857.00000", "2011-12-31": "1937.00000", "2011-09-30": "2122.00000", "2011-06-30": "1952.00000", "2011-03-31": "1932.00000", "2010-12-31": "1615.30000", "2010-09-30": "2088.20000", "2010-06-30": "1990.90000", "2010-03-31": "2157.60000", "2009-12-31": "", "2008-12-31": ""}, "Cost Of Goods Sold": {"2020-12-31": "786.00000", "2020-09-30": "655.00000", "2020-06-30": "441.00000", "2020-03-31": "663.00000", "2019-12-31": "776.00000", "2019-09-30": "762.00000", "2019-06-30": "777.00000", "2019-03-31": "948.00000", "2018-12-31": "1199.00000", "2018-09-30": "1135.00000", "2018-06-30": "1068.00000", "2018-03-31": "1019.00000", "2017-12-31": "1207.00000", "2017-09-30": "1007.00000", "2017-06-30": "1070.00000", "2017-03-31": "1061.00000", "2016-12-31": "975.00000", "2016-09-30": "971.00000", "2016-06-30": "752.00000", "2016-03-31": "731.00000", "2015-12-31": "778.00000", "2015-09-30": "1106.00000", "2015-06-30": "1085.00000", "2015-03-31": "1090.00000", "2014-12-31": "1383.00000", "2014-09-30": "1642.00000", "2014-06-30": "1610.00000", "2014-03-31": "1643.00000", "2013-12-31": "1486.00000", "2013-09-30": "1543.00000", "2013-06-30": "1254.00000", "2013-03-31": "970.00000", "2012-12-31": "986.00000", "2012-09-30": "854.00000", "2012-06-30": "637.00000", "2012-03-31": "580.00000", "2011-12-31": "728.00000", "2011-09-30": "914.00000", "2011-06-30": "843.00000", "2011-03-31": "793.00000", "2010-12-31": "944.90000", "2010-09-30": "964.70000", "2010-06-30": "847.90000", "2010-03-31": "1016.60000", "2009-12-31": "", "2008-12-31": ""}, "Gross Profit": {"2020-12-31": "2329.00000", "2020-09-30": "2264.00000", "2020-06-30": "2119.00000", "2020-03-31": "2443.00000", "2019-12-31": "2576.00000", "2019-09-30": "2452.00000", "2019-06-30": "2437.00000", "2019-03-31": "2481.00000", "2018-12-31": "2582.00000", "2018-09-30": "2382.00000", "2018-06-30": "2360.00000", "2018-03-31": "2399.00000", "2017-12-31": "2425.00000", "2017-09-30": "2274.00000", "2017-06-30": "2298.00000", "2017-03-31": "2363.00000", "2016-12-31": "2414.00000", "2016-09-30": "2359.00000", "2016-06-30": "2392.00000", "2016-03-31": "2464.00000", "2015-12-31": "2858.00000", "2015-09-30": "2601.00000", "2015-06-30": "2378.00000", "2015-03-31": "2507.00000", "2014-12-31": "2568.00000", "2014-09-30": "2649.00000", "2014-06-30": "2327.00000", "2014-03-31": "2404.00000", "2013-12-31": "2386.00000", "2013-09-30": "2213.00000", "2013-06-30": "2128.00000", "2013-03-31": "2090.00000", "2012-12-31": "2093.00000", "2012-09-30": "2016.00000", "2012-06-30": "1530.00000", "2012-03-31": "1277.00000", "2011-12-31": "1209.00000", "2011-09-30": "1208.00000", "2011-06-30": "1109.00000", "2011-03-31": "1139.00000", "2010-12-31": "670.40000", "2010-09-30": "1123.50000", "2010-06-30": "1143.00000", "2010-03-31": "1141.00000", "2009-12-31": "", "2008-12-31": ""}, "Research And Development Expenses": {"2020-12-31": "", "2020-09-30": "", "2020-06-30": "", "2020-03-31": "", "2019-12-31": "", "2019-09-30": "", "2019-06-30": "", "2019-03-31": "", "2018-12-31": "", "2018-09-30": "", "2018-06-30": "", "2018-03-31": "", "2017-12-31": "", "2017-09-30": "", "2017-06-30": "", "2017-03-31": "", "2016-12-31": "", "2016-09-30": "", "2016-06-30": "", "2016-03-31": "", "2015-12-31": "", "2015-09-30": "", "2015-06-30": "", "2015-03-31": "", "2014-12-31": "", "2014-09-30": "", "2014-06-30": "", "2014-03-31": "", "2013-12-31": "", "2013-09-30": "", "2013-06-30": "", "2013-03-31": "", "2012-12-31": "", "2012-09-30": "", "2012-06-30": "", "2012-03-31": "", "2011-12-31": "", "2011-09-30": "", "2011-06-30": "", "2011-03-31": "", "2010-12-31": "0.00000", "2010-09-30": "", "2010-06-30": "", "2010-03-31": "", "2009-12-31": "", "2008-12-31": ""}, "SG&A Expenses": {"2020-12-31": "876.00000", "2020-09-30": "896.00000", "2020-06-30": "864.00000", "2020-03-31": "865.00000", "2019-12-31": "915.00000", "2019-09-30": "925.00000", "2019-06-30": "897.00000", "2019-03-31": "870.00000", "2018-12-31": "836.00000", "2018-09-30": "886.00000", "2018-06-30": "866.00000", "2018-03-31": "880.00000", "2017-12-31": "1054.00000", "2017-09-30": "879.00000", "2017-06-30": "804.00000", "2017-03-31": "821.00000", "2016-12-31": "878.00000", "2016-09-30": "853.00000", "2016-06-30": "902.00000", "2016-03-31": "863.00000", "2015-12-31": "936.00000", "2015-09-30": "880.00000", "2015-06-30": "870.00000", "2015-03-31": "836.00000", "2014-12-31": "818.00000", "2014-09-30": "797.00000", "2014-06-30": "805.00000", "2014-03-31": "765.00000", "2013-12-31": "765.00000", "2013-09-30": "770.00000", "2013-06-30": "928.00000", "2013-03-31": "657.00000", "2012-12-31": "710.00000", "2012-09-30": "765.00000", "2012-06-30": "957.00000", "2012-03-31": "485.00000", "2011-12-31": "483.00000", "2011-09-30": "545.00000", "2011-06-30": "628.00000", "2011-03-31": "524.00000", "2010-12-31": "427.00000", "2010-09-30": "680.30000", "2010-06-30": "464.80000", "2010-03-31": "615.60000", "2009-12-31": "", "2008-12-31": ""}, "Other Operating Income Or Expenses": {"2020-12-31": "55.00000", "2020-09-30": "-10.00000", "2020-06-30": "-1005.00000", "2020-03-31": "-970.00000", "2019-12-31": "931.00000", "2019-09-30": "2.00000", "2019-06-30": "12.00000", "2019-03-31": "", "2018-12-31": "-101.00000", "2018-09-30": "588.00000", "2018-06-30": "-651.00000", "2018-03-31": "", "2017-12-31": "1.00000", "2017-09-30": "-7.00000", "2017-06-30": "1.00000", "2017-03-31": "-7.00000", "2016-12-31": "-79.00000", "2016-09-30": "-75.00000", "2016-06-30": "2.00000", "2016-03-31": "-234.00000", "2015-12-31": "-432.00000", "2015-09-30": "-383.00000", "2015-06-30": "-46.00000", "2015-03-31": "-55.00000", "2014-12-31": "-272.00000", "2014-09-30": "", "2014-06-30": "-7.00000", "2014-03-31": "4.00000", "2013-12-31": "18.00000", "2013-09-30": "65.00000", "2013-06-30": "17.00000", "2013-03-31": "-1.00000", "2012-12-31": "-9.00000", "2012-09-30": "4.00000", "2012-06-30": "20.00000", "2012-03-31": "-2.00000", "2011-12-31": "-6.00000", "2011-09-30": "-1.00000", "2011-06-30": "13.00000", "2011-03-31": "", "2010-12-31": "8.20000", "2010-09-30": "-0.40000", "2010-06-30": "-3.10000", "2010-03-31": "1.30000", "2009-12-31": "", "2008-12-31": ""}, "Operating Expenses": {"2020-12-31": "2135.00000", "2020-09-30": "2100.00000", "2020-06-30": "2842.00000", "2020-03-31": "3063.00000", "2019-12-31": "1421.00000", "2019-09-30": "2263.00000", "2019-06-30": "2241.00000", "2019-03-31": "2411.00000", "2018-12-31": "2723.00000", "2018-09-30": "2002.00000", "2018-06-30": "3156.00000", "2018-03-31": "2469.00000", "2017-12-31": "2824.00000", "2017-09-30": "2455.00000", "2017-06-30": "2450.00000", "2017-03-31": "2447.00000", "2016-12-31": "2489.00000", "2016-09-30": "2448.00000", "2016-06-30": "2204.00000", "2016-03-31": "2379.00000", "2015-12-31": "3880.00000", "2015-09-30": "2986.00000", "2015-06-30": "2571.00000", "2015-03-31": "2519.00000", "2014-12-31": "2995.00000", "2014-09-30": "2959.00000", "2014-06-30": "2924.00000", "2014-03-31": "2900.00000", "2013-12-31": "2712.00000", "2013-09-30": "2715.00000", "2013-06-30": "2610.00000", "2013-03-31": "2043.00000", "2012-12-31": "2114.00000", "2012-09-30": "2018.00000", "2012-06-30": "1907.00000", "2012-03-31": "1341.00000", "2011-12-31": "1496.00000", "2011-09-30": "1741.00000", "2011-06-30": "1716.00000", "2011-03-31": "1567.00000", "2010-12-31": "1313.20000", "2010-09-30": "1907.10000", "2010-06-30": "1585.50000", "2010-03-31": "1913.20000", "2009-12-31": "", "2008-12-31": ""}, "Operating Income": {"2020-12-31": "980.00000", "2020-09-30": "819.00000", "2020-06-30": "-282.00000", "2020-03-31": "43.00000", "2019-12-31": "1931.00000", "2019-09-30": "951.00000", "2019-06-30": "973.00000", "2019-03-31": "1018.00000", "2018-12-31": "1058.00000", "2018-09-30": "1515.00000", "2018-06-30": "272.00000", "2018-03-31": "949.00000", "2017-12-31": "808.00000", "2017-09-30": "826.00000", "2017-06-30": "918.00000", "2017-03-31": "977.00000", "2016-12-31": "900.00000", "2016-09-30": "882.00000", "2016-06-30": "940.00000", "2016-03-31": "816.00000", "2015-12-31": "-244.00000", "2015-09-30": "721.00000", "2015-06-30": "892.00000", "2015-03-31": "1078.00000", "2014-12-31": "956.00000", "2014-09-30": "1332.00000", "2014-06-30": "1013.00000", "2014-03-31": "1147.00000", "2013-12-31": "1160.00000", "2013-09-30": "1041.00000", "2013-06-30": "772.00000", "2013-03-31": "1017.00000", "2012-12-31": "965.00000", "2012-09-30": "852.00000", "2012-06-30": "260.00000", "2012-03-31": "516.00000", "2011-12-31": "441.00000", "2011-09-30": "381.00000", "2011-06-30": "236.00000", "2011-03-31": "365.00000", "2010-12-31": "302.10000", "2010-09-30": "181.09990", "2010-06-30": "405.39990", "2010-03-31": "244.40030", "2009-12-31": "", "2008-12-31": ""}, "Total Non-Operating Income/Expense": {"2020-12-31": "-180.00000", "2020-09-30": "-207.00000", "2020-06-30": "-238.00000", "2020-03-31": "-274.00000", "2019-12-31": "-849.00000", "2019-09-30": "-283.00000", "2019-06-30": "-297.00000", "2019-03-31": "-279.00000", "2018-12-31": "-283.00000", "2018-09-30": "-314.00000", "2018-06-30": "-448.00000", "2018-03-31": "-243.00000", "2017-12-31": "-484.00000", "2017-09-30": "-279.00000", "2017-06-30": "-319.00000", "2017-03-31": "-286.00000", "2016-12-31": "-512.00000", "2016-09-30": "-688.00000", "2016-06-30": "-352.00000", "2016-03-31": "-348.00000", "2015-12-31": "-449.00000", "2015-09-30": "-430.00000", "2015-06-30": "-361.00000", "2015-03-31": "-435.00000", "2014-12-31": "-366.00000", "2014-09-30": "-307.00000", "2014-06-30": "-338.00000", "2014-03-31": "-346.00000", "2013-12-31": "-387.00000", "2013-09-30": "-319.00000", "2013-06-30": "234.00000", "2013-03-31": "-80.00000", "2012-12-31": "-515.00000", "2012-09-30": "-406.00000", "2012-06-30": "-214.00000", "2012-03-31": "-115.00000", "2011-12-31": "-101.00000", "2011-09-30": "-286.00000", "2011-06-30": "-107.00000", "2011-03-31": "-119.00000", "2010-12-31": "-176.40000", "2010-09-30": "-107.70000", "2010-06-30": "-99.30000", "2010-03-31": "-519.60000", "2009-12-31": "", "2008-12-31": ""}, "Pre-Tax Income": {"2020-12-31": "800.00000", "2020-09-30": "612.00000", "2020-06-30": "-520.00000", "2020-03-31": "-231.00000", "2019-12-31": "1082.00000", "2019-09-30": "668.00000", "2019-06-30": "676.00000", "2019-03-31": "739.00000", "2018-12-31": "775.00000", "2018-09-30": "1201.00000", "2018-06-30": "-176.00000", "2018-03-31": "706.00000", "2017-12-31": "324.00000", "2017-09-30": "547.00000", "2017-06-30": "599.00000", "2017-03-31": "691.00000", "2016-12-31": "388.00000", "2016-09-30": "194.00000", "2016-06-30": "588.00000", "2016-03-31": "468.00000", "2015-12-31": "-693.00000", "2015-09-30": "291.00000", "2015-06-30": "531.00000", "2015-03-31": "643.00000", "2014-12-31": "590.00000", "2014-09-30": "1025.00000", "2014-06-30": "675.00000", "2014-03-31": "801.00000", "2013-12-31": "773.00000", "2013-09-30": "722.00000", "2013-06-30": "1006.00000", "2013-03-31": "937.00000", "2012-12-31": "450.00000", "2012-09-30": "446.00000", "2012-06-30": "46.00000", "2012-03-31": "401.00000", "2011-12-31": "340.00000", "2011-09-30": "95.00000", "2011-06-30": "129.00000", "2011-03-31": "246.00000", "2010-12-31": "125.70000", "2010-09-30": "73.40000", "2010-06-30": "306.10000", "2010-03-31": "-275.20000", "2009-12-31": "", "2008-12-31": ""}, "Income Taxes": {"2020-12-31": "177.00000", "2020-09-30": "140.00000", "2020-06-30": "104.00000", "2020-03-31": "60.00000", "2019-12-31": "455.00000", "2019-09-30": "151.00000", "2019-06-30": "148.00000", "2019-03-31": "172.00000", "2018-12-31": "273.00000", "2018-09-30": "196.00000", "2018-06-30": "-46.00000", "2018-03-31": "164.00000", "2017-12-31": "1316.00000", "2017-09-30": "160.00000", "2017-06-30": "216.00000", "2017-03-31": "246.00000", "2016-12-31": "173.00000", "2016-09-30": "377.00000", "2016-06-30": "213.00000", "2016-03-31": "154.00000", "2015-12-31": "43.00000", "2015-09-30": "108.00000", "2015-06-30": "189.00000", "2015-03-31": "224.00000", "2014-12-31": "24.00000", "2014-09-30": "246.00000", "2014-06-30": "178.00000", "2014-03-31": "200.00000", "2013-12-31": "67.00000", "2013-09-30": "171.00000", "2013-06-30": "225.00000", "2013-03-31": "279.00000", "2012-12-31": "-26.00000", "2012-09-30": "60.00000", "2012-06-30": "9.00000", "2012-03-31": "96.00000", "2011-12-31": "112.00000", "2011-09-30": "66.00000", "2011-06-30": "87.00000", "2011-03-31": "96.00000", "2010-12-31": "195.10000", "2010-09-30": "20.60000", "2010-06-30": "45.80000", "2010-03-31": "-95.50000", "2009-12-31": "", "2008-12-31": ""}, "Income After Taxes": {"2020-12-31": "623.00000", "2020-09-30": "472.00000", "2020-06-30": "-624.00000", "2020-03-31": "-291.00000", "2019-12-31": "627.00000", "2019-09-30": "517.00000", "2019-06-30": "528.00000", "2019-03-31": "567.00000", "2018-12-31": "502.00000", "2018-09-30": "1005.00000", "2018-06-30": "-130.00000", "2018-03-31": "542.00000", "2017-12-31": "-992.00000", "2017-09-30": "387.00000", "2017-06-30": "383.00000", "2017-03-31": "445.00000", "2016-12-31": "215.00000", "2016-09-30": "-183.00000", "2016-06-30": "375.00000", "2016-03-31": "314.00000", "2015-12-31": "-736.00000", "2015-09-30": "183.00000", "2015-06-30": "342.00000", "2015-03-31": "419.00000", "2014-12-31": "566.00000", "2014-09-30": "779.00000", "2014-06-30": "497.00000", "2014-03-31": "601.00000", "2013-12-31": "706.00000", "2013-09-30": "551.00000", "2013-06-30": "781.00000", "2013-03-31": "658.00000", "2012-12-31": "476.00000", "2012-09-30": "386.00000", "2012-06-30": "37.00000", "2012-03-31": "305.00000", "2011-12-31": "228.00000", "2011-09-30": "29.00000", "2011-06-30": "42.00000", "2011-03-31": "150.00000", "2010-12-31": "-69.40000", "2010-09-30": "52.80000", "2010-06-30": "260.30000", "2010-03-31": "-179.70000", "2009-12-31": "", "2008-12-31": ""}, "Other Income": {"2020-12-31": "", "2020-09-30": "", "2020-06-30": "", "2020-03-31": "", "2019-12-31": "", "2019-09-30": "", "2019-06-30": "", "2019-03-31": "", "2018-12-31": "", "2018-09-30": "", "2018-06-30": "", "2018-03-31": "", "2017-12-31": "", "2017-09-30": "", "2017-06-30": "", "2017-03-31": "", "2016-12-31": "", "2016-09-30": "", "2016-06-30": "", "2016-03-31": "", "2015-12-31": "", "2015-09-30": "", "2015-06-30": "", "2015-03-31": "", "2014-12-31": "", "2014-09-30": "", "2014-06-30": "", "2014-03-31": "", "2013-12-31": "", "2013-09-30": "", "2013-06-30": "", "2013-03-31": "", "2012-12-31": "", "2012-09-30": "", "2012-06-30": "", "2012-03-31": "", "2011-12-31": "", "2011-09-30": "", "2011-06-30": "", "2011-03-31": "", "2010-12-31": "", "2010-09-30": "", "2010-06-30": "", "2010-03-31": "", "2009-12-31": "", "2008-12-31": ""}, "Income From Continuous Operations": {"2020-12-31": "623.00000", "2020-09-30": "472.00000", "2020-06-30": "-624.00000", "2020-03-31": "-291.00000", "2019-12-31": "627.00000", "2019-09-30": "517.00000", "2019-06-30": "528.00000", "2019-03-31": "567.00000", "2018-12-31": "502.00000", "2018-09-30": "1005.00000", "2018-06-30": "-130.00000", "2018-03-31": "542.00000", "2017-12-31": "-992.00000", "2017-09-30": "387.00000", "2017-06-30": "383.00000", "2017-03-31": "445.00000", "2016-12-31": "215.00000", "2016-09-30": "-183.00000", "2016-06-30": "375.00000", "2016-03-31": "314.00000", "2015-12-31": "-736.00000", "2015-09-30": "183.00000", "2015-06-30": "342.00000", "2015-03-31": "419.00000", "2014-12-31": "566.00000", "2014-09-30": "779.00000", "2014-06-30": "497.00000", "2014-03-31": "601.00000", "2013-12-31": "706.00000", "2013-09-30": "551.00000", "2013-06-30": "781.00000", "2013-03-31": "658.00000", "2012-12-31": "476.00000", "2012-09-30": "386.00000", "2012-06-30": "37.00000", "2012-03-31": "305.00000", "2011-12-31": "228.00000", "2011-09-30": "29.00000", "2011-06-30": "42.00000", "2011-03-31": "150.00000", "2010-12-31": "-69.40000", "2010-09-30": "52.80000", "2010-06-30": "260.30000", "2010-03-31": "-179.70000", "2009-12-31": "", "2008-12-31": ""}, "Income From Discontinued Operations": {"2020-12-31": "", "2020-09-30": "", "2020-06-30": "", "2020-03-31": "", "2019-12-31": "", "2019-09-30": "", "2019-06-30": "", "2019-03-31": "", "2018-12-31": "", "2018-09-30": "", "2018-06-30": "", "2018-03-31": "", "2017-12-31": "", "2017-09-30": "", "2017-06-30": "", "2017-03-31": "", "2016-12-31": "", "2016-09-30": "", "2016-06-30": "", "2016-03-31": "", "2015-12-31": "", "2015-09-30": "", "2015-06-30": "", "2015-03-31": "", "2014-12-31": "", "2014-09-30": "", "2014-06-30": "", "2014-03-31": "", "2013-12-31": "-2.00000", "2013-09-30": "", "2013-06-30": "", "2013-03-31": "-2.00000", "2012-12-31": "12.00000", "2012-09-30": "-131.00000", "2012-06-30": "-280.00000", "2012-03-31": "-378.00000", "2011-12-31": "65.00000", "2011-09-30": "55.00000", "2011-06-30": "40.00000", "2011-03-31": "51.00000", "2010-12-31": "236.40000", "2010-09-30": "-0.20000", "2010-06-30": "", "2010-03-31": "-0.20000", "2009-12-31": "", "2008-12-31": ""}, "Net Income": {"2020-12-31": "607.00000", "2020-09-30": "455.00000", "2020-06-30": "-640.00000", "2020-03-31": "-309.00000", "2019-12-31": "616.00000", "2019-09-30": "506.00000", "2019-06-30": "515.00000", "2019-03-31": "553.00000", "2018-12-31": "483.00000", "2018-09-30": "693.00000", "2018-06-30": "-180.00000", "2018-03-31": "485.00000", "2017-12-31": "-1045.00000", "2017-09-30": "334.00000", "2017-06-30": "337.00000", "2017-03-31": "401.00000", "2016-12-31": "170.00000", "2016-09-30": "-227.00000", "2016-06-30": "333.00000", "2016-03-31": "276.00000", "2015-12-31": "-721.00000", "2015-09-30": "186.00000", "2015-06-30": "333.00000", "2015-03-31": "429.00000", "2014-12-31": "126.00000", "2014-09-30": "329.00000", "2014-06-30": "284.00000", "2014-03-31": "287.00000", "2013-12-31": "338.00000", "2013-09-30": "286.00000", "2013-06-30": "277.00000", "2013-03-31": "292.00000", "2012-12-31": "220.00000", "2012-09-30": "200.00000", "2012-06-30": "-126.00000", "2012-03-31": "21.00000", "2011-12-31": "155.00000", "2011-09-30": "152.00000", "2011-06-30": "132.00000", "2011-03-31": "155.00000", "2010-12-31": "63.31000", "2010-09-30": "10.60000", "2010-06-30": "46.00000", "2010-03-31": "-160.90000", "2009-12-31": "", "2008-12-31": ""}, "EBITDA": {"2020-12-31": "", "2020-09-30": "1390.00000", "2020-06-30": "285.00000", "2020-03-31": "640.00000", "2019-12-31": "2614.00000", "2019-09-30": "1550.00000", "2019-06-30": "1571.00000", "2019-03-31": "1632.00000", "2018-12-31": "1663.00000", "2018-09-30": "2105.00000", "2018-06-30": "867.00000", "2018-03-31": "1551.00000", "2017-12-31": "1388.00000", "2017-09-30": "1403.00000", "2017-06-30": "1510.00000", "2017-03-31": "1550.00000", "2016-12-31": "1471.00000", "2016-09-30": "1446.00000", "2016-06-30": "1508.00000", "2016-03-31": "1381.00000", "2015-12-31": "1502.00000", "2015-09-30": "1351.00000", "2015-06-30": "1476.00000", "2015-03-31": "1628.00000", "2014-12-31": "1490.00000", "2014-09-30": "1864.00000", "2014-06-30": "1526.00000", "2014-03-31": "1653.00000", "2013-12-31": "1649.00000", "2013-09-30": "1519.00000", "2013-06-30": "1226.00000", "2013-03-31": "1441.00000", "2012-12-31": "1388.00000", "2012-09-30": "1260.00000", "2012-06-30": "595.00000", "2012-03-31": "799.00000", "2011-12-31": "728.00000", "2011-09-30": "670.00000", "2011-06-30": "502.00000", "2011-03-31": "622.00000", "2010-12-31": "568.70000", "2010-09-30": "444.19980", "2010-06-30": "676.60000", "2010-03-31": "528.10020", "2009-12-31": "", "2008-12-31": ""}, "EBIT": {"2020-12-31": "980.00000", "2020-09-30": "819.00000", "2020-06-30": "-282.00000", "2020-03-31": "43.00000", "2019-12-31": "1931.00000", "2019-09-30": "951.00000", "2019-06-30": "973.00000", "2019-03-31": "1018.00000", "2018-12-31": "1058.00000", "2018-09-30": "1515.00000", "2018-06-30": "272.00000", "2018-03-31": "949.00000", "2017-12-31": "808.00000", "2017-09-30": "826.00000", "2017-06-30": "918.00000", "2017-03-31": "977.00000", "2016-12-31": "900.00000", "2016-09-30": "882.00000", "2016-06-30": "940.00000", "2016-03-31": "816.00000", "2015-12-31": "-244.00000", "2015-09-30": "721.00000", "2015-06-30": "892.00000", "2015-03-31": "1078.00000", "2014-12-31": "956.00000", "2014-09-30": "1332.00000", "2014-06-30": "1013.00000", "2014-03-31": "1147.00000", "2013-12-31": "1160.00000", "2013-09-30": "1041.00000", "2013-06-30": "772.00000", "2013-03-31": "1017.00000", "2012-12-31": "965.00000", "2012-09-30": "852.00000", "2012-06-30": "260.00000", "2012-03-31": "516.00000", "2011-12-31": "441.00000", "2011-09-30": "381.00000", "2011-06-30": "236.00000", "2011-03-31": "365.00000", "2010-12-31": "302.10000", "2010-09-30": "181.09990", "2010-06-30": "405.39990", "2010-03-31": "244.40030", "2009-12-31": "", "2008-12-31": ""}, "Basic Shares Outstanding": {"2020-12-31": "2264.00000", "2020-09-30": "2263.00000", "2020-06-30": "2261.00000", "2020-03-31": "2264.00000", "2019-12-31": "2264.00000", "2019-09-30": "2264.00000", "2019-06-30": "2262.00000", "2019-03-31": "2262.00000", "2018-12-31": "2216.00000", "2018-09-30": "2205.00000", "2018-06-30": "2204.00000", "2018-03-31": "2207.00000", "2017-12-31": "2230.00000", "2017-09-30": "2231.00000", "2017-06-30": "2230.00000", "2017-03-31": "2230.00000", "2016-12-31": "2230.00000", "2016-09-30": "2230.00000", "2016-06-30": "2229.00000", "2016-03-31": "2229.00000", "2015-12-31": "2187.00000", "2015-09-30": "2203.00000", "2015-06-30": "2175.00000", "2015-03-31": "2141.00000", "2014-12-31": "1137.00000", "2014-09-30": "1028.00000", "2014-06-30": "1028.00000", "2014-03-31": "1029.00000", "2013-12-31": "1036.00000", "2013-09-30": "1036.00000", "2013-06-30": "1036.00000", "2013-03-31": "1036.00000", "2012-12-31": "907.00000", "2012-09-30": "1037.00000", "2012-06-30": "842.00000", "2012-03-31": "707.00000", "2011-12-31": "707.00000", "2011-09-30": "707.00000", "2011-06-30": "707.00000", "2011-03-31": "707.00000", "2010-12-31": "", "2010-09-30": "", "2010-06-30": "", "2010-03-31": "", "2009-12-31": "", "2008-12-31": ""}, "Shares Outstanding": {"2020-12-31": "2264.00000", "2020-09-30": "2263.00000", "2020-06-30": "2261.00000", "2020-03-31": "2264.00000", "2019-12-31": "2264.00000", "2019-09-30": "2264.00000", "2019-06-30": "2262.00000", "2019-03-31": "2262.00000", "2018-12-31": "2216.00000", "2018-09-30": "2205.00000", "2018-06-30": "2204.00000", "2018-03-31": "2207.00000", "2017-12-31": "2230.00000", "2017-09-30": "2231.00000", "2017-06-30": "2230.00000", "2017-03-31": "2230.00000", "2016-12-31": "2230.00000", "2016-09-30": "2230.00000", "2016-06-30": "2229.00000", "2016-03-31": "2229.00000", "2015-12-31": "2193.00000", "2015-09-30": "2203.00000", "2015-06-30": "2187.00000", "2015-03-31": "2151.00000", "2014-12-31": "1137.00000", "2014-09-30": "1028.00000", "2014-06-30": "1028.00000", "2014-03-31": "1029.00000", "2013-12-31": "1036.00000", "2013-09-30": "1036.00000", "2013-06-30": "1036.00000", "2013-03-31": "1036.00000", "2012-12-31": "1354.00000", "2012-09-30": "1471.00000", "2012-06-30": "1365.00000", "2012-03-31": "1244.00000", "2011-12-31": "1297.00000", "2011-09-30": "1304.00000", "2011-06-30": "1303.00000", "2011-03-31": "1303.00000", "2010-12-31": "", "2010-09-30": "", "2010-06-30": "", "2010-03-31": "", "2009-12-31": "", "2008-12-31": ""}, "Basic EPS": {"2020-12-31": "0.27000", "2020-09-30": "0.20000", "2020-06-30": "-0.28000", "2020-03-31": "-0.14000", "2019-12-31": "0.27000", "2019-09-30": "0.22000", "2019-06-30": "0.23000", "2019-03-31": "0.24000", "2018-12-31": "0.21000", "2018-09-30": "0.31000", "2018-06-30": "-0.08000", "2018-03-31": "0.22000", "2017-12-31": "-0.47000", "2017-09-30": "0.15000", "2017-06-30": "0.15000", "2017-03-31": "0.18000", "2016-12-31": "0.08000", "2016-09-30": "-0.10000", "2016-06-30": "0.15000", "2016-03-31": "0.12000", "2015-12-31": "-0.33000", "2015-09-30": "0.08000", "2015-06-30": "0.15000", "2015-03-31": "0.20000", "2014-12-31": "0.02000", "2014-09-30": "0.32000", "2014-06-30": "0.27000", "2014-03-31": "0.28000", "2013-12-31": "0.33000", "2013-09-30": "0.27000", "2013-06-30": "0.27000", "2013-03-31": "0.28000", "2012-12-31": "0.28000", "2012-09-30": "0.19000", "2012-06-30": "-0.15000", "2012-03-31": "0.03000", "2011-12-31": "0.22000", "2011-09-30": "0.21000", "2011-06-30": "0.19000", "2011-03-31": "0.22000", "2010-12-31": "", "2010-09-30": "", "2010-06-30": "", "2010-03-31": "", "2009-12-31": "", "2008-12-31": ""}, "EPS - Earnings Per Share": {"2020-12-31": "0.27000", "2020-09-30": "0.20000", "2020-06-30": "-0.28000", "2020-03-31": "-0.14000", "2019-12-31": "0.27000", "2019-09-30": "0.22000", "2019-06-30": "0.23000", "2019-03-31": "0.24000", "2018-12-31": "0.21000", "2018-09-30": "0.31000", "2018-06-30": "-0.08000", "2018-03-31": "0.22000", "2017-12-31": "-0.47000", "2017-09-30": "0.15000", "2017-06-30": "0.15000", "2017-03-31": "0.18000", "2016-12-31": "0.08000", "2016-09-30": "-0.10000", "2016-06-30": "0.15000", "2016-03-31": "0.12000", "2015-12-31": "-0.33000", "2015-09-30": "0.08000", "2015-06-30": "0.15000", "2015-03-31": "0.20000", "2014-12-31": "0.02000", "2014-09-30": "0.32000", "2014-06-30": "0.27000", "2014-03-31": "0.28000", "2013-12-31": "0.33000", "2013-09-30": "0.27000", "2013-06-30": "0.27000", "2013-03-31": "0.28000", "2012-12-31": "0.28000", "2012-09-30": "0.14000", "2012-06-30": "-0.09000", "2012-03-31": "0.02000", "2011-12-31": "0.12000", "2011-09-30": "0.12000", "2011-06-30": "0.10000", "2011-03-31": "0.12000", "2010-12-31": "0.00000", "2010-09-30": "0.00000", "2010-06-30": "0.00000", "2010-03-31": "0.00000", "2009-12-31": "0.00000", "2008-12-31": "0.00000"}}, "balance sheet": {"Cash On Hand": {"2020-12-31": "1184.00000", "2019-12-31": "1134.00000", "2018-12-31": "3331.00000", "2017-12-31": "326.00000", "2016-12-31": "787.00000", "2015-12-31": "289.00000", "2014-12-31": "315.00000", "2013-12-31": "598.00000", "2012-12-31": "714.00000", "2011-12-31": "411.00000", "2010-12-31": "592.90000", "2009-12-31": "218.10000", "2008-12-31": ""}, "Receivables": {"2020-12-31": "", "2019-12-31": "1370.00000", "2018-12-31": "1498.00000", "2017-12-31": "1613.00000", "2016-12-31": "1550.00000", "2015-12-31": "1355.00000", "2014-12-31": "1641.00000", "2013-12-31": "1721.00000", "2012-12-31": "1333.00000", "2011-12-31": "914.00000", "2010-12-31": "971.40000", "2009-12-31": "916.30000", "2008-12-31": ""}, "Inventory": {"2020-12-31": "", "2019-12-31": "371.00000", "2018-12-31": "385.00000", "2017-12-31": "424.00000", "2016-12-31": "357.00000", "2015-12-31": "407.00000", "2014-12-31": "459.00000", "2013-12-31": "430.00000", "2012-12-31": "374.00000", "2011-12-31": "172.00000", "2010-12-31": "92.00000", "2009-12-31": "71.90000", "2008-12-31": ""}, "Pre-Paid Expenses": {"2020-12-31": "", "2019-12-31": "", "2018-12-31": "", "2017-12-31": "", "2016-12-31": "", "2015-12-31": "", "2014-12-31": "", "2013-12-31": "", "2012-12-31": "", "2011-12-31": "", "2010-12-31": "", "2009-12-31": "", "2008-12-31": ""}, "Other Current Assets": {"2020-12-31": "2019.00000", "2019-12-31": "363.00000", "2018-12-31": "508.00000", "2017-12-31": "352.00000", "2016-12-31": "535.00000", "2015-12-31": "773.00000", "2014-12-31": "1281.00000", "2013-12-31": "552.00000", "2012-12-31": "714.00000", "2011-12-31": "166.00000", "2010-12-31": "130.60000", "2009-12-31": "174.00000", "2008-12-31": ""}, "Total Current Assets": {"2020-12-31": "3203.00000", "2019-12-31": "3238.00000", "2018-12-31": "5722.00000", "2017-12-31": "2715.00000", "2016-12-31": "3229.00000", "2015-12-31": "2824.00000", "2014-12-31": "3752.00000", "2013-12-31": "3868.00000", "2012-12-31": "3674.00000", "2011-12-31": "1663.00000", "2010-12-31": "1786.90000", "2009-12-31": "1380.30000", "2008-12-31": ""}, "Property, Plant, And Equipment": {"2020-12-31": "35836.00000", "2019-12-31": "36419.00000", "2018-12-31": "37897.00000", "2017-12-31": "40155.00000", "2016-12-31": "38705.00000", "2015-12-31": "40547.00000", "2014-12-31": "38564.00000", "2013-12-31": "35847.00000", "2012-12-31": "30996.00000", "2011-12-31": "17926.00000", "2010-12-31": "17070.70000", "2009-12-31": "16803.50000", "2008-12-31": ""}, "Long-Term Investments": {"2020-12-31": "7917.00000", "2019-12-31": "7759.00000", "2018-12-31": "7481.00000", "2017-12-31": "7298.00000", "2016-12-31": "7027.00000", "2015-12-31": "6040.00000", "2014-12-31": "6036.00000", "2013-12-31": "5951.00000", "2012-12-31": "5804.00000", "2011-12-31": "3744.00000", "2010-12-31": "4291.10000", "2009-12-31": "3695.60000", "2008-12-31": ""}, "Goodwill And Intangible Assets": {"2020-12-31": "19851.00000", "2019-12-31": "24127.00000", "2018-12-31": "24845.00000", "2017-12-31": "25261.00000", "2016-12-31": "25470.00000", "2015-12-31": "27341.00000", "2014-12-31": "26956.00000", "2013-12-31": "26942.00000", "2012-12-31": "24803.00000", "2011-12-31": "6259.00000", "2010-12-31": "5170.10000", "2009-12-31": "5004.10000", "2008-12-31": "0.00000"}, "Other Long-Term Assets": {"2020-12-31": "", "2019-12-31": "", "2018-12-31": "", "2017-12-31": "", "2016-12-31": "", "2015-12-31": "", "2014-12-31": "", "2013-12-31": "", "2012-12-31": "", "2011-12-31": "698.00000", "2010-12-31": "301.70000", "2009-12-31": "293.30000", "2008-12-31": ""}, "Total Long-Term Assets": {"2020-12-31": "68770.00000", "2019-12-31": "70919.00000", "2018-12-31": "73144.00000", "2017-12-31": "76340.00000", "2016-12-31": "77076.00000", "2015-12-31": "81280.00000", "2014-12-31": "79297.00000", "2013-12-31": "71317.00000", "2012-12-31": "64571.00000", "2011-12-31": "29054.00000", "2010-12-31": "27121.20000", "2009-12-31": "26200.70000", "2008-12-31": ""}, "Total Assets": {"2020-12-31": "71973.00000", "2019-12-31": "74157.00000", "2018-12-31": "78866.00000", "2017-12-31": "79055.00000", "2016-12-31": "80305.00000", "2015-12-31": "84104.00000", "2014-12-31": "83049.00000", "2013-12-31": "75185.00000", "2012-12-31": "68245.00000", "2011-12-31": "30717.00000", "2010-12-31": "28908.10000", "2009-12-31": "27581.00000", "2008-12-31": "0.00000"}, "Total Current Liabilities": {"2020-12-31": "5074.00000", "2019-12-31": "5100.00000", "2018-12-31": "7557.00000", "2017-12-31": "6181.00000", "2016-12-31": "5924.00000", "2015-12-31": "4065.00000", "2014-12-31": "6362.00000", "2013-12-31": "6075.00000", "2012-12-31": "5228.00000", "2011-12-31": "4529.00000", "2010-12-31": "3644.10000", "2009-12-31": "2319.20000", "2008-12-31": ""}, "Long Term Debt": {"2020-12-31": "32131.00000", "2019-12-31": "31915.00000", "2018-12-31": "33936.00000", "2017-12-31": "35015.00000", "2016-12-31": "37354.00000", "2015-12-31": "42406.00000", "2014-12-31": "40097.00000", "2013-12-31": "33887.00000", "2012-12-31": "32000.00000", "2011-12-31": "14356.00000", "2010-12-31": "13812.90000", "2009-12-31": "13240.70000", "2008-12-31": ""}, "Other Non-Current Liabilities": {"2020-12-31": "2202.00000", "2019-12-31": "2253.00000", "2018-12-31": "2176.00000", "2017-12-31": "2735.00000", "2016-12-31": "2225.00000", "2015-12-31": "2230.00000", "2014-12-31": "2164.00000", "2013-12-31": "2287.00000", "2012-12-31": "2846.00000", "2011-12-31": "1065.00000", "2010-12-31": "819.40000", "2009-12-31": "1140.10000", "2008-12-31": ""}, "Total Long Term Liabilities": {"2020-12-31": "35061.00000", "2019-12-31": "34971.00000", "2018-12-31": "36778.00000", "2017-12-31": "37750.00000", "2016-12-31": "39579.00000", "2015-12-31": "44636.00000", "2014-12-31": "42261.00000", "2013-12-31": "40825.00000", "2012-12-31": "38917.00000", "2011-12-31": "17620.00000", "2010-12-31": "16725.00000", "2009-12-31": "16416.70000", "2008-12-31": ""}, "Total Liabilities": {"2020-12-31": "40135.00000", "2019-12-31": "40071.00000", "2018-12-31": "44335.00000", "2017-12-31": "43931.00000", "2016-12-31": "45503.00000", "2015-12-31": "48701.00000", "2014-12-31": "48623.00000", "2013-12-31": "46900.00000", "2012-12-31": "44145.00000", "2011-12-31": "22149.00000", "2010-12-31": "20369.10000", "2009-12-31": "18735.90000", "2008-12-31": "0.00000"}, "Common Stock Net": {"2020-12-31": "", "2019-12-31": "23.00000", "2018-12-31": "23.00000", "2017-12-31": "22.00000", "2016-12-31": "22.00000", "2015-12-31": "22.00000", "2014-12-31": "21.00000", "2013-12-31": "10.00000", "2012-12-31": "10.00000", "2011-12-31": "8.00000", "2010-12-31": "0.00000", "2009-12-31": "", "2008-12-31": "0.00000"}, "Retained Earnings (Accumulated Deficit)": {"2020-12-31": "", "2019-12-31": "-7693.00000", "2018-12-31": "-7716.00000", "2017-12-31": "-7754.00000", "2016-12-31": "-6669.00000", "2015-12-31": "-6103.00000", "2014-12-31": "-2106.00000", "2013-12-31": "-1372.00000", "2012-12-31": "-943.00000", "2011-12-31": "-3.00000", "2010-12-31": "", "2009-12-31": "", "2008-12-31": ""}, "Comprehensive Income": {"2020-12-31": "-407.00000", "2019-12-31": "-333.00000", "2018-12-31": "-330.00000", "2017-12-31": "-541.00000", "2016-12-31": "-661.00000", "2015-12-31": "-461.00000", "2014-12-31": "-17.00000", "2013-12-31": "-24.00000", "2012-12-31": "-118.00000", "2011-12-31": "-115.00000", "2010-12-31": "-136.50000", "2009-12-31": "-167.90000", "2008-12-31": ""}, "Other Share Holders Equity": {"2020-12-31": "31843.00000", "2019-12-31": "", "2018-12-31": "", "2017-12-31": "", "2016-12-31": "", "2015-12-31": "", "2014-12-31": "", "2013-12-31": "", "2012-12-31": "", "2011-12-31": "", "2010-12-31": "", "2009-12-31": "", "2008-12-31": "0.00000"}, "Share Holder Equity": {"2020-12-31": "31838.00000", "2019-12-31": "34086.00000", "2018-12-31": "34531.00000", "2017-12-31": "35124.00000", "2016-12-31": "34802.00000", "2015-12-31": "35403.00000", "2014-12-31": "34426.00000", "2013-12-31": "28285.00000", "2012-12-31": "24100.00000", "2011-12-31": "8568.00000", "2010-12-31": "8539.00000", "2009-12-31": "8845.10000", "2008-12-31": "0.00000"}, "Total Liabilities And Share Holders Equity": {"2020-12-31": "71973.00000", "2019-12-31": "74157.00000", "2018-12-31": "78866.00000", "2017-12-31": "79055.00000", "2016-12-31": "80305.00000", "2015-12-31": "84104.00000", "2014-12-31": "83049.00000", "2013-12-31": "75185.00000", "2012-12-31": "68245.00000", "2011-12-31": "30717.00000", "2010-12-31": "28908.10000", "2009-12-31": "27581.00000", "2008-12-31": "0.00000"}}, "balance sheet, quarterly": {"Cash On Hand": {"2020-12-31": "1184.00000", "2020-09-30": "699.00000", "2020-06-30": "546.00000", "2020-03-31": "942.00000", "2019-12-31": "1134.00000", "2019-09-30": "268.00000", "2019-06-30": "249.00000", "2019-03-31": "270.00000", "2018-12-31": "3331.00000", "2018-09-30": "3560.00000", "2018-06-30": "347.00000", "2018-03-31": "363.00000", "2017-12-31": "326.00000", "2017-09-30": "620.00000", "2017-06-30": "518.00000", "2017-03-31": "486.00000", "2016-12-31": "787.00000", "2016-09-30": "1245.00000", "2016-06-30": "180.00000", "2016-03-31": "175.00000", "2015-12-31": "289.00000", "2015-09-30": "179.00000", "2015-06-30": "163.00000", "2015-03-31": "259.00000", "2014-12-31": "315.00000", "2014-09-30": "472.00000", "2014-06-30": "363.00000", "2014-03-31": "513.00000", "2013-12-31": "598.00000", "2013-09-30": "816.00000", "2013-06-30": "1017.00000", "2013-03-31": "1106.00000", "2012-12-31": "714.00000", "2012-09-30": "831.00000", "2012-06-30": "728.00000", "2012-03-31": "525.00000", "2011-12-31": "411.00000", "2011-09-30": "315.70000", "2011-06-30": "401.00000", "2011-03-31": "230.90000", "2010-12-31": "592.90000", "2010-09-30": "", "2010-06-30": "", "2010-03-31": "", "2009-12-31": "218.10000", "2008-12-31": ""}, "Receivables": {"2020-12-31": "", "2020-09-30": "1142.00000", "2020-06-30": "1073.00000", "2020-03-31": "1186.00000", "2019-12-31": "1379.00000", "2019-09-30": "1273.00000", "2019-06-30": "1227.00000", "2019-03-31": "1310.00000", "2018-12-31": "1498.00000", "2018-09-30": "1545.00000", "2018-06-30": "1520.00000", "2018-03-31": "1512.00000", "2017-12-31": "1613.00000", "2017-09-30": "1214.00000", "2017-06-30": "1353.00000", "2017-03-31": "1440.00000", "2016-12-31": "1550.00000", "2016-09-30": "1282.00000", "2016-06-30": "1278.00000", "2016-03-31": "1203.00000", "2015-12-31": "1355.00000", "2015-09-30": "1404.00000", "2015-06-30": "1349.00000", "2015-03-31": "1420.00000", "2014-12-31": "1641.00000", "2014-09-30": "1696.00000", "2014-06-30": "1633.00000", "2014-03-31": "1838.00000", "2013-12-31": "1721.00000", "2013-09-30": "1420.00000", "2013-06-30": "1488.00000", "2013-03-31": "1290.00000", "2012-12-31": "1333.00000", "2012-09-30": "1296.00000", "2012-06-30": "1275.00000", "2012-03-31": "761.00000", "2011-12-31": "914.00000", "2011-09-30": "830.20000", "2011-06-30": "919.20000", "2011-03-31": "843.80000", "2010-12-31": "971.40000", "2010-09-30": "", "2010-06-30": "", "2010-03-31": "", "2009-12-31": "916.30000", "2008-12-31": ""}, "Inventory": {"2020-12-31": "", "2020-09-30": "317.00000", "2020-06-30": "336.00000", "2020-03-31": "307.00000", "2019-12-31": "371.00000", "2019-09-30": "405.00000", "2019-06-30": "450.00000", "2019-03-31": "429.00000", "2018-12-31": "385.00000", "2018-09-30": "383.00000", "2018-06-30": "420.00000", "2018-03-31": "442.00000", "2017-12-31": "424.00000", "2017-09-30": "428.00000", "2017-06-30": "438.00000", "2017-03-31": "380.00000", "2016-12-31": "357.00000", "2016-09-30": "325.00000", "2016-06-30": "361.00000", "2016-03-31": "364.00000", "2015-12-31": "407.00000", "2015-09-30": "445.00000", "2015-06-30": "474.00000", "2015-03-31": "453.00000", "2014-12-31": "459.00000", "2014-09-30": "461.00000", "2014-06-30": "460.00000", "2014-03-31": "417.00000", "2013-12-31": "430.00000", "2013-09-30": "435.00000", "2013-06-30": "428.00000", "2013-03-31": "389.00000", "2012-12-31": "374.00000", "2012-09-30": "322.00000", "2012-06-30": "313.00000", "2012-03-31": "177.00000", "2011-12-31": "172.00000", "2011-09-30": "101.30000", "2011-06-30": "80.80000", "2011-03-31": "93.00000", "2010-12-31": "92.00000", "2010-09-30": "", "2010-06-30": "", "2010-03-31": "", "2009-12-31": "71.90000", "2008-12-31": ""}, "Pre-Paid Expenses": {"2020-12-31": "", "2020-09-30": "", "2020-06-30": "", "2020-03-31": "", "2019-12-31": "", "2019-09-30": "", "2019-06-30": "", "2019-03-31": "", "2018-12-31": "", "2018-09-30": "", "2018-06-30": "", "2018-03-31": "", "2017-12-31": "", "2017-09-30": "", "2017-06-30": "", "2017-03-31": "", "2016-12-31": "", "2016-09-30": "", "2016-06-30": "", "2016-03-31": "", "2015-12-31": "", "2015-09-30": "", "2015-06-30": "", "2015-03-31": "", "2014-12-31": "", "2014-09-30": "", "2014-06-30": "", "2014-03-31": "", "2013-12-31": "", "2013-09-30": "", "2013-06-30": "", "2013-03-31": "", "2012-12-31": "", "2012-09-30": "", "2012-06-30": "", "2012-03-31": "", "2011-12-31": "", "2011-09-30": "", "2011-06-30": "", "2011-03-31": "", "2010-12-31": "", "2010-09-30": "", "2010-06-30": "", "2010-03-31": "", "2009-12-31": "", "2008-12-31": ""}, "Other Current Assets": {"2020-12-31": "2019.00000", "2020-09-30": "514.00000", "2020-06-30": "535.00000", "2020-03-31": "661.00000", "2019-12-31": "354.00000", "2019-09-30": "419.00000", "2019-06-30": "374.00000", "2019-03-31": "253.00000", "2018-12-31": "508.00000", "2018-09-30": "278.00000", "2018-06-30": "347.00000", "2018-03-31": "311.00000", "2017-12-31": "352.00000", "2017-09-30": "351.00000", "2017-06-30": "417.00000", "2017-03-31": "369.00000", "2016-12-31": "535.00000", "2016-09-30": "511.00000", "2016-06-30": "651.00000", "2016-03-31": "739.00000", "2015-12-31": "773.00000", "2015-09-30": "989.00000", "2015-06-30": "894.00000", "2015-03-31": "1101.00000", "2014-12-31": "1281.00000", "2014-09-30": "635.00000", "2014-06-30": "582.00000", "2014-03-31": "446.00000", "2013-12-31": "552.00000", "2013-09-30": "492.00000", "2013-06-30": "481.00000", "2013-03-31": "379.00000", "2012-12-31": "714.00000", "2012-09-30": "2673.00000", "2012-06-30": "3015.00000", "2012-03-31": "2439.00000", "2011-12-31": "166.00000", "2011-09-30": "231.00000", "2011-06-30": "231.60000", "2011-03-31": "121.10000", "2010-12-31": "130.60000", "2010-09-30": "", "2010-06-30": "", "2010-03-31": "", "2009-12-31": "130.50000", "2008-12-31": ""}, "Total Current Assets": {"2020-12-31": "3203.00000", "2020-09-30": "2672.00000", "2020-06-30": "2490.00000", "2020-03-31": "3096.00000", "2019-12-31": "3238.00000", "2019-09-30": "2365.00000", "2019-06-30": "2300.00000", "2019-03-31": "2262.00000", "2018-12-31": "5722.00000", "2018-09-30": "5766.00000", "2018-06-30": "2634.00000", "2018-03-31": "2628.00000", "2017-12-31": "2715.00000", "2017-09-30": "2613.00000", "2017-06-30": "2726.00000", "2017-03-31": "2675.00000", "2016-12-31": "3229.00000", "2016-09-30": "3363.00000", "2016-06-30": "2470.00000", "2016-03-31": "2481.00000", "2015-12-31": "2824.00000", "2015-09-30": "3067.00000", "2015-06-30": "2936.00000", "2015-03-31": "3289.00000", "2014-12-31": "3752.00000", "2014-09-30": "3486.00000", "2014-06-30": "3367.00000", "2014-03-31": "3662.00000", "2013-12-31": "3868.00000", "2013-09-30": "3591.00000", "2013-06-30": "3772.00000", "2013-03-31": "3686.00000", "2012-12-31": "3674.00000", "2012-09-30": "5122.00000", "2012-06-30": "5331.00000", "2012-03-31": "3902.00000", "2011-12-31": "1663.00000", "2011-09-30": "1478.20000", "2011-06-30": "1632.60000", "2011-03-31": "1288.80000", "2010-12-31": "1786.90000", "2010-09-30": "", "2010-06-30": "", "2010-03-31": "", "2009-12-31": "1380.30000", "2008-12-31": ""}, "Property, Plant, And Equipment": {"2020-12-31": "35836.00000", "2020-09-30": "35958.00000", "2020-06-30": "36027.00000", "2020-03-31": "36041.00000", "2019-12-31": "36419.00000", "2019-09-30": "37934.00000", "2019-06-30": "37840.00000", "2019-03-31": "37782.00000", "2018-12-31": "37897.00000", "2018-09-30": "37795.00000", "2018-06-30": "39905.00000", "2018-03-31": "40333.00000", "2017-12-31": "40155.00000", "2017-09-30": "39867.00000", "2017-06-30": "39423.00000", "2017-03-31": "39023.00000", "2016-12-31": "38705.00000", "2016-09-30": "38780.00000", "2016-06-30": "41199.00000", "2016-03-31": "41042.00000", "2015-12-31": "40547.00000", "2015-09-30": "40608.00000", "2015-06-30": "40586.00000", "2015-03-31": "40289.00000", "2014-12-31": "38564.00000", "2014-09-30": "38100.00000", "2014-06-30": "37607.00000", "2014-03-31": "36952.00000", "2013-12-31": "35847.00000", "2013-09-30": "35275.00000", "2013-06-30": "34599.00000", "2013-03-31": "31201.00000", "2012-12-31": "30996.00000", "2012-09-30": "30881.00000", "2012-06-30": "30613.00000", "2012-03-31": "17304.00000", "2011-12-31": "17926.00000", "2011-09-30": "17715.90000", "2011-06-30": "17227.50000", "2011-03-31": "17133.70000", "2010-12-31": "17070.70000", "2010-09-30": "", "2010-06-30": "", "2010-03-31": "", "2009-12-31": "", "2008-12-31": ""}, "Long-Term Investments": {"2020-12-31": "7917.00000", "2020-09-30": "8014.00000", "2020-06-30": "7892.00000", "2020-03-31": "7886.00000", "2019-12-31": "7759.00000", "2019-09-30": "8387.00000", "2019-06-30": "8124.00000", "2019-03-31": "7770.00000", "2018-12-31": "7481.00000", "2018-09-30": "7432.00000", "2018-06-30": "7293.00000", "2018-03-31": "7420.00000", "2017-12-31": "7298.00000", "2017-09-30": "7484.00000", "2017-06-30": "7442.00000", "2017-03-31": "7136.00000", "2016-12-31": "7027.00000", "2016-09-30": "7358.00000", "2016-06-30": "6202.00000", "2016-03-31": "6035.00000", "2015-12-31": "6040.00000", "2015-09-30": "5943.00000", "2015-06-30": "6028.00000", "2015-03-31": "6011.00000", "2014-12-31": "6036.00000", "2014-09-30": "6041.00000", "2014-06-30": "5862.00000", "2014-03-31": "5962.00000", "2013-12-31": "5951.00000", "2013-09-30": "6044.00000", "2013-06-30": "6085.00000", "2013-03-31": "5773.00000", "2012-12-31": "5804.00000", "2012-09-30": "6135.00000", "2012-06-30": "6114.00000", "2012-03-31": "2180.00000", "2011-12-31": "3744.00000", "2011-09-30": "3668.70000", "2011-06-30": "4311.70000", "2011-03-31": "4310.40000", "2010-12-31": "4291.10000", "2010-09-30": "", "2010-06-30": "", "2010-03-31": "", "2009-12-31": "3695.60000", "2008-12-31": ""}, "Goodwill And Intangible Assets": {"2020-12-31": "19851.00000", "2020-09-30": "22361.00000", "2020-06-30": "22418.00000", "2020-03-31": "23467.00000", "2019-12-31": "24127.00000", "2019-09-30": "24693.00000", "2019-06-30": "24746.00000", "2019-03-31": "24791.00000", "2018-12-31": "24845.00000", "2018-09-30": "24900.00000", "2018-06-30": "25142.00000", "2018-03-31": "25201.00000", "2017-12-31": "25261.00000", "2017-09-30": "25317.00000", "2017-06-30": "25367.00000", "2017-03-31": "25417.00000", "2016-12-31": "25470.00000", "2016-09-30": "25547.00000", "2016-06-30": "27242.00000", "2016-03-31": "27297.00000", "2015-12-31": "27341.00000", "2015-09-30": "28571.00000", "2015-06-30": "28642.00000", "2015-03-31": "28669.00000", "2014-12-31": "26956.00000", "2014-09-30": "26979.00000", "2014-06-30": "27020.00000", "2014-03-31": "26966.00000", "2013-12-31": "26942.00000", "2013-09-30": "26968.00000", "2013-06-30": "26978.00000", "2013-03-31": "24720.00000", "2012-12-31": "24803.00000", "2012-09-30": "24749.00000", "2012-06-30": "24595.00000", "2012-03-31": "5993.00000", "2011-12-31": "6259.00000", "2011-09-30": "6141.90000", "2011-06-30": "5168.90000", "2011-03-31": "5151.90000", "2010-12-31": "5170.10000", "2010-09-30": "0.00000", "2010-06-30": "0.00000", "2010-03-31": "0.00000", "2009-12-31": "5004.10000", "2008-12-31": "0.00000"}, "Other Long-Term Assets": {"2020-12-31": "", "2020-09-30": "", "2020-06-30": "", "2020-03-31": "", "2019-12-31": "", "2019-09-30": "", "2019-06-30": "", "2019-03-31": "", "2018-12-31": "", "2018-09-30": "", "2018-06-30": "", "2018-03-31": "", "2017-12-31": "", "2017-09-30": "", "2017-06-30": "", "2017-03-31": "", "2016-12-31": "", "2016-09-30": "", "2016-06-30": "", "2016-03-31": "", "2015-12-31": "", "2015-09-30": "", "2015-06-30": "", "2015-03-31": "", "2014-12-31": "", "2014-09-30": "", "2014-06-30": "", "2014-03-31": "", "2013-12-31": "", "2013-09-30": "", "2013-06-30": "402.00000", "2013-03-31": "618.00000", "2012-12-31": "", "2012-09-30": "784.00000", "2012-06-30": "793.00000", "2012-03-31": "580.00000", "2011-12-31": "698.00000", "2011-09-30": "771.50000", "2011-06-30": "340.90000", "2011-03-31": "224.60000", "2010-12-31": "301.70000", "2010-09-30": "", "2010-06-30": "", "2010-03-31": "", "2009-12-31": "483.90000", "2008-12-31": ""}, "Total Long-Term Assets": {"2020-12-31": "68770.00000", "2020-09-30": "69149.00000", "2020-06-30": "69294.00000", "2020-03-31": "70434.00000", "2019-12-31": "70919.00000", "2019-09-30": "74566.00000", "2019-06-30": "74395.00000", "2019-03-31": "74030.00000", "2018-12-31": "73144.00000", "2018-09-30": "73297.00000", "2018-06-30": "75681.00000", "2018-03-31": "76383.00000", "2017-12-31": "76340.00000", "2017-09-30": "77738.00000", "2017-06-30": "77477.00000", "2017-03-31": "77118.00000", "2016-12-31": "77076.00000", "2016-09-30": "78241.00000", "2016-06-30": "81847.00000", "2016-03-31": "81748.00000", "2015-12-31": "81280.00000", "2015-09-30": "82610.00000", "2015-06-30": "82674.00000", "2015-03-31": "82875.00000", "2014-12-31": "79297.00000", "2014-09-30": "73632.00000", "2014-06-30": "72997.00000", "2014-03-31": "72392.00000", "2013-12-31": "71317.00000", "2013-09-30": "70984.00000", "2013-06-30": "70348.00000", "2013-03-31": "64622.00000", "2012-12-31": "64571.00000", "2012-09-30": "64931.00000", "2012-06-30": "64244.00000", "2012-03-31": "26468.00000", "2011-12-31": "29054.00000", "2011-09-30": "28679.20000", "2011-06-30": "27337.30000", "2011-03-31": "27117.70000", "2010-12-31": "27121.20000", "2010-09-30": "", "2010-06-30": "", "2010-03-31": "", "2009-12-31": "9397.20000", "2008-12-31": ""}, "Total Assets": {"2020-12-31": "71973.00000", "2020-09-30": "71821.00000", "2020-06-30": "71784.00000", "2020-03-31": "73530.00000", "2019-12-31": "74157.00000", "2019-09-30": "76931.00000", "2019-06-30": "76695.00000", "2019-03-31": "76292.00000", "2018-12-31": "78866.00000", "2018-09-30": "79063.00000", "2018-06-30": "78315.00000", "2018-03-31": "79011.00000", "2017-12-31": "79055.00000", "2017-09-30": "80351.00000", "2017-06-30": "80203.00000", "2017-03-31": "79793.00000", "2016-12-31": "80305.00000", "2016-09-30": "81604.00000", "2016-06-30": "84317.00000", "2016-03-31": "84229.00000", "2015-12-31": "84104.00000", "2015-09-30": "85677.00000", "2015-06-30": "85610.00000", "2015-03-31": "86164.00000", "2014-12-31": "83049.00000", "2014-09-30": "77118.00000", "2014-06-30": "76364.00000", "2014-03-31": "76054.00000", "2013-12-31": "75185.00000", "2013-09-30": "74575.00000", "2013-06-30": "74120.00000", "2013-03-31": "68308.00000", "2012-12-31": "68245.00000", "2012-09-30": "70053.00000", "2012-06-30": "69575.00000", "2012-03-31": "30370.00000", "2011-12-31": "30717.00000", "2011-09-30": "30157.40000", "2011-06-30": "28969.90000", "2011-03-31": "28406.50000", "2010-12-31": "28908.10000", "2010-09-30": "0.00000", "2010-06-30": "0.00000", "2010-03-31": "0.00000", "2009-12-31": "27581.00000", "2008-12-31": "0.00000"}, "Total Current Liabilities": {"2020-12-31": "5074.00000", "2020-09-30": "4376.00000", "2020-06-30": "5202.00000", "2020-03-31": "5608.00000", "2019-12-31": "5100.00000", "2019-09-30": "6826.00000", "2019-06-30": "5659.00000", "2019-03-31": "5009.00000", "2018-12-31": "7557.00000", "2018-09-30": "5489.00000", "2018-06-30": "5379.00000", "2018-03-31": "5429.00000", "2017-12-31": "6181.00000", "2017-09-30": "6174.00000", "2017-06-30": "6363.00000", "2017-03-31": "6689.00000", "2016-12-31": "5924.00000", "2016-09-30": "6044.00000", "2016-06-30": "6566.00000", "2016-03-31": "4396.00000", "2015-12-31": "4065.00000", "2015-09-30": "6191.00000", "2015-06-30": "6499.00000", "2015-03-31": "6784.00000", "2014-12-31": "6362.00000", "2014-09-30": "6085.00000", "2014-06-30": "6487.00000", "2014-03-31": "6068.00000", "2013-12-31": "6075.00000", "2013-09-30": "6415.00000", "2013-06-30": "7333.00000", "2013-03-31": "5582.00000", "2012-12-31": "5228.00000", "2012-09-30": "6860.00000", "2012-06-30": "6132.00000", "2012-03-31": "3708.00000", "2011-12-31": "4529.00000", "2011-09-30": "4395.00000", "2011-06-30": "3030.60000", "2011-03-31": "3397.00000", "2010-12-31": "3644.10000", "2010-09-30": "", "2010-06-30": "", "2010-03-31": "", "2009-12-31": "2319.20000", "2008-12-31": ""}, "Long Term Debt": {"2020-12-31": "32131.00000", "2020-09-30": "32660.00000", "2020-06-30": "31441.00000", "2020-03-31": "31405.00000", "2019-12-31": "31915.00000", "2019-09-30": "32111.00000", "2019-06-30": "33005.00000", "2019-03-31": "33328.00000", "2018-12-31": "33936.00000", "2018-09-30": "35268.00000", "2018-06-30": "35366.00000", "2018-03-31": "35543.00000", "2017-12-31": "35015.00000", "2017-09-30": "35116.00000", "2017-06-30": "35100.00000", "2017-03-31": "35464.00000", "2016-12-31": "37354.00000", "2016-09-30": "38518.00000", "2016-06-30": "40201.00000", "2016-03-31": "42105.00000", "2015-12-31": "42406.00000", "2015-09-30": "41630.00000", "2015-06-30": "41399.00000", "2015-03-31": "41824.00000", "2014-12-31": "40097.00000", "2014-09-30": "35636.00000", "2014-06-30": "34521.00000", "2014-03-31": "34799.00000", "2013-12-31": "33887.00000", "2013-09-30": "33038.00000", "2013-06-30": "31582.00000", "2013-03-31": "31514.00000", "2012-12-31": "32000.00000", "2012-09-30": "32475.00000", "2012-06-30": "33833.00000", "2012-03-31": "15230.00000", "2011-12-31": "14356.00000", "2011-09-30": "13851.50000", "2011-06-30": "14000.70000", "2011-03-31": "13866.80000", "2010-12-31": "13812.90000", "2010-09-30": "", "2010-06-30": "", "2010-03-31": "", "2009-12-31": "13240.70000", "2008-12-31": ""}, "Other Non-Current Liabilities": {"2020-12-31": "2202.00000", "2020-09-30": "2093.00000", "2020-06-30": "2249.00000", "2020-03-31": "2260.00000", "2019-12-31": "2253.00000", "2019-09-30": "2719.00000", "2019-06-30": "2772.00000", "2019-03-31": "2794.00000", "2018-12-31": "2176.00000", "2018-09-30": "2407.00000", "2018-06-30": "2495.00000", "2018-03-31": "2381.00000", "2017-12-31": "2735.00000", "2017-09-30": "2537.00000", "2017-06-30": "2526.00000", "2017-03-31": "2635.00000", "2016-12-31": "2225.00000", "2016-09-30": "2074.00000", "2016-06-30": "2077.00000", "2016-03-31": "2182.00000", "2015-12-31": "2230.00000", "2015-09-30": "2014.00000", "2015-06-30": "2207.00000", "2015-03-31": "2197.00000", "2014-12-31": "2164.00000", "2014-09-30": "2023.00000", "2014-06-30": "2147.00000", "2014-03-31": "2154.00000", "2013-12-31": "2287.00000", "2013-09-30": "2506.00000", "2013-06-30": "2553.00000", "2013-03-31": "2685.00000", "2012-12-31": "2846.00000", "2012-09-30": "2900.00000", "2012-06-30": "2793.00000", "2012-03-31": "1071.00000", "2011-12-31": "1065.00000", "2011-09-30": "937.10000", "2011-06-30": "991.40000", "2011-03-31": "874.60000", "2010-12-31": "819.40000", "2010-09-30": "", "2010-06-30": "", "2010-03-31": "", "2009-12-31": "1140.10000", "2008-12-31": ""}, "Total Long Term Liabilities": {"2020-12-31": "35061.00000", "2020-09-30": "35500.00000", "2020-06-30": "34458.00000", "2020-03-31": "34458.00000", "2019-12-31": "34971.00000", "2019-09-30": "35631.00000", "2019-06-30": "36552.00000", "2019-03-31": "36827.00000", "2018-12-31": "36778.00000", "2018-09-30": "38308.00000", "2018-06-30": "38442.00000", "2018-03-31": "38447.00000", "2017-12-31": "37750.00000", "2017-09-30": "37653.00000", "2017-06-30": "37626.00000", "2017-03-31": "38099.00000", "2016-12-31": "39579.00000", "2016-09-30": "40592.00000", "2016-06-30": "42278.00000", "2016-03-31": "44287.00000", "2015-12-31": "44636.00000", "2015-09-30": "43644.00000", "2015-06-30": "43606.00000", "2015-03-31": "44021.00000", "2014-12-31": "42261.00000", "2014-09-30": "42264.00000", "2014-06-30": "41222.00000", "2014-03-31": "41552.00000", "2013-12-31": "40825.00000", "2013-09-30": "39858.00000", "2013-06-30": "38248.00000", "2013-03-31": "38418.00000", "2012-12-31": "38917.00000", "2012-09-30": "39295.00000", "2012-06-30": "40253.00000", "2012-03-31": "18540.00000", "2011-12-31": "17620.00000", "2011-09-30": "17014.90000", "2011-06-30": "17135.90000", "2011-03-31": "16795.70000", "2010-12-31": "16725.00000", "2010-09-30": "", "2010-06-30": "", "2010-03-31": "", "2009-12-31": "16416.70000", "2008-12-31": ""}, "Total Liabilities": {"2020-12-31": "40135.00000", "2020-09-30": "39876.00000", "2020-06-30": "39660.00000", "2020-03-31": "40066.00000", "2019-12-31": "40071.00000", "2019-09-30": "42457.00000", "2019-06-30": "42211.00000", "2019-03-31": "41836.00000", "2018-12-31": "44335.00000", "2018-09-30": "43797.00000", "2018-06-30": "43821.00000", "2018-03-31": "43876.00000", "2017-12-31": "43931.00000", "2017-09-30": "43827.00000", "2017-06-30": "43989.00000", "2017-03-31": "44788.00000", "2016-12-31": "45503.00000", "2016-09-30": "46636.00000", "2016-06-30": "48844.00000", "2016-03-31": "48683.00000", "2015-12-31": "48701.00000", "2015-09-30": "49835.00000", "2015-06-30": "50105.00000", "2015-03-31": "50805.00000", "2014-12-31": "48623.00000", "2014-09-30": "48349.00000", "2014-06-30": "47709.00000", "2014-03-31": "47620.00000", "2013-12-31": "46900.00000", "2013-09-30": "46273.00000", "2013-06-30": "45581.00000", "2013-03-31": "44000.00000", "2012-12-31": "44145.00000", "2012-09-30": "46155.00000", "2012-06-30": "46385.00000", "2012-03-31": "22248.00000", "2011-12-31": "22149.00000", "2011-09-30": "21409.90000", "2011-06-30": "20166.50000", "2011-03-31": "20192.70000", "2010-12-31": "20369.10000", "2010-09-30": "0.00000", "2010-06-30": "0.00000", "2010-03-31": "0.00000", "2009-12-31": "18735.90000", "2008-12-31": "0.00000"}, "Common Stock Net": {"2020-12-31": "", "2020-09-30": "23.00000", "2020-06-30": "23.00000", "2020-03-31": "23.00000", "2019-12-31": "23.00000", "2019-09-30": "23.00000", "2019-06-30": "23.00000", "2019-03-31": "23.00000", "2018-12-31": "23.00000", "2018-09-30": "22.00000", "2018-06-30": "22.00000", "2018-03-31": "22.00000", "2017-12-31": "22.00000", "2017-09-30": "22.00000", "2017-06-30": "22.00000", "2017-03-31": "22.00000", "2016-12-31": "22.00000", "2016-09-30": "22.00000", "2016-06-30": "22.00000", "2016-03-31": "22.00000", "2015-12-31": "22.00000", "2015-09-30": "22.00000", "2015-06-30": "22.00000", "2015-03-31": "22.00000", "2014-12-31": "21.00000", "2014-09-30": "10.00000", "2014-06-30": "10.00000", "2014-03-31": "10.00000", "2013-12-31": "10.00000", "2013-09-30": "10.00000", "2013-06-30": "10.00000", "2013-03-31": "10.00000", "2012-12-31": "10.00000", "2012-09-30": "11.00000", "2012-06-30": "11.00000", "2012-03-31": "8.00000", "2011-12-31": "8.00000", "2011-09-30": "8.10000", "2011-06-30": "8.10000", "2011-03-31": "8.10000", "2010-12-31": "", "2010-09-30": "0.00000", "2010-06-30": "0.00000", "2010-03-31": "0.00000", "2009-12-31": "4338.40000", "2008-12-31": "0.00000"}, "Retained Earnings (Accumulated Deficit)": {"2020-12-31": "", "2020-09-30": "-9945.00000", "2020-06-30": "-9802.00000", "2020-03-31": "-8568.00000", "2019-12-31": "-7693.00000", "2019-09-30": "-7733.00000", "2019-06-30": "-7671.00000", "2019-03-31": "-7619.00000", "2018-12-31": "-7716.00000", "2018-09-30": "-7744.00000", "2018-06-30": "-7993.00000", "2018-03-31": "-7365.00000", "2017-12-31": "-7754.00000", "2017-09-30": "-6429.00000", "2017-06-30": "-6482.00000", "2017-03-31": "-6540.00000", "2016-12-31": "-6669.00000", "2016-09-30": "-6560.00000", "2016-06-30": "-6053.00000", "2016-03-31": "-6106.00000", "2015-12-31": "-6103.00000", "2015-09-30": "-4242.00000", "2015-06-30": "-3350.00000", "2015-03-31": "-2639.00000", "2014-12-31": "-2106.00000", "2014-09-30": "-1776.00000", "2014-06-30": "-1661.00000", "2014-03-31": "-1510.00000", "2013-12-31": "-1372.00000", "2013-09-30": "-1284.00000", "2013-06-30": "-1153.00000", "2013-03-31": "-1035.00000", "2012-12-31": "-943.00000", "2012-09-30": "-733.00000", "2012-06-30": "-556.00000", "2012-03-31": "-202.00000", "2011-12-31": "-3.00000", "2011-09-30": "56.50000", "2011-06-30": "117.50000", "2011-03-31": "84.40000", "2010-12-31": "", "2010-09-30": "", "2010-06-30": "", "2010-03-31": "", "2009-12-31": "", "2008-12-31": ""}, "Comprehensive Income": {"2020-12-31": "-407.00000", "2020-09-30": "-255.00000", "2020-06-30": "-199.00000", "2020-03-31": "-62.00000", "2019-12-31": "-333.00000", "2019-09-30": "-384.00000", "2019-06-30": "-448.00000", "2019-03-31": "-508.00000", "2018-12-31": "-330.00000", "2018-09-30": "-495.00000", "2018-06-30": "-690.00000", "2018-03-31": "-667.00000", "2017-12-31": "-541.00000", "2017-09-30": "-469.00000", "2017-06-30": "-483.00000", "2017-03-31": "-593.00000", "2016-12-31": "-661.00000", "2016-09-30": "-557.00000", "2016-06-30": "-554.00000", "2016-03-31": "-414.00000", "2015-12-31": "-461.00000", "2015-09-30": "-328.00000", "2015-06-30": "-291.00000", "2015-03-31": "-193.00000", "2014-12-31": "-17.00000", "2014-09-30": "-50.00000", "2014-06-30": "-68.00000", "2014-03-31": "-62.00000", "2013-12-31": "-24.00000", "2013-09-30": "-97.00000", "2013-06-30": "-148.00000", "2013-03-31": "-157.00000", "2012-12-31": "-118.00000", "2012-09-30": "-56.00000", "2012-06-30": "-42.00000", "2012-03-31": "-128.00000", "2011-12-31": "-115.00000", "2011-09-30": "-32.40000", "2011-06-30": "-113.80000", "2011-03-31": "-192.00000", "2010-12-31": "-136.50000", "2010-09-30": "", "2010-06-30": "", "2010-03-31": "", "2009-12-31": "", "2008-12-31": ""}, "Other Share Holders Equity": {"2020-12-31": "31843.00000", "2020-09-30": "", "2020-06-30": "", "2020-03-31": "", "2019-12-31": "", "2019-09-30": "", "2019-06-30": "", "2019-03-31": "", "2018-12-31": "", "2018-09-30": "", "2018-06-30": "", "2018-03-31": "", "2017-12-31": "", "2017-09-30": "", "2017-06-30": "", "2017-03-31": "", "2016-12-31": "", "2016-09-30": "", "2016-06-30": "", "2016-03-31": "", "2015-12-31": "", "2015-09-30": "", "2015-06-30": "", "2015-03-31": "", "2014-12-31": "", "2014-09-30": "", "2014-06-30": "", "2014-03-31": "", "2013-12-31": "", "2013-09-30": "", "2013-06-30": "", "2013-03-31": "", "2012-12-31": "", "2012-09-30": "", "2012-06-30": "", "2012-03-31": "", "2011-12-31": "", "2011-09-30": "", "2011-06-30": "", "2011-03-31": "", "2010-12-31": "", "2010-09-30": "0.00000", "2010-06-30": "0.00000", "2010-03-31": "0.00000", "2009-12-31": "4506.70000", "2008-12-31": "0.00000"}, "Share Holder Equity": {"2020-12-31": "31838.00000", "2020-09-30": "31945.00000", "2020-06-30": "32124.00000", "2020-03-31": "33464.00000", "2019-12-31": "34086.00000", "2019-09-30": "34474.00000", "2019-06-30": "34484.00000", "2019-03-31": "34456.00000", "2018-12-31": "34531.00000", "2018-09-30": "35266.00000", "2018-06-30": "34494.00000", "2018-03-31": "35135.00000", "2017-12-31": "35124.00000", "2017-09-30": "36524.00000", "2017-06-30": "36214.00000", "2017-03-31": "35005.00000", "2016-12-31": "34802.00000", "2016-09-30": "34968.00000", "2016-06-30": "35473.00000", "2016-03-31": "35546.00000", "2015-12-31": "35403.00000", "2015-09-30": "35842.00000", "2015-06-30": "35505.00000", "2015-03-31": "35359.00000", "2014-12-31": "34426.00000", "2014-09-30": "28769.00000", "2014-06-30": "28655.00000", "2014-03-31": "28434.00000", "2013-12-31": "28285.00000", "2013-09-30": "28302.00000", "2013-06-30": "28539.00000", "2013-03-31": "24308.00000", "2012-12-31": "24100.00000", "2012-09-30": "23898.00000", "2012-06-30": "23190.00000", "2012-03-31": "8122.00000", "2011-12-31": "8568.00000", "2011-09-30": "8747.50000", "2011-06-30": "8803.40000", "2011-03-31": "8213.80000", "2010-12-31": "8539.00000", "2010-09-30": "0.00000", "2010-06-30": "0.00000", "2010-03-31": "0.00000", "2009-12-31": "8845.10000", "2008-12-31": "0.00000"}, "Total Liabilities And Share Holders Equity": {"2020-12-31": "71973.00000", "2020-09-30": "71821.00000", "2020-06-30": "71784.00000", "2020-03-31": "73530.00000", "2019-12-31": "74157.00000", "2019-09-30": "76931.00000", "2019-06-30": "76695.00000", "2019-03-31": "76292.00000", "2018-12-31": "78866.00000", "2018-09-30": "79063.00000", "2018-06-30": "78315.00000", "2018-03-31": "79011.00000", "2017-12-31": "79055.00000", "2017-09-30": "80351.00000", "2017-06-30": "80203.00000", "2017-03-31": "79793.00000", "2016-12-31": "80305.00000", "2016-09-30": "81604.00000", "2016-06-30": "84317.00000", "2016-03-31": "84229.00000", "2015-12-31": "84104.00000", "2015-09-30": "85677.00000", "2015-06-30": "85610.00000", "2015-03-31": "86164.00000", "2014-12-31": "83049.00000", "2014-09-30": "77118.00000", "2014-06-30": "76364.00000", "2014-03-31": "76054.00000", "2013-12-31": "75185.00000", "2013-09-30": "74575.00000", "2013-06-30": "74120.00000", "2013-03-31": "68308.00000", "2012-12-31": "68245.00000", "2012-09-30": "70053.00000", "2012-06-30": "69575.00000", "2012-03-31": "30370.00000", "2011-12-31": "30717.00000", "2011-09-30": "30157.40000", "2011-06-30": "28969.90000", "2011-03-31": "28406.50000", "2010-12-31": "28908.10000", "2010-09-30": "0.00000", "2010-06-30": "0.00000", "2010-03-31": "0.00000", "2009-12-31": "27581.00000", "2008-12-31": "0.00000"}}, "cash flow statement": {"Net Income/Loss": {"2020-12-31": "0.00000", "2019-12-31": "2239.00000", "2018-12-31": "1919.00000", "2017-12-31": "223.00000", "2016-12-31": "721.00000", "2015-12-31": "208.00000", "2014-12-31": "2443.00000", "2013-12-31": "2692.00000", "2012-12-31": "427.00000", "2011-12-31": "660.00000", "2010-12-31": "300.00000", "2009-12-31": "773.10000", "2008-12-31": "-3203.20000"}, "Total Depreciation And Amortization - Cash Flow": {"2020-12-31": "", "2019-12-31": "2494.00000", "2018-12-31": "2392.00000", "2017-12-31": "2322.00000", "2016-12-31": "2268.00000", "2015-12-31": "3510.00000", "2014-12-31": "2085.00000", "2013-12-31": "1845.00000", "2012-12-31": "1449.00000", "2011-12-31": "1099.00000", "2010-12-31": "1085.00000", "2009-12-31": "1076.00000", "2008-12-31": "4957.40000"}, "Other Non-Cash Items": {"2020-12-31": "", "2019-12-31": "242.00000", "2018-12-31": "531.00000", "2017-12-31": "2124.00000", "2016-12-31": "2005.00000", "2015-12-31": "1380.00000", "2014-12-31": "496.00000", "2013-12-31": "-17.00000", "2012-12-31": "1216.00000", "2011-12-31": "469.00000", "2010-12-31": "521.00000", "2009-12-31": "248.10000", "2008-12-31": "-275.40000"}, "Total Non-Cash Items": {"2020-12-31": "", "2019-12-31": "2736.00000", "2018-12-31": "2923.00000", "2017-12-31": "4446.00000", "2016-12-31": "4273.00000", "2015-12-31": "4890.00000", "2014-12-31": "2581.00000", "2013-12-31": "1828.00000", "2012-12-31": "2665.00000", "2011-12-31": "1568.00000", "2010-12-31": "1606.00000", "2009-12-31": "1324.10000", "2008-12-31": "4682.00000"}, "Change In Accounts Receivable": {"2020-12-31": "", "2019-12-31": "105.00000", "2018-12-31": "-50.00000", "2017-12-31": "-78.00000", "2016-12-31": "-107.00000", "2015-12-31": "382.00000", "2014-12-31": "-84.00000", "2013-12-31": "-131.00000", "2012-12-31": "-231.00000", "2011-12-31": "8.00000", "2010-12-31": "18.00000", "2009-12-31": "47.60000", "2008-12-31": "60.60000"}, "Change In Inventories": {"2020-12-31": "", "2019-12-31": "4.00000", "2018-12-31": "15.00000", "2017-12-31": "-90.00000", "2016-12-31": "49.00000", "2015-12-31": "34.00000", "2014-12-31": "-30.00000", "2013-12-31": "-53.00000", "2012-12-31": "-92.00000", "2011-12-31": "-36.00000", "2010-12-31": "19.00000", "2009-12-31": "-20.00000", "2008-12-31": "-7.90000"}, "Change In Accounts Payable": {"2020-12-31": "", "2019-12-31": "-198.00000", "2018-12-31": "21.00000", "2017-12-31": "73.00000", "2016-12-31": "144.00000", "2015-12-31": "-154.00000", "2014-12-31": "-1.00000", "2013-12-31": "-36.00000", "2012-12-31": "70.00000", "2011-12-31": "29.00000", "2010-12-31": "-1.00000", "2009-12-31": "-180.50000", "2008-12-31": "-99.30000"}, "Change In Assets/Liabilities": {"2020-12-31": "", "2019-12-31": "24.00000", "2018-12-31": "194.00000", "2017-12-31": "120.00000", "2016-12-31": "-218.00000", "2015-12-31": "187.00000", "2014-12-31": "-104.00000", "2013-12-31": "-132.00000", "2012-12-31": "32.00000", "2011-12-31": "-10.00000", "2010-12-31": "-2.00000", "2009-12-31": "-102.10000", "2008-12-31": "-16.90000"}, "Total Change In Assets/Liabilities": {"2020-12-31": "", "2019-12-31": "-250.00000", "2018-12-31": "399.00000", "2017-12-31": "-2.00000", "2016-12-31": "-119.00000", "2015-12-31": "486.00000", "2014-12-31": "-158.00000", "2013-12-31": "-302.00000", "2012-12-31": "-315.00000", "2011-12-31": "-25.00000", "2010-12-31": "3.00000", "2009-12-31": "-461.40000", "2008-12-31": "-72.90000"}, "Cash Flow From Operating Activities": {"2020-12-31": "", "2019-12-31": "4748.00000", "2018-12-31": "5043.00000", "2017-12-31": "4601.00000", "2016-12-31": "4758.00000", "2015-12-31": "5313.00000", "2014-12-31": "4467.00000", "2013-12-31": "4122.00000", "2012-12-31": "2808.00000", "2011-12-31": "2366.00000", "2010-12-31": "1913.00000", "2009-12-31": "1579.00000", "2008-12-31": "1396.80000"}, "Net Change In Property, Plant, And Equipment": {"2020-12-31": "", "2019-12-31": "-2239.00000", "2018-12-31": "-2839.00000", "2017-12-31": "-3074.00000", "2016-12-31": "-2885.00000", "2015-12-31": "-5936.00000", "2014-12-31": "-5000.00000", "2013-12-31": "-3171.00000", "2012-12-31": "-1951.00000", "2011-12-31": "-2356.00000", "2010-12-31": "-1245.00000", "2009-12-31": "-1569.30000", "2008-12-31": "-2481.80000"}, "Net Change In Intangible Assets": {"2020-12-31": "", "2019-12-31": "", "2018-12-31": "", "2017-12-31": "", "2016-12-31": "", "2015-12-31": "", "2014-12-31": "", "2013-12-31": "", "2012-12-31": "", "2011-12-31": "", "2010-12-31": "", "2009-12-31": "", "2008-12-31": ""}, "Net Acquisitions/Divestitures": {"2020-12-31": "", "2019-12-31": "1499.00000", "2018-12-31": "2998.00000", "2017-12-31": "", "2016-12-31": "1401.00000", "2015-12-31": "", "2014-12-31": "", "2013-12-31": "", "2012-12-31": "-3179.00000", "2011-12-31": "", "2010-12-31": "", "2009-12-31": "", "2008-12-31": "2899.30000"}, "Net Change In Short-term Investments": {"2020-12-31": "", "2019-12-31": "", "2018-12-31": "", "2017-12-31": "", "2016-12-31": "", "2015-12-31": "", "2014-12-31": "", "2013-12-31": "", "2012-12-31": "", "2011-12-31": "", "2010-12-31": "", "2009-12-31": "", "2008-12-31": ""}, "Net Change In Long-Term Investments": {"2020-12-31": "", "2019-12-31": "-31.00000", "2018-12-31": "-31.00000", "2017-12-31": "-23.00000", "2016-12-31": "35.00000", "2015-12-31": "", "2014-12-31": "", "2013-12-31": "", "2012-12-31": "", "2011-12-31": "", "2010-12-31": "-926.00000", "2009-12-31": "-36.00000", "2008-12-31": ""}, "Net Change In Investments - Total": {"2020-12-31": "", "2019-12-31": "-31.00000", "2018-12-31": "-31.00000", "2017-12-31": "-23.00000", "2016-12-31": "35.00000", "2015-12-31": "", "2014-12-31": "", "2013-12-31": "", "2012-12-31": "", "2011-12-31": "", "2010-12-31": "-926.00000", "2009-12-31": "-36.00000", "2008-12-31": ""}, "Investing Activities - Other": {"2020-12-31": "", "2019-12-31": "-943.00000", "2018-12-31": "-196.00000", "2017-12-31": "-306.00000", "2016-12-31": "-176.00000", "2015-12-31": "230.00000", "2014-12-31": "-210.00000", "2013-12-31": "49.00000", "2012-12-31": "33.00000", "2011-12-31": "-36.00000", "2010-12-31": "-117.00000", "2009-12-31": "-1868.30000", "2008-12-31": "2792.50000"}, "Cash Flow From Investing Activities": {"2020-12-31": "", "2019-12-31": "-1714.00000", "2018-12-31": "-68.00000", "2017-12-31": "-3403.00000", "2016-12-31": "-1625.00000", "2015-12-31": "-5706.00000", "2014-12-31": "-5210.00000", "2013-12-31": "-3122.00000", "2012-12-31": "-5097.00000", "2011-12-31": "-2392.00000", "2010-12-31": "-2288.00000", "2009-12-31": "-3473.60000", "2008-12-31": "3210.00000"}, "Net Long-Term Debt": {"2020-12-31": "", "2019-12-31": "-3188.00000", "2018-12-31": "160.00000", "2017-12-31": "-2196.00000", "2016-12-31": "-1431.00000", "2015-12-31": "-800.00000", "2014-12-31": "6772.00000", "2013-12-31": "1188.00000", "2012-12-31": "3393.00000", "2011-12-31": "779.00000", "2010-12-31": "1532.00000", "2009-12-31": "2192.00000", "2008-12-31": "-4640.70000"}, "Net Current Debt": {"2020-12-31": "", "2019-12-31": "", "2018-12-31": "", "2017-12-31": "", "2016-12-31": "", "2015-12-31": "", "2014-12-31": "", "2013-12-31": "", "2012-12-31": "", "2011-12-31": "", "2010-12-31": "", "2009-12-31": "", "2008-12-31": "14.50000"}, "Debt Issuance/Retirement Net - Total": {"2020-12-31": "", "2019-12-31": "-3188.00000", "2018-12-31": "160.00000", "2017-12-31": "-2196.00000", "2016-12-31": "-1431.00000", "2015-12-31": "-800.00000", "2014-12-31": "6772.00000", "2013-12-31": "1188.00000", "2012-12-31": "3393.00000", "2011-12-31": "779.00000", "2010-12-31": "1532.00000", "2009-12-31": "2192.00000", "2008-12-31": "-4626.20000"}, "Net Common Equity Issued/Repurchased": {"2020-12-31": "", "2019-12-31": "-2.00000", "2018-12-31": "-273.00000", "2017-12-31": "-250.00000", "2016-12-31": "", "2015-12-31": "3858.00000", "2014-12-31": "-192.00000", "2013-12-31": "-637.00000", "2012-12-31": "-157.00000", "2011-12-31": "", "2010-12-31": "", "2009-12-31": "", "2008-12-31": ""}, "Net Total Equity Issued/Repurchased": {"2020-12-31": "", "2019-12-31": "-2.00000", "2018-12-31": "-273.00000", "2017-12-31": "170.00000", "2016-12-31": "", "2015-12-31": "5399.00000", "2014-12-31": "-192.00000", "2013-12-31": "-637.00000", "2012-12-31": "-157.00000", "2011-12-31": "", "2010-12-31": "", "2009-12-31": "", "2008-12-31": ""}, "Total Common And Preferred Stock Dividends Paid": {"2020-12-31": "", "2019-12-31": "-2218.00000", "2018-12-31": "-1852.00000", "2017-12-31": "-1318.00000", "2016-12-31": "-1296.00000", "2015-12-31": "-4258.00000", "2014-12-31": "-3773.00000", "2013-12-31": "-3314.00000", "2012-12-31": "-2403.00000", "2011-12-31": "-1726.00000", "2010-12-31": "-1549.00000", "2009-12-31": "-1394.00000", "2008-12-31": "-630.30000"}, "Financial Activities - Other": {"2020-12-31": "", "2019-12-31": "-777.00000", "2018-12-31": "141.00000", "2017-12-31": "1663.00000", "2016-12-31": "90.00000", "2015-12-31": "-24.00000", "2014-12-31": "-2336.00000", "2013-12-31": "1668.00000", "2012-12-31": "1751.00000", "2011-12-31": "890.00000", "2010-12-31": "727.00000", "2009-12-31": "1137.60000", "2008-12-31": "628.40000"}, "Cash Flow From Financial Activities": {"2020-12-31": "", "2019-12-31": "-6185.00000", "2018-12-31": "-1824.00000", "2017-12-31": "-1681.00000", "2016-12-31": "-2637.00000", "2015-12-31": "317.00000", "2014-12-31": "471.00000", "2013-12-31": "-1095.00000", "2012-12-31": "2584.00000", "2011-12-31": "-57.00000", "2010-12-31": "710.00000", "2009-12-31": "1935.60000", "2008-12-31": "-4628.10000"}, "Net Cash Flow": {"2020-12-31": "", "2019-12-31": "-3122.00000", "2018-12-31": "3005.00000", "2017-12-31": "-461.00000", "2016-12-31": "498.00000", "2015-12-31": "-86.00000", "2014-12-31": "-283.00000", "2013-12-31": "-116.00000", "2012-12-31": "303.00000", "2011-12-31": "-91.00000", "2010-12-31": "337.00000", "2009-12-31": "47.00000", "2008-12-31": "-30.00000"}, "Stock-Based Compensation": {"2020-12-31": "", "2019-12-31": "", "2018-12-31": "", "2017-12-31": "", "2016-12-31": "", "2015-12-31": "", "2014-12-31": "", "2013-12-31": "", "2012-12-31": "", "2011-12-31": "", "2010-12-31": "", "2009-12-31": "", "2008-12-31": ""}, "Common Stock Dividends Paid": {"2020-12-31": "", "2019-12-31": "-2218.00000", "2018-12-31": "-1696.00000", "2017-12-31": "-1162.00000", "2016-12-31": "-1142.00000", "2015-12-31": "-4258.00000", "2014-12-31": "-3773.00000", "2013-12-31": "-3314.00000", "2012-12-31": "-2403.00000", "2011-12-31": "-1726.00000", "2010-12-31": "-1549.00000", "2009-12-31": "-1394.00000", "2008-12-31": "-630.30000"}}, "cash flow statement, quarterly": {"Net Income/Loss": {"2020-12-31": 443, "2020-09-30": 472, "2020-06-30": -624, "2020-03-31": "-291.00000", "2019-12-31": 627, "2019-09-30": 517, "2019-06-30": 528, "2019-03-31": "567.00000", "2018-12-31": 502, "2018-09-30": 1005, "2018-06-30": -130, "2018-03-31": "542.00000", "2017-12-31": -992, "2017-09-30": 387, "2017-06-30": 383, "2017-03-31": "445.00000", "2016-12-31": 215, "2016-09-30": -183, "2016-06-30": 375, "2016-03-31": "314.00000", "2015-12-31": -736, "2015-09-30": 183, "2015-06-30": 342, "2015-03-31": "419.00000", "2014-12-31": 566, "2014-09-30": 779, "2014-06-30": 497, "2014-03-31": "601.00000", "2013-12-31": 704, "2013-09-30": 551, "2013-06-30": 781, "2013-03-31": "656.00000", "2012-12-31": 488, "2012-09-30": 255, "2012-06-30": -243, "2012-03-31": "-73.00000", "2011-12-31": 293, "2011-09-30": 84, "2011-06-30": 82, "2011-03-31": "201.00000", "2010-12-31": 166.6, "2010-09-30": 52.6, "2010-06-30": 260.3, "2010-03-31": "-179.90000", "2009-12-31": 3976.3, "2008-12-31": -3203.2}, "Total Depreciation And Amortization - Cash Flow": {"2020-12-31": -1735, "2020-09-30": 571, "2020-06-30": 567, "2020-03-31": "597.00000", "2019-12-31": 683, "2019-09-30": 599, "2019-06-30": 598, "2019-03-31": "614.00000", "2018-12-31": 605, "2018-09-30": 590, "2018-06-30": 595, "2018-03-31": "602.00000", "2017-12-31": 580, "2017-09-30": 577, "2017-06-30": 592, "2017-03-31": "573.00000", "2016-12-31": 571, "2016-09-30": 564, "2016-06-30": 568, "2016-03-31": "565.00000", "2015-12-31": 1746, "2015-09-30": 630, "2015-06-30": 584, "2015-03-31": "550.00000", "2014-12-31": 534, "2014-09-30": 532, "2014-06-30": 513, "2014-03-31": "506.00000", "2013-12-31": 489, "2013-09-30": 478, "2013-06-30": 454, "2013-03-31": "424.00000", "2012-12-31": 423, "2012-09-30": 408, "2012-06-30": 335, "2012-03-31": "283.00000", "2011-12-31": 287, "2011-09-30": 289, "2011-06-30": 266, "2011-03-31": "257.00000", "2010-12-31": 266.6, "2010-09-30": 263.1, "2010-06-30": 271.2, "2010-03-31": "283.70000", "2009-12-31": -3881.4, "2008-12-31": 4957.4}, "Other Non-Cash Items": {"2020-12-31": -2076, "2020-09-30": 123, "2020-06-30": 1127, "2020-03-31": "826.00000", "2019-12-31": 115, "2019-09-30": 122, "2019-06-30": 94, "2019-03-31": "-89.00000", "2018-12-31": 221, "2018-09-30": -543, "2018-06-30": 757, "2018-03-31": "96.00000", "2017-12-31": 1666, "2017-09-30": 140, "2017-06-30": 153, "2017-03-31": "165.00000", "2016-12-31": 563, "2016-09-30": 815, "2016-06-30": 215, "2016-03-31": "412.00000", "2015-12-31": 457, "2015-09-30": 405, "2015-06-30": 167, "2015-03-31": "351.00000", "2014-12-31": 215, "2014-09-30": 117, "2014-06-30": 134, "2014-03-31": "30.00000", "2013-12-31": 71, "2013-09-30": 98, "2013-06-30": -74, "2013-03-31": "-112.00000", "2012-12-31": 84, "2012-09-30": 320, "2012-06-30": 399, "2012-03-31": "413.00000", "2011-12-31": 15, "2011-09-30": 336, "2011-06-30": 181, "2011-03-31": "-63.00000", "2010-12-31": 171.4, "2010-09-30": 181.5, "2010-06-30": -257.6, "2010-03-31": "425.40000", "2009-12-31": -0.89, "2008-12-31": 0.09}, "Total Non-Cash Items": {"2020-12-31": -3811, "2020-09-30": 694, "2020-06-30": 1694, "2020-03-31": "1423.00000", "2019-12-31": 798, "2019-09-30": 721, "2019-06-30": 692, "2019-03-31": "525.00000", "2018-12-31": 826, "2018-09-30": 47, "2018-06-30": 1352, "2018-03-31": "698.00000", "2017-12-31": 2246, "2017-09-30": 717, "2017-06-30": 745, "2017-03-31": "738.00000", "2016-12-31": 1134, "2016-09-30": 1379, "2016-06-30": 783, "2016-03-31": "977.00000", "2015-12-31": 2203, "2015-09-30": 1035, "2015-06-30": 751, "2015-03-31": "901.00000", "2014-12-31": 749, "2014-09-30": 649, "2014-06-30": 647, "2014-03-31": "536.00000", "2013-12-31": 560, "2013-09-30": 576, "2013-06-30": 380, "2013-03-31": "312.00000", "2012-12-31": 507, "2012-09-30": 728, "2012-06-30": 734, "2012-03-31": "696.00000", "2011-12-31": 302, "2011-09-30": 625, "2011-06-30": 447, "2011-03-31": "194.00000", "2010-12-31": -83, "2010-09-30": 444.6, "2010-06-30": 13.6, "2010-03-31": "709.10000", "2009-12-31": -3882.29, "2008-12-31": 4957.49}, "Change In Accounts Receivable": {"2020-12-31": -238, "2020-09-30": -97, "2020-06-30": 113, "2020-03-31": "222.00000", "2019-12-31": -119, "2019-09-30": -55, "2019-06-30": 86, "2019-03-31": "193.00000", "2018-12-31": -117, "2018-09-30": -49, "2018-06-30": -10, "2018-03-31": "126.00000", "2017-12-31": -252, "2017-09-30": -11, "2017-06-30": 80, "2017-03-31": "105.00000", "2016-12-31": -133, "2016-09-30": -55, "2016-06-30": -35, "2016-03-31": "116.00000", "2015-12-31": 78, "2015-09-30": -62, "2015-06-30": 150, "2015-03-31": "216.00000", "2014-12-31": -107, "2014-09-30": -71, "2014-06-30": -84, "2014-03-31": "178.00000", "2013-12-31": -257, "2013-09-30": 119, "2013-06-30": 0, "2013-03-31": "7.00000", "2012-12-31": -206, "2012-09-30": 70, "2012-06-30": -184, "2012-03-31": "89.00000", "2011-12-31": -27, "2011-09-30": -21, "2011-06-30": -44, "2011-03-31": "100.00000", "2010-12-31": -87.1, "2010-09-30": 38.1, "2010-06-30": 13.7, "2010-03-31": "53.30000", "2009-12-31": 0, "2008-12-31": 0}, "Change In Inventories": {"2020-12-31": -41, "2020-09-30": 13, "2020-06-30": -31, "2020-03-31": "59.00000", "2019-12-31": 32, "2019-09-30": 45, "2019-06-30": -21, "2019-03-31": "-52.00000", "2018-12-31": -23, "2018-09-30": 32, "2018-06-30": 21, "2018-03-31": "-15.00000", "2017-12-31": -4, "2017-09-30": 7, "2017-06-30": -58, "2017-03-31": "-35.00000", "2016-12-31": -19, "2016-09-30": 19, "2016-06-30": 3, "2016-03-31": "46.00000", "2015-12-31": 32, "2015-09-30": 36, "2015-06-30": -40, "2015-03-31": "6.00000", "2014-12-31": -1, "2014-09-30": -5, "2014-06-30": -34, "2014-03-31": "10.00000", "2013-12-31": 4, "2013-09-30": -7, "2013-06-30": -37, "2013-03-31": "-13.00000", "2012-12-31": 7, "2012-09-30": -15, "2012-06-30": -7, "2012-03-31": "-77.00000", "2011-12-31": -45, "2011-09-30": -3, "2011-06-30": 12, "2011-03-31": "", "2010-12-31": 31.8, "2010-09-30": 16.9, "2010-06-30": -22.2, "2010-03-31": "-7.50000", "2009-12-31": 0, "2008-12-31": 0}, "Change In Accounts Payable": {"2020-12-31": 107, "2020-09-30": 75, "2020-06-30": 18, "2020-03-31": "-200.00000", "2019-12-31": 68, "2019-09-30": -11, "2019-06-30": -66, "2019-03-31": "-189.00000", "2018-12-31": 48, "2018-09-30": 50, "2018-06-30": 63, "2018-03-31": "-140.00000", "2017-12-31": 135, "2017-09-30": -3, "2017-06-30": -24, "2017-03-31": "-35.00000", "2016-12-31": 190, "2016-09-30": 98, "2016-06-30": 28, "2016-03-31": "-172.00000", "2015-12-31": 110, "2015-09-30": -42, "2015-06-30": 19, "2015-03-31": "-241.00000", "2014-12-31": 89, "2014-09-30": 27, "2014-06-30": 23, "2014-03-31": "-140.00000", "2013-12-31": 196, "2013-09-30": -51, "2013-06-30": -29, "2013-03-31": "-152.00000", "2012-12-31": 117, "2012-09-30": -51, "2012-06-30": 58, "2012-03-31": "-54.00000", "2011-12-31": 36, "2011-09-30": -17, "2011-06-30": 50, "2011-03-31": "-40.00000", "2010-12-31": 19.5, "2010-09-30": 19.2, "2010-06-30": -31.4, "2010-03-31": "-8.30000", "2009-12-31": 0, "2008-12-31": 0}, "Change In Assets/Liabilities": {"2020-12-31": 97, "2020-09-30": -26, "2020-06-30": 5, "2020-03-31": "-76.00000", "2019-12-31": 63, "2019-09-30": -73, "2019-06-30": 55, "2019-03-31": "-21.00000", "2018-12-31": 496, "2018-09-30": -199, "2018-06-30": -16, "2018-03-31": "-87.00000", "2017-12-31": 1, "2017-09-30": 215, "2017-06-30": 40, "2017-03-31": "-136.00000", "2016-12-31": -346, "2016-09-30": 48, "2016-06-30": 89, "2016-03-31": "-9.00000", "2015-12-31": -96, "2015-09-30": 45, "2015-06-30": 55, "2015-03-31": "183.00000", "2014-12-31": -107, "2014-09-30": 39, "2014-06-30": -55, "2014-03-31": "19.00000", "2013-12-31": -185, "2013-09-30": 90, "2013-06-30": -70, "2013-03-31": "33.00000", "2012-12-31": -8, "2012-09-30": 45, "2012-06-30": -54, "2012-03-31": "49.00000", "2011-12-31": -16, "2011-09-30": 100, "2011-06-30": -147, "2011-03-31": "53.00000", "2010-12-31": -25.1, "2010-09-30": 42.6, "2010-06-30": -55.7, "2010-03-31": "36.20000", "2009-12-31": 0, "2008-12-31": 0}, "Total Change In Assets/Liabilities": {"2020-12-31": 158, "2020-09-30": -180, "2020-06-30": 278, "2020-03-31": "-256.00000", "2019-12-31": 184, "2019-09-30": -175, "2019-06-30": 248, "2019-03-31": "-507.00000", "2018-12-31": 583, "2018-09-30": -70, "2018-06-30": 242, "2018-03-31": "-356.00000", "2017-12-31": 11, "2017-09-30": 94, "2017-06-30": 159, "2017-03-31": "-266.00000", "2016-12-31": -137, "2016-09-30": 1, "2016-06-30": 195, "2016-03-31": "-178.00000", "2015-12-31": 233, "2015-09-30": -104, "2015-06-30": 282, "2015-03-31": "75.00000", "2014-12-31": -180, "2014-09-30": -30, "2014-06-30": 44, "2014-03-31": "8.00000", "2013-12-31": -79, "2013-09-30": 102, "2013-06-30": -256, "2013-03-31": "-69.00000", "2012-12-31": -88, "2012-09-30": -131, "2012-06-30": -72, "2012-03-31": "-24.00000", "2011-12-31": 81, "2011-09-30": -111, "2011-06-30": -92, "2011-03-31": "97.00000", "2010-12-31": 59.6, "2010-09-30": -25.3, "2010-06-30": 25.6, "2010-03-31": "-58.10000", "2009-12-31": -380, "2008-12-31": -72.9}, "Cash Flow From Operating Activities": {"2020-12-31": -3282, "2020-09-30": 1050, "2020-06-30": 1339, "2020-03-31": "893.00000", "2019-12-31": 1627, "2019-09-30": 1023, "2019-06-30": 1463, "2019-03-31": "635.00000", "2018-12-31": 1668, "2018-09-30": 907, "2018-06-30": 1494, "2018-03-31": "974.00000", "2017-12-31": 1294, "2017-09-30": 1141, "2017-06-30": 1280, "2017-03-31": "886.00000", "2016-12-31": 1255, "2016-09-30": 1158, "2016-06-30": 1295, "2016-03-31": "1050.00000", "2015-12-31": 1806, "2015-09-30": 969, "2015-06-30": 1282, "2015-03-31": "1256.00000", "2014-12-31": 975, "2014-09-30": 1289, "2014-06-30": 1085, "2014-03-31": "1118.00000", "2013-12-31": 1330, "2013-09-30": 1058, "2013-06-30": 967, "2013-03-31": "767.00000", "2012-12-31": 881, "2012-09-30": 914, "2012-06-30": 453, "2012-03-31": "560.00000", "2011-12-31": 770, "2011-09-30": 642, "2011-06-30": 471, "2011-03-31": "483.00000", "2010-12-31": 692.5, "2010-09-30": 483.2, "2010-06-30": 296.6, "2010-03-31": "438.70000", "2009-12-31": 190.7, "2008-12-31": 1396.8}, "Net Change In Property, Plant, And Equipment": {"2020-12-31": 444, "2020-09-30": -388, "2020-06-30": -523, "2020-03-31": "467.00000", "2019-12-31": -600, "2019-09-30": -541, "2019-06-30": -528, "2019-03-31": "-570.00000", "2018-12-31": -613, "2018-09-30": -772, "2018-06-30": -728, "2018-03-31": "-726.00000", "2017-12-31": -957, "2017-09-30": -848, "2017-06-30": -672, "2017-03-31": "-597.00000", "2016-12-31": -693, "2016-09-30": -609, "2016-06-30": -436, "2016-03-31": "-1147.00000", "2015-12-31": -1063, "2015-09-30": -1049, "2015-06-30": -1063, "2015-03-31": "-2761.00000", "2014-12-31": -2183, "2014-09-30": -1068, "2014-06-30": -874, "2014-03-31": "-875.00000", "2013-12-31": -683, "2013-09-30": -880, "2013-06-30": -1003, "2013-03-31": "-605.00000", "2012-12-31": -520, "2012-09-30": -616, "2012-06-30": -431, "2012-03-31": "-384.00000", "2011-12-31": -595, "2011-09-30": -1128, "2011-06-30": -298, "2011-03-31": "-335.00000", "2010-12-31": -292.3, "2010-09-30": -294.1, "2010-06-30": -217.6, "2010-03-31": "-436.70000", "2009-12-31": 912.5, "2008-12-31": -2481.8}, "Net Change In Intangible Assets": {"2020-12-31": 0, "2020-09-30": 0, "2020-06-30": 0, "2020-03-31": "", "2019-12-31": 0, "2019-09-30": 0, "2019-06-30": 0, "2019-03-31": "", "2018-12-31": 0, "2018-09-30": 0, "2018-06-30": 0, "2018-03-31": "", "2017-12-31": 0, "2017-09-30": 0, "2017-06-30": 0, "2017-03-31": "", "2016-12-31": 0, "2016-09-30": 0, "2016-06-30": 0, "2016-03-31": "", "2015-12-31": 0, "2015-09-30": 0, "2015-06-30": 0, "2015-03-31": "", "2014-12-31": 0, "2014-09-30": 0, "2014-06-30": 0, "2014-03-31": "", "2013-12-31": 0, "2013-09-30": 0, "2013-06-30": 0, "2013-03-31": "", "2012-12-31": 0, "2012-09-30": 0, "2012-06-30": 0, "2012-03-31": "", "2011-12-31": 0, "2011-09-30": 0, "2011-06-30": 0, "2011-03-31": "", "2010-12-31": 0, "2010-09-30": 0, "2010-06-30": 0, "2010-03-31": "", "2009-12-31": 0, "2008-12-31": 0}, "Net Acquisitions/Divestitures": {"2020-12-31": 0, "2020-09-30": 0, "2020-06-30": 0, "2020-03-31": "", "2019-12-31": 1499, "2019-09-30": 0, "2019-06-30": 0, "2019-03-31": "", "2018-12-31": -5, "2018-09-30": 3003, "2018-06-30": 0, "2018-03-31": "", "2017-12-31": 0, "2017-09-30": 0, "2017-06-30": 0, "2017-03-31": "", "2016-12-31": -1, "2016-09-30": 1402, "2016-06-30": 0, "2016-03-31": "", "2015-12-31": 0, "2015-09-30": 0, "2015-06-30": 0, "2015-03-31": "", "2014-12-31": 961, "2014-09-30": 0, "2014-06-30": -1, "2014-03-31": "-960.00000", "2013-12-31": 0, "2013-09-30": 0, "2013-06-30": 0, "2013-03-31": "", "2012-12-31": 1791, "2012-09-30": 0, "2012-06-30": -4970, "2012-03-31": "", "2011-12-31": 0, "2011-09-30": 0, "2011-06-30": 0, "2011-03-31": "", "2010-12-31": 0, "2010-09-30": 0, "2010-06-30": 0, "2010-03-31": "", "2009-12-31": -2899.3, "2008-12-31": 2899.3}, "Net Change In Short-term Investments": {"2020-12-31": 0, "2020-09-30": 0, "2020-06-30": 0, "2020-03-31": "", "2019-12-31": 0, "2019-09-30": 0, "2019-06-30": 0, "2019-03-31": "", "2018-12-31": 0, "2018-09-30": 0, "2018-06-30": 0, "2018-03-31": "", "2017-12-31": 0, "2017-09-30": 0, "2017-06-30": 0, "2017-03-31": "", "2016-12-31": 0, "2016-09-30": 0, "2016-06-30": 0, "2016-03-31": "", "2015-12-31": 0, "2015-09-30": 0, "2015-06-30": 0, "2015-03-31": "", "2014-12-31": 0, "2014-09-30": 0, "2014-06-30": 0, "2014-03-31": "", "2013-12-31": 0, "2013-09-30": 0, "2013-06-30": 0, "2013-03-31": "", "2012-12-31": 0, "2012-09-30": 0, "2012-06-30": 0, "2012-03-31": "", "2011-12-31": 0, "2011-09-30": 0, "2011-06-30": 0, "2011-03-31": "", "2010-12-31": 0, "2010-09-30": 0, "2010-06-30": 0, "2010-03-31": "", "2009-12-31": 0, "2008-12-31": 0}, "Net Change In Long-Term Investments": {"2020-12-31": 0, "2020-09-30": 0, "2020-06-30": 0, "2020-03-31": "", "2019-12-31": -31, "2019-09-30": 0, "2019-06-30": 0, "2019-03-31": "", "2018-12-31": -41, "2018-09-30": 26, "2018-06-30": -41, "2018-03-31": "25.00000", "2017-12-31": -7, "2017-09-30": -9, "2017-06-30": -7, "2017-03-31": "", "2016-12-31": 35, "2016-09-30": 0, "2016-06-30": 0, "2016-03-31": "", "2015-12-31": 0, "2015-09-30": 0, "2015-06-30": 0, "2015-03-31": "", "2014-12-31": 0, "2014-09-30": 0, "2014-06-30": 0, "2014-03-31": "", "2013-12-31": -490, "2013-09-30": -1, "2013-06-30": 0, "2013-03-31": "491.00000", "2012-12-31": 0, "2012-09-30": 0, "2012-06-30": 0, "2012-03-31": "", "2011-12-31": 0, "2011-09-30": 0, "2011-06-30": 0, "2011-03-31": "", "2010-12-31": 3.7, "2010-09-30": 0, "2010-06-30": -929.7, "2010-03-31": "", "2009-12-31": 0, "2008-12-31": 0}, "Net Change In Investments - Total": {"2020-12-31": 0, "2020-09-30": 0, "2020-06-30": 0, "2020-03-31": "", "2019-12-31": -31, "2019-09-30": 0, "2019-06-30": 0, "2019-03-31": "", "2018-12-31": -41, "2018-09-30": 26, "2018-06-30": -41, "2018-03-31": "25.00000", "2017-12-31": -7, "2017-09-30": -9, "2017-06-30": -7, "2017-03-31": "", "2016-12-31": 35, "2016-09-30": 0, "2016-06-30": 0, "2016-03-31": "", "2015-12-31": 0, "2015-09-30": 0, "2015-06-30": 0, "2015-03-31": "", "2014-12-31": 0, "2014-09-30": 0, "2014-06-30": 0, "2014-03-31": "", "2013-12-31": -490, "2013-09-30": -1, "2013-06-30": 0, "2013-03-31": "491.00000", "2012-12-31": 0, "2012-09-30": 0, "2012-06-30": 0, "2012-03-31": "", "2011-12-31": 0, "2011-09-30": 0, "2011-06-30": 0, "2011-03-31": "", "2010-12-31": 4, "2010-09-30": 0, "2010-06-30": -929.7, "2010-03-31": "", "2009-12-31": -36, "2008-12-31": 0}, "Investing Activities - Other": {"2020-12-31": 332, "2020-09-30": -147, "2020-06-30": -53, "2020-03-31": "-132.00000", "2019-12-31": 28, "2019-09-30": -274, "2019-06-30": -453, "2019-03-31": "-244.00000", "2018-12-31": -95, "2018-09-30": -139, "2018-06-30": 62, "2018-03-31": "-24.00000", "2017-12-31": 69, "2017-09-30": -41, "2017-06-30": -281, "2017-03-31": "-53.00000", "2016-12-31": 81, "2016-09-30": 40, "2016-06-30": -300, "2016-03-31": "3.00000", "2015-12-31": 79, "2015-09-30": 71, "2015-06-30": 94, "2015-03-31": "-14.00000", "2014-12-31": 32, "2014-09-30": -245, "2014-06-30": -13, "2014-03-31": "16.00000", "2013-12-31": 104, "2013-09-30": -55, "2013-06-30": 2, "2013-03-31": "-2.00000", "2012-12-31": -3, "2012-09-30": 41, "2012-06-30": -24, "2012-03-31": "19.00000", "2011-12-31": -11, "2011-09-30": -139, "2011-06-30": 6, "2011-03-31": "108.00000", "2010-12-31": -100, "2010-09-30": 77.5, "2010-06-30": -36.6, "2010-03-31": "-61.60000", "2009-12-31": -4664.7, "2008-12-31": 2792.5}, "Cash Flow From Investing Activities": {"2020-12-31": 776, "2020-09-30": -535, "2020-06-30": -576, "2020-03-31": "335.00000", "2019-12-31": 896, "2019-09-30": -815, "2019-06-30": -981, "2019-03-31": "-814.00000", "2018-12-31": -754, "2018-09-30": 2118, "2018-06-30": -707, "2018-03-31": "-725.00000", "2017-12-31": -895, "2017-09-30": -898, "2017-06-30": -960, "2017-03-31": "-650.00000", "2016-12-31": -578, "2016-09-30": 833, "2016-06-30": -736, "2016-03-31": "-1144.00000", "2015-12-31": -984, "2015-09-30": -978, "2015-06-30": -969, "2015-03-31": "-2775.00000", "2014-12-31": -1190, "2014-09-30": -1313, "2014-06-30": -888, "2014-03-31": "-1819.00000", "2013-12-31": -1069, "2013-09-30": -936, "2013-06-30": -1001, "2013-03-31": "-116.00000", "2012-12-31": 1268, "2012-09-30": -575, "2012-06-30": -5425, "2012-03-31": "-365.00000", "2011-12-31": -606, "2011-09-30": -1267, "2011-06-30": -292, "2011-03-31": "-227.00000", "2010-12-31": -388.3, "2010-09-30": -216.6, "2010-06-30": -1183.9, "2010-03-31": "-498.30000", "2009-12-31": -6687.5, "2008-12-31": 3210}, "Net Long-Term Debt": {"2020-12-31": 103, "2020-09-30": 282, "2020-06-30": -541, "2020-03-31": "156.00000", "2019-12-31": -2003, "2019-09-30": 395, "2019-06-30": 11, "2019-03-31": "-1591.00000", "2018-12-31": -456, "2018-09-30": 626, "2018-06-30": -365, "2018-03-31": "355.00000", "2017-12-31": -332, "2017-09-30": -70, "2017-06-30": -1189, "2017-03-31": "-605.00000", "2016-12-31": -781, "2016-09-30": -697, "2016-06-30": -227, "2016-03-31": "274.00000", "2015-12-31": -1188, "2015-09-30": -156, "2015-06-30": -287, "2015-03-31": "831.00000", "2014-12-31": 4958, "2014-09-30": 878, "2014-06-30": -71, "2014-03-31": "1007.00000", "2013-12-31": 332, "2013-09-30": 545, "2013-06-30": 183, "2013-03-31": "128.00000", "2012-12-31": -1913, "2012-09-30": -618, "2012-06-30": 5690, "2012-03-31": "234.00000", "2011-12-31": 336, "2011-09-30": 923, "2011-06-30": -313, "2011-03-31": "-167.00000", "2010-12-31": 307.6, "2010-09-30": -13.8, "2010-06-30": 863.6, "2010-03-31": "374.60000", "2009-12-31": 0, "2008-12-31": 0}, "Net Current Debt": {"2020-12-31": 0, "2020-09-30": 0, "2020-06-30": 0, "2020-03-31": "", "2019-12-31": 0, "2019-09-30": 0, "2019-06-30": 0, "2019-03-31": "", "2018-12-31": 0, "2018-09-30": 0, "2018-06-30": 0, "2018-03-31": "", "2017-12-31": 0, "2017-09-30": 0, "2017-06-30": 0, "2017-03-31": "", "2016-12-31": 0, "2016-09-30": 0, "2016-06-30": 0, "2016-03-31": "", "2015-12-31": 0, "2015-09-30": 0, "2015-06-30": 0, "2015-03-31": "", "2014-12-31": 0, "2014-09-30": 0, "2014-06-30": 0, "2014-03-31": "", "2013-12-31": 0, "2013-09-30": 0, "2013-06-30": 0, "2013-03-31": "", "2012-12-31": 0, "2012-09-30": 0, "2012-06-30": 0, "2012-03-31": "", "2011-12-31": 0, "2011-09-30": 0, "2011-06-30": 0, "2011-03-31": "", "2010-12-31": 3, "2010-09-30": -12.5, "2010-06-30": -4.2, "2010-03-31": "11.50000", "2009-12-31": -23, "2008-12-31": 14.5}, "Debt Issuance/Retirement Net - Total": {"2020-12-31": 103, "2020-09-30": 282, "2020-06-30": -541, "2020-03-31": "156.00000", "2019-12-31": -2003, "2019-09-30": 395, "2019-06-30": 11, "2019-03-31": "-1591.00000", "2018-12-31": -456, "2018-09-30": 626, "2018-06-30": -365, "2018-03-31": "355.00000", "2017-12-31": -332, "2017-09-30": -70, "2017-06-30": -1189, "2017-03-31": "-605.00000", "2016-12-31": -781, "2016-09-30": -697, "2016-06-30": -227, "2016-03-31": "274.00000", "2015-12-31": -1188, "2015-09-30": -156, "2015-06-30": -287, "2015-03-31": "831.00000", "2014-12-31": 4958, "2014-09-30": 878, "2014-06-30": -71, "2014-03-31": "1007.00000", "2013-12-31": 332, "2013-09-30": 545, "2013-06-30": 183, "2013-03-31": "128.00000", "2012-12-31": -1913, "2012-09-30": -618, "2012-06-30": 5690, "2012-03-31": "234.00000", "2011-12-31": 336, "2011-09-30": 923, "2011-06-30": -313, "2011-03-31": "-167.00000", "2010-12-31": 312.3, "2010-09-30": -26.3, "2010-06-30": 859.4, "2010-03-31": "386.10000", "2009-12-31": 6832.7, "2008-12-31": -4640.7}, "Net Common Equity Issued/Repurchased": {"2020-12-31": 50, "2020-09-30": 0, "2020-06-30": 0, "2020-03-31": "-50.00000", "2019-12-31": 0, "2019-09-30": 0, "2019-06-30": 0, "2019-03-31": "-2.00000", "2018-12-31": -23, "2018-09-30": 0, "2018-06-30": 0, "2018-03-31": "-250.00000", "2017-12-31": -250, "2017-09-30": 0, "2017-06-30": 0, "2017-03-31": "", "2016-12-31": 0, "2016-09-30": 0, "2016-06-30": 0, "2016-03-31": "", "2015-12-31": 37, "2015-09-30": 1264, "2015-06-30": 931, "2015-03-31": "1626.00000", "2014-12-31": 0, "2014-09-30": 0, "2014-06-30": -43, "2014-03-31": "-149.00000", "2013-12-31": -174, "2013-09-30": -332, "2013-06-30": -51, "2013-03-31": "-80.00000", "2012-12-31": -21, "2012-09-30": -26, "2012-06-30": -110, "2012-03-31": "", "2011-12-31": 0, "2011-09-30": 0, "2011-06-30": 0, "2011-03-31": "", "2010-12-31": 0, "2010-09-30": 0, "2010-06-30": 0, "2010-03-31": "", "2009-12-31": 0, "2008-12-31": 0}, "Net Total Equity Issued/Repurchased": {"2020-12-31": 50, "2020-09-30": 0, "2020-06-30": 0, "2020-03-31": "-50.00000", "2019-12-31": 0, "2019-09-30": 0, "2019-06-30": 0, "2019-03-31": "-2.00000", "2018-12-31": -23, "2018-09-30": 0, "2018-06-30": 0, "2018-03-31": "-250.00000", "2017-12-31": -60, "2017-09-30": -1017, "2017-06-30": 1247, "2017-03-31": "", "2016-12-31": 0, "2016-09-30": 0, "2016-06-30": 0, "2016-03-31": "", "2015-12-31": 1578, "2015-09-30": 1264, "2015-06-30": 931, "2015-03-31": "1626.00000", "2014-12-31": 0, "2014-09-30": 0, "2014-06-30": -43, "2014-03-31": "-149.00000", "2013-12-31": -174, "2013-09-30": -332, "2013-06-30": -51, "2013-03-31": "-80.00000", "2012-12-31": -21, "2012-09-30": -26, "2012-06-30": -110, "2012-03-31": "", "2011-12-31": 0, "2011-09-30": 0, "2011-06-30": 0, "2011-03-31": "", "2010-12-31": 0, "2010-09-30": 0, "2010-06-30": 0, "2010-03-31": "", "2009-12-31": 0, "2008-12-31": 0}, "Total Common And Preferred Stock Dividends Paid": {"2020-12-31": 1775, "2020-09-30": -602, "2020-06-30": -601, "2020-03-31": "-572.00000", "2019-12-31": -583, "2019-09-30": -583, "2019-06-30": -583, "2019-03-31": "-469.00000", "2018-12-31": -514, "2018-09-30": -506, "2018-06-30": -499, "2018-03-31": "-333.00000", "2017-12-31": -335, "2017-09-30": -330, "2017-06-30": -325, "2017-03-31": "-328.00000", "2016-12-31": -325, "2016-09-30": -325, "2016-06-30": -326, "2016-03-31": "-320.00000", "2015-12-31": -1149, "2015-09-30": -1087, "2015-06-30": -1050, "2015-03-31": "-972.00000", "2014-12-31": -978, "2014-09-30": -959, "2014-06-30": -932, "2014-03-31": "-904.00000", "2013-12-31": -898, "2013-09-30": -876, "2013-06-30": -781, "2013-03-31": "-759.00000", "2012-12-31": -740, "2012-09-30": -704, "2012-06-30": -488, "2012-03-31": "-471.00000", "2011-12-31": -462, "2011-09-30": -457, "2011-06-30": -332, "2011-03-31": "-475.00000", "2010-12-31": 422.4, "2010-09-30": -392.1, "2010-06-30": -379.5, "2010-03-31": "-350.80000", "2009-12-31": -650, "2008-12-31": 0}, "Financial Activities - Other": {"2020-12-31": 85, "2020-09-30": -44, "2020-06-30": -20, "2020-03-31": "-21.00000", "2019-12-31": 1, "2019-09-30": 1, "2019-06-30": 67, "2019-03-31": "-846.00000", "2018-12-31": 22, "2018-09-30": 37, "2018-06-30": 63, "2018-03-31": "19.00000", "2017-12-31": 40, "2017-09-30": 1258, "2017-06-30": -30, "2017-03-31": "395.00000", "2016-12-31": 801, "2016-09-30": -791, "2016-06-30": -1, "2016-03-31": "81.00000", "2015-12-31": -10, "2015-09-30": 7, "2015-06-30": -4, "2015-03-31": "-17.00000", "2014-12-31": -3920, "2014-09-30": 219, "2014-06-30": 693, "2014-03-31": "672.00000", "2013-12-31": 270, "2013-09-30": 332, "2013-06-30": 608, "2013-03-31": "458.00000", "2012-12-31": 469, "2012-09-30": 1094, "2012-06-30": 70, "2012-03-31": "118.00000", "2011-12-31": 92, "2011-09-30": 97, "2011-06-30": 629, "2011-03-31": "72.00000", "2010-12-31": -732.2, "2010-09-30": 201.9, "2010-06-30": 412.4, "2010-03-31": "-0.80000", "2009-12-31": 399.4, "2008-12-31": -1.9}, "Cash Flow From Financial Activities": {"2020-12-31": 2013, "2020-09-30": -364, "2020-06-30": -1162, "2020-03-31": "-487.00000", "2019-12-31": -2585, "2019-09-30": -187, "2019-06-30": -505, "2019-03-31": "-2908.00000", "2018-12-31": -971, "2018-09-30": 157, "2018-06-30": -801, "2018-03-31": "-209.00000", "2017-12-31": -687, "2017-09-30": -159, "2017-06-30": -297, "2017-03-31": "-538.00000", "2016-12-31": -305, "2016-09-30": -1813, "2016-06-30": -554, "2016-03-31": "35.00000", "2015-12-31": -769, "2015-09-30": 28, "2015-06-30": -410, "2015-03-31": "1468.00000", "2014-12-31": 60, "2014-09-30": 138, "2014-06-30": -353, "2014-03-31": "626.00000", "2013-12-31": -470, "2013-09-30": -331, "2013-06-30": -41, "2013-03-31": "-253.00000", "2012-12-31": -2205, "2012-09-30": -254, "2012-06-30": 5162, "2012-03-31": "-119.00000", "2011-12-31": -34, "2011-09-30": 563, "2011-06-30": -16, "2011-03-31": "-570.00000", "2010-12-31": 0.3, "2010-09-30": -216.5, "2010-06-30": 892.3, "2010-03-31": "34.50000", "2009-12-31": 6559.1, "2008-12-31": -4628.1}, "Net Cash Flow": {"2020-12-31": -490, "2020-09-30": 153, "2020-06-30": -396, "2020-03-31": "733.00000", "2019-12-31": -59, "2019-09-30": 19, "2019-06-30": -21, "2019-03-31": "-3061.00000", "2018-12-31": -229, "2018-09-30": 3213, "2018-06-30": -16, "2018-03-31": "37.00000", "2017-12-31": -294, "2017-09-30": 102, "2017-06-30": 32, "2017-03-31": "-301.00000", "2016-12-31": 370, "2016-09-30": 177, "2016-06-30": 5, "2016-03-31": "-54.00000", "2015-12-31": 50, "2015-09-30": 16, "2015-06-30": -96, "2015-03-31": "-56.00000", "2014-12-31": -157, "2014-09-30": 109, "2014-06-30": -150, "2014-03-31": "-85.00000", "2013-12-31": -218, "2013-09-30": -201, "2013-06-30": -89, "2013-03-31": "392.00000", "2012-12-31": -61, "2012-09-30": 100, "2012-06-30": 181, "2012-03-31": "83.00000", "2011-12-31": 137, "2011-09-30": -80, "2011-06-30": 164, "2011-03-31": "-312.00000", "2010-12-31": 305.8, "2010-09-30": 51.9, "2010-06-30": 7.6, "2010-03-31": "-28.50000", "2009-12-31": 77, "2008-12-31": -30}, "Stock-Based Compensation": {"2020-12-31": 0, "2020-09-30": 0, "2020-06-30": 0, "2020-03-31": "", "2019-12-31": 0, "2019-09-30": 0, "2019-06-30": 0, "2019-03-31": "", "2018-12-31": 0, "2018-09-30": 0, "2018-06-30": 0, "2018-03-31": "", "2017-12-31": 0, "2017-09-30": 0, "2017-06-30": 0, "2017-03-31": "", "2016-12-31": 0, "2016-09-30": 0, "2016-06-30": 0, "2016-03-31": "", "2015-12-31": 0, "2015-09-30": 0, "2015-06-30": 0, "2015-03-31": "", "2014-12-31": 0, "2014-09-30": 0, "2014-06-30": 0, "2014-03-31": "", "2013-12-31": 0, "2013-09-30": 0, "2013-06-30": 0, "2013-03-31": "", "2012-12-31": 0, "2012-09-30": 0, "2012-06-30": 0, "2012-03-31": "", "2011-12-31": 0, "2011-09-30": 0, "2011-06-30": 0, "2011-03-31": "", "2010-12-31": 0, "2010-09-30": 0, "2010-06-30": 0, "2010-03-31": "", "2009-12-31": 0, "2008-12-31": 0}, "Common Stock Dividends Paid": {"2020-12-31": 1775, "2020-09-30": -602, "2020-06-30": -601, "2020-03-31": "-572.00000", "2019-12-31": -583, "2019-09-30": -583, "2019-06-30": -583, "2019-03-31": "-469.00000", "2018-12-31": -475, "2018-09-30": -467, "2018-06-30": -460, "2018-03-31": "-294.00000", "2017-12-31": -296, "2017-09-30": -291, "2017-06-30": -286, "2017-03-31": "-289.00000", "2016-12-31": -286, "2016-09-30": -286, "2016-06-30": -287, "2016-03-31": "-283.00000", "2015-12-31": -1149, "2015-09-30": -1087, "2015-06-30": -1050, "2015-03-31": "-972.00000", "2014-12-31": -978, "2014-09-30": -959, "2014-06-30": -932, "2014-03-31": "-904.00000", "2013-12-31": -898, "2013-09-30": -876, "2013-06-30": -781, "2013-03-31": "-759.00000", "2012-12-31": -740, "2012-09-30": -704, "2012-06-30": -488, "2012-03-31": "-471.00000", "2011-12-31": -462, "2011-09-30": -457, "2011-06-30": -332, "2011-03-31": "-475.00000", "2010-12-31": -426.6, "2010-09-30": -392.1, "2010-06-30": -379.5, "2010-03-31": "-350.80000", "2009-12-31": 0, "2008-12-31": 0}}, "financial ratios": {"Current Ratio": {"2019-12-31": "0.63490", "2018-12-31": "0.75720", "2017-12-31": "0.43920", "2016-12-31": "0.54510", "2015-12-31": "0.69470", "2014-12-31": "0.58980", "2013-12-31": "0.63670", "2012-12-31": "0.70280", "2011-12-31": "0.36720", "2010-12-31": "0.49040", "2009-12-31": "0.59520", "2008-12-31": ""}, "Long-term Debt / Capital": {"2019-12-31": "0.48360", "2018-12-31": "0.49570", "2017-12-31": "0.49920", "2016-12-31": "0.51770", "2015-12-31": "0.54500", "2014-12-31": "0.53800", "2013-12-31": "0.54510", "2012-12-31": "0.57040", "2011-12-31": "0.62620", "2010-12-31": "0.61800", "2009-12-31": "0.59950", "2008-12-31": ""}, "Debt/Equity Ratio": {"2019-12-31": "1.00900", "2018-12-31": "1.08090", "2017-12-31": "1.07740", "2016-12-31": "1.15080", "2015-12-31": "1.22100", "2014-12-31": "1.24370", "2013-12-31": "1.27960", "2012-12-31": "1.42740", "2011-12-31": "2.01390", "2010-12-31": "1.85340", "2009-12-31": "1.58390", "2008-12-31": ""}, "Gross Margin": {"2019-12-31": "75.29720", "2018-12-31": "68.74290", "2017-12-31": "68.29620", "2016-12-31": "73.74020", "2015-12-31": "71.81840", "2014-12-31": "61.30900", "2013-12-31": "62.66530", "2012-12-31": "69.34720", "2011-12-31": "58.73100", "2010-12-31": "55.36170", "2009-12-31": "57.29420", "2008-12-31": "35.97250"}, "Operating Margin": {"2019-12-31": "36.89150", "2018-12-31": "26.82410", "2017-12-31": "25.74970", "2016-12-31": "27.09450", "2015-12-31": "16.98950", "2014-12-31": "27.41280", "2013-12-31": "28.35820", "2012-12-31": "26.00020", "2011-12-31": "17.91520", "2010-12-31": "14.42940", "2009-12-31": "19.58470", "2008-12-31": "-20.43940"}, "EBIT Margin": {"2019-12-31": "36.89150", "2018-12-31": "26.82410", "2017-12-31": "25.74970", "2016-12-31": "27.09450", "2015-12-31": "16.98950", "2014-12-31": "27.41280", "2013-12-31": "28.35820", "2012-12-31": "26.00020", "2011-12-31": "17.91520", "2010-12-31": "14.42940", "2009-12-31": "19.58470", "2008-12-31": "-20.43940"}, "EBITDA Margin": {"2019-12-31": "55.77260", "2018-12-31": "43.73590", "2017-12-31": "42.69250", "2016-12-31": "44.46320", "2015-12-31": "41.35940", "2014-12-31": "40.26250", "2013-12-31": "41.47120", "2012-12-31": "40.52940", "2011-12-31": "31.75120", "2010-12-31": "28.24760", "2009-12-31": "34.55990", "2008-12-31": "20.54850"}, "Pre-Tax Profit Margin": {"2019-12-31": "23.96090", "2018-12-31": "17.71780", "2017-12-31": "15.76800", "2016-12-31": "12.54400", "2015-12-31": "5.36000", "2014-12-31": "19.04970", "2013-12-31": "24.43500", "2012-12-31": "13.46640", "2011-12-31": "10.19770", "2010-12-31": "2.92920", "2009-12-31": "15.30090", "2008-12-31": "-23.96070"}, "Net Profit Margin": {"2019-12-31": "16.57960", "2018-12-31": "10.47090", "2017-12-31": "0.19700", "2016-12-31": "4.22730", "2015-12-31": "1.57610", "2014-12-31": "6.32320", "2013-12-31": "8.47900", "2012-12-31": "3.15850", "2011-12-31": "7.47830", "2010-12-31": "-0.52220", "2009-12-31": "6.88920", "2008-12-31": "-29.75910"}, "Asset Turnover": {"2019-12-31": "0.17810", "2018-12-31": "0.17930", "2017-12-31": "0.17340", "2016-12-31": "0.16260", "2015-12-31": "0.17130", "2014-12-31": "0.19540", "2013-12-31": "0.18710", "2012-12-31": "0.14610", "2011-12-31": "0.25860", "2010-12-31": "0.27160", "2009-12-31": "0.26050", "2008-12-31": ""}, "Inventory Turnover Ratio": {"2019-12-31": "8.79510", "2018-12-31": "11.48310", "2017-12-31": "10.24760", "2016-12-31": "9.60500", "2015-12-31": "9.97300", "2014-12-31": "13.67760", "2013-12-31": "12.21630", "2012-12-31": "8.17380", "2011-12-31": "19.05810", "2010-12-31": "38.09780", "2009-12-31": "42.67730", "2008-12-31": ""}, "Receiveable Turnover": {"2019-12-31": "9.64160", "2018-12-31": "9.44190", "2017-12-31": "8.49660", "2016-12-31": "8.42450", "2015-12-31": "10.62950", "2014-12-31": "9.88790", "2013-12-31": "8.17550", "2012-12-31": "7.48160", "2011-12-31": "8.69040", "2010-12-31": "8.08320", "2009-12-31": "7.84150", "2008-12-31": ""}, "Days Sales In Receivables": {"2019-12-31": "37.85680", "2018-12-31": "38.65740", "2017-12-31": "42.95840", "2016-12-31": "43.32590", "2015-12-31": "34.33830", "2014-12-31": "36.91390", "2013-12-31": "44.64570", "2012-12-31": "48.78620", "2011-12-31": "42.00050", "2010-12-31": "45.15550", "2009-12-31": "46.54700", "2008-12-31": ""}, "ROE - Return On Equity": {"2019-12-31": "6.56870", "2018-12-31": "5.55730", "2017-12-31": "0.63490", "2016-12-31": "2.07170", "2015-12-31": "0.58750", "2014-12-31": "7.09640", "2013-12-31": "9.53160", "2012-12-31": "4.99590", "2011-12-31": "5.24040", "2010-12-31": "0.74950", "2009-12-31": "8.73700", "2008-12-31": ""}, "Return On Tangible Equity": {"2019-12-31": "22.48220", "2018-12-31": "19.81210", "2017-12-31": "2.26100", "2016-12-31": "7.72610", "2015-12-31": "2.58000", "2014-12-31": "32.70420", "2013-12-31": "200.74460", "2012-12-31": "-171.26600", "2011-12-31": "19.44570", "2010-12-31": "1.89970", "2009-12-31": "20.11980", "2008-12-31": ""}, "ROA - Return On Assets": {"2019-12-31": "3.01930", "2018-12-31": "2.43320", "2017-12-31": "0.28210", "2016-12-31": "0.89780", "2015-12-31": "0.24730", "2014-12-31": "2.94160", "2013-12-31": "3.58580", "2012-12-31": "1.76420", "2011-12-31": "1.46170", "2010-12-31": "0.22140", "2009-12-31": "2.80190", "2008-12-31": ""}, "ROI - Return On Investment": {"2019-12-31": "3.39240", "2018-12-31": "2.80280", "2017-12-31": "0.31790", "2016-12-31": "0.99920", "2015-12-31": "0.26730", "2014-12-31": "3.27820", "2013-12-31": "4.33640", "2012-12-31": "2.14620", "2011-12-31": "1.95860", "2010-12-31": "0.28630", "2009-12-31": "3.49910", "2008-12-31": ""}, "Book Value Per Share": {"2019-12-31": "15.04940", "2018-12-31": "15.26460", "2017-12-31": "15.84220", "2016-12-31": "15.60560", "2015-12-31": "15.88130", "2014-12-31": "16.19940", "2013-12-31": "27.44310", "2012-12-31": "23.27000", "2011-12-31": "10.66540", "2010-12-31": "", "2009-12-31": "", "2008-12-31": ""}, "Operating Cash Flow Per Share": {"2019-12-31": -0.1785, "2018-12-31": 0.2125, "2017-12-31": -0.0704, "2016-12-31": -0.2891, "2015-12-31": -1.5061, "2014-12-31": -0.05, "2013-12-31": 1.9049, "2012-12-31": 0.2497, "2011-12-31": 1.8242, "2010-12-31": 0, "2009-12-31": 0, "2008-12-31": 0}, "Free Cash Flow Per Share": {"2019-12-31": 0.1136, "2018-12-31": 0.3098, "2017-12-31": -0.1551, "2016-12-31": 1.124, "2015-12-31": 0.1847, "2014-12-31": -1.3868, "2013-12-31": 0.2851, "2012-12-31": 0.6252, "2011-12-31": 0.0077, "2010-12-31": 0, "2009-12-31": 0, "2008-12-31": 0}}, "financial ratios, quarterly": {"Current Ratio": {"2020-09-30": "0.61060", "2020-06-30": "0.47870", "2020-03-31": "0.55210", "2019-12-31": "0.63490", "2019-09-30": "0.34650", "2019-06-30": "0.40640", "2019-03-31": "0.45160", "2018-12-31": "0.75720", "2018-09-30": "1.05050", "2018-06-30": "0.48970", "2018-03-31": "0.48410", "2017-12-31": "0.43920", "2017-09-30": "0.42320", "2017-06-30": "0.42840", "2017-03-31": "0.39990", "2016-12-31": "0.54510", "2016-09-30": "0.55640", "2016-06-30": "0.37620", "2016-03-31": "0.56440", "2015-12-31": "0.69470", "2015-09-30": "0.49540", "2015-06-30": "0.45180", "2015-03-31": "0.48480", "2014-12-31": "0.58980", "2014-09-30": "0.57290", "2014-06-30": "0.51900", "2014-03-31": "0.60350", "2013-12-31": "0.63670", "2013-09-30": "0.55980", "2013-06-30": "0.51440", "2013-03-31": "0.66030", "2012-12-31": "0.70280", "2012-09-30": "0.74660", "2012-06-30": "0.86940", "2012-03-31": "1.05230", "2011-12-31": "0.36720", "2011-09-30": "0.33630", "2011-06-30": "0.53870", "2011-03-31": "0.37940", "2010-12-31": "0.49040", "2010-09-30": "", "2010-06-30": "", "2010-03-31": "", "2009-12-31": "", "2008-12-31": ""}, "Long-term Debt / Capital": {"2020-09-30": "0.50550", "2020-06-30": "0.49460", "2020-03-31": "0.48410", "2019-12-31": "0.48360", "2019-09-30": "0.48230", "2019-06-30": "0.48900", "2019-03-31": "0.49170", "2018-12-31": "0.49570", "2018-09-30": "0.50000", "2018-06-30": "0.50620", "2018-03-31": "0.50290", "2017-12-31": "0.49920", "2017-09-30": "0.49020", "2017-06-30": "0.49220", "2017-03-31": "0.50330", "2016-12-31": "0.51770", "2016-09-30": "0.52420", "2016-06-30": "0.53120", "2016-03-31": "0.54220", "2015-12-31": "0.54500", "2015-09-30": "0.53740", "2015-06-30": "0.53830", "2015-03-31": "0.54190", "2014-12-31": "0.53800", "2014-09-30": "0.55330", "2014-06-30": "0.54640", "2014-03-31": "0.55030", "2013-12-31": "0.54510", "2013-09-30": "0.53860", "2013-06-30": "0.52530", "2013-03-31": "0.56450", "2012-12-31": "0.57040", "2012-09-30": "0.57610", "2012-06-30": "0.59330", "2012-03-31": "0.65220", "2011-12-31": "0.62620", "2011-09-30": "0.61290", "2011-06-30": "0.61400", "2011-03-31": "0.62800", "2010-12-31": "0.61800", "2010-09-30": "", "2010-06-30": "", "2010-03-31": "", "2009-12-31": "", "2008-12-31": ""}, "Debt/Equity Ratio": {"2020-09-30": "1.08680", "2020-06-30": "1.07230", "2020-03-31": "1.04430", "2019-12-31": "1.00900", "2019-09-30": "1.05930", "2019-06-30": "1.04570", "2019-03-31": "1.03990", "2018-12-31": "1.08090", "2018-09-30": "1.06630", "2018-06-30": "1.08710", "2018-03-31": "1.08260", "2017-12-31": "1.07740", "2017-09-30": "1.04790", "2017-06-30": "1.05830", "2017-03-31": "1.12530", "2016-12-31": "1.15080", "2016-09-30": "1.18570", "2016-06-30": "1.22970", "2016-03-31": "1.23240", "2015-12-31": "1.22100", "2015-09-30": "1.24530", "2015-06-30": "1.25480", "2015-03-31": "1.28000", "2014-12-31": "1.24370", "2014-09-30": "1.31890", "2014-06-30": "1.29620", "2014-03-31": "1.30870", "2013-12-31": "1.27960", "2013-09-30": "1.27240", "2013-06-30": "1.24550", "2013-03-31": "1.41480", "2012-12-31": "1.42740", "2012-09-30": "1.52410", "2012-06-30": "1.60000", "2012-03-31": "2.13690", "2011-12-31": "2.01390", "2011-09-30": "1.93340", "2011-06-30": "1.74830", "2011-03-31": "1.89530", "2010-12-31": "1.85340", "2010-09-30": "", "2010-06-30": "", "2010-03-31": "", "2009-12-31": "", "2008-12-31": ""}, "Gross Margin": {"2020-09-30": "77.56080", "2020-06-30": "82.77340", "2020-03-31": "78.65420", "2019-12-31": "76.84960", "2019-09-30": "76.29120", "2019-06-30": "75.82450", "2019-03-31": "72.35350", "2018-12-31": "68.28880", "2018-09-30": "67.72820", "2018-06-30": "68.84480", "2018-03-31": "70.18730", "2017-12-31": "66.76760", "2017-09-30": "69.30810", "2017-06-30": "68.23040", "2017-03-31": "69.01290", "2016-12-31": "71.23050", "2016-09-30": "70.84080", "2016-06-30": "76.08140", "2016-03-31": "77.12050", "2015-12-31": "78.60290", "2015-09-30": "70.16460", "2015-06-30": "68.66880", "2015-03-31": "69.69700", "2014-12-31": "64.99620", "2014-09-30": "61.73390", "2014-06-30": "59.10590", "2014-03-31": "59.40200", "2013-12-31": "61.62190", "2013-09-30": "58.91910", "2013-06-30": "62.92140", "2013-03-31": "68.30070", "2012-12-31": "67.97660", "2012-09-30": "70.24390", "2012-06-30": "70.60450", "2012-03-31": "68.76680", "2011-12-31": "62.41610", "2011-09-30": "56.92740", "2011-06-30": "56.81350", "2011-03-31": "58.95450", "2010-12-31": "52.73320", "2010-09-30": "53.80230", "2010-06-30": "57.41120", "2010-03-31": "52.88280", "2009-12-31": "", "2008-12-31": ""}, "Operating Margin": {"2020-09-30": "28.05760", "2020-06-30": "-11.01560", "2020-03-31": "1.38440", "2019-12-31": "57.60740", "2019-09-30": "29.58930", "2019-06-30": "30.27380", "2019-03-31": "29.68800", "2018-12-31": "27.98200", "2018-09-30": "43.07650", "2018-06-30": "7.93470", "2018-03-31": "27.76480", "2017-12-31": "22.24670", "2017-09-30": "25.17530", "2017-06-30": "27.25650", "2017-03-31": "28.53390", "2016-12-31": "26.55650", "2016-09-30": "26.48650", "2016-06-30": "29.89820", "2016-03-31": "25.53990", "2015-12-31": "-6.71070", "2015-09-30": "19.44970", "2015-06-30": "25.75800", "2015-03-31": "29.96940", "2014-12-31": "24.19640", "2014-09-30": "31.04170", "2014-06-30": "25.73030", "2014-03-31": "28.34200", "2013-12-31": "29.95870", "2013-09-30": "27.71570", "2013-06-30": "22.82670", "2013-03-31": "33.23530", "2012-12-31": "31.34130", "2012-09-30": "29.68640", "2012-06-30": "11.99820", "2012-03-31": "27.78680", "2011-12-31": "22.76720", "2011-09-30": "17.95480", "2011-06-30": "12.09020", "2011-03-31": "18.89230", "2010-12-31": "18.70240", "2010-09-30": "8.67250", "2010-06-30": "20.36270", "2010-03-31": "11.32740", "2009-12-31": "", "2008-12-31": ""}, "EBIT Margin": {"2020-09-30": "28.05760", "2020-06-30": "-11.01560", "2020-03-31": "1.38440", "2019-12-31": "57.60740", "2019-09-30": "29.58930", "2019-06-30": "30.27380", "2019-03-31": "29.68800", "2018-12-31": "27.98200", "2018-09-30": "43.07650", "2018-06-30": "7.93470", "2018-03-31": "27.76480", "2017-12-31": "22.24670", "2017-09-30": "25.17530", "2017-06-30": "27.25650", "2017-03-31": "28.53390", "2016-12-31": "26.55650", "2016-09-30": "26.48650", "2016-06-30": "29.89820", "2016-03-31": "25.53990", "2015-12-31": "-6.71070", "2015-09-30": "19.44970", "2015-06-30": "25.75800", "2015-03-31": "29.96940", "2014-12-31": "24.19640", "2014-09-30": "31.04170", "2014-06-30": "25.73030", "2014-03-31": "28.34200", "2013-12-31": "29.95870", "2013-09-30": "27.71570", "2013-06-30": "22.82670", "2013-03-31": "33.23530", "2012-12-31": "31.34130", "2012-09-30": "29.68640", "2012-06-30": "11.99820", "2012-03-31": "27.78680", "2011-12-31": "22.76720", "2011-09-30": "17.95480", "2011-06-30": "12.09020", "2011-03-31": "18.89230", "2010-12-31": "18.70240", "2010-09-30": "8.67250", "2010-06-30": "20.36270", "2010-03-31": "11.32740", "2009-12-31": "", "2008-12-31": ""}, "EBITDA Margin": {"2020-09-30": "", "2020-06-30": "", "2020-03-31": "", "2019-12-31": "", "2019-09-30": "", "2019-06-30": "", "2019-03-31": "", "2018-12-31": "", "2018-09-30": "", "2018-06-30": "", "2018-03-31": "", "2017-12-31": "", "2017-09-30": "", "2017-06-30": "", "2017-03-31": "", "2016-12-31": "", "2016-09-30": "", "2016-06-30": "", "2016-03-31": "", "2015-12-31": "", "2015-09-30": "", "2015-06-30": "", "2015-03-31": "", "2014-12-31": "", "2014-09-30": "", "2014-06-30": "", "2014-03-31": "", "2013-12-31": "", "2013-09-30": "", "2013-06-30": "", "2013-03-31": "", "2012-12-31": "", "2012-09-30": "", "2012-06-30": "", "2012-03-31": "", "2011-12-31": "", "2011-09-30": "", "2011-06-30": "", "2011-03-31": "", "2010-12-31": "", "2010-09-30": "", "2010-06-30": "", "2010-03-31": "", "2009-12-31": "", "2008-12-31": ""}, "Pre-Tax Profit Margin": {"2020-09-30": "20.96610", "2020-06-30": "-20.31250", "2020-03-31": "-7.43720", "2019-12-31": "32.27920", "2019-09-30": "20.78410", "2019-06-30": "21.03300", "2019-03-31": "21.55150", "2018-12-31": "20.49720", "2018-09-30": "34.14840", "2018-06-30": "-5.13420", "2018-03-31": "20.65540", "2017-12-31": "8.92070", "2017-09-30": "16.67180", "2017-06-30": "17.78500", "2017-03-31": "20.18110", "2016-12-31": "11.44880", "2016-09-30": "5.82580", "2016-06-30": "18.70230", "2016-03-31": "14.64790", "2015-12-31": "-19.05940", "2015-09-30": "7.85000", "2015-06-30": "15.33350", "2015-03-31": "17.87600", "2014-12-31": "14.93290", "2014-09-30": "23.88720", "2014-06-30": "17.14500", "2014-03-31": "19.79240", "2013-12-31": "19.96380", "2013-09-30": "19.22260", "2013-06-30": "29.74570", "2013-03-31": "30.62090", "2012-12-31": "14.61510", "2012-09-30": "15.54010", "2012-06-30": "2.12280", "2012-03-31": "21.59400", "2011-12-31": "17.55290", "2011-09-30": "4.47690", "2011-06-30": "6.60860", "2011-03-31": "12.73290", "2010-12-31": "7.78180", "2010-09-30": "3.51500", "2010-06-30": "15.37500", "2010-03-31": "-12.75490", "2009-12-31": "", "2008-12-31": ""}, "Net Profit Margin": {"2020-09-30": "15.58750", "2020-06-30": "-25.00000", "2020-03-31": "-9.94850", "2019-12-31": "18.37710", "2019-09-30": "15.74360", "2019-06-30": "16.02370", "2019-03-31": "16.12720", "2018-12-31": "12.77440", "2018-09-30": "19.70430", "2018-06-30": "-5.25090", "2018-03-31": "14.18960", "2017-12-31": "-28.77200", "2017-09-30": "10.17980", "2017-06-30": "10.00590", "2017-03-31": "11.71150", "2016-12-31": "5.01620", "2016-09-30": "-6.81680", "2016-06-30": "10.59160", "2016-03-31": "8.63850", "2015-12-31": "-19.82950", "2015-09-30": "5.01750", "2015-06-30": "9.61590", "2015-03-31": "11.92660", "2014-12-31": "3.18910", "2014-09-30": "7.66720", "2014-06-30": "7.21360", "2014-03-31": "7.09170", "2013-12-31": "8.72930", "2013-09-30": "7.61450", "2013-06-30": "8.19040", "2013-03-31": "9.54250", "2012-12-31": "7.14520", "2012-09-30": "6.96860", "2012-06-30": "-5.81450", "2012-03-31": "1.13090", "2011-12-31": "8.00210", "2011-09-30": "7.16310", "2011-06-30": "6.76230", "2011-03-31": "8.02280", "2010-12-31": "3.91940", "2010-09-30": "0.50760", "2010-06-30": "2.31050", "2010-03-31": "-7.45740", "2009-12-31": "", "2008-12-31": ""}, "Asset Turnover": {"2020-09-30": "0.04060", "2020-06-30": "0.03570", "2020-03-31": "0.04220", "2019-12-31": "0.04520", "2019-09-30": "0.04180", "2019-06-30": "0.04190", "2019-03-31": "0.04490", "2018-12-31": "0.04790", "2018-09-30": "0.04450", "2018-06-30": "0.04380", "2018-03-31": "0.04330", "2017-12-31": "0.04590", "2017-09-30": "0.04080", "2017-06-30": "0.04200", "2017-03-31": "0.04290", "2016-12-31": "0.04220", "2016-09-30": "0.04080", "2016-06-30": "0.03730", "2016-03-31": "0.03790", "2015-12-31": "0.04320", "2015-09-30": "0.04330", "2015-06-30": "0.04050", "2015-03-31": "0.04170", "2014-12-31": "0.04760", "2014-09-30": "0.05560", "2014-06-30": "0.05160", "2014-03-31": "0.05320", "2013-12-31": "0.05150", "2013-09-30": "0.05040", "2013-06-30": "0.04560", "2013-03-31": "0.04480", "2012-12-31": "0.04510", "2012-09-30": "0.04100", "2012-06-30": "0.03110", "2012-03-31": "0.06110", "2011-12-31": "0.06310", "2011-09-30": "0.07040", "2011-06-30": "0.06740", "2011-03-31": "0.06800", "2010-12-31": "0.05590", "2010-09-30": "", "2010-06-30": "", "2010-03-31": "", "2009-12-31": "", "2008-12-31": ""}, "Inventory Turnover Ratio": {"2020-09-30": "2.06620", "2020-06-30": "1.31250", "2020-03-31": "2.15960", "2019-12-31": "2.09160", "2019-09-30": "1.88150", "2019-06-30": "1.72670", "2019-03-31": "2.20980", "2018-12-31": "3.11430", "2018-09-30": "2.96340", "2018-06-30": "2.54290", "2018-03-31": "2.30540", "2017-12-31": "2.84670", "2017-09-30": "2.35280", "2017-06-30": "2.44290", "2017-03-31": "2.79210", "2016-12-31": "2.73110", "2016-09-30": "2.98770", "2016-06-30": "2.08310", "2016-03-31": "2.00820", "2015-12-31": "1.91150", "2015-09-30": "2.48540", "2015-06-30": "2.28900", "2015-03-31": "2.40620", "2014-12-31": "3.01310", "2014-09-30": "3.56180", "2014-06-30": "3.50000", "2014-03-31": "3.94000", "2013-12-31": "3.45580", "2013-09-30": "3.54710", "2013-06-30": "2.92990", "2013-03-31": "2.49360", "2012-12-31": "2.63640", "2012-09-30": "2.65220", "2012-06-30": "2.03510", "2012-03-31": "3.27680", "2011-12-31": "4.23260", "2011-09-30": "9.02270", "2011-06-30": "10.43320", "2011-03-31": "8.52690", "2010-12-31": "10.27070", "2010-09-30": "", "2010-06-30": "", "2010-03-31": "", "2009-12-31": "", "2008-12-31": ""}, "Receiveable Turnover": {"2020-09-30": "2.55600", "2020-06-30": "2.38580", "2020-03-31": "2.61890", "2019-12-31": "2.43070", "2019-09-30": "2.52470", "2019-06-30": "2.61940", "2019-03-31": "2.61760", "2018-12-31": "2.52400", "2018-09-30": "2.27640", "2018-06-30": "2.25530", "2018-03-31": "2.26060", "2017-12-31": "2.25170", "2017-09-30": "2.70260", "2017-06-30": "2.48930", "2017-03-31": "2.37780", "2016-12-31": "2.18650", "2016-09-30": "2.59750", "2016-06-30": "2.46010", "2016-03-31": "2.65590", "2015-12-31": "2.68340", "2015-09-30": "2.64030", "2015-06-30": "2.56710", "2015-03-31": "2.53310", "2014-12-31": "2.40770", "2014-09-30": "2.53010", "2014-06-30": "2.41090", "2014-03-31": "2.20190", "2013-12-31": "2.24990", "2013-09-30": "2.64510", "2013-06-30": "2.27290", "2013-03-31": "2.37210", "2012-12-31": "2.30980", "2012-09-30": "2.21450", "2012-06-30": "1.69960", "2012-03-31": "2.44020", "2011-12-31": "2.11930", "2011-09-30": "2.55600", "2011-06-30": "2.12360", "2011-03-31": "2.28960", "2010-12-31": "1.66290", "2010-09-30": "", "2010-06-30": "", "2010-03-31": "", "2009-12-31": "", "2008-12-31": ""}, "Days Sales In Receivables": {"2020-09-30": "35.21070", "2020-06-30": "37.72270", "2020-03-31": "34.36580", "2019-12-31": "37.02570", "2019-09-30": "35.64720", "2019-06-30": "34.35910", "2019-03-31": "34.38320", "2018-12-31": "35.65720", "2018-09-30": "39.53650", "2018-06-30": "39.90670", "2018-03-31": "39.81280", "2017-12-31": "39.96970", "2017-09-30": "33.30080", "2017-06-30": "36.15500", "2017-03-31": "37.85050", "2016-12-31": "41.16260", "2016-09-30": "34.64870", "2016-06-30": "36.58400", "2016-03-31": "33.88730", "2015-12-31": "33.53960", "2015-09-30": "34.08690", "2015-06-30": "35.05920", "2015-03-31": "35.52960", "2014-12-31": "37.38040", "2014-09-30": "35.57210", "2014-06-30": "37.33050", "2014-03-31": "40.87470", "2013-12-31": "40.00260", "2013-09-30": "34.02560", "2013-06-30": "39.59790", "2013-03-31": "37.94120", "2012-12-31": "38.96400", "2012-09-30": "40.64110", "2012-06-30": "52.95340", "2012-03-31": "36.88210", "2011-12-31": "42.46770", "2011-09-30": "35.21110", "2011-06-30": "42.38120", "2011-03-31": "39.30750", "2010-12-31": "54.12370", "2010-09-30": "", "2010-06-30": "", "2010-03-31": "", "2009-12-31": "", "2008-12-31": ""}, "ROE - Return On Equity": {"2020-09-30": "1.47750", "2020-06-30": "-1.94250", "2020-03-31": "-0.86960", "2019-12-31": "1.83950", "2019-09-30": "1.49970", "2019-06-30": "1.53110", "2019-03-31": "1.64560", "2018-12-31": "1.45380", "2018-09-30": "2.84980", "2018-06-30": "-0.37690", "2018-03-31": "1.54260", "2017-12-31": "-2.82430", "2017-09-30": "1.05960", "2017-06-30": "1.05760", "2017-03-31": "1.27120", "2016-12-31": "0.61780", "2016-09-30": "-0.52330", "2016-06-30": "1.05710", "2016-03-31": "0.88340", "2015-12-31": "-2.07890", "2015-09-30": "0.51060", "2015-06-30": "0.96320", "2015-03-31": "1.18500", "2014-12-31": "1.64410", "2014-09-30": "2.70780", "2014-06-30": "1.73440", "2014-03-31": "2.11370", "2013-12-31": "2.49600", "2013-09-30": "1.94690", "2013-06-30": "2.73660", "2013-03-31": "2.70690", "2012-12-31": "1.97510", "2012-09-30": "1.61520", "2012-06-30": "0.15960", "2012-03-31": "3.75520", "2011-12-31": "2.66110", "2011-09-30": "0.33150", "2011-06-30": "0.47710", "2011-03-31": "1.82620", "2010-12-31": "-0.81270", "2010-09-30": "", "2010-06-30": "", "2010-03-31": "", "2009-12-31": "", "2008-12-31": ""}, "Return On Tangible Equity": {"2020-09-30": "4.92490", "2020-06-30": "-6.42900", "2020-03-31": "-2.91090", "2019-12-31": "6.29580", "2019-09-30": "5.28580", "2019-06-30": "5.42210", "2019-03-31": "5.86650", "2018-12-31": "5.18270", "2018-09-30": "9.69520", "2018-06-30": "-1.39010", "2018-03-31": "5.45600", "2017-12-31": "-10.05780", "2017-09-30": "3.45320", "2017-06-30": "3.53090", "2017-03-31": "4.64120", "2016-12-31": "2.30390", "2016-09-30": "-1.94250", "2016-06-30": "4.55590", "2016-03-31": "3.80650", "2015-12-31": "-9.12920", "2015-09-30": "2.51680", "2015-06-30": "4.98320", "2015-03-31": "6.26310", "2014-12-31": "7.57700", "2014-09-30": "43.51960", "2014-06-30": "30.39760", "2014-03-31": "40.94010", "2013-12-31": "52.56890", "2013-09-30": "41.30440", "2013-06-30": "50.03200", "2013-03-31": "-159.70870", "2012-12-31": "-67.70980", "2012-09-30": "-45.35840", "2012-06-30": "-2.63350", "2012-03-31": "14.32600", "2011-12-31": "9.87440", "2011-09-30": "1.11300", "2011-06-30": "1.15560", "2011-03-31": "4.89890", "2010-12-31": "-2.06000", "2010-09-30": "", "2010-06-30": "", "2010-03-31": "", "2009-12-31": "", "2008-12-31": ""}, "ROA - Return On Assets": {"2020-09-30": "0.65720", "2020-06-30": "-0.86930", "2020-03-31": "-0.39580", "2019-12-31": "0.84550", "2019-09-30": "0.67200", "2019-06-30": "0.68840", "2019-03-31": "0.74320", "2018-12-31": "0.63650", "2018-09-30": "1.27110", "2018-06-30": "-0.16600", "2018-03-31": "0.68600", "2017-12-31": "-1.25480", "2017-09-30": "0.48160", "2017-06-30": "0.47750", "2017-03-31": "0.55770", "2016-12-31": "0.26770", "2016-09-30": "-0.22430", "2016-06-30": "0.44480", "2016-03-31": "0.37280", "2015-12-31": "-0.87510", "2015-09-30": "0.21360", "2015-06-30": "0.39950", "2015-03-31": "0.48630", "2014-12-31": "0.68150", "2014-09-30": "1.01010", "2014-06-30": "0.65080", "2014-03-31": "0.79020", "2013-12-31": "0.93900", "2013-09-30": "0.73890", "2013-06-30": "1.05370", "2013-03-31": "0.96330", "2012-12-31": "0.69750", "2012-09-30": "0.55100", "2012-06-30": "0.05320", "2012-03-31": "1.00430", "2011-12-31": "0.74230", "2011-09-30": "0.09620", "2011-06-30": "0.14500", "2011-03-31": "0.52800", "2010-12-31": "-0.24010", "2010-09-30": "", "2010-06-30": "", "2010-03-31": "", "2009-12-31": "", "2008-12-31": ""}, "ROI - Return On Investment": {"2020-09-30": "0.73060", "2020-06-30": "-0.98170", "2020-03-31": "-0.44860", "2019-12-31": "0.95000", "2019-09-30": "0.77650", "2019-06-30": "0.78230", "2019-03-31": "0.83650", "2018-12-31": "0.73320", "2018-09-30": "1.42480", "2018-06-30": "-0.18610", "2018-03-31": "0.76690", "2017-12-31": "-1.41430", "2017-09-30": "0.54020", "2017-06-30": "0.53710", "2017-03-31": "0.63150", "2016-12-31": "0.29800", "2016-09-30": "-0.24900", "2016-06-30": "0.49550", "2016-03-31": "0.40440", "2015-12-31": "-0.94590", "2015-09-30": "0.23620", "2015-06-30": "0.44470", "2015-03-31": "0.54290", "2014-12-31": "0.75950", "2014-09-30": "1.20950", "2014-06-30": "0.78670", "2014-03-31": "0.95050", "2013-12-31": "1.13560", "2013-09-30": "0.89830", "2013-06-30": "1.29900", "2013-03-31": "1.17870", "2012-12-31": "0.84850", "2012-09-30": "0.68470", "2012-06-30": "0.06490", "2012-03-31": "1.30610", "2011-12-31": "0.99460", "2011-09-30": "0.12830", "2011-06-30": "0.18420", "2011-03-31": "0.67930", "2010-12-31": "-0.31050", "2010-09-30": "", "2010-06-30": "", "2010-03-31": "", "2009-12-31": "", "2008-12-31": ""}, "Book Value Per Share": {"2020-09-30": "14.11150", "2020-06-30": "14.20510", "2020-03-31": "14.79770", "2019-12-31": "15.04940", "2019-09-30": "15.22090", "2019-06-30": "15.24160", "2019-03-31": "15.22970", "2018-12-31": "15.26460", "2018-09-30": "15.99010", "2018-06-30": "15.65090", "2018-03-31": "15.94170", "2017-12-31": "15.84220", "2017-09-30": "16.37010", "2017-06-30": "16.23830", "2017-03-31": "15.69630", "2016-12-31": "15.60560", "2016-09-30": "15.68010", "2016-06-30": "15.91200", "2016-03-31": "15.94540", "2015-12-31": "15.88130", "2015-09-30": "16.08780", "2015-06-30": "16.22570", "2015-03-31": "16.33000", "2014-12-31": "16.19940", "2014-09-30": "27.97920", "2014-06-30": "27.87700", "2014-03-31": "27.66210", "2013-12-31": "27.44310", "2013-09-30": "27.32260", "2013-06-30": "27.55340", "2013-03-31": "23.46940", "2012-12-31": "23.27000", "2012-09-30": "21.17200", "2012-06-30": "20.47010", "2012-03-31": "10.11020", "2011-12-31": "10.66540", "2011-09-30": "10.80650", "2011-06-30": "10.87560", "2011-03-31": "10.14720", "2010-12-31": "", "2010-09-30": "", "2010-06-30": "", "2010-03-31": "", "2009-12-31": "", "2008-12-31": ""}, "Operating Cash Flow Per Share": {"2020-09-30": 0.4631, "2020-06-30": 0.5928, "2020-03-31": "0.39440", "2019-12-31": 0.7187, "2019-09-30": 0.451, "2019-06-30": 0.6468, "2019-03-31": "0.28070", "2018-12-31": 0.7451, "2018-09-30": 0.4108, "2018-06-30": 0.6785, "2018-03-31": "0.44130", "2017-12-31": 0.5809, "2017-09-30": 0.511, "2017-06-30": 0.574, "2017-03-31": "0.39730", "2016-12-31": 0.5627, "2016-09-30": 0.5189, "2016-06-30": 0.5809, "2016-03-31": "0.47110", "2015-12-31": 0.8308, "2015-09-30": 0.4314, "2015-06-30": 0.5766, "2015-03-31": "0.58390", "2014-12-31": 0.5319, "2014-09-30": 1.2539, "2014-06-30": 1.0565, "2014-03-31": "1.08650", "2013-12-31": 1.2838, "2013-09-30": 1.0213, "2013-06-30": 0.9334, "2013-03-31": "0.74030", "2012-12-31": 0.7639, "2012-09-30": 0.5679, "2012-06-30": 0.2919, "2012-03-31": "0.45020", "2011-12-31": 0.6003, "2011-09-30": 0.4917, "2011-06-30": 0.3615, "2011-03-31": "0.37070", "2010-12-31": 0, "2010-09-30": 0, "2010-06-30": 0, "2010-03-31": "", "2009-12-31": 0, "2008-12-31": 0}, "Free Cash Flow Per Share": {"2020-09-30": 0.2917, "2020-06-30": 0.3617, "2020-03-31": "0.60070", "2019-12-31": 0.4536, "2019-09-30": 0.2125, "2019-06-30": 0.4134, "2019-03-31": "0.02870", "2018-12-31": 0.4735, "2018-09-30": 0.061, "2018-06-30": 0.3477, "2018-03-31": "0.11240", "2017-12-31": 0.1514, "2017-09-30": 0.1312, "2017-06-30": 0.2726, "2017-03-31": "0.12960", "2016-12-31": 0.252, "2016-09-30": 0.246, "2016-06-30": 0.3854, "2016-03-31": "-0.04350", "2015-12-31": 0.336, "2015-09-30": -0.0321, "2015-06-30": 0.1117, "2015-03-31": "-0.69970", "2014-12-31": -1.1254, "2014-09-30": 0.215, "2014-06-30": 0.2054, "2014-03-31": "0.23620", "2013-12-31": 0.6246, "2013-09-30": 0.1718, "2013-06-30": -0.0348, "2013-03-31": "0.15640", "2012-12-31": 0.2957, "2012-09-30": 0.1921, "2012-06-30": 0.0036, "2012-03-31": "0.14150", "2011-12-31": 0.1342, "2011-09-30": -0.3729, "2011-06-30": 0.1328, "2011-03-31": "0.11360", "2010-12-31": 0, "2010-09-30": 0, "2010-06-30": 0, "2010-03-31": "", "2009-12-31": 0, "2008-12-31": 0}}, "revenue": {"Kinder Morgan Annual Revenue (Millions of US $)": {"2020": "$11,700", "2019": "$13,209", "2018": "$14,144", "2017": "$13,705", "2016": "$13,058", "2015": "$14,403", "2014": "$16,226", "2013": "$14,070", "2012": "$9,973", "2011": "$7,943", "2010": "$7,852", "2009": "$7,185", "2008": "$12,095"}, "Kinder Morgan Quarterly Revenue (Millions of US $)": {"2020-12-31": "$3,115", "2020-09-30": "$2,919", "2020-06-30": "$2,560", "2020-03-31": "$3,106", "2019-12-31": "$3,352", "2019-09-30": "$3,214", "2019-06-30": "$3,214", "2019-03-31": "$3,429", "2018-12-31": "$3,781", "2018-09-30": "$3,517", "2018-06-30": "$3,428", "2018-03-31": "$3,418", "2017-12-31": "$3,632", "2017-09-30": "$3,281", "2017-06-30": "$3,368", "2017-03-31": "$3,424", "2016-12-31": "$3,389", "2016-09-30": "$3,330", "2016-06-30": "$3,144", "2016-03-31": "$3,195", "2015-12-31": "$3,636", "2015-09-30": "$3,707", "2015-06-30": "$3,463", "2015-03-31": "$3,597", "2014-12-31": "$3,951", "2014-09-30": "$4,291", "2014-06-30": "$3,937", "2014-03-31": "$4,047", "2013-12-31": "$3,872", "2013-09-30": "$3,756", "2013-06-30": "$3,382", "2013-03-31": "$3,060", "2012-12-31": "$3,079", "2012-09-30": "$2,870", "2012-06-30": "$2,167", "2012-03-31": "$1,857", "2011-12-31": "$1,937", "2011-09-30": "$2,122", "2011-06-30": "$1,952", "2011-03-31": "$1,932", "2010-12-31": "$1,615", "2010-09-30": "$2,088", "2010-06-30": "$1,991", "2010-03-31": "$2,158", "2009-12-31": "", "2008-12-31": ""}}, "gross-profit": {"Kinder Morgan Annual Gross Profit (Millions of US $)": {"2020": "$9,155", "2019": "$9,946", "2018": "$9,723", "2017": "$9,360", "2016": "$9,629", "2015": "$10,344", "2014": "$9,948", "2013": "$8,817", "2012": "$6,916", "2011": "$4,665", "2010": "$4,347", "2009": "$4,117", "2008": "$4,351"}, "Kinder Morgan Quarterly Gross Profit (Millions of US $)": {"2020-12-31": "$2,329", "2020-09-30": "$2,264", "2020-06-30": "$2,119", "2020-03-31": "$2,443", "2019-12-31": "$2,576", "2019-09-30": "$2,452", "2019-06-30": "$2,437", "2019-03-31": "$2,481", "2018-12-31": "$2,582", "2018-09-30": "$2,382", "2018-06-30": "$2,360", "2018-03-31": "$2,399", "2017-12-31": "$2,425", "2017-09-30": "$2,274", "2017-06-30": "$2,298", "2017-03-31": "$2,363", "2016-12-31": "$2,414", "2016-09-30": "$2,359", "2016-06-30": "$2,392", "2016-03-31": "$2,464", "2015-12-31": "$2,858", "2015-09-30": "$2,601", "2015-06-30": "$2,378", "2015-03-31": "$2,507", "2014-12-31": "$2,568", "2014-09-30": "$2,649", "2014-06-30": "$2,327", "2014-03-31": "$2,404", "2013-12-31": "$2,386", "2013-09-30": "$2,213", "2013-06-30": "$2,128", "2013-03-31": "$2,090", "2012-12-31": "$2,093", "2012-09-30": "$2,016", "2012-06-30": "$1,530", "2012-03-31": "$1,277", "2011-12-31": "$1,209", "2011-09-30": "$1,208", "2011-06-30": "$1,109", "2011-03-31": "$1,139", "2010-12-31": "$670", "2010-09-30": "$1,124", "2010-06-30": "$1,143", "2010-03-31": "$1,141", "2009-12-31": "", "2008-12-31": ""}}, "operating-income": {"Kinder Morgan Annual Operating Income (Millions of US $)": {"2020": "$1,560", "2019": "$4,873", "2018": "$3,794", "2017": "$3,529", "2016": "$3,538", "2015": "$2,447", "2014": "$4,448", "2013": "$3,990", "2012": "$2,593", "2011": "$1,423", "2010": "$1,133", "2009": "$1,407", "2008": "$-2,472"}, "Kinder Morgan Quarterly Operating Income (Millions of US $)": {"2020-12-31": "$980", "2020-09-30": "$819", "2020-06-30": "$-282", "2020-03-31": "$43", "2019-12-31": "$1,931", "2019-09-30": "$951", "2019-06-30": "$973", "2019-03-31": "$1,018", "2018-12-31": "$1,058", "2018-09-30": "$1,515", "2018-06-30": "$272", "2018-03-31": "$949", "2017-12-31": "$808", "2017-09-30": "$826", "2017-06-30": "$918", "2017-03-31": "$977", "2016-12-31": "$900", "2016-09-30": "$882", "2016-06-30": "$940", "2016-03-31": "$816", "2015-12-31": "$-244", "2015-09-30": "$721", "2015-06-30": "$892", "2015-03-31": "$1,078", "2014-12-31": "$956", "2014-09-30": "$1,332", "2014-06-30": "$1,013", "2014-03-31": "$1,147", "2013-12-31": "$1,160", "2013-09-30": "$1,041", "2013-06-30": "$772", "2013-03-31": "$1,017", "2012-12-31": "$965", "2012-09-30": "$852", "2012-06-30": "$260", "2012-03-31": "$516", "2011-12-31": "$441", "2011-09-30": "$381", "2011-06-30": "$236", "2011-03-31": "$365", "2010-12-31": "$302", "2010-09-30": "$181", "2010-06-30": "$405", "2010-03-31": "$244", "2009-12-31": "", "2008-12-31": ""}}, "ebitda": {"Kinder Morgan Annual EBITDA (Millions of US $)": {"2019": "$7,367", "2018": "$6,186", "2017": "$5,851", "2016": "$5,806", "2015": "$5,957", "2014": "$6,533", "2013": "$5,835", "2012": "$4,042", "2011": "$2,522", "2010": "$2,218", "2009": "$2,483", "2008": "$2,485"}, "Kinder Morgan Quarterly EBITDA (Millions of US $)": {"2020-09-30": "$1,390", "2020-06-30": "$285", "2020-03-31": "$640", "2019-12-31": "$2,614", "2019-09-30": "$1,550", "2019-06-30": "$1,571", "2019-03-31": "$1,632", "2018-12-31": "$1,663", "2018-09-30": "$2,105", "2018-06-30": "$867", "2018-03-31": "$1,551", "2017-12-31": "$1,388", "2017-09-30": "$1,403", "2017-06-30": "$1,510", "2017-03-31": "$1,550", "2016-12-31": "$1,471", "2016-09-30": "$1,446", "2016-06-30": "$1,508", "2016-03-31": "$1,381", "2015-12-31": "$1,502", "2015-09-30": "$1,351", "2015-06-30": "$1,476", "2015-03-31": "$1,628", "2014-12-31": "$1,490", "2014-09-30": "$1,864", "2014-06-30": "$1,526", "2014-03-31": "$1,653", "2013-12-31": "$1,649", "2013-09-30": "$1,519", "2013-06-30": "$1,226", "2013-03-31": "$1,441", "2012-12-31": "$1,388", "2012-09-30": "$1,260", "2012-06-30": "$595", "2012-03-31": "$799", "2011-12-31": "$728", "2011-09-30": "$670", "2011-06-30": "$502", "2011-03-31": "$622", "2010-12-31": "$569", "2010-09-30": "$444", "2010-06-30": "$677", "2010-03-31": "$528", "2009-12-31": "", "2008-12-31": ""}}, "net-income": {"Kinder Morgan Annual Net Income (Millions of US $)": {"2020": "$119", "2019": "$2,190", "2018": "$1,481", "2017": "$27", "2016": "$552", "2015": "$227", "2014": "$1,026", "2013": "$1,193", "2012": "$315", "2011": "$594", "2010": "$-41", "2009": "$495", "2008": "$-3,599"}, "Kinder Morgan Quarterly Net Income (Millions of US $)": {"2020-12-31": "$607", "2020-09-30": "$455", "2020-06-30": "$-640", "2020-03-31": "$-309", "2019-12-31": "$616", "2019-09-30": "$506", "2019-06-30": "$515", "2019-03-31": "$553", "2018-12-31": "$483", "2018-09-30": "$693", "2018-06-30": "$-180", "2018-03-31": "$485", "2017-12-31": "$-1,045", "2017-09-30": "$334", "2017-06-30": "$337", "2017-03-31": "$401", "2016-12-31": "$170", "2016-09-30": "$-227", "2016-06-30": "$333", "2016-03-31": "$276", "2015-12-31": "$-721", "2015-09-30": "$186", "2015-06-30": "$333", "2015-03-31": "$429", "2014-12-31": "$126", "2014-09-30": "$329", "2014-06-30": "$284", "2014-03-31": "$287", "2013-12-31": "$338", "2013-09-30": "$286", "2013-06-30": "$277", "2013-03-31": "$292", "2012-12-31": "$220", "2012-09-30": "$200", "2012-06-30": "$-126", "2012-03-31": "$21", "2011-12-31": "$155", "2011-09-30": "$152", "2011-06-30": "$132", "2011-03-31": "$155", "2010-12-31": "$63", "2010-09-30": "$11", "2010-06-30": "$46", "2010-03-31": "$-161", "2009-12-31": "", "2008-12-31": ""}}, "eps-earnings-per-share-diluted": {"Kinder Morgan Annual EPS": {"2020": "$0.05", "2019": "$0.96", "2018": "$0.66", "2017": "$0.01", "2016": "$0.25", "2015": "$0.10", "2014": "$0.89", "2013": "$1.15", "2012": "$0.35", "2011": "$0.46", "2010": "$0.00", "2009": "$0.00", "2008": "$0.00"}, "Kinder Morgan Quarterly EPS": {"2020-12-31": "$0.27", "2020-09-30": "$0.20", "2020-06-30": "$-0.28", "2020-03-31": "$-0.14", "2019-12-31": "$0.27", "2019-09-30": "$0.22", "2019-06-30": "$0.23", "2019-03-31": "$0.24", "2018-12-31": "$0.21", "2018-09-30": "$0.31", "2018-06-30": "$-0.08", "2018-03-31": "$0.22", "2017-12-31": "$-0.47", "2017-09-30": "$0.15", "2017-06-30": "$0.15", "2017-03-31": "$0.18", "2016-12-31": "$0.08", "2016-09-30": "$-0.10", "2016-06-30": "$0.15", "2016-03-31": "$0.12", "2015-12-31": "$-0.33", "2015-09-30": "$0.08", "2015-06-30": "$0.15", "2015-03-31": "$0.20", "2014-12-31": "$0.02", "2014-09-30": "$0.32", "2014-06-30": "$0.27", "2014-03-31": "$0.28", "2013-12-31": "$0.33", "2013-09-30": "$0.27", "2013-06-30": "$0.27", "2013-03-31": "$0.28", "2012-12-31": "$0.28", "2012-09-30": "$0.14", "2012-06-30": "$-0.09", "2012-03-31": "$0.02", "2011-12-31": "$0.12", "2011-09-30": "$0.12", "2011-06-30": "$0.10", "2011-03-31": "$0.12", "2010-12-31": "$0.00", "2010-09-30": "$0.00", "2010-06-30": "$0.00", "2010-03-31": "$0.00", "2009-12-31": "$0.00", "2008-12-31": "$0.00"}}, "shares-outstanding": {"Kinder Morgan Annual Shares Outstanding (Millions of Shares)": {"2020": "2,263", "2019": "2,264", "2018": "2,216", "2017": "2,230", "2016": "2,230", "2015": "2,193", "2014": "1,137", "2013": "1,036", "2012": "1,354", "2011": "1,297", "2010": "", "2009": "", "2008": ""}, "Kinder Morgan Quarterly Shares Outstanding (Millions of Shares)": {"2020-12-31": "2,264", "2020-09-30": "2,263", "2020-06-30": "2,261", "2020-03-31": "2,264", "2019-12-31": "2,264", "2019-09-30": "2,264", "2019-06-30": "2,262", "2019-03-31": "2,262", "2018-12-31": "2,216", "2018-09-30": "2,205", "2018-06-30": "2,204", "2018-03-31": "2,207", "2017-12-31": "2,230", "2017-09-30": "2,231", "2017-06-30": "2,230", "2017-03-31": "2,230", "2016-12-31": "2,230", "2016-09-30": "2,230", "2016-06-30": "2,229", "2016-03-31": "2,229", "2015-12-31": "2,193", "2015-09-30": "2,203", "2015-06-30": "2,187", "2015-03-31": "2,151", "2014-12-31": "1,137", "2014-09-30": "1,028", "2014-06-30": "1,028", "2014-03-31": "1,029", "2013-12-31": "1,036", "2013-09-30": "1,036", "2013-06-30": "1,036", "2013-03-31": "1,036", "2012-12-31": "1,354", "2012-09-30": "1,471", "2012-06-30": "1,365", "2012-03-31": "1,244", "2011-12-31": "1,297", "2011-09-30": "1,304", "2011-06-30": "1,303", "2011-03-31": "1,303", "2010-12-31": "", "2010-09-30": "", "2010-06-30": "", "2010-03-31": "", "2009-12-31": "", "2008-12-31": ""}}, "total-assets": {"Kinder Morgan Annual Total Assets (Millions of US $)": {"2019": "$74,157", "2018": "$78,866", "2017": "$79,055", "2016": "$80,305", "2015": "$84,104", "2014": "$83,049", "2013": "$75,185", "2012": "$68,245", "2011": "$30,717", "2010": "$28,908", "2009": "$27,581", "2008": "$0"}, "Kinder Morgan Quarterly Total Assets (Millions of US $)": {"2020-09-30": "$71,821", "2020-06-30": "$71,784", "2020-03-31": "$73,530", "2019-12-31": "$74,157", "2019-09-30": "$76,931", "2019-06-30": "$76,695", "2019-03-31": "$76,292", "2018-12-31": "$78,866", "2018-09-30": "$79,063", "2018-06-30": "$78,315", "2018-03-31": "$79,011", "2017-12-31": "$79,055", "2017-09-30": "$80,351", "2017-06-30": "$80,203", "2017-03-31": "$79,793", "2016-12-31": "$80,305", "2016-09-30": "$81,604", "2016-06-30": "$84,317", "2016-03-31": "$84,229", "2015-12-31": "$84,104", "2015-09-30": "$85,677", "2015-06-30": "$85,610", "2015-03-31": "$86,164", "2014-12-31": "$83,049", "2014-09-30": "$77,118", "2014-06-30": "$76,364", "2014-03-31": "$76,054", "2013-12-31": "$75,185", "2013-09-30": "$74,575", "2013-06-30": "$74,120", "2013-03-31": "$68,308", "2012-12-31": "$68,245", "2012-09-30": "$70,053", "2012-06-30": "$69,575", "2012-03-31": "$30,370", "2011-12-31": "$30,717", "2011-09-30": "$30,157", "2011-06-30": "$28,970", "2011-03-31": "$28,407", "2010-12-31": "$28,908", "2010-09-30": "$0", "2010-06-30": "$0", "2010-03-31": "$0", "2009-12-31": "$27,581", "2008-12-31": "$0"}}, "cash-on-hand": {"Kinder Morgan Annual Cash on Hand (Millions of US $)": {"2019": "$1,134", "2018": "$3,331", "2017": "$326", "2016": "$787", "2015": "$289", "2014": "$315", "2013": "$598", "2012": "$714", "2011": "$411", "2010": "$593", "2009": "$218", "2008": "$"}, "Kinder Morgan Quarterly Cash on Hand (Millions of US $)": {"2020-09-30": "$699", "2020-06-30": "$546", "2020-03-31": "$942", "2019-12-31": "$1,134", "2019-09-30": "$268", "2019-06-30": "$249", "2019-03-31": "$270", "2018-12-31": "$3,331", "2018-09-30": "$3,560", "2018-06-30": "$347", "2018-03-31": "$363", "2017-12-31": "$326", "2017-09-30": "$620", "2017-06-30": "$518", "2017-03-31": "$486", "2016-12-31": "$787", "2016-09-30": "$1,245", "2016-06-30": "$180", "2016-03-31": "$175", "2015-12-31": "$289", "2015-09-30": "$179", "2015-06-30": "$163", "2015-03-31": "$259", "2014-12-31": "$315", "2014-09-30": "$472", "2014-06-30": "$363", "2014-03-31": "$513", "2013-12-31": "$598", "2013-09-30": "$816", "2013-06-30": "$1,017", "2013-03-31": "$1,106", "2012-12-31": "$714", "2012-09-30": "$831", "2012-06-30": "$728", "2012-03-31": "$525", "2011-12-31": "$411", "2011-09-30": "$316", "2011-06-30": "$401", "2011-03-31": "$231", "2010-12-31": "$593", "2010-09-30": "", "2010-06-30": "", "2010-03-31": "", "2009-12-31": "$218", "2008-12-31": ""}}, "long-term-debt": {"Kinder Morgan Annual Long Term Debt (Millions of US $)": {"2019": "$31,915", "2018": "$33,936", "2017": "$35,015", "2016": "$37,354", "2015": "$42,406", "2014": "$40,097", "2013": "$33,887", "2012": "$32,000", "2011": "$14,356", "2010": "$13,813", "2009": "$13,241", "2008": "$"}, "Kinder Morgan Quarterly Long Term Debt (Millions of US $)": {"2020-09-30": "$32,660", "2020-06-30": "$31,441", "2020-03-31": "$31,405", "2019-12-31": "$31,915", "2019-09-30": "$32,111", "2019-06-30": "$33,005", "2019-03-31": "$33,328", "2018-12-31": "$33,936", "2018-09-30": "$35,268", "2018-06-30": "$35,366", "2018-03-31": "$35,543", "2017-12-31": "$35,015", "2017-09-30": "$35,116", "2017-06-30": "$35,100", "2017-03-31": "$35,464", "2016-12-31": "$37,354", "2016-09-30": "$38,518", "2016-06-30": "$40,201", "2016-03-31": "$42,105", "2015-12-31": "$42,406", "2015-09-30": "$41,630", "2015-06-30": "$41,399", "2015-03-31": "$41,824", "2014-12-31": "$40,097", "2014-09-30": "$35,636", "2014-06-30": "$34,521", "2014-03-31": "$34,799", "2013-12-31": "$33,887", "2013-09-30": "$33,038", "2013-06-30": "$31,582", "2013-03-31": "$31,514", "2012-12-31": "$32,000", "2012-09-30": "$32,475", "2012-06-30": "$33,833", "2012-03-31": "$15,230", "2011-12-31": "$14,356", "2011-09-30": "$13,852", "2011-06-30": "$14,001", "2011-03-31": "$13,867", "2010-12-31": "$13,813", "2010-09-30": "", "2010-06-30": "", "2010-03-31": "", "2009-12-31": "$13,241", "2008-12-31": ""}}, "total-liabilities": {"Kinder Morgan Annual Total Liabilities (Millions of US $)": {"2019": "$40,071", "2018": "$44,335", "2017": "$43,931", "2016": "$45,503", "2015": "$48,701", "2014": "$48,623", "2013": "$46,900", "2012": "$44,145", "2011": "$22,149", "2010": "$20,369", "2009": "$18,736", "2008": "$0"}, "Kinder Morgan Quarterly Total Liabilities (Millions of US $)": {"2020-09-30": "$39,876", "2020-06-30": "$39,660", "2020-03-31": "$40,066", "2019-12-31": "$40,071", "2019-09-30": "$42,457", "2019-06-30": "$42,211", "2019-03-31": "$41,836", "2018-12-31": "$44,335", "2018-09-30": "$43,797", "2018-06-30": "$43,821", "2018-03-31": "$43,876", "2017-12-31": "$43,931", "2017-09-30": "$43,827", "2017-06-30": "$43,989", "2017-03-31": "$44,788", "2016-12-31": "$45,503", "2016-09-30": "$46,636", "2016-06-30": "$48,844", "2016-03-31": "$48,683", "2015-12-31": "$48,701", "2015-09-30": "$49,835", "2015-06-30": "$50,105", "2015-03-31": "$50,805", "2014-12-31": "$48,623", "2014-09-30": "$48,349", "2014-06-30": "$47,709", "2014-03-31": "$47,620", "2013-12-31": "$46,900", "2013-09-30": "$46,273", "2013-06-30": "$45,581", "2013-03-31": "$44,000", "2012-12-31": "$44,145", "2012-09-30": "$46,155", "2012-06-30": "$46,385", "2012-03-31": "$22,248", "2011-12-31": "$22,149", "2011-09-30": "$21,410", "2011-06-30": "$20,167", "2011-03-31": "$20,193", "2010-12-31": "$20,369", "2010-09-30": "$0", "2010-06-30": "$0", "2010-03-31": "$0", "2009-12-31": "$18,736", "2008-12-31": "$0"}}, "total-share-holder-equity": {"Kinder Morgan Annual Share Holder Equity (Millions of US $)": {"2019": "$34,086", "2018": "$34,531", "2017": "$35,124", "2016": "$34,802", "2015": "$35,403", "2014": "$34,426", "2013": "$28,285", "2012": "$24,100", "2011": "$8,568", "2010": "$8,539", "2009": "$8,845", "2008": "$0"}, "Kinder Morgan Quarterly Share Holder Equity (Millions of US $)": {"2020-09-30": "$31,945", "2020-06-30": "$32,124", "2020-03-31": "$33,464", "2019-12-31": "$34,086", "2019-09-30": "$34,474", "2019-06-30": "$34,484", "2019-03-31": "$34,456", "2018-12-31": "$34,531", "2018-09-30": "$35,266", "2018-06-30": "$34,494", "2018-03-31": "$35,135", "2017-12-31": "$35,124", "2017-09-30": "$36,524", "2017-06-30": "$36,214", "2017-03-31": "$35,005", "2016-12-31": "$34,802", "2016-09-30": "$34,968", "2016-06-30": "$35,473", "2016-03-31": "$35,546", "2015-12-31": "$35,403", "2015-09-30": "$35,842", "2015-06-30": "$35,505", "2015-03-31": "$35,359", "2014-12-31": "$34,426", "2014-09-30": "$28,769", "2014-06-30": "$28,655", "2014-03-31": "$28,434", "2013-12-31": "$28,285", "2013-09-30": "$28,302", "2013-06-30": "$28,539", "2013-03-31": "$24,308", "2012-12-31": "$24,100", "2012-09-30": "$23,898", "2012-06-30": "$23,190", "2012-03-31": "$8,122", "2011-12-31": "$8,568", "2011-09-30": "$8,748", "2011-06-30": "$8,803", "2011-03-31": "$8,214", "2010-12-31": "$8,539", "2010-09-30": "$0", "2010-06-30": "$0", "2010-03-31": "$0", "2009-12-31": "$8,845", "2008-12-31": "$0"}}, "profit-margins": {"current": "1.02%"}, "gross margin": {"2020-12-31": "78.25%", "2020-09-30": "78.76%", "2020-06-30": "78.40%", "2020-03-31": "76.89%", "2019-12-31": "75.30%", "2019-09-30": "72.97%", "2019-06-30": "70.88%", "2019-03-31": "69.27%", "2018-12-31": "68.74%", "2018-09-30": "68.35%", "2018-06-30": "68.74%", "2018-03-31": "68.59%", "2017-12-31": "68.30%", "2017-09-30": "69.45%", "2017-06-30": "69.82%", "2017-03-31": "71.71%", "2016-12-31": "73.74%", "2016-09-30": "75.71%", "2016-06-30": "75.39%", "2016-03-31": "73.57%", "2015-12-31": "71.82%", "2015-09-30": "68.31%", "2015-06-30": "66.02%", "2015-03-31": "63.71%", "2014-12-31": "61.31%", "2014-09-30": "60.48%", "2014-06-30": "59.76%", "2014-03-31": "60.64%", "2013-12-31": "62.67%", "2013-09-30": "64.20%", "2013-06-30": "67.20%", "2013-03-31": "69.16%", "2012-12-31": "69.35%", "2012-09-30": "68.30%", "2012-06-30": "64.63%", "2012-03-31": "61.04%", "2011-12-31": "58.73%", "2011-09-30": "54.14%", "2011-06-30": "53.28%", "2011-03-31": "53.45%", "2010-12-31": "51.94%"}, "operating margin": {"2020-12-31": "13.33%", "2020-09-30": "21.04%", "2020-06-30": "21.61%", "2020-03-31": "30.25%", "2019-12-31": "36.89%", "2019-09-30": "29.33%", "2019-06-30": "32.74%", "2019-03-31": "27.29%", "2018-12-31": "26.82%", "2018-09-30": "25.32%", "2018-06-30": "20.75%", "2018-03-31": "25.56%", "2017-12-31": "25.75%", "2017-09-30": "26.90%", "2017-06-30": "27.21%", "2017-03-31": "27.84%", "2016-12-31": "27.09%", "2016-09-30": "17.99%", "2016-06-30": "16.32%", "2016-03-31": "15.61%", "2015-12-31": "16.99%", "2015-09-30": "24.78%", "2015-06-30": "27.83%", "2015-03-31": "27.76%", "2014-12-31": "27.41%", "2014-09-30": "28.81%", "2014-06-30": "27.93%", "2014-03-31": "27.36%", "2013-12-31": "28.36%", "2013-09-30": "28.58%", "2013-06-30": "29.10%", "2013-03-31": "27.68%", "2012-12-31": "26.00%", "2012-09-30": "23.43%", "2012-06-30": "19.77%", "2012-03-31": "20.01%", "2011-12-31": "17.92%", "2011-09-30": "16.85%", "2011-06-30": "14.29%", "2011-03-31": "16.43%", "2010-12-31": "14.42%"}, "ebitda margin": {"2020-09-30": "41.29%", "2020-06-30": "41.60%", "2020-03-31": "49.47%", "2019-12-31": "55.77%", "2019-09-30": "47.05%", "2019-06-30": "50.00%", "2019-03-31": "44.27%", "2018-12-31": "43.74%", "2018-09-30": "42.24%", "2018-06-30": "37.86%", "2018-03-31": "42.72%", "2017-12-31": "42.69%", "2017-09-30": "44.08%", "2017-06-30": "44.24%", "2017-03-31": "44.97%", "2016-12-31": "44.46%", "2016-09-30": "43.87%", "2016-06-30": "41.97%", "2016-03-31": "40.78%", "2015-12-31": "41.36%", "2015-09-30": "40.39%", "2015-06-30": "42.20%", "2015-03-31": "41.25%", "2014-12-31": "40.26%", "2014-09-30": "41.44%", "2014-06-30": "40.65%", "2014-03-31": "40.16%", "2013-12-31": "41.47%", "2013-09-30": "41.98%", "2013-06-30": "42.89%", "2013-03-31": "41.91%", "2012-12-31": "40.53%", "2012-09-30": "38.30%", "2012-06-30": "34.54%", "2012-03-31": "34.30%", "2011-12-31": "31.75%", "2011-09-30": "31.01%", "2011-06-30": "28.17%", "2011-03-31": "30.32%", "2010-12-31": "28.25%"}, "pre tax profit margin": {"2020-12-31": "5.65%", "2020-09-30": "7.90%", "2020-06-30": "8.17%", "2020-03-31": "17.03%", "2019-12-31": "23.96%", "2019-09-30": "20.96%", "2019-06-30": "24.32%", "2019-03-31": "17.94%", "2018-12-31": "17.72%", "2018-09-30": "14.68%", "2018-06-30": "10.18%", "2018-03-31": "15.88%", "2017-12-31": "15.77%", "2017-09-30": "16.53%", "2017-06-30": "13.86%", "2017-03-31": "14.01%", "2016-12-31": "12.54%", "2016-09-30": "4.19%", "2016-06-30": "4.78%", "2016-03-31": "4.26%", "2015-12-31": "5.36%", "2015-09-30": "13.96%", "2015-06-30": "18.23%", "2015-03-31": "18.59%", "2014-12-31": "19.05%", "2014-09-30": "20.28%", "2014-06-30": "19.03%", "2014-03-31": "21.93%", "2013-12-31": "24.43%", "2013-09-30": "23.46%", "2013-06-30": "22.91%", "2013-03-31": "16.81%", "2012-12-31": "13.47%", "2012-09-30": "13.96%", "2012-06-30": "10.91%", "2012-03-31": "12.26%", "2011-12-31": "10.20%", "2011-09-30": "7.82%", "2011-06-30": "7.57%", "2011-03-31": "9.85%", "2010-12-31": "2.93%"}, "net profit margin": {"2020-12-31": "0.97%", "2020-09-30": "1.02%", "2020-06-30": "1.41%", "2020-03-31": "10.31%", "2019-12-31": "16.58%", "2019-09-30": "15.08%", "2019-06-30": "16.10%", "2019-03-31": "10.94%", "2018-12-31": "10.47%", "2018-09-30": "-0.34%", "2018-06-30": "-2.95%", "2018-03-31": "0.81%", "2017-12-31": "0.20%", "2017-09-30": "9.23%", "2017-06-30": "5.04%", "2017-03-31": "5.10%", "2016-12-31": "4.23%", "2016-09-30": "-2.55%", "2016-06-30": "0.54%", "2016-03-31": "0.53%", "2015-12-31": "1.58%", "2015-09-30": "7.30%", "2015-06-30": "7.95%", "2015-03-31": "7.40%", "2014-12-31": "6.32%", "2014-09-30": "7.67%", "2014-06-30": "7.65%", "2014-03-31": "7.89%", "2013-12-31": "8.48%", "2013-09-30": "8.10%", "2013-06-30": "7.98%", "2013-03-31": "5.24%", "2012-12-31": "3.16%", "2012-09-30": "2.83%", "2012-06-30": "2.50%", "2012-03-31": "5.85%", "2011-12-31": "7.48%", "2011-09-30": "6.59%", "2011-06-30": "4.76%", "2011-03-31": "3.61%", "2010-12-31": "-0.52%"}, "pe ratio": {"current": "15.90", "2021-02-05": "0.00", "2020-12-31": "0.00", "2020-09-30": "236.86", "2020-06-30": "204.35", "2020-03-31": "22.23", "2019-12-31": "20.18", "2019-09-30": "20.70", "2019-06-30": "18.84", "2019-03-31": "25.96", "2018-12-31": "20.33", "2018-09-30": "0.00", "2018-06-30": "0.00", "2018-03-31": "253.61", "2017-12-31": "1511.13", "2017-09-30": "28.45", "2017-06-30": "51.02", "2017-03-31": "57.54", "2016-12-31": "67.59", "2016-09-30": "0.00", "2016-06-30": "251.45", "2016-03-31": "238.21", "2015-12-31": "74.02", "2015-09-30": "40.69", "2015-06-30": "38.31", "2015-03-31": "35.92", "2014-12-31": "33.48", "2014-09-30": "23.75", "2014-06-30": "23.17", "2014-03-31": "20.49", "2013-12-31": "22.43", "2013-09-30": "22.11", "2013-06-30": "25.72", "2013-03-31": "43.33", "2012-12-31": "69.41", "2012-09-30": "105.11", "2012-06-30": "86.86", "2012-03-31": "45.30", "2011-12-31": "31.30"}, "price sales": {"2021-02-05": "2.74", "2020-12-31": "2.60", "2020-09-30": "2.25", "2020-06-30": "2.65", "2020-03-31": "2.26", "2019-12-31": "3.32", "2019-09-30": "3.07", "2019-06-30": "2.99", "2019-03-31": "2.77", "2018-12-31": "2.09", "2018-09-30": "2.42", "2018-06-30": "2.43", "2018-03-31": "2.06", "2017-12-31": "2.46", "2017-09-30": "2.64", "2017-06-30": "2.61", "2017-03-31": "2.99", "2016-12-31": "2.88", "2016-09-30": "3.13", "2016-06-30": "2.44", "2016-03-31": "2.25", "2015-12-31": "1.80", "2015-09-30": "2.56", "2015-06-30": "2.71", "2015-03-31": "2.43", "2014-12-31": "2.06", "2014-09-30": "1.82", "2014-06-30": "1.76", "2014-03-31": "1.62", "2013-12-31": "1.90", "2013-09-30": "2.08", "2013-06-30": "2.56", "2013-03-31": "3.06", "2012-12-31": "3.33", "2012-09-30": "3.70", "2012-06-30": "3.50", "2012-03-31": "4.22", "2011-12-31": "3.49"}, "price book": {"current": "1.01", "2021-02-05": "1.00", "2020-09-30": "0.84", "2020-06-30": "1.01", "2020-03-31": "0.87", "2019-12-31": "1.29", "2019-09-30": "1.22", "2019-06-30": "1.22", "2019-03-31": "1.16", "2018-12-31": "0.88", "2018-09-30": "0.96", "2018-06-30": "0.96", "2018-03-31": "0.80", "2017-12-31": "0.95", "2017-09-30": "0.97", "2017-06-30": "0.97", "2017-03-31": "1.14", "2016-12-31": "1.08", "2016-09-30": "1.20", "2016-06-30": "0.95", "2016-03-31": "0.90", "2015-12-31": "0.75", "2015-09-30": "1.34", "2015-06-30": "1.82", "2015-03-31": "1.96", "2014-12-31": "1.96", "2014-09-30": "1.02", "2014-06-30": "0.96", "2014-03-31": "0.85", "2013-12-31": "0.94", "2013-09-30": "0.92", "2013-06-30": "0.97", "2013-03-31": "1.14", "2012-12-31": "1.04", "2012-09-30": "1.14", "2012-06-30": "1.06", "2012-03-31": "2.55", "2011-12-31": "2.00", "2011-09-30": "1.57", "2011-06-30": "1.71", "2011-03-31": "1.88"}, "price fcf": {"2021-02-05": "", "2020-09-30": "$1.71", "2020-06-30": "$1.63", "2020-03-31": "$1.68", "2019-12-31": "$1.11", "2019-09-30": "$1.13", "2019-06-30": "$0.98", "2019-03-31": "$0.91", "2018-12-31": "$0.99", "2018-09-30": "$0.67", "2018-06-30": "$0.74", "2018-03-31": "$0.67", "2017-12-31": "$0.68", "2017-09-30": "$0.79", "2017-06-30": "$0.90", "2017-03-31": "$1.01", "2016-12-31": "$0.84", "2016-09-30": "$0.92", "2016-06-30": "$0.65", "2016-03-31": "$0.37", "2015-12-31": "$-0.28", "2015-09-30": "$-1.75", "2015-06-30": "$-1.50", "2015-03-31": "$-1.40", "2014-12-31": "$-0.47", "2014-09-30": "$1.28", "2014-06-30": "$1.24", "2014-03-31": "$1.00", "2013-12-31": "$0.92", "2013-09-30": "$0.59", "2013-06-30": "$0.61", "2013-03-31": "$0.65", "2012-12-31": "$0.63", "2012-09-30": "$0.47", "2012-06-30": "$-0.09", "2012-03-31": "$0.04", "2011-12-31": "$0.01"}, "net worth": {"value": "$32.03B"}, "current ratio": {"2020-12-31": "0.63", "2020-09-30": "0.61", "2020-06-30": "0.48", "2020-03-31": "0.55", "2019-12-31": "0.64", "2019-09-30": "0.35", "2019-06-30": "0.41", "2019-03-31": "0.45", "2018-12-31": "0.76", "2018-09-30": "1.05", "2018-06-30": "0.49", "2018-03-31": "0.48", "2017-12-31": "0.44", "2017-09-30": "0.42", "2017-06-30": "0.43", "2017-03-31": "0.40", "2016-12-31": "0.55", "2016-09-30": "0.56", "2016-06-30": "0.38", "2016-03-31": "0.56", "2015-12-31": "0.70", "2015-09-30": "0.50", "2015-06-30": "0.45", "2015-03-31": "0.49", "2014-12-31": "0.59", "2014-09-30": "0.57", "2014-06-30": "0.52", "2014-03-31": "0.60", "2013-12-31": "0.64", "2013-09-30": "0.56", "2013-06-30": "0.51", "2013-03-31": "0.66", "2012-12-31": "0.70", "2012-09-30": "0.75", "2012-06-30": "0.87", "2012-03-31": "1.05", "2011-12-31": "0.37", "2011-09-30": "0.34", "2011-06-30": "0.54", "2011-03-31": "0.38", "2010-12-31": "0.49", "2010-09-30": "0.00", "2010-06-30": "0.00", "2010-03-31": "0.00", "2009-12-31": "0.60", "2008-12-31": "0.00"}, "quick ratio": {"2020-12-31": "0.00", "2020-09-30": "0.54", "2020-06-30": "0.41", "2020-03-31": "0.50", "2019-12-31": "0.56", "2019-09-30": "0.29", "2019-06-30": "0.33", "2019-03-31": "0.37", "2018-12-31": "0.71", "2018-09-30": "0.98", "2018-06-30": "0.41", "2018-03-31": "0.40", "2017-12-31": "0.37", "2017-09-30": "0.35", "2017-06-30": "0.36", "2017-03-31": "0.34", "2016-12-31": "0.49", "2016-09-30": "0.50", "2016-06-30": "0.32", "2016-03-31": "0.48", "2015-12-31": "0.60", "2015-09-30": "0.42", "2015-06-30": "0.38", "2015-03-31": "0.42", "2014-12-31": "0.52", "2014-09-30": "0.50", "2014-06-30": "0.45", "2014-03-31": "0.54", "2013-12-31": "0.57", "2013-09-30": "0.49", "2013-06-30": "0.46", "2013-03-31": "0.59", "2012-12-31": "0.63", "2012-09-30": "0.70", "2012-06-30": "0.82", "2012-03-31": "1.01", "2011-12-31": "0.33", "2011-09-30": "0.31", "2011-06-30": "0.51", "2011-03-31": "0.35", "2010-12-31": "0.47", "2010-09-30": "0.00", "2010-06-30": "0.00", "2010-03-31": "0.00", "2009-12-31": "0.56", "2008-12-31": "0.00"}, "debt equity ratio": {"current": "1.01", "2020-12-31": "1.26", "2020-09-30": "1.25", "2020-06-30": "1.24", "2020-03-31": "1.20", "2019-12-31": "1.18", "2019-09-30": "1.23", "2019-06-30": "1.22", "2019-03-31": "1.21", "2018-12-31": "1.28", "2018-09-30": "1.24", "2018-06-30": "1.27", "2018-03-31": "1.25", "2017-12-31": "1.25", "2017-09-30": "1.20", "2017-06-30": "1.22", "2017-03-31": "1.28", "2016-12-31": "1.31", "2016-09-30": "1.33", "2016-06-30": "1.38", "2016-03-31": "1.37", "2015-12-31": "1.38", "2015-09-30": "1.39", "2015-06-30": "1.41", "2015-03-31": "1.44", "2014-12-31": "1.41", "2014-09-30": "1.68", "2014-06-30": "1.67", "2014-03-31": "1.68", "2013-12-31": "1.66", "2013-09-30": "1.64", "2013-06-30": "1.60", "2013-03-31": "1.81", "2012-12-31": "1.83", "2012-09-30": "1.93", "2012-06-30": "2.00", "2012-03-31": "2.74", "2011-12-31": "2.59", "2011-09-30": "2.45", "2011-06-30": "2.29", "2011-03-31": "2.46", "2010-12-31": "2.39", "2010-09-30": "0.00", "2010-06-30": "0.00", "2010-03-31": "0.00", "2009-12-31": "2.12", "2008-12-31": "0.00"}, "return on equity": {"2020-12-31": "0.35%", "2020-09-30": "0.37%", "2020-06-30": "0.52%", "2020-03-31": "3.89%", "2019-12-31": "6.37%", "2019-09-30": "5.96%", "2019-06-30": "6.47%", "2019-03-31": "4.47%", "2018-12-31": "4.25%", "2018-09-30": "-0.13%", "2018-06-30": "-1.15%", "2018-03-31": "0.31%", "2017-12-31": "0.08%", "2017-09-30": "3.49%", "2017-06-30": "1.93%", "2017-03-31": "1.93%", "2016-12-31": "1.57%", "2016-09-30": "-0.96%", "2016-06-30": "0.21%", "2016-03-31": "0.21%", "2015-12-31": "0.64%", "2015-09-30": "3.04%", "2015-06-30": "3.63%", "2015-03-31": "3.67%", "2014-12-31": "3.41%", "2014-09-30": "4.34%", "2014-06-30": "4.20%", "2014-03-31": "4.18%", "2013-12-31": "4.36%", "2013-09-30": "4.09%", "2013-06-30": "3.92%", "2013-03-31": "2.45%", "2012-12-31": "1.59%", "2012-09-30": "1.57%", "2012-06-30": "1.66%", "2012-03-31": "5.37%", "2011-12-31": "6.92%", "2011-09-30": "5.85%", "2011-06-30": "5.65%", "2011-03-31": "6.57%", "2010-12-31": "-1.92%"}, "return on assets": {"2020-12-31": "0.16%", "2020-09-30": "0.17%", "2020-06-30": "0.23%", "2020-03-31": "1.76%", "2019-12-31": "2.88%", "2019-09-30": "2.66%", "2019-06-30": "2.89%", "2019-03-31": "1.98%", "2018-12-31": "1.88%", "2018-09-30": "-0.06%", "2018-06-30": "-0.51%", "2018-03-31": "0.14%", "2017-12-31": "0.03%", "2017-09-30": "1.55%", "2017-06-30": "0.85%", "2017-03-31": "0.83%", "2016-12-31": "0.67%", "2016-09-30": "-0.41%", "2016-06-30": "0.09%", "2016-03-31": "0.09%", "2015-12-31": "0.27%", "2015-09-30": "1.26%", "2015-06-30": "1.47%", "2015-03-31": "1.45%", "2014-12-31": "1.31%", "2014-09-30": "1.63%", "2014-06-30": "1.58%", "2014-03-31": "1.58%", "2013-12-31": "1.63%", "2013-09-30": "1.51%", "2013-06-30": "1.41%", "2013-03-31": "0.85%", "2012-12-31": "0.53%", "2012-09-30": "0.50%", "2012-06-30": "0.50%", "2012-03-31": "1.53%", "2011-12-31": "2.01%", "2011-09-30": "1.72%", "2011-06-30": "1.67%", "2011-03-31": "1.92%", "2010-12-31": "-0.57%"}, "return on investments": {"2020-12-31": "2.43%", "2020-09-30": "3.88%", "2020-06-30": "4.05%", "2020-03-31": "5.89%", "2019-12-31": "7.28%", "2019-09-30": "5.92%", "2019-06-30": "6.66%", "2019-03-31": "5.59%", "2018-12-31": "5.43%", "2018-09-30": "5.04%", "2018-06-30": "4.05%", "2018-03-31": "4.93%", "2017-12-31": "4.98%", "2017-09-30": "5.07%", "2017-06-30": "5.12%", "2017-03-31": "5.07%", "2016-12-31": "4.73%", "2016-09-30": "3.14%", "2016-06-30": "2.89%", "2016-03-31": "2.82%", "2015-12-31": "3.16%", "2015-09-30": "4.77%", "2015-06-30": "5.81%", "2015-03-31": "6.27%", "2014-12-31": "6.71%", "2014-09-30": "7.36%", "2014-06-30": "6.98%", "2014-03-31": "6.68%", "2013-12-31": "6.67%", "2013-09-30": "6.50%", "2013-06-30": "6.31%", "2013-03-31": "5.49%", "2012-12-31": "5.38%", "2012-09-30": "5.18%", "2012-06-30": "5.08%", "2012-03-31": "6.87%", "2011-12-31": "6.30%", "2011-09-30": "5.72%", "2011-06-30": "6.45%", "2011-03-31": "11.28%", "2010-12-31": "20.26%"}, "return on tangible equity": {"2020-09-30": "1.24%", "2020-06-30": "1.75%", "2020-03-31": "13.46%", "2019-12-31": "22.38%", "2019-09-30": "21.17%", "2019-06-30": "22.75%", "2019-03-31": "15.86%", "2018-12-31": "15.06%", "2018-09-30": "-0.48%", "2018-06-30": "-4.02%", "2018-03-31": "1.06%", "2017-12-31": "0.26%", "2017-09-30": "12.12%", "2017-06-30": "6.95%", "2017-03-31": "7.40%", "2016-12-31": "6.27%", "2016-09-30": "-3.99%", "2016-06-30": "0.93%", "2016-03-31": "0.97%", "2015-12-31": "3.14%", "2015-09-30": "15.18%", "2015-06-30": "21.34%", "2015-03-31": "26.57%", "2014-12-31": "33.20%", "2014-09-30": "79.41%", "2014-06-30": "82.70%", "2014-03-31": "83.28%", "2013-12-31": "124.73%", "2013-09-30": "241.57%", "2013-06-30": "-976.79%", "2013-03-31": "-69.53%", "2012-12-31": "-151.81%", "2012-09-30": "45.83%", "2012-06-30": "14.33%", "2012-03-31": "17.23%", "2011-12-31": "20.46%", "2011-09-30": "15.85%", "2011-06-30": "14.35%", "2011-03-31": "17.10%", "2010-12-31": "-4.87%"}, "dividend yield history": {"last payout": "$1.05", "last yield": "7.42%"}}