{"ticker": "KEX", "price": {"title": "Kirby Historical Annual Stock Price Data", "value": 56.08, "historical": {"2021": {"Average Stock Price": "54.8483", "Year Open": "51.5200", "Year High": "58.6400", "Year Low": "50.7600", "Year Close": "56.0800", "Annual % Change": "8.20%"}, "2020": {"Average Stock Price": "52.0672", "Year Open": "88.9400", "Year High": "91.4300", "Year Low": "34.2000", "Year Close": "51.8300", "Annual % Change": "-42.11%"}, "2019": {"Average Stock Price": "78.2002", "Year Open": "67.9600", "Year High": "89.6300", "Year Low": "66.6000", "Year Close": "89.5300", "Annual % Change": "32.91%"}, "2018": {"Average Stock Price": "79.9382", "Year Open": "67.8000", "Year High": "93.3000", "Year Low": "62.2900", "Year Close": "67.3600", "Annual % Change": "0.84%"}, "2017": {"Average Stock Price": "66.3213", "Year Open": "66.2500", "Year High": "73.1000", "Year Low": "60.0500", "Year Close": "66.8000", "Annual % Change": "0.45%"}, "2016": {"Average Stock Price": "60.2171", "Year Open": "51.2200", "Year High": "72.7100", "Year Low": "45.7700", "Year Close": "66.5000", "Annual % Change": "26.38%"}, "2015": {"Average Stock Price": "72.1579", "Year Open": "81.5300", "Year High": "83.9000", "Year Low": "50.8600", "Year Close": "52.6200", "Annual % Change": "-34.83%"}, "2014": {"Average Stock Price": "106.6087", "Year Open": "96.8500", "Year High": "123.2500", "Year Low": "80.3200", "Year Close": "80.7400", "Annual % Change": "-18.65%"}, "2013": {"Average Stock Price": "81.1631", "Year Open": "62.9500", "Year High": "99.2500", "Year Low": "62.4000", "Year Close": "99.2500", "Annual % Change": "60.37%"}, "2012": {"Average Stock Price": "58.9436", "Year Open": "64.9300", "Year High": "70.0000", "Year Low": "45.3900", "Year Close": "61.8900", "Annual % Change": "-6.00%"}, "2011": {"Average Stock Price": "55.6149", "Year Open": "44.3900", "Year High": "65.9900", "Year Low": "43.7500", "Year Close": "65.8400", "Annual % Change": "49.47%"}, "2010": {"Average Stock Price": "39.1384", "Year Open": "34.9400", "Year High": "45.4600", "Year Low": "31.3500", "Year Close": "44.0500", "Annual % Change": "26.47%"}, "2009": {"Average Stock Price": "31.7471", "Year Open": "28.3900", "Year High": "38.8100", "Year Low": "19.9400", "Year Close": "34.8300", "Annual % Change": "27.30%"}, "2008": {"Average Stock Price": "43.7058", "Year Open": "46.4800", "Year High": "60.0000", "Year Low": "20.9800", "Year Close": "27.3600", "Annual % Change": "-41.14%"}, "2007": {"Average Stock Price": "39.8773", "Year Open": "34.4300", "Year High": "49.9300", "Year Low": "33.6500", "Year Close": "46.4800", "Annual % Change": "36.19%"}, "2006": {"Average Stock Price": "33.1160", "Year Open": "26.5500", "Year High": "40.5550", "Year Low": "25.7300", "Year Close": "34.1300", "Annual % Change": "30.84%"}, "2005": {"Average Stock Price": "22.9893", "Year Open": "22.1650", "Year High": "27.6100", "Year Low": "19.0000", "Year Close": "26.0850", "Annual % Change": "17.55%"}, "2004": {"Average Stock Price": "18.7172", "Year Open": "17.6250", "Year High": "22.9750", "Year Low": "15.3550", "Year Close": "22.1900", "Annual % Change": "27.24%"}, "2003": {"Average Stock Price": "13.7727", "Year Open": "13.9800", "Year High": "17.4400", "Year Low": "11.0750", "Year Close": "17.4400", "Annual % Change": "27.35%"}, "2002": {"Average Stock Price": "13.0869", "Year Open": "14.1000", "Year High": "16.4250", "Year Low": "10.4750", "Year Close": "13.6950", "Annual % Change": "-0.58%"}, "2001": {"Average Stock Price": "11.6562", "Year Open": "10.4050", "Year High": "14.1750", "Year Low": "9.3250", "Year Close": "13.7750", "Annual % Change": "31.19%"}, "2000": {"Average Stock Price": "10.1466", "Year Open": "10.0300", "Year High": "12.3100", "Year Low": "8.6250", "Year Close": "10.5000", "Annual % Change": "2.44%"}, "1999": {"Average Stock Price": "9.5276", "Year Open": "9.8100", "Year High": "11.0600", "Year Low": "8.3450", "Year Close": "10.2500", "Annual % Change": "2.81%"}, "1998": {"Average Stock Price": "11.0236", "Year Open": "9.5950", "Year High": "12.8450", "Year Low": "8.7800", "Year Close": "9.9700", "Annual % Change": "3.26%"}, "1997": {"Average Stock Price": "9.5142", "Year Open": "9.7500", "Year High": "10.5000", "Year Low": "8.2500", "Year Close": "9.6550", "Annual % Change": "-2.23%"}, "1996": {"Average Stock Price": "8.8482", "Year Open": "8.1900", "Year High": "10.1900", "Year Low": "7.7500", "Year Close": "9.8750", "Annual % Change": "21.54%"}, "1995": {"Average Stock Price": "8.0386", "Year Open": "9.5600", "Year High": "9.6900", "Year Low": "6.6250", "Year Close": "8.1250", "Annual % Change": "-17.72%"}, "1994": {"Average Stock Price": "9.5237", "Year Open": "10.7500", "Year High": "11.5600", "Year Low": "7.8100", "Year Close": "9.8750", "Annual % Change": "-7.62%"}, "1993": {"Average Stock Price": "8.6454", "Year Open": "6.5000", "Year High": "11.0000", "Year Low": "5.8100", "Year Close": "10.6900", "Annual % Change": "65.99%"}, "1992": {"Average Stock Price": "6.4055", "Year Open": "6.0000", "Year High": "7.6250", "Year Low": "5.0000", "Year Close": "6.4400", "Annual % Change": "5.14%"}}}, "market cap": {"value": "$3.37B"}, "income statement": {"Revenue": {"2020-12-31": "2171.40800", "2019-12-31": "2838.39900", "2018-12-31": "2970.69700", "2017-12-31": "2214.41800", "2016-12-31": "1770.67300", "2015-12-31": "2147.53200", "2014-12-31": "2566.31800", "2013-12-31": "2242.19500", "2012-12-31": "2112.65800", "2011-12-31": "1850.41700", "2010-12-31": "1109.55700", "2009-12-31": "1082.15800", "2008-12-31": "1360.15400", "2007-12-31": "1172.62500", "2006-12-31": "984.21800", "2005-12-31": "795.72200"}, "Cost Of Goods Sold": {"2020-12-31": "1510.81800", "2019-12-31": "2030.04600", "2018-12-31": "2160.94600", "2017-12-31": "1558.09800", "2016-12-31": "1124.66600", "2015-12-31": "1362.36600", "2014-12-31": "1694.88200", "2013-12-31": "1448.80500", "2012-12-31": "1409.66200", "2011-12-31": "1228.44000", "2010-12-31": "683.23600", "2009-12-31": "637.83300", "2008-12-31": "843.31000", "2007-12-31": "735.42700", "2006-12-31": "631.33400", "2005-12-31": "515.25500"}, "Gross Profit": {"2020-12-31": "660.59000", "2019-12-31": "808.35290", "2018-12-31": "809.75100", "2017-12-31": "656.31990", "2016-12-31": "646.00700", "2015-12-31": "785.16600", "2014-12-31": "871.43620", "2013-12-31": "793.39000", "2012-12-31": "702.99600", "2011-12-31": "621.97710", "2010-12-31": "426.32100", "2009-12-31": "444.32500", "2008-12-31": "516.84410", "2007-12-31": "437.19800", "2006-12-31": "352.88400", "2005-12-31": "280.46700"}, "Research And Development Expenses": {"2020-12-31": "", "2019-12-31": "", "2018-12-31": "", "2017-12-31": "", "2016-12-31": "", "2015-12-31": "", "2014-12-31": "", "2013-12-31": "", "2012-12-31": "", "2011-12-31": "", "2010-12-31": "", "2009-12-31": "", "2008-12-31": "", "2007-12-31": "", "2006-12-31": "", "2005-12-31": ""}, "SG&A Expenses": {"2020-12-31": "300.27200", "2019-12-31": "354.84600", "2018-12-31": "343.64800", "2017-12-31": "249.61500", "2016-12-31": "197.59300", "2015-12-31": "213.93600", "2014-12-31": "227.09300", "2013-12-31": "193.65900", "2012-12-31": "193.00200", "2011-12-31": "183.56500", "2010-12-31": "130.90300", "2009-12-31": "133.50500", "2008-12-31": "155.29100", "2007-12-31": "135.11100", "2006-12-31": "120.55400", "2005-12-31": "100.91800"}, "Other Operating Income Or Expenses": {"2020-12-31": "-561.15600", "2019-12-31": "8.15200", "2018-12-31": "-83.14000", "2017-12-31": "-110.19900", "2016-12-31": "-0.12700", "2015-12-31": "1.67200", "2014-12-31": "0.78100", "2013-12-31": "0.88800", "2012-12-31": "-0.01400", "2011-12-31": "-0.04000", "2010-12-31": "-0.07800", "2009-12-31": "1.07900", "2008-12-31": "0.14200", "2007-12-31": "-0.38300", "2006-12-31": "1.43600", "2005-12-31": "2.36000"}, "Operating Expenses": {"2020-12-31": "2592.16700", "2019-12-31": "2596.37200", "2018-12-31": "2815.40800", "2017-12-31": "2120.79300", "2016-12-31": "1523.30300", "2015-12-31": "1766.87000", "2014-12-31": "2090.50600", "2013-12-31": "1806.01300", "2012-12-31": "1747.82500", "2011-12-31": "1538.07400", "2010-12-31": "909.51310", "2009-12-31": "866.12810", "2008-12-31": "1089.65800", "2007-12-31": "951.83700", "2006-12-31": "814.84800", "2005-12-31": "671.21800"}, "Operating Income": {"2020-12-31": "-420.75900", "2019-12-31": "242.02710", "2018-12-31": "155.28910", "2017-12-31": "93.62500", "2016-12-31": "247.37000", "2015-12-31": "380.66200", "2014-12-31": "475.81230", "2013-12-31": "436.18190", "2012-12-31": "364.83300", "2011-12-31": "312.34300", "2010-12-31": "200.04390", "2009-12-31": "216.02990", "2008-12-31": "270.49610", "2007-12-31": "220.78800", "2006-12-31": "169.37000", "2005-12-31": "124.50400"}, "Total Non-Operating Income/Expense": {"2020-12-31": "-40.59200", "2019-12-31": "-52.20700", "2018-12-31": "-41.13000", "2017-12-31": "-20.61100", "2016-12-31": "-19.62400", "2015-12-31": "-18.95000", "2014-12-31": "-21.42200", "2013-12-31": "-27.50400", "2012-12-31": "-24.30700", "2011-12-31": "-17.59600", "2010-12-31": "-10.40400", "2009-12-31": "-10.47200", "2008-12-31": "-14.57900", "2007-12-31": "-20.23900", "2006-12-31": "-15.16800", "2005-12-31": "-13.38200"}, "Pre-Tax Income": {"2020-12-31": "-461.35100", "2019-12-31": "189.82000", "2018-12-31": "114.15900", "2017-12-31": "73.01400", "2016-12-31": "227.74600", "2015-12-31": "361.71200", "2014-12-31": "454.39000", "2013-12-31": "408.67800", "2012-12-31": "340.52600", "2011-12-31": "294.74700", "2010-12-31": "189.64000", "2009-12-31": "205.55800", "2008-12-31": "255.91700", "2007-12-31": "200.54900", "2006-12-31": "154.20200", "2005-12-31": "111.12200"}, "Income Taxes": {"2020-12-31": "-189.75900", "2019-12-31": "46.80100", "2018-12-31": "35.08100", "2017-12-31": "-240.88900", "2016-12-31": "84.94200", "2015-12-31": "133.74200", "2014-12-31": "169.78200", "2013-12-31": "152.37900", "2012-12-31": "127.90700", "2011-12-31": "109.25500", "2010-12-31": "72.25800", "2009-12-31": "78.02000", "2008-12-31": "97.44400", "2007-12-31": "76.49100", "2006-12-31": "58.75100", "2005-12-31": "42.34100"}, "Income After Taxes": {"2020-12-31": "-271.59200", "2019-12-31": "143.01900", "2018-12-31": "79.07800", "2017-12-31": "313.90300", "2016-12-31": "142.80400", "2015-12-31": "227.97000", "2014-12-31": "284.60800", "2013-12-31": "256.29900", "2012-12-31": "212.61900", "2011-12-31": "185.49200", "2010-12-31": "117.38200", "2009-12-31": "127.53800", "2008-12-31": "158.47300", "2007-12-31": "124.05800", "2006-12-31": "95.45100", "2005-12-31": "68.78100"}, "Other Income": {"2020-12-31": "", "2019-12-31": "", "2018-12-31": "", "2017-12-31": "", "2016-12-31": "", "2015-12-31": "", "2014-12-31": "", "2013-12-31": "", "2012-12-31": "", "2011-12-31": "", "2010-12-31": "", "2009-12-31": "", "2008-12-31": "", "2007-12-31": "", "2006-12-31": "", "2005-12-31": ""}, "Income From Continuous Operations": {"2020-12-31": "-271.59200", "2019-12-31": "143.01900", "2018-12-31": "79.07800", "2017-12-31": "313.90300", "2016-12-31": "142.80400", "2015-12-31": "227.97000", "2014-12-31": "284.60800", "2013-12-31": "256.29900", "2012-12-31": "212.61900", "2011-12-31": "185.49200", "2010-12-31": "117.38200", "2009-12-31": "127.53800", "2008-12-31": "158.47300", "2007-12-31": "124.05800", "2006-12-31": "95.45100", "2005-12-31": "68.78100"}, "Income From Discontinued Operations": {"2020-12-31": "", "2019-12-31": "", "2018-12-31": "", "2017-12-31": "", "2016-12-31": "", "2015-12-31": "", "2014-12-31": "", "2013-12-31": "", "2012-12-31": "", "2011-12-31": "", "2010-12-31": "", "2009-12-31": "", "2008-12-31": "", "2007-12-31": "", "2006-12-31": "", "2005-12-31": ""}, "Net Income": {"2020-12-31": "-272.54600", "2019-12-31": "141.97800", "2018-12-31": "78.12800", "2017-12-31": "310.97400", "2016-12-31": "140.40700", "2015-12-31": "226.68400", "2014-12-31": "280.36300", "2013-12-31": "251.24200", "2012-12-31": "207.82000", "2011-12-31": "181.41300", "2010-12-31": "115.12400", "2009-12-31": "124.53800", "2008-12-31": "155.68400", "2007-12-31": "122.18100", "2006-12-31": "95.45100", "2005-12-31": "68.78100"}, "EBITDA": {"2020-12-31": "-420.75900", "2019-12-31": "500.44510", "2018-12-31": "421.34310", "2017-12-31": "330.15900", "2016-12-31": "480.63200", "2015-12-31": "607.50900", "2014-12-31": "675.48630", "2013-12-31": "621.26890", "2012-12-31": "519.77600", "2011-12-31": "447.60000", "2010-12-31": "306.20690", "2009-12-31": "321.75390", "2008-12-31": "370.95310", "2007-12-31": "308.04700", "2006-12-31": "240.58200", "2005-12-31": "183.60100"}, "EBIT": {"2020-12-31": "-420.75900", "2019-12-31": "242.02710", "2018-12-31": "155.28910", "2017-12-31": "93.62500", "2016-12-31": "247.37000", "2015-12-31": "380.66200", "2014-12-31": "475.81230", "2013-12-31": "436.18190", "2012-12-31": "364.83300", "2011-12-31": "312.34300", "2010-12-31": "200.04390", "2009-12-31": "216.02990", "2008-12-31": "270.49610", "2007-12-31": "220.78800", "2006-12-31": "169.37000", "2005-12-31": "124.50400"}, "Basic Shares Outstanding": {"2020-12-31": "59.91200", "2019-12-31": "59.75000", "2018-12-31": "59.55700", "2017-12-31": "55.30800", "2016-12-31": "53.45400", "2015-12-31": "54.72900", "2014-12-31": "56.67400", "2013-12-31": "56.35400", "2012-12-31": "55.46600", "2011-12-31": "54.19100", "2010-12-31": "53.33100", "2009-12-31": "53.19200", "2008-12-31": "53.23800", "2007-12-31": "52.83100", "2006-12-31": "52.47600", "2005-12-31": "50.22400"}, "Shares Outstanding": {"2020-12-31": "59.91200", "2019-12-31": "59.90900", "2018-12-31": "59.68900", "2017-12-31": "55.36100", "2016-12-31": "53.51200", "2015-12-31": "54.82600", "2014-12-31": "56.86700", "2013-12-31": "56.55200", "2012-12-31": "55.67400", "2011-12-31": "54.41300", "2010-12-31": "53.46600", "2009-12-31": "53.31300", "2008-12-31": "53.51300", "2007-12-31": "53.26300", "2006-12-31": "53.30400", "2005-12-31": "51.56200"}, "Basic EPS": {"2020-12-31": "-4.55000", "2019-12-31": "2.38000", "2018-12-31": "1.31000", "2017-12-31": "5.62000", "2016-12-31": "2.63000", "2015-12-31": "4.12000", "2014-12-31": "4.95000", "2013-12-31": "4.46000", "2012-12-31": "3.75000", "2011-12-31": "3.35000", "2010-12-31": "2.16000", "2009-12-31": "2.34000", "2008-12-31": "2.92000", "2007-12-31": "2.31000", "2006-12-31": "1.82000", "2005-12-31": "1.37000"}, "EPS - Earnings Per Share": {"2020-12-31": "-4.55000", "2019-12-31": "2.37000", "2018-12-31": "1.31000", "2017-12-31": "5.62000", "2016-12-31": "2.62000", "2015-12-31": "4.11000", "2014-12-31": "4.93000", "2013-12-31": "4.44000", "2012-12-31": "3.73000", "2011-12-31": "3.33000", "2010-12-31": "2.15000", "2009-12-31": "2.34000", "2008-12-31": "2.91000", "2007-12-31": "2.29000", "2006-12-31": "1.79000", "2005-12-31": "1.33000"}}, "income statement, quarterly": {"Revenue": {"2020-12-31": "489.75600", "2020-09-30": "496.56700", "2020-06-30": "541.15900", "2020-03-31": "643.92600", "2019-12-31": "655.92690", "2019-09-30": "666.80900", "2019-06-30": "771.04200", "2019-03-31": "744.62100", "2018-12-31": "721.49300", "2018-09-30": "704.84500", "2018-06-30": "802.67100", "2018-03-31": "741.68800", "2017-12-31": "708.11110", "2017-09-30": "541.27400", "2017-06-30": "473.32800", "2017-03-31": "491.70500", "2016-12-31": "435.64990", "2016-09-30": "434.70800", "2016-06-30": "441.58200", "2016-03-31": "458.73300", "2015-12-31": "484.13810", "2015-09-30": "532.56500", "2015-06-30": "543.15600", "2015-03-31": "587.67300", "2014-12-31": "668.29720", "2014-09-30": "680.72100", "2014-06-30": "628.05400", "2014-03-31": "589.24600", "2013-12-31": "568.39720", "2013-09-30": "551.10500", "2013-06-30": "563.90800", "2013-03-31": "558.78500", "2012-12-31": "512.55100", "2012-09-30": "521.32400", "2012-06-30": "511.84800", "2012-03-31": "566.93500", "2011-12-31": "550.14500", "2011-09-30": "563.58200", "2011-06-30": "437.33100", "2011-03-31": "299.35900", "2010-12-31": "286.31800", "2010-09-30": "281.31700", "2010-06-30": "273.66900", "2010-03-31": "268.25300", "2009-12-31": "259.58790", "2009-09-30": "272.16600", "2009-06-30": "272.74300", "2009-03-31": "277.66100", "2008-12-31": "326.67710", "2008-09-30": "354.64700", "2008-06-30": "348.26000", "2008-03-31": "330.57000", "2007-12-31": "307.85000", "2007-09-30": "302.55600", "2007-06-30": "288.00800", "2007-03-31": "274.21100", "2006-12-31": "251.41100", "2006-09-30": "264.61200", "2006-06-30": "243.29200", "2006-03-31": "224.90300", "2005-12-31": "213.26100", "2005-09-30": "198.74100", "2005-06-30": "199.27600", "2005-03-31": "184.44400"}, "Cost Of Goods Sold": {"2020-12-31": "342.94700", "2020-09-30": "340.76400", "2020-06-30": "373.53900", "2020-03-31": "453.56800", "2019-12-31": "471.38200", "2019-09-30": "458.51400", "2019-06-30": "563.49500", "2019-03-31": "536.65500", "2018-12-31": "520.58000", "2018-09-30": "498.42100", "2018-06-30": "588.62800", "2018-03-31": "553.31700", "2017-12-31": "509.79900", "2017-09-30": "378.75000", "2017-06-30": "324.75000", "2017-03-31": "344.79900", "2016-12-31": "276.69110", "2016-09-30": "282.16800", "2016-06-30": "276.89700", "2016-03-31": "288.91000", "2015-12-31": "300.72500", "2015-09-30": "333.11500", "2015-06-30": "343.74500", "2015-03-31": "384.78100", "2014-12-31": "451.01600", "2014-09-30": "457.17700", "2014-06-30": "403.46000", "2014-03-31": "383.22900", "2013-12-31": "365.54800", "2013-09-30": "344.39600", "2013-06-30": "369.58700", "2013-03-31": "369.27400", "2012-12-31": "334.39700", "2012-09-30": "344.99000", "2012-06-30": "345.91600", "2012-03-31": "384.35900", "2011-12-31": "369.51190", "2011-09-30": "378.52000", "2011-06-30": "294.90900", "2011-03-31": "185.49900", "2010-12-31": "177.32800", "2010-09-30": "172.02900", "2010-06-30": "168.92700", "2010-03-31": "164.95200", "2009-12-31": "150.84300", "2009-09-30": "157.18600", "2009-06-30": "160.71000", "2009-03-31": "169.09400", "2008-12-31": "193.83000", "2008-09-30": "220.87500", "2008-06-30": "220.25900", "2008-03-31": "208.34600", "2007-12-31": "192.88200", "2007-09-30": "186.33800", "2007-06-30": "180.60800", "2007-03-31": "175.59900", "2006-12-31": "160.74700", "2006-09-30": "169.00300", "2006-06-30": "157.09400", "2006-03-31": "144.49000", "2005-12-31": "136.79600", "2005-09-30": "130.26500", "2005-06-30": "128.26700", "2005-03-31": "119.92700"}, "Gross Profit": {"2020-12-31": "146.80900", "2020-09-30": "155.80300", "2020-06-30": "167.62000", "2020-03-31": "190.35800", "2019-12-31": "184.54490", "2019-09-30": "208.29500", "2019-06-30": "207.54700", "2019-03-31": "207.96590", "2018-12-31": "200.91310", "2018-09-30": "206.42400", "2018-06-30": "214.04300", "2018-03-31": "188.37100", "2017-12-31": "198.31210", "2017-09-30": "162.52400", "2017-06-30": "148.57800", "2017-03-31": "146.90600", "2016-12-31": "158.95890", "2016-09-30": "152.54000", "2016-06-30": "164.68500", "2016-03-31": "169.82300", "2015-12-31": "183.41310", "2015-09-30": "199.45000", "2015-06-30": "199.41100", "2015-03-31": "202.89200", "2014-12-31": "217.28130", "2014-09-30": "223.54400", "2014-06-30": "224.59400", "2014-03-31": "206.01700", "2013-12-31": "202.84910", "2013-09-30": "206.70900", "2013-06-30": "194.32100", "2013-03-31": "189.51100", "2012-12-31": "178.15400", "2012-09-30": "176.33400", "2012-06-30": "165.93200", "2012-03-31": "182.57600", "2011-12-31": "180.63300", "2011-09-30": "185.06200", "2011-06-30": "142.42200", "2011-03-31": "113.86000", "2010-12-31": "108.99000", "2010-09-30": "109.28800", "2010-06-30": "104.74200", "2010-03-31": "103.30100", "2009-12-31": "108.74490", "2009-09-30": "114.98000", "2009-06-30": "112.03300", "2009-03-31": "108.56700", "2008-12-31": "132.84710", "2008-09-30": "133.77200", "2008-06-30": "128.00100", "2008-03-31": "122.22400", "2007-12-31": "114.96800", "2007-09-30": "116.21800", "2007-06-30": "107.40000", "2007-03-31": "98.61200", "2006-12-31": "90.66400", "2006-09-30": "95.60900", "2006-06-30": "86.19800", "2006-03-31": "80.41300", "2005-12-31": "76.46500", "2005-09-30": "68.47600", "2005-06-30": "71.00900", "2005-03-31": "64.51700"}, "Research And Development Expenses": {"2020-12-31": "", "2020-09-30": "", "2020-06-30": "", "2020-03-31": "", "2019-12-31": "", "2019-09-30": "", "2019-06-30": "", "2019-03-31": "", "2018-12-31": "", "2018-09-30": "", "2018-06-30": "", "2018-03-31": "", "2017-12-31": "", "2017-09-30": "", "2017-06-30": "", "2017-03-31": "", "2016-12-31": "", "2016-09-30": "", "2016-06-30": "", "2016-03-31": "", "2015-12-31": "", "2015-09-30": "", "2015-06-30": "", "2015-03-31": "", "2014-12-31": "", "2014-09-30": "", "2014-06-30": "", "2014-03-31": "", "2013-12-31": "", "2013-09-30": "", "2013-06-30": "", "2013-03-31": "", "2012-12-31": "", "2012-09-30": "", "2012-06-30": "", "2012-03-31": "", "2011-12-31": "", "2011-09-30": "", "2011-06-30": "", "2011-03-31": "", "2010-12-31": "", "2010-09-30": "", "2010-06-30": "", "2010-03-31": "", "2009-12-31": "", "2009-09-30": "", "2009-06-30": "", "2009-03-31": "", "2008-12-31": "", "2008-09-30": "", "2008-06-30": "", "2008-03-31": "", "2007-12-31": "", "2007-09-30": "", "2007-06-30": "", "2007-03-31": "", "2006-12-31": "", "2006-09-30": "", "2006-06-30": "", "2006-03-31": "", "2005-12-31": "", "2005-09-30": "", "2005-06-30": "", "2005-03-31": ""}, "SG&A Expenses": {"2020-12-31": "67.31200", "2020-09-30": "70.79700", "2020-06-30": "78.67700", "2020-03-31": "83.48600", "2019-12-31": "116.75800", "2019-09-30": "75.56500", "2019-06-30": "79.72900", "2019-03-31": "82.79400", "2018-12-31": "74.62200", "2018-09-30": "80.55500", "2018-06-30": "103.14000", "2018-03-31": "85.33100", "2017-12-31": "85.70000", "2017-09-30": "58.23000", "2017-06-30": "52.89400", "2017-03-31": "52.79100", "2016-12-31": "47.32800", "2016-09-30": "46.09000", "2016-06-30": "48.31000", "2016-03-31": "55.86500", "2015-12-31": "49.56300", "2015-09-30": "54.24100", "2015-06-30": "54.54300", "2015-03-31": "55.58900", "2014-12-31": "59.19400", "2014-09-30": "53.03200", "2014-06-30": "56.68900", "2014-03-31": "58.17800", "2013-12-31": "52.73500", "2013-09-30": "46.95500", "2013-06-30": "45.33500", "2013-03-31": "48.63400", "2012-12-31": "40.95400", "2012-09-30": "47.92800", "2012-06-30": "47.10600", "2012-03-31": "57.01400", "2011-12-31": "51.81300", "2011-09-30": "56.02400", "2011-06-30": "42.77000", "2011-03-31": "32.95800", "2010-12-31": "30.36600", "2010-09-30": "32.42600", "2010-06-30": "31.23700", "2010-03-31": "36.87400", "2009-12-31": "32.74500", "2009-09-30": "30.93800", "2009-06-30": "31.92700", "2009-03-31": "37.89500", "2008-12-31": "42.39400", "2008-09-30": "39.58600", "2008-06-30": "36.90600", "2008-03-31": "36.40500", "2007-12-31": "34.19800", "2007-09-30": "34.55000", "2007-06-30": "32.72300", "2007-03-31": "33.64000", "2006-12-31": "31.07500", "2006-09-30": "32.61000", "2006-06-30": "29.92100", "2006-03-31": "26.94800", "2005-12-31": "26.83300", "2005-09-30": "24.80300", "2005-06-30": "25.13700", "2005-03-31": "24.14500"}, "Other Operating Income Or Expenses": {"2020-12-31": "0.13100", "2020-09-30": "-0.31600", "2020-06-30": "-0.18900", "2020-03-31": "-560.78200", "2019-12-31": "3.25100", "2019-09-30": "-0.37400", "2019-06-30": "3.11800", "2019-03-31": "2.15700", "2018-12-31": "-85.49800", "2018-09-30": "0.01800", "2018-06-30": "0.44200", "2018-03-31": "1.89800", "2017-12-31": "-110.00000", "2017-09-30": "-0.15900", "2017-06-30": "-0.13900", "2017-03-31": "0.09900", "2016-12-31": "-0.16600", "2016-09-30": "-0.12200", "2016-06-30": "0.09400", "2016-03-31": "0.06700", "2015-12-31": "0.42600", "2015-09-30": "-0.40000", "2015-06-30": "0.09100", "2015-03-31": "1.55500", "2014-12-31": "0.15600", "2014-09-30": "0.04700", "2014-06-30": "0.52700", "2014-03-31": "0.05100", "2013-12-31": "0.16000", "2013-09-30": "0.22300", "2013-06-30": "0.53700", "2013-03-31": "-0.03200", "2012-12-31": "-0.01500", "2012-09-30": "-0.04000", "2012-06-30": "0.06900", "2012-03-31": "-0.02800", "2011-12-31": "-0.11100", "2011-09-30": "0.09700", "2011-06-30": "0.04000", "2011-03-31": "-0.06600", "2010-12-31": "-0.02300", "2010-09-30": "0.00800", "2010-06-30": "-0.01900", "2010-03-31": "-0.04400", "2009-12-31": "-0.03800", "2009-09-30": "0.75300", "2009-06-30": "0.12000", "2009-03-31": "0.24400", "2008-12-31": "-0.13400", "2008-09-30": "-0.16600", "2008-06-30": "0.50000", "2008-03-31": "-0.05800", "2007-12-31": "0.14800", "2007-09-30": "0.03000", "2007-06-30": "-0.06200", "2007-03-31": "-0.49900", "2006-12-31": "0.23900", "2006-09-30": "0.25500", "2006-06-30": "0.78500", "2006-03-31": "0.15700", "2005-12-31": "0.39700", "2005-09-30": "-0.02400", "2005-06-30": "1.79500", "2005-03-31": "0.19200"}, "Operating Expenses": {"2020-12-31": "464.98200", "2020-09-30": "466.65600", "2020-06-30": "506.90700", "2020-03-31": "1153.62200", "2019-12-31": "639.74980", "2019-09-30": "588.90800", "2019-06-30": "695.19900", "2019-03-31": "672.51510", "2018-12-31": "740.73400", "2018-09-30": "636.88800", "2018-06-30": "746.81800", "2018-03-31": "690.96800", "2017-12-31": "760.71090", "2017-09-30": "488.34500", "2017-06-30": "426.07600", "2017-03-31": "445.66100", "2016-12-31": "376.67500", "2016-09-30": "378.52200", "2016-06-30": "374.77400", "2016-03-31": "393.33200", "2015-12-31": "399.75200", "2015-09-30": "437.51500", "2015-06-30": "445.02200", "2015-03-31": "484.58100", "2014-12-31": "554.48980", "2014-09-30": "552.59500", "2014-06-30": "501.02900", "2014-03-31": "482.39200", "2013-12-31": "459.65310", "2013-09-30": "432.76800", "2013-06-30": "454.65600", "2013-03-31": "458.93600", "2012-12-31": "413.11290", "2012-09-30": "428.68700", "2012-06-30": "428.15000", "2012-03-31": "477.87500", "2011-12-31": "457.23210", "2011-09-30": "471.27400", "2011-06-30": "365.85200", "2011-03-31": "243.71600", "2010-12-31": "232.65410", "2010-09-30": "228.58200", "2010-06-30": "223.03700", "2010-03-31": "225.24000", "2009-12-31": "209.77110", "2009-09-30": "212.30000", "2009-06-30": "215.03600", "2009-03-31": "229.02100", "2008-12-31": "260.42500", "2008-09-30": "283.04700", "2008-06-30": "279.05000", "2008-03-31": "267.13600", "2007-12-31": "247.57410", "2007-09-30": "241.26500", "2007-06-30": "233.67300", "2007-03-31": "229.32500", "2006-12-31": "208.68500", "2006-09-30": "218.04700", "2006-06-30": "201.74500", "2006-03-31": "186.37100", "2005-12-31": "177.96700", "2005-09-30": "168.81700", "2005-06-30": "165.57300", "2005-03-31": "158.86100"}, "Operating Income": {"2020-12-31": "24.77400", "2020-09-30": "29.91100", "2020-06-30": "34.25200", "2020-03-31": "-509.69600", "2019-12-31": "16.17710", "2019-09-30": "77.90100", "2019-06-30": "75.84300", "2019-03-31": "72.10590", "2018-12-31": "-19.24100", "2018-09-30": "67.95700", "2018-06-30": "55.85300", "2018-03-31": "50.72000", "2017-12-31": "-52.59990", "2017-09-30": "52.92900", "2017-06-30": "47.25200", "2017-03-31": "46.04400", "2016-12-31": "58.97500", "2016-09-30": "56.18600", "2016-06-30": "66.80800", "2016-03-31": "65.40100", "2015-12-31": "84.38610", "2015-09-30": "95.05000", "2015-06-30": "98.13400", "2015-03-31": "103.09200", "2014-12-31": "113.80740", "2014-09-30": "128.12600", "2014-06-30": "127.02500", "2014-03-31": "106.85390", "2013-12-31": "108.74400", "2013-09-30": "118.33690", "2013-06-30": "109.25200", "2013-03-31": "99.84900", "2012-12-31": "99.43810", "2012-09-30": "92.63700", "2012-06-30": "83.69800", "2012-03-31": "89.06000", "2011-12-31": "92.91290", "2011-09-30": "92.30800", "2011-06-30": "71.47900", "2011-03-31": "55.64300", "2010-12-31": "53.66390", "2010-09-30": "52.73500", "2010-06-30": "50.63200", "2010-03-31": "43.01300", "2009-12-31": "49.81680", "2009-09-30": "59.86600", "2009-06-30": "57.70700", "2009-03-31": "48.64000", "2008-12-31": "66.25210", "2008-09-30": "71.60000", "2008-06-30": "69.21000", "2008-03-31": "63.43400", "2007-12-31": "60.27590", "2007-09-30": "61.29100", "2007-06-30": "54.33500", "2007-03-31": "44.88600", "2006-12-31": "42.72600", "2006-09-30": "46.56500", "2006-06-30": "41.54700", "2006-03-31": "38.53200", "2005-12-31": "35.29400", "2005-09-30": "29.92400", "2005-06-30": "33.70300", "2005-03-31": "25.58300"}, "Total Non-Operating Income/Expense": {"2020-12-31": "-9.46100", "2020-09-30": "-10.63700", "2020-06-30": "-10.41800", "2020-03-31": "-10.07600", "2019-12-31": "-11.85800", "2019-09-30": "-13.44600", "2019-06-30": "-13.13400", "2019-03-31": "-13.76900", "2018-12-31": "-11.05100", "2018-09-30": "-10.89100", "2018-06-30": "-10.99900", "2018-03-31": "-8.18900", "2017-12-31": "-6.26000", "2017-09-30": "-5.06800", "2017-06-30": "-4.23700", "2017-03-31": "-5.04600", "2016-12-31": "-6.60500", "2016-09-30": "-4.62700", "2016-06-30": "-4.33400", "2016-03-31": "-4.05800", "2015-12-31": "-4.27100", "2015-09-30": "-4.42700", "2015-06-30": "-5.06200", "2015-03-31": "-5.19000", "2014-12-31": "-5.02400", "2014-09-30": "-5.19800", "2014-06-30": "-5.34600", "2014-03-31": "-5.85400", "2013-12-31": "-5.83900", "2013-09-30": "-6.63400", "2013-06-30": "-7.11800", "2013-03-31": "-7.91300", "2012-12-31": "-6.63300", "2012-09-30": "-6.11200", "2012-06-30": "-5.87100", "2012-03-31": "-5.69100", "2011-12-31": "-5.63400", "2011-09-30": "-5.98000", "2011-06-30": "-3.20000", "2011-03-31": "-2.78200", "2010-12-31": "-2.46200", "2010-09-30": "-2.61900", "2010-06-30": "-2.66700", "2010-03-31": "-2.65600", "2009-12-31": "-2.46000", "2009-09-30": "-2.59200", "2009-06-30": "-2.70200", "2009-03-31": "-2.71800", "2008-12-31": "-3.64200", "2008-09-30": "-3.53900", "2008-06-30": "-3.52000", "2008-03-31": "-3.87800", "2007-12-31": "-3.95600", "2007-09-30": "-5.48800", "2007-06-30": "-5.49100", "2007-03-31": "-5.30400", "2006-12-31": "-4.84700", "2006-09-30": "-4.80400", "2006-06-30": "-3.35100", "2006-03-31": "-2.16600", "2005-12-31": "-3.22200", "2005-09-30": "-2.04500", "2005-06-30": "-3.95000", "2005-03-31": "-4.16500"}, "Pre-Tax Income": {"2020-12-31": "15.31300", "2020-09-30": "19.27400", "2020-06-30": "23.83400", "2020-03-31": "-519.77200", "2019-12-31": "4.31900", "2019-09-30": "64.45500", "2019-06-30": "62.70900", "2019-03-31": "58.33700", "2018-12-31": "-30.29200", "2018-09-30": "57.06600", "2018-06-30": "44.85400", "2018-03-31": "42.53100", "2017-12-31": "-58.86000", "2017-09-30": "47.86100", "2017-06-30": "43.01500", "2017-03-31": "40.99800", "2016-12-31": "52.37000", "2016-09-30": "51.55900", "2016-06-30": "62.47400", "2016-03-31": "61.34300", "2015-12-31": "80.11500", "2015-09-30": "90.62300", "2015-06-30": "93.07200", "2015-03-31": "97.90200", "2014-12-31": "108.78300", "2014-09-30": "122.92800", "2014-06-30": "121.67900", "2014-03-31": "101.00000", "2013-12-31": "102.90500", "2013-09-30": "111.70300", "2013-06-30": "102.13400", "2013-03-31": "91.93600", "2012-12-31": "92.80500", "2012-09-30": "86.52500", "2012-06-30": "77.82700", "2012-03-31": "83.36900", "2011-12-31": "87.27900", "2011-09-30": "86.32800", "2011-06-30": "68.27900", "2011-03-31": "52.86100", "2010-12-31": "51.20200", "2010-09-30": "50.11600", "2010-06-30": "47.96500", "2010-03-31": "40.35700", "2009-12-31": "47.35700", "2009-09-30": "57.27400", "2009-06-30": "55.00500", "2009-03-31": "45.92200", "2008-12-31": "62.61000", "2008-09-30": "68.06100", "2008-06-30": "65.69000", "2008-03-31": "59.55600", "2007-12-31": "56.32000", "2007-09-30": "55.80300", "2007-06-30": "48.84400", "2007-03-31": "39.58200", "2006-12-31": "37.87900", "2006-09-30": "41.76100", "2006-06-30": "38.19600", "2006-03-31": "36.36600", "2005-12-31": "32.07200", "2005-09-30": "27.87900", "2005-06-30": "29.75300", "2005-03-31": "21.41800"}, "Income Taxes": {"2020-12-31": "-7.10200", "2020-09-30": "-8.41900", "2020-06-30": "-1.42900", "2020-03-31": "-172.80900", "2019-12-31": "1.34700", "2019-09-30": "16.30500", "2019-06-30": "15.26900", "2019-03-31": "13.88000", "2018-12-31": "-5.96100", "2018-09-30": "15.11600", "2018-06-30": "16.06100", "2018-03-31": "9.86500", "2017-12-31": "-290.35700", "2017-09-30": "19.07200", "2017-06-30": "17.04300", "2017-03-31": "13.35300", "2016-12-31": "19.51200", "2016-09-30": "19.20600", "2016-06-30": "23.36500", "2016-03-31": "22.85900", "2015-12-31": "29.04300", "2015-09-30": "33.51200", "2015-06-30": "34.69600", "2015-03-31": "36.49100", "2014-12-31": "40.31000", "2014-09-30": "45.71500", "2014-06-30": "45.76800", "2014-03-31": "37.98900", "2013-12-31": "37.64600", "2013-09-30": "42.00700", "2013-06-30": "38.34200", "2013-03-31": "34.38400", "2012-12-31": "34.23100", "2012-09-30": "32.79400", "2012-06-30": "29.39200", "2012-03-31": "31.49000", "2011-12-31": "30.51000", "2011-09-30": "32.73400", "2011-06-30": "26.05000", "2011-03-31": "19.96100", "2010-12-31": "19.27900", "2010-09-30": "19.21100", "2010-06-30": "18.32200", "2010-03-31": "15.44600", "2009-12-31": "17.71600", "2009-09-30": "21.82600", "2009-06-30": "21.02000", "2009-03-31": "17.45800", "2008-12-31": "23.72500", "2008-09-30": "25.93200", "2008-06-30": "25.03900", "2008-03-31": "22.74800", "2007-12-31": "21.25100", "2007-09-30": "21.37300", "2007-06-30": "18.70700", "2007-03-31": "15.16000", "2006-12-31": "14.43200", "2006-09-30": "15.91100", "2006-06-30": "14.55300", "2006-03-31": "13.85500", "2005-12-31": "12.30200", "2005-09-30": "10.59400", "2005-06-30": "11.30600", "2005-03-31": "8.13900"}, "Income After Taxes": {"2020-12-31": "22.41500", "2020-09-30": "27.69300", "2020-06-30": "25.26300", "2020-03-31": "-346.96300", "2019-12-31": "2.97200", "2019-09-30": "48.15000", "2019-06-30": "47.44000", "2019-03-31": "44.45700", "2018-12-31": "-24.33100", "2018-09-30": "41.95000", "2018-06-30": "28.79300", "2018-03-31": "32.66600", "2017-12-31": "231.49700", "2017-09-30": "28.78900", "2017-06-30": "25.97200", "2017-03-31": "27.64500", "2016-12-31": "32.85800", "2016-09-30": "32.35300", "2016-06-30": "39.10900", "2016-03-31": "38.48400", "2015-12-31": "51.07200", "2015-09-30": "57.11100", "2015-06-30": "58.37600", "2015-03-31": "61.41100", "2014-12-31": "68.47300", "2014-09-30": "77.21300", "2014-06-30": "75.91100", "2014-03-31": "63.01100", "2013-12-31": "65.25900", "2013-09-30": "69.69600", "2013-06-30": "63.79200", "2013-03-31": "57.55200", "2012-12-31": "58.57400", "2012-09-30": "53.73100", "2012-06-30": "48.43500", "2012-03-31": "51.87900", "2011-12-31": "56.76900", "2011-09-30": "53.59400", "2011-06-30": "42.22900", "2011-03-31": "32.90000", "2010-12-31": "31.92300", "2010-09-30": "30.90500", "2010-06-30": "29.64300", "2010-03-31": "24.91100", "2009-12-31": "29.64100", "2009-09-30": "35.44800", "2009-06-30": "33.98500", "2009-03-31": "28.46400", "2008-12-31": "38.88500", "2008-09-30": "42.12900", "2008-06-30": "40.65100", "2008-03-31": "36.80800", "2007-12-31": "35.06900", "2007-09-30": "34.43000", "2007-06-30": "30.13700", "2007-03-31": "24.42200", "2006-12-31": "23.44700", "2006-09-30": "25.85000", "2006-06-30": "23.64300", "2006-03-31": "22.51100", "2005-12-31": "19.77000", "2005-09-30": "17.28500", "2005-06-30": "18.44700", "2005-03-31": "13.27900"}, "Other Income": {"2020-12-31": "", "2020-09-30": "", "2020-06-30": "", "2020-03-31": "", "2019-12-31": "", "2019-09-30": "", "2019-06-30": "", "2019-03-31": "", "2018-12-31": "", "2018-09-30": "", "2018-06-30": "", "2018-03-31": "", "2017-12-31": "", "2017-09-30": "", "2017-06-30": "", "2017-03-31": "", "2016-12-31": "", "2016-09-30": "", "2016-06-30": "", "2016-03-31": "", "2015-12-31": "", "2015-09-30": "", "2015-06-30": "", "2015-03-31": "", "2014-12-31": "", "2014-09-30": "", "2014-06-30": "", "2014-03-31": "", "2013-12-31": "", "2013-09-30": "", "2013-06-30": "", "2013-03-31": "", "2012-12-31": "", "2012-09-30": "", "2012-06-30": "", "2012-03-31": "", "2011-12-31": "", "2011-09-30": "", "2011-06-30": "", "2011-03-31": "", "2010-12-31": "", "2010-09-30": "", "2010-06-30": "", "2010-03-31": "", "2009-12-31": "", "2009-09-30": "", "2009-06-30": "", "2009-03-31": "", "2008-12-31": "", "2008-09-30": "", "2008-06-30": "", "2008-03-31": "", "2007-12-31": "", "2007-09-30": "", "2007-06-30": "", "2007-03-31": "", "2006-12-31": "", "2006-09-30": "", "2006-06-30": "", "2006-03-31": "", "2005-12-31": "", "2005-09-30": "", "2005-06-30": "", "2005-03-31": ""}, "Income From Continuous Operations": {"2020-12-31": "22.41500", "2020-09-30": "27.69300", "2020-06-30": "25.26300", "2020-03-31": "-346.96300", "2019-12-31": "2.97200", "2019-09-30": "48.15000", "2019-06-30": "47.44000", "2019-03-31": "44.45700", "2018-12-31": "-24.33100", "2018-09-30": "41.95000", "2018-06-30": "28.79300", "2018-03-31": "32.66600", "2017-12-31": "231.49700", "2017-09-30": "28.78900", "2017-06-30": "25.97200", "2017-03-31": "27.64500", "2016-12-31": "32.85800", "2016-09-30": "32.35300", "2016-06-30": "39.10900", "2016-03-31": "38.48400", "2015-12-31": "51.07200", "2015-09-30": "57.11100", "2015-06-30": "58.37600", "2015-03-31": "61.41100", "2014-12-31": "68.47300", "2014-09-30": "77.21300", "2014-06-30": "75.91100", "2014-03-31": "63.01100", "2013-12-31": "65.25900", "2013-09-30": "69.69600", "2013-06-30": "63.79200", "2013-03-31": "57.55200", "2012-12-31": "58.57400", "2012-09-30": "53.73100", "2012-06-30": "48.43500", "2012-03-31": "51.87900", "2011-12-31": "56.76900", "2011-09-30": "53.59400", "2011-06-30": "42.22900", "2011-03-31": "32.90000", "2010-12-31": "31.92300", "2010-09-30": "30.90500", "2010-06-30": "29.64300", "2010-03-31": "24.91100", "2009-12-31": "29.64100", "2009-09-30": "35.44800", "2009-06-30": "33.98500", "2009-03-31": "28.46400", "2008-12-31": "38.88500", "2008-09-30": "42.12900", "2008-06-30": "40.65100", "2008-03-31": "36.80800", "2007-12-31": "35.06900", "2007-09-30": "34.43000", "2007-06-30": "30.13700", "2007-03-31": "24.42200", "2006-12-31": "23.44700", "2006-09-30": "25.85000", "2006-06-30": "23.64300", "2006-03-31": "22.51100", "2005-12-31": "19.77000", "2005-09-30": "17.28500", "2005-06-30": "18.44700", "2005-03-31": "13.27900"}, "Income From Discontinued Operations": {"2020-12-31": "", "2020-09-30": "", "2020-06-30": "", "2020-03-31": "", "2019-12-31": "", "2019-09-30": "", "2019-06-30": "", "2019-03-31": "", "2018-12-31": "", "2018-09-30": "", "2018-06-30": "", "2018-03-31": "", "2017-12-31": "", "2017-09-30": "", "2017-06-30": "", "2017-03-31": "", "2016-12-31": "", "2016-09-30": "", "2016-06-30": "", "2016-03-31": "", "2015-12-31": "", "2015-09-30": "", "2015-06-30": "", "2015-03-31": "", "2014-12-31": "", "2014-09-30": "", "2014-06-30": "", "2014-03-31": "", "2013-12-31": "", "2013-09-30": "", "2013-06-30": "", "2013-03-31": "", "2012-12-31": "", "2012-09-30": "", "2012-06-30": "", "2012-03-31": "", "2011-12-31": "", "2011-09-30": "", "2011-06-30": "", "2011-03-31": "", "2010-12-31": "", "2010-09-30": "", "2010-06-30": "", "2010-03-31": "", "2009-12-31": "", "2009-09-30": "", "2009-06-30": "", "2009-03-31": "", "2008-12-31": "", "2008-09-30": "", "2008-06-30": "", "2008-03-31": "", "2007-12-31": "", "2007-09-30": "", "2007-06-30": "", "2007-03-31": "", "2006-12-31": "", "2006-09-30": "", "2006-06-30": "", "2006-03-31": "", "2005-12-31": "", "2005-09-30": "", "2005-06-30": "", "2005-03-31": ""}, "Net Income": {"2020-12-31": "22.20400", "2020-09-30": "27.43200", "2020-06-30": "25.00200", "2020-03-31": "-347.24100", "2019-12-31": "2.65500", "2019-09-30": "47.85900", "2019-06-30": "47.28700", "2019-03-31": "44.17700", "2018-12-31": "-24.64500", "2018-09-30": "41.81600", "2018-06-30": "28.48600", "2018-03-31": "32.47100", "2017-12-31": "229.51500", "2017-09-30": "28.39400", "2017-06-30": "25.58200", "2017-03-31": "27.48300", "2016-12-31": "31.59600", "2016-09-30": "32.01000", "2016-06-30": "38.94200", "2016-03-31": "37.85900", "2015-12-31": "50.68800", "2015-09-30": "56.84300", "2015-06-30": "58.07500", "2015-03-31": "61.07800", "2014-12-31": "66.40800", "2014-09-30": "76.71700", "2014-06-30": "74.99200", "2014-03-31": "62.24600", "2013-12-31": "63.81200", "2013-09-30": "68.61900", "2013-06-30": "62.63400", "2013-03-31": "56.17700", "2012-12-31": "57.44700", "2012-09-30": "52.64600", "2012-06-30": "47.17600", "2012-03-31": "50.55100", "2011-12-31": "55.68100", "2011-09-30": "52.26600", "2011-06-30": "41.32200", "2011-03-31": "32.14400", "2010-12-31": "30.49500", "2010-09-30": "30.68700", "2010-06-30": "29.26800", "2010-03-31": "24.67400", "2009-12-31": "27.79900", "2009-09-30": "35.01400", "2009-06-30": "33.71900", "2009-03-31": "28.00600", "2008-12-31": "36.92500", "2008-09-30": "41.77800", "2008-06-30": "40.33400", "2008-03-31": "36.64700", "2007-12-31": "33.19200", "2007-09-30": "34.43000", "2007-06-30": "30.13700", "2007-03-31": "24.42200", "2006-12-31": "23.44700", "2006-09-30": "25.85000", "2006-06-30": "23.64300", "2006-03-31": "22.51100", "2005-12-31": "19.77000", "2005-09-30": "17.28500", "2005-06-30": "18.44700", "2005-03-31": "13.27900"}, "EBITDA": {"2020-12-31": "", "2020-09-30": "95.48800", "2020-06-30": "99.44500", "2020-03-31": "-441.47600", "2019-12-31": "81.45010", "2019-09-30": "142.39200", "2019-06-30": "139.40000", "2019-03-31": "137.20290", "2018-12-31": "46.02610", "2018-09-30": "134.56700", "2018-06-30": "123.10900", "2018-03-31": "117.64100", "2017-12-31": "11.25610", "2017-09-30": "112.69400", "2017-06-30": "104.06800", "2017-03-31": "102.14100", "2016-12-31": "120.15900", "2016-09-30": "114.73800", "2016-06-30": "124.31800", "2016-03-31": "121.41700", "2015-12-31": "142.16900", "2015-09-30": "154.93500", "2015-06-30": "153.44200", "2015-03-31": "156.96300", "2014-12-31": "167.90740", "2014-09-30": "178.27100", "2014-06-30": "179.26500", "2014-03-31": "150.04290", "2013-12-31": "162.00300", "2013-09-30": "163.83690", "2013-06-30": "152.45000", "2013-03-31": "142.97900", "2012-12-31": "139.65010", "2012-09-30": "131.20800", "2012-06-30": "121.47800", "2012-03-31": "127.44000", "2011-12-31": "130.82990", "2011-09-30": "131.75200", "2011-06-30": "102.22200", "2011-03-31": "82.79600", "2010-12-31": "80.43490", "2010-09-30": "79.16100", "2010-06-30": "75.55900", "2010-03-31": "71.05200", "2009-12-31": "79.39180", "2009-09-30": "87.20100", "2009-06-30": "82.40500", "2009-03-31": "72.75600", "2008-12-31": "92.34410", "2008-09-30": "96.45400", "2008-06-30": "94.23600", "2008-03-31": "87.91900", "2007-12-31": "82.43790", "2007-09-30": "83.53600", "2007-06-30": "76.28000", "2007-03-31": "65.79300", "2006-12-31": "61.20400", "2006-09-30": "65.36400", "2006-06-30": "58.96200", "2006-03-31": "55.05200", "2005-12-31": "50.50600", "2005-09-30": "44.12400", "2005-06-30": "48.11900", "2005-03-31": "40.85200"}, "EBIT": {"2020-12-31": "24.77400", "2020-09-30": "29.91100", "2020-06-30": "34.25200", "2020-03-31": "-509.69600", "2019-12-31": "16.17730", "2019-09-30": "77.90100", "2019-06-30": "75.84300", "2019-03-31": "72.10590", "2018-12-31": "-19.24090", "2018-09-30": "67.95700", "2018-06-30": "55.85300", "2018-03-31": "50.72000", "2017-12-31": "-52.60000", "2017-09-30": "52.92900", "2017-06-30": "47.25200", "2017-03-31": "46.04400", "2016-12-31": "58.97500", "2016-09-30": "56.18600", "2016-06-30": "66.80800", "2016-03-31": "65.40100", "2015-12-31": "84.38600", "2015-09-30": "95.05000", "2015-06-30": "98.13400", "2015-03-31": "103.09200", "2014-12-31": "113.80730", "2014-09-30": "128.12600", "2014-06-30": "127.02500", "2014-03-31": "106.85390", "2013-12-31": "108.74400", "2013-09-30": "118.33690", "2013-06-30": "109.25200", "2013-03-31": "99.84900", "2012-12-31": "99.43810", "2012-09-30": "92.63700", "2012-06-30": "83.69800", "2012-03-31": "89.06000", "2011-12-31": "92.91300", "2011-09-30": "92.30800", "2011-06-30": "71.47900", "2011-03-31": "55.64300", "2010-12-31": "53.66400", "2010-09-30": "52.73500", "2010-06-30": "50.63200", "2010-03-31": "43.01300", "2009-12-31": "49.81690", "2009-09-30": "59.86600", "2009-06-30": "57.70700", "2009-03-31": "48.64000", "2008-12-31": "66.25210", "2008-09-30": "71.60000", "2008-06-30": "69.21000", "2008-03-31": "63.43400", "2007-12-31": "60.27600", "2007-09-30": "61.29100", "2007-06-30": "54.33500", "2007-03-31": "44.88600", "2006-12-31": "42.72600", "2006-09-30": "46.56500", "2006-06-30": "41.54700", "2006-03-31": "38.53200", "2005-12-31": "35.29400", "2005-09-30": "29.92400", "2005-06-30": "33.70300", "2005-03-31": "25.58300"}, "Basic Shares Outstanding": {"2020-12-31": "59.93700", "2020-09-30": "59.91500", "2020-06-30": "59.91200", "2020-03-31": "59.88300", "2019-12-31": "59.75000", "2019-09-30": "59.74900", "2019-06-30": "59.74000", "2019-03-31": "59.70900", "2018-12-31": "59.55700", "2018-09-30": "59.63800", "2018-06-30": "59.54800", "2018-03-31": "59.39200", "2017-12-31": "55.30800", "2017-09-30": "54.76500", "2017-06-30": "53.58600", "2017-03-31": "53.54200", "2016-12-31": "53.45400", "2016-09-30": "53.45500", "2016-06-30": "53.45100", "2016-03-31": "53.44200", "2015-12-31": "54.72900", "2015-09-30": "54.38600", "2015-06-30": "55.31500", "2015-03-31": "55.58100", "2014-12-31": "56.67400", "2014-09-30": "56.72500", "2014-06-30": "56.67900", "2014-03-31": "56.56500", "2013-12-31": "56.35400", "2013-09-30": "56.37500", "2013-06-30": "56.33900", "2013-03-31": "56.26800", "2012-12-31": "55.46600", "2012-09-30": "55.44500", "2012-06-30": "55.42800", "2012-03-31": "55.37800", "2011-12-31": "54.19100", "2011-09-30": "55.15100", "2011-06-30": "53.20900", "2011-03-31": "53.16700", "2010-12-31": "53.33100", "2010-09-30": "53.31800", "2010-06-30": "53.56800", "2010-03-31": "53.40500", "2009-12-31": "53.19200", "2009-09-30": "53.21500", "2009-06-30": "53.18500", "2009-03-31": "53.11200", "2008-12-31": "53.23800", "2008-09-30": "53.44800", "2008-06-30": "53.42000", "2008-03-31": "53.22200", "2007-12-31": "52.83100", "2007-09-30": "52.98300", "2007-06-30": "52.84900", "2007-03-31": "52.71300", "2006-12-31": "52.47600", "2006-09-30": "52.58700", "2006-06-30": "52.45000", "2006-03-31": "52.05000", "2005-12-31": "50.22400", "2005-09-30": "50.06800", "2005-06-30": "49.89000", "2005-03-31": "49.70800"}, "Shares Outstanding": {"2020-12-31": "59.97500", "2020-09-30": "59.93100", "2020-06-30": "59.93700", "2020-03-31": "59.88300", "2019-12-31": "59.90900", "2019-09-30": "59.90600", "2019-06-30": "59.90700", "2019-03-31": "59.82300", "2018-12-31": "59.68900", "2018-09-30": "59.78400", "2018-06-30": "59.72000", "2018-03-31": "59.49300", "2017-12-31": "55.36100", "2017-09-30": "54.80300", "2017-06-30": "53.64500", "2017-03-31": "53.60900", "2016-12-31": "53.51200", "2016-09-30": "53.50100", "2016-06-30": "53.52600", "2016-03-31": "53.48300", "2015-12-31": "54.82600", "2015-09-30": "54.47200", "2015-06-30": "55.43200", "2015-03-31": "55.70300", "2014-12-31": "56.86700", "2014-09-30": "56.91900", "2014-06-30": "56.86900", "2014-03-31": "56.78100", "2013-12-31": "56.55200", "2013-09-30": "56.57200", "2013-06-30": "56.52900", "2013-03-31": "56.45500", "2012-12-31": "55.67400", "2012-09-30": "55.62700", "2012-06-30": "55.64000", "2012-03-31": "55.63500", "2011-12-31": "54.41300", "2011-09-30": "55.37100", "2011-06-30": "53.42700", "2011-03-31": "53.36800", "2010-12-31": "53.46600", "2010-09-30": "53.43900", "2010-06-30": "53.71300", "2010-03-31": "53.52700", "2009-12-31": "53.31300", "2009-09-30": "53.33700", "2009-06-30": "53.27300", "2009-03-31": "53.26500", "2008-12-31": "53.51300", "2008-09-30": "53.68800", "2008-06-30": "53.77300", "2008-03-31": "54.05100", "2007-12-31": "53.26300", "2007-09-30": "53.80200", "2007-06-30": "53.73100", "2007-03-31": "53.59100", "2006-12-31": "53.30400", "2006-09-30": "53.39200", "2006-06-30": "53.41100", "2006-03-31": "53.00200", "2005-12-31": "51.56200", "2005-09-30": "51.56400", "2005-06-30": "51.28400", "2005-03-31": "51.15600"}, "Basic EPS": {"2020-12-31": "0.37000", "2020-09-30": "0.46000", "2020-06-30": "0.42000", "2020-03-31": "-5.80000", "2019-12-31": "0.05000", "2019-09-30": "0.80000", "2019-06-30": "0.79000", "2019-03-31": "0.74000", "2018-12-31": "-0.41000", "2018-09-30": "0.70000", "2018-06-30": "0.48000", "2018-03-31": "0.54000", "2017-12-31": "4.11000", "2017-09-30": "0.52000", "2017-06-30": "0.48000", "2017-03-31": "0.51000", "2016-12-31": "0.61000", "2016-09-30": "0.59000", "2016-06-30": "0.72000", "2016-03-31": "0.71000", "2015-12-31": "0.95000", "2015-09-30": "1.04000", "2015-06-30": "1.04000", "2015-03-31": "1.09000", "2014-12-31": "1.20000", "2014-09-30": "1.34000", "2014-06-30": "1.32000", "2014-03-31": "1.09000", "2013-12-31": "1.13000", "2013-09-30": "1.22000", "2013-06-30": "1.11000", "2013-03-31": "1.00000", "2012-12-31": "1.04000", "2012-09-30": "0.95000", "2012-06-30": "0.85000", "2012-03-31": "0.91000", "2011-12-31": "1.02000", "2011-09-30": "0.95000", "2011-06-30": "0.78000", "2011-03-31": "0.60000", "2010-12-31": "0.59000", "2010-09-30": "0.57000", "2010-06-30": "0.54000", "2010-03-31": "0.46000", "2009-12-31": "0.54000", "2009-09-30": "0.65000", "2009-06-30": "0.63000", "2009-03-31": "0.52000", "2008-12-31": "0.71000", "2008-09-30": "0.77000", "2008-06-30": "0.75000", "2008-03-31": "0.69000", "2007-12-31": "0.63000", "2007-09-30": "0.65000", "2007-06-30": "0.57000", "2007-03-31": "0.46000", "2006-12-31": "0.45000", "2006-09-30": "0.49000", "2006-06-30": "0.45000", "2006-03-31": "0.43000", "2005-12-31": "0.38500", "2005-09-30": "0.35000", "2005-06-30": "0.37000", "2005-03-31": "0.26500"}, "EPS - Earnings Per Share": {"2020-12-31": "0.37000", "2020-09-30": "0.46000", "2020-06-30": "0.42000", "2020-03-31": "-5.80000", "2019-12-31": "0.04000", "2019-09-30": "0.80000", "2019-06-30": "0.79000", "2019-03-31": "0.74000", "2018-12-31": "-0.41000", "2018-09-30": "0.70000", "2018-06-30": "0.48000", "2018-03-31": "0.54000", "2017-12-31": "4.11000", "2017-09-30": "0.52000", "2017-06-30": "0.48000", "2017-03-31": "0.51000", "2016-12-31": "0.60000", "2016-09-30": "0.59000", "2016-06-30": "0.72000", "2016-03-31": "0.71000", "2015-12-31": "0.94000", "2015-09-30": "1.04000", "2015-06-30": "1.04000", "2015-03-31": "1.09000", "2014-12-31": "1.19000", "2014-09-30": "1.34000", "2014-06-30": "1.31000", "2014-03-31": "1.09000", "2013-12-31": "1.12000", "2013-09-30": "1.21000", "2013-06-30": "1.11000", "2013-03-31": "1.00000", "2012-12-31": "1.02000", "2012-09-30": "0.95000", "2012-06-30": "0.85000", "2012-03-31": "0.91000", "2011-12-31": "1.02000", "2011-09-30": "0.94000", "2011-06-30": "0.77000", "2011-03-31": "0.60000", "2010-12-31": "0.58000", "2010-09-30": "0.57000", "2010-06-30": "0.54000", "2010-03-31": "0.46000", "2009-12-31": "0.54000", "2009-09-30": "0.65000", "2009-06-30": "0.63000", "2009-03-31": "0.52000", "2008-12-31": "0.72000", "2008-09-30": "0.77000", "2008-06-30": "0.74000", "2008-03-31": "0.68000", "2007-12-31": "0.63000", "2007-09-30": "0.64000", "2007-06-30": "0.56000", "2007-03-31": "0.46000", "2006-12-31": "0.45000", "2006-09-30": "0.48000", "2006-06-30": "0.44000", "2006-03-31": "0.42000", "2005-12-31": "0.37000", "2005-09-30": "0.34000", "2005-06-30": "0.36000", "2005-03-31": "0.26000"}}, "balance sheet": {"Cash On Hand": {"2020-12-31": "", "2019-12-31": "24.73700", "2018-12-31": "7.80000", "2017-12-31": "20.10200", "2016-12-31": "5.63400", "2015-12-31": "5.88500", "2014-12-31": "24.29900", "2013-12-31": "4.02200", "2012-12-31": "11.05900", "2011-12-31": "16.24900", "2010-12-31": "195.60000", "2009-12-31": "97.83600", "2008-12-31": "8.64700", "2007-12-31": "5.11700", "2006-12-31": "2.65300", "2005-12-31": "17.83800"}, "Receivables": {"2020-12-31": "", "2019-12-31": "483.34900", "2018-12-31": "521.88300", "2017-12-31": "558.45300", "2016-12-31": "392.50400", "2015-12-31": "393.37400", "2014-12-31": "532.92300", "2013-12-31": "354.60200", "2012-12-31": "356.25600", "2011-12-31": "335.14700", "2010-12-31": "167.97100", "2009-12-31": "140.03900", "2008-12-31": "200.18600", "2007-12-31": "183.58900", "2006-12-31": "183.65900", "2005-12-31": "126.69900"}, "Inventory": {"2020-12-31": "", "2019-12-31": "351.40100", "2018-12-31": "507.44100", "2017-12-31": "315.72900", "2016-12-31": "185.40200", "2015-12-31": "184.51100", "2014-12-31": "192.35400", "2013-12-31": "135.88700", "2012-12-31": "177.39700", "2011-12-31": "130.13000", "2010-12-31": "38.82100", "2009-12-31": "39.79300", "2008-12-31": "48.51800", "2007-12-31": "53.37700", "2006-12-31": "41.77700", "2005-12-31": "18.96700"}, "Pre-Paid Expenses": {"2020-12-31": "", "2019-12-31": "58.09200", "2018-12-31": "59.36500", "2017-12-31": "62.79800", "2016-12-31": "49.41100", "2015-12-31": "45.28300", "2014-12-31": "43.01600", "2013-12-31": "40.03700", "2012-12-31": "39.24800", "2011-12-31": "33.61700", "2010-12-31": "17.10500", "2009-12-31": "14.96300", "2008-12-31": "12.16300", "2007-12-31": "18.73100", "2006-12-31": "16.42600", "2005-12-31": "19.00200"}, "Other Current Assets": {"2020-12-31": "", "2019-12-31": "", "2018-12-31": "", "2017-12-31": "", "2016-12-31": "", "2015-12-31": "", "2014-12-31": "", "2013-12-31": "", "2012-12-31": "", "2011-12-31": "", "2010-12-31": "", "2009-12-31": "", "2008-12-31": "", "2007-12-31": "", "2006-12-31": "", "2005-12-31": ""}, "Total Current Assets": {"2020-12-31": "", "2019-12-31": "917.57900", "2018-12-31": "1096.48900", "2017-12-31": "957.08200", "2016-12-31": "632.95100", "2015-12-31": "640.77600", "2014-12-31": "803.15400", "2013-12-31": "544.00600", "2012-12-31": "596.25600", "2011-12-31": "529.32900", "2010-12-31": "425.91500", "2009-12-31": "300.09700", "2008-12-31": "279.51100", "2007-12-31": "267.34300", "2006-12-31": "249.59200", "2005-12-31": "186.27600"}, "Property, Plant, And Equipment": {"2020-12-31": "", "2019-12-31": "3777.11000", "2018-12-31": "3539.80200", "2017-12-31": "2959.26500", "2016-12-31": "2921.37400", "2015-12-31": "2778.98000", "2014-12-31": "2589.49800", "2013-12-31": "2370.80300", "2012-12-31": "2315.16500", "2011-12-31": "1822.17300", "2010-12-31": "1118.16100", "2009-12-31": "1085.05700", "2008-12-31": "990.93200", "2007-12-31": "906.09800", "2006-12-31": "766.60600", "2005-12-31": "642.38100"}, "Long-Term Investments": {"2020-12-31": "", "2019-12-31": "2.02500", "2018-12-31": "2.49500", "2017-12-31": "1.89000", "2016-12-31": "2.62200", "2015-12-31": "2.09000", "2014-12-31": "2.53900", "2013-12-31": "2.15600", "2012-12-31": "1.80800", "2011-12-31": "3.68200", "2010-12-31": "3.33600", "2009-12-31": "3.05200", "2008-12-31": "2.05600", "2007-12-31": "1.92100", "2006-12-31": "2.26400", "2005-12-31": "11.86600"}, "Goodwill And Intangible Assets": {"2020-12-31": "", "2019-12-31": "1164.50800", "2018-12-31": "1178.02300", "2017-12-31": "1167.94300", "2016-12-31": "685.43700", "2015-12-31": "586.71800", "2014-12-31": "591.40500", "2013-12-31": "591.40500", "2012-12-31": "596.03000", "2011-12-31": "483.46800", "2010-12-31": "228.87300", "2009-12-31": "228.87300", "2008-12-31": "230.77400", "2007-12-31": "229.29200", "2006-12-31": "223.43200", "2005-12-31": "160.64100"}, "Other Long-Term Assets": {"2020-12-31": "", "2019-12-31": "58.23400", "2018-12-31": "54.78500", "2017-12-31": "41.24700", "2016-12-31": "47.51100", "2015-12-31": "143.71700", "2014-12-31": "155.31300", "2013-12-31": "174.14700", "2012-12-31": "143.86900", "2011-12-31": "121.75900", "2010-12-31": "18.65200", "2009-12-31": "18.88400", "2008-12-31": "22.82500", "2007-12-31": "25.82100", "2006-12-31": "29.22500", "2005-12-31": "24.38400"}, "Total Long-Term Assets": {"2020-12-31": "", "2019-12-31": "5161.51800", "2018-12-31": "4775.10500", "2017-12-31": "4170.34500", "2016-12-31": "3656.94400", "2015-12-31": "3511.50500", "2014-12-31": "3338.75500", "2013-12-31": "3138.51100", "2012-12-31": "3056.87200", "2011-12-31": "2431.08200", "2010-12-31": "1369.02200", "2009-12-31": "1335.86600", "2008-12-31": "1246.58700", "2007-12-31": "1163.13200", "2006-12-31": "1021.52700", "2005-12-31": "839.27200"}, "Total Assets": {"2020-12-31": "0.00000", "2019-12-31": "6079.09700", "2018-12-31": "5871.59400", "2017-12-31": "5127.42700", "2016-12-31": "4289.89500", "2015-12-31": "4152.28100", "2014-12-31": "4141.90900", "2013-12-31": "3682.51700", "2012-12-31": "3653.12800", "2011-12-31": "2960.41100", "2010-12-31": "1794.93700", "2009-12-31": "1635.96300", "2008-12-31": "1526.09800", "2007-12-31": "1430.47500", "2006-12-31": "1271.11900", "2005-12-31": "1025.54800"}, "Total Current Liabilities": {"2020-12-31": "", "2019-12-31": "514.11500", "2018-12-31": "607.78200", "2017-12-31": "480.30600", "2016-12-31": "358.33800", "2015-12-31": "361.91700", "2014-12-31": "594.02700", "2013-12-31": "345.98900", "2012-12-31": "355.02000", "2011-12-31": "358.80000", "2010-12-31": "160.25900", "2009-12-31": "137.10400", "2008-12-31": "173.06600", "2007-12-31": "191.42000", "2006-12-31": "166.86700", "2005-12-31": "139.82100"}, "Long Term Debt": {"2020-12-31": "", "2019-12-31": "1369.75100", "2018-12-31": "1410.16900", "2017-12-31": "992.40300", "2016-12-31": "722.80200", "2015-12-31": "774.84900", "2014-12-31": "600.00000", "2013-12-31": "749.15000", "2012-12-31": "1070.11000", "2011-12-31": "763.00000", "2010-12-31": "200.00600", "2009-12-31": "200.20400", "2008-12-31": "246.06400", "2007-12-31": "296.01500", "2006-12-31": "309.51800", "2005-12-31": "200.03200"}, "Other Non-Current Liabilities": {"2020-12-31": "", "2019-12-31": "95.97800", "2018-12-31": "94.55700", "2017-12-31": "72.04400", "2016-12-31": "90.43500", "2015-12-31": "66.51100", "2014-12-31": "87.20000", "2013-12-31": "21.11500", "2012-12-31": "94.84800", "2011-12-31": "92.09800", "2010-12-31": "43.75800", "2009-12-31": "42.16300", "2008-12-31": "67.84500", "2007-12-31": "39.33400", "2006-12-31": "33.77800", "2005-12-31": "18.31000"}, "Total Long Term Liabilities": {"2020-12-31": "", "2019-12-31": "2193.39000", "2018-12-31": "2047.51100", "2017-12-31": "1532.89800", "2016-12-31": "1518.69000", "2015-12-31": "1511.16800", "2014-12-31": "1282.96900", "2013-12-31": "1314.37500", "2012-12-31": "1591.05400", "2011-12-31": "1147.45300", "2010-12-31": "475.53900", "2009-12-31": "442.76400", "2008-12-31": "459.47700", "2007-12-31": "469.22500", "2006-12-31": "472.25700", "2005-12-31": "348.18500"}, "Total Liabilities": {"2020-12-31": "", "2019-12-31": "2707.50500", "2018-12-31": "2655.29300", "2017-12-31": "2013.20400", "2016-12-31": "1877.02800", "2015-12-31": "1873.08500", "2014-12-31": "1876.99600", "2013-12-31": "1660.36400", "2012-12-31": "1946.07400", "2011-12-31": "1506.25300", "2010-12-31": "635.79800", "2009-12-31": "579.86800", "2008-12-31": "632.54300", "2007-12-31": "660.64500", "2006-12-31": "639.12400", "2005-12-31": "488.00600"}, "Common Stock Net": {"2020-12-31": "", "2019-12-31": "6.54700", "2018-12-31": "6.54700", "2017-12-31": "6.54700", "2016-12-31": "5.97800", "2015-12-31": "5.97800", "2014-12-31": "5.97800", "2013-12-31": "5.97800", "2012-12-31": "5.97800", "2011-12-31": "5.92800", "2010-12-31": "5.73400", "2009-12-31": "5.73400", "2008-12-31": "5.73400", "2007-12-31": "5.73400", "2006-12-31": "5.73400", "2005-12-31": "3.09100"}, "Retained Earnings (Accumulated Deficit)": {"2020-12-31": "", "2019-12-31": "2865.93900", "2018-12-31": "2723.59200", "2017-12-31": "2646.93700", "2016-12-31": "2342.23600", "2015-12-31": "2200.83000", "2014-12-31": "1974.14600", "2013-12-31": "1692.14000", "2012-12-31": "1439.07900", "2011-12-31": "1229.64100", "2010-12-31": "1046.61500", "2009-12-31": "930.36600", "2008-12-31": "804.42500", "2007-12-31": "647.69200", "2006-12-31": "524.35100", "2005-12-31": "428.90000"}, "Comprehensive Income": {"2020-12-31": "", "2019-12-31": "-37.79900", "2018-12-31": "-33.51100", "2017-12-31": "-32.40500", "2016-12-31": "-51.00700", "2015-12-31": "-44.68600", "2014-12-31": "-61.03700", "2013-12-31": "-16.79300", "2012-12-31": "-61.12700", "2011-12-31": "-56.17600", "2010-12-31": "-33.64200", "2009-12-31": "-30.46800", "2008-12-31": "-55.04700", "2007-12-31": "-22.52200", "2006-12-31": "-23.08700", "2005-12-31": "-2.02800"}, "Other Share Holders Equity": {"2020-12-31": "", "2019-12-31": "", "2018-12-31": "", "2017-12-31": "", "2016-12-31": "", "2015-12-31": "", "2014-12-31": "", "2013-12-31": "", "2012-12-31": "", "2011-12-31": "", "2010-12-31": "", "2009-12-31": "", "2008-12-31": "", "2007-12-31": "", "2006-12-31": "", "2005-12-31": ""}, "Share Holder Equity": {"2020-12-31": "", "2019-12-31": "3371.59200", "2018-12-31": "3216.30100", "2017-12-31": "3114.22300", "2016-12-31": "2412.86700", "2015-12-31": "2279.19600", "2014-12-31": "2264.91300", "2013-12-31": "2022.15300", "2012-12-31": "1707.05400", "2011-12-31": "1454.15800", "2010-12-31": "1159.13900", "2009-12-31": "1056.09500", "2008-12-31": "893.55500", "2007-12-31": "769.83000", "2006-12-31": "631.99500", "2005-12-31": "537.54200"}, "Total Liabilities And Share Holders Equity": {"2020-12-31": "", "2019-12-31": "6079.09700", "2018-12-31": "5871.59400", "2017-12-31": "5127.42700", "2016-12-31": "4289.89500", "2015-12-31": "4152.28100", "2014-12-31": "4141.90900", "2013-12-31": "3682.51700", "2012-12-31": "3653.12800", "2011-12-31": "2960.41100", "2010-12-31": "1794.93700", "2009-12-31": "1635.96300", "2008-12-31": "1526.09800", "2007-12-31": "1430.47500", "2006-12-31": "1271.11900", "2005-12-31": "1025.54800"}}, "balance sheet, quarterly": {"Cash On Hand": {"2020-12-31": "", "2020-09-30": "119.58600", "2020-06-30": "108.47100", "2020-03-31": "322.57100", "2019-12-31": "24.73700", "2019-09-30": "9.42500", "2019-06-30": "22.52100", "2019-03-31": "7.28900", "2018-12-31": "7.80000", "2018-09-30": "3.61700", "2018-06-30": "4.19800", "2018-03-31": "7.01000", "2017-12-31": "20.10200", "2017-09-30": "4.82600", "2017-06-30": "1.57700", "2017-03-31": "2.75600", "2016-12-31": "5.63400", "2016-09-30": "5.38100", "2016-06-30": "2.85900", "2016-03-31": "1.71700", "2015-12-31": "5.88500", "2015-09-30": "2.51500", "2015-06-30": "4.98900", "2015-03-31": "4.49100", "2014-12-31": "24.29900", "2014-09-30": "3.68400", "2014-06-30": "2.93400", "2014-03-31": "19.24400", "2013-12-31": "4.02200", "2013-09-30": "6.48200", "2013-06-30": "5.26300", "2013-03-31": "3.83800", "2012-12-31": "11.05900", "2012-09-30": "5.14300", "2012-06-30": "5.80500", "2012-03-31": "5.04500", "2011-12-31": "16.24900", "2011-09-30": "8.36500", "2011-06-30": "7.33200", "2011-03-31": "172.09300", "2010-12-31": "195.60000", "2010-09-30": "149.20400", "2010-06-30": "140.75100", "2010-03-31": "121.36400", "2009-12-31": "97.83600", "2009-09-30": "39.76200", "2009-06-30": "8.47800", "2009-03-31": "6.04000", "2008-12-31": "8.64700", "2008-09-30": "1.93600", "2008-06-30": "6.12200", "2008-03-31": "3.68900", "2007-12-31": "5.11700", "2007-09-30": "3.93000", "2007-06-30": "23.44800", "2007-03-31": "2.76900", "2006-12-31": "2.65300", "2006-09-30": "4.11800", "2006-06-30": "1.27800", "2006-03-31": "23.17100", "2005-12-31": "17.83800", "2005-09-30": "3.06600", "2005-06-30": "1.78500", "2005-03-31": "2.28100"}, "Receivables": {"2020-12-31": "", "2020-09-30": "561.67700", "2020-06-30": "576.86200", "2020-03-31": "643.30400", "2019-12-31": "483.34900", "2019-09-30": "482.20100", "2019-06-30": "550.52600", "2019-03-31": "562.15500", "2018-12-31": "521.88300", "2018-09-30": "512.09100", "2018-06-30": "564.95400", "2018-03-31": "596.50500", "2017-12-31": "558.45300", "2017-09-30": "511.20800", "2017-06-30": "382.27600", "2017-03-31": "389.40700", "2016-12-31": "392.50400", "2016-09-30": "327.09000", "2016-06-30": "360.17500", "2016-03-31": "353.08400", "2015-12-31": "393.37400", "2015-09-30": "411.76000", "2015-06-30": "429.59300", "2015-03-31": "472.41200", "2014-12-31": "532.92300", "2014-09-30": "489.56000", "2014-06-30": "466.84500", "2014-03-31": "457.88600", "2013-12-31": "354.60200", "2013-09-30": "340.76000", "2013-06-30": "377.62000", "2013-03-31": "366.75100", "2012-12-31": "356.25600", "2012-09-30": "334.40100", "2012-06-30": "332.65400", "2012-03-31": "338.48600", "2011-12-31": "335.14700", "2011-09-30": "315.36000", "2011-06-30": "267.03700", "2011-03-31": "171.98700", "2010-12-31": "167.97100", "2010-09-30": "182.06600", "2010-06-30": "153.94400", "2010-03-31": "154.71400", "2009-12-31": "140.03900", "2009-09-30": "145.05800", "2009-06-30": "153.73300", "2009-03-31": "161.41400", "2008-12-31": "200.18600", "2008-09-30": "219.90400", "2008-06-30": "214.67600", "2008-03-31": "193.37400", "2007-12-31": "183.58900", "2007-09-30": "192.95500", "2007-06-30": "190.39800", "2007-03-31": "189.39100", "2006-12-31": "183.65900", "2006-09-30": "176.56400", "2006-06-30": "172.83000", "2006-03-31": "137.36300", "2005-12-31": "126.69900", "2005-09-30": "116.47900", "2005-06-30": "114.63700", "2005-03-31": "112.93000"}, "Inventory": {"2020-12-31": "", "2020-09-30": "321.43300", "2020-06-30": "335.95800", "2020-03-31": "341.49800", "2019-12-31": "351.40100", "2019-09-30": "410.26100", "2019-06-30": "428.26400", "2019-03-31": "491.56600", "2018-12-31": "507.44100", "2018-09-30": "453.17300", "2018-06-30": "384.00700", "2018-03-31": "372.18200", "2017-12-31": "315.72900", "2017-09-30": "323.40300", "2017-06-30": "180.84100", "2017-03-31": "173.93200", "2016-12-31": "185.40200", "2016-09-30": "179.11000", "2016-06-30": "187.71700", "2016-03-31": "186.93000", "2015-12-31": "184.51100", "2015-09-30": "185.93800", "2015-06-30": "191.06100", "2015-03-31": "195.72900", "2014-12-31": "192.35400", "2014-09-30": "164.84300", "2014-06-30": "135.93300", "2014-03-31": "122.00900", "2013-12-31": "135.88700", "2013-09-30": "138.43900", "2013-06-30": "139.54700", "2013-03-31": "164.72600", "2012-12-31": "177.39700", "2012-09-30": "166.60500", "2012-06-30": "170.85200", "2012-03-31": "135.45300", "2011-12-31": "130.13000", "2011-09-30": "126.32400", "2011-06-30": "116.87100", "2011-03-31": "35.83900", "2010-12-31": "38.82100", "2010-09-30": "37.32400", "2010-06-30": "37.00500", "2010-03-31": "36.48400", "2009-12-31": "39.79300", "2009-09-30": "40.06500", "2009-06-30": "44.59000", "2009-03-31": "48.31300", "2008-12-31": "48.51800", "2008-09-30": "50.65600", "2008-06-30": "49.47100", "2008-03-31": "49.47500", "2007-12-31": "53.37700", "2007-09-30": "47.20700", "2007-06-30": "40.08300", "2007-03-31": "41.49800", "2006-12-31": "41.77700", "2006-09-30": "40.38800", "2006-06-30": "38.32100", "2006-03-31": "22.51900", "2005-12-31": "18.96700", "2005-09-30": "18.44100", "2005-06-30": "17.88100", "2005-03-31": "15.72700"}, "Pre-Paid Expenses": {"2020-12-31": "", "2020-09-30": "58.02300", "2020-06-30": "57.02300", "2020-03-31": "60.64000", "2019-12-31": "58.09200", "2019-09-30": "56.64600", "2019-06-30": "52.95300", "2019-03-31": "57.24200", "2018-12-31": "59.36500", "2018-09-30": "85.63900", "2018-06-30": "82.17300", "2018-03-31": "80.95700", "2017-12-31": "62.79800", "2017-09-30": "51.32700", "2017-06-30": "38.95100", "2017-03-31": "43.49300", "2016-12-31": "49.41100", "2016-09-30": "55.90200", "2016-06-30": "58.48000", "2016-03-31": "45.08800", "2015-12-31": "45.28300", "2015-09-30": "58.25600", "2015-06-30": "38.13900", "2015-03-31": "39.09700", "2014-12-31": "43.01600", "2014-09-30": "48.21400", "2014-06-30": "46.10100", "2014-03-31": "47.39100", "2013-12-31": "40.03700", "2013-09-30": "39.51100", "2013-06-30": "38.27700", "2013-03-31": "40.54200", "2012-12-31": "39.24800", "2012-09-30": "35.08400", "2012-06-30": "29.24500", "2012-03-31": "34.59100", "2011-12-31": "33.61700", "2011-09-30": "35.06600", "2011-06-30": "22.68700", "2011-03-31": "22.55300", "2010-12-31": "17.10500", "2010-09-30": "16.52000", "2010-06-30": "14.66800", "2010-03-31": "16.61500", "2009-12-31": "14.96300", "2009-09-30": "13.78900", "2009-06-30": "13.31400", "2009-03-31": "11.72900", "2008-12-31": "12.16300", "2008-09-30": "22.28500", "2008-06-30": "25.59500", "2008-03-31": "21.84000", "2007-12-31": "18.73100", "2007-09-30": "17.01100", "2007-06-30": "16.15400", "2007-03-31": "14.77900", "2006-12-31": "16.42600", "2006-09-30": "22.85900", "2006-06-30": "20.64200", "2006-03-31": "19.04600", "2005-12-31": "19.00200", "2005-09-30": "20.90300", "2005-06-30": "16.67900", "2005-03-31": "16.68400"}, "Other Current Assets": {"2020-12-31": "", "2020-09-30": "", "2020-06-30": "", "2020-03-31": "", "2019-12-31": "", "2019-09-30": "", "2019-06-30": "", "2019-03-31": "", "2018-12-31": "", "2018-09-30": "", "2018-06-30": "", "2018-03-31": "", "2017-12-31": "", "2017-09-30": "", "2017-06-30": "", "2017-03-31": "", "2016-12-31": "", "2016-09-30": "", "2016-06-30": "", "2016-03-31": "", "2015-12-31": "", "2015-09-30": "", "2015-06-30": "", "2015-03-31": "", "2014-12-31": "", "2014-09-30": "", "2014-06-30": "", "2014-03-31": "", "2013-12-31": "", "2013-09-30": "", "2013-06-30": "", "2013-03-31": "", "2012-12-31": "", "2012-09-30": "", "2012-06-30": "", "2012-03-31": "", "2011-12-31": "", "2011-09-30": "", "2011-06-30": "", "2011-03-31": "", "2010-12-31": "", "2010-09-30": "", "2010-06-30": "", "2010-03-31": "", "2009-12-31": "", "2009-09-30": "", "2009-06-30": "", "2009-03-31": "", "2008-12-31": "", "2008-09-30": "", "2008-06-30": "", "2008-03-31": "", "2007-12-31": "", "2007-09-30": "", "2007-06-30": "", "2007-03-31": "", "2006-12-31": "", "2006-09-30": "", "2006-06-30": "", "2006-03-31": "", "2005-12-31": "", "2005-09-30": "", "2005-06-30": "", "2005-03-31": ""}, "Total Current Assets": {"2020-12-31": "", "2020-09-30": "1060.71900", "2020-06-30": "1078.31400", "2020-03-31": "1368.01300", "2019-12-31": "917.57900", "2019-09-30": "958.53300", "2019-06-30": "1054.26400", "2019-03-31": "1118.25200", "2018-12-31": "1096.48900", "2018-09-30": "1054.52000", "2018-06-30": "1035.33200", "2018-03-31": "1056.65400", "2017-12-31": "957.08200", "2017-09-30": "890.76400", "2017-06-30": "603.64500", "2017-03-31": "609.58800", "2016-12-31": "632.95100", "2016-09-30": "578.74600", "2016-06-30": "620.53300", "2016-03-31": "598.00700", "2015-12-31": "640.77600", "2015-09-30": "670.98000", "2015-06-30": "676.62600", "2015-03-31": "723.56000", "2014-12-31": "803.15400", "2014-09-30": "714.71000", "2014-06-30": "661.40500", "2014-03-31": "654.97500", "2013-12-31": "544.00600", "2013-09-30": "535.18300", "2013-06-30": "567.17100", "2013-03-31": "585.78600", "2012-12-31": "596.25600", "2012-09-30": "555.03300", "2012-06-30": "554.54500", "2012-03-31": "527.96900", "2011-12-31": "529.32900", "2011-09-30": "496.54900", "2011-06-30": "422.70500", "2011-03-31": "408.78000", "2010-12-31": "425.91500", "2010-09-30": "391.56100", "2010-06-30": "353.77400", "2010-03-31": "336.75200", "2009-12-31": "300.09700", "2009-09-30": "246.30400", "2009-06-30": "229.61600", "2009-03-31": "237.72900", "2008-12-31": "279.51100", "2008-09-30": "302.02200", "2008-06-30": "303.50900", "2008-03-31": "274.94400", "2007-12-31": "267.34300", "2007-09-30": "266.28600", "2007-06-30": "274.94100", "2007-03-31": "253.40300", "2006-12-31": "249.59200", "2006-09-30": "248.86200", "2006-06-30": "236.93500", "2006-03-31": "205.99700", "2005-12-31": "186.27600", "2005-09-30": "161.23200", "2005-06-30": "153.48600", "2005-03-31": "150.04000"}, "Property, Plant, And Equipment": {"2020-12-31": "", "2020-09-30": "3958.14400", "2020-06-30": "3976.02500", "2020-03-31": "3776.78400", "2019-12-31": "3777.11000", "2019-09-30": "3793.73200", "2019-06-30": "3796.41800", "2019-03-31": "3792.44000", "2018-12-31": "3539.80200", "2018-09-30": "3561.50000", "2018-06-30": "3549.06600", "2018-03-31": "3443.86800", "2017-12-31": "2959.26500", "2017-09-30": "3096.11000", "2017-06-30": "2889.00700", "2017-03-31": "2915.99700", "2016-12-31": "2921.37400", "2016-09-30": "2918.91500", "2016-06-30": "2917.25000", "2016-03-31": "2783.51300", "2015-12-31": "2778.98000", "2015-09-30": "2754.36100", "2015-06-30": "2731.65900", "2015-03-31": "2683.03200", "2014-12-31": "2589.49800", "2014-09-30": "2485.43100", "2014-06-30": "2452.07500", "2014-03-31": "2393.77600", "2013-12-31": "2370.80300", "2013-09-30": "2367.04800", "2013-06-30": "2383.96300", "2013-03-31": "2345.42800", "2012-12-31": "2315.16500", "2012-09-30": "1963.85100", "2012-06-30": "1903.27800", "2012-03-31": "1847.08800", "2011-12-31": "1822.17300", "2011-09-30": "1764.16800", "2011-06-30": "1234.32500", "2011-03-31": "1176.74600", "2010-12-31": "1118.16100", "2010-09-30": "1117.69400", "2010-06-30": "1102.29100", "2010-03-31": "1094.68700", "2009-12-31": "1085.05700", "2009-09-30": "1083.70200", "2009-06-30": "1063.58700", "2009-03-31": "1033.76000", "2008-12-31": "990.93200", "2008-09-30": "984.40600", "2008-06-30": "971.30600", "2008-03-31": "935.11100", "2007-12-31": "906.09800", "2007-09-30": "880.23900", "2007-06-30": "870.30600", "2007-03-31": "847.78100", "2006-12-31": "766.60600", "2006-09-30": "749.32300", "2006-06-30": "703.78000", "2006-03-31": "667.84600", "2005-12-31": "642.38100", "2005-09-30": "628.07400", "2005-06-30": "612.15100", "2005-03-31": "583.27000"}, "Long-Term Investments": {"2020-12-31": "", "2020-09-30": "", "2020-06-30": "", "2020-03-31": "", "2019-12-31": "", "2019-09-30": "", "2019-06-30": "", "2019-03-31": "", "2018-12-31": "2.49500", "2018-09-30": "", "2018-06-30": "", "2018-03-31": "", "2017-12-31": "1.89000", "2017-09-30": "", "2017-06-30": "", "2017-03-31": "", "2016-12-31": "2.62200", "2016-09-30": "", "2016-06-30": "", "2016-03-31": "", "2015-12-31": "2.09000", "2015-09-30": "", "2015-06-30": "", "2015-03-31": "", "2014-12-31": "2.53900", "2014-09-30": "", "2014-06-30": "", "2014-03-31": "", "2013-12-31": "2.15600", "2013-09-30": "", "2013-06-30": "", "2013-03-31": "", "2012-12-31": "1.80800", "2012-09-30": "", "2012-06-30": "", "2012-03-31": "", "2011-12-31": "3.68200", "2011-09-30": "", "2011-06-30": "", "2011-03-31": "", "2010-12-31": "3.33600", "2010-09-30": "", "2010-06-30": "", "2010-03-31": "", "2009-12-31": "3.05200", "2009-09-30": "", "2009-06-30": "", "2009-03-31": "", "2008-12-31": "2.05600", "2008-09-30": "", "2008-06-30": "", "2008-03-31": "", "2007-12-31": "1.92100", "2007-09-30": "1.88100", "2007-06-30": "1.85800", "2007-03-31": "2.40900", "2006-12-31": "2.26400", "2006-09-30": "2.19800", "2006-06-30": "2.07600", "2006-03-31": "1.96200", "2005-12-31": "11.86600", "2005-09-30": "11.66800", "2005-06-30": "10.02100", "2005-03-31": "10.29400"}, "Goodwill And Intangible Assets": {"2020-12-31": "", "2020-09-30": "729.11300", "2020-06-30": "731.38790", "2020-03-31": "649.85900", "2019-12-31": "1164.50800", "2019-09-30": "1163.99900", "2019-06-30": "1168.79800", "2019-03-31": "1173.52200", "2018-12-31": "1178.02300", "2018-09-30": "1188.96400", "2018-06-30": "1195.71900", "2018-03-31": "1163.77000", "2017-12-31": "1167.94300", "2017-09-30": "919.27600", "2017-06-30": "598.13100", "2017-03-31": "598.13100", "2016-12-31": "685.43700", "2016-09-30": "587.70300", "2016-06-30": "587.70300", "2016-03-31": "586.71800", "2015-12-31": "586.71800", "2015-09-30": "588.24100", "2015-06-30": "591.40500", "2015-03-31": "591.40500", "2014-12-31": "591.40500", "2014-09-30": "591.40500", "2014-06-30": "591.40500", "2014-03-31": "591.40500", "2013-12-31": "591.40500", "2013-09-30": "591.36200", "2013-06-30": "599.00100", "2013-03-31": "595.23400", "2012-12-31": "596.03000", "2012-09-30": "486.15300", "2012-06-30": "483.89400", "2012-03-31": "483.01000", "2011-12-31": "483.46800", "2011-09-30": "478.92300", "2011-06-30": "369.32700", "2011-03-31": "237.13700", "2010-12-31": "228.87300", "2010-09-30": "228.87300", "2010-06-30": "228.87300", "2010-03-31": "228.87300", "2009-12-31": "228.87300", "2009-09-30": "230.77400", "2009-06-30": "230.77400", "2009-03-31": "230.77400", "2008-12-31": "230.77400", "2008-09-30": "230.73000", "2008-06-30": "230.73600", "2008-03-31": "229.29200", "2007-12-31": "229.29200", "2007-09-30": "229.11900", "2007-06-30": "225.33100", "2007-03-31": "225.28400", "2006-12-31": "223.43200", "2006-09-30": "223.33500", "2006-06-30": "221.22600", "2006-03-31": "165.24400", "2005-12-31": "160.64100", "2005-09-30": "160.64100", "2005-06-30": "160.64100", "2005-03-31": "160.64100"}, "Other Long-Term Assets": {"2020-12-31": "", "2020-09-30": "54.43000", "2020-06-30": "48.23600", "2020-03-31": "57.65500", "2019-12-31": "60.25900", "2019-09-30": "54.82300", "2019-06-30": "54.49300", "2019-03-31": "56.77400", "2018-12-31": "54.78500", "2018-09-30": "49.34800", "2018-06-30": "49.15900", "2018-03-31": "50.20800", "2017-12-31": "41.24700", "2017-09-30": "294.26500", "2017-06-30": "134.57300", "2017-03-31": "133.57600", "2016-12-31": "47.51100", "2016-09-30": "138.46300", "2016-06-30": "143.32900", "2016-03-31": "140.74800", "2015-12-31": "143.71700", "2015-09-30": "152.35700", "2015-06-30": "154.81300", "2015-03-31": "153.89700", "2014-12-31": "155.31300", "2014-09-30": "160.58800", "2014-06-30": "162.99500", "2014-03-31": "165.54800", "2013-12-31": "174.14700", "2013-09-30": "167.71900", "2013-06-30": "174.17400", "2013-03-31": "171.63700", "2012-12-31": "143.86900", "2012-09-30": "120.57500", "2012-06-30": "124.56800", "2012-03-31": "122.80200", "2011-12-31": "121.75900", "2011-09-30": "126.86600", "2011-06-30": "95.36400", "2011-03-31": "21.42900", "2010-12-31": "18.65200", "2010-09-30": "20.31200", "2010-06-30": "20.69100", "2010-03-31": "21.29600", "2009-12-31": "18.88400", "2009-09-30": "22.75800", "2009-06-30": "23.18700", "2009-03-31": "23.77400", "2008-12-31": "22.82500", "2008-09-30": "25.50500", "2008-06-30": "27.82800", "2008-03-31": "26.85400", "2007-12-31": "25.82100", "2007-09-30": "29.75000", "2007-06-30": "29.09300", "2007-03-31": "30.72000", "2006-12-31": "29.22500", "2006-09-30": "45.50400", "2006-06-30": "43.73600", "2006-03-31": "26.99600", "2005-12-31": "24.38400", "2005-09-30": "14.62200", "2005-06-30": "15.06500", "2005-03-31": "17.37700"}, "Total Long-Term Assets": {"2020-12-31": "", "2020-09-30": "4920.40100", "2020-06-30": "4938.69700", "2020-03-31": "4641.63100", "2019-12-31": "5161.51800", "2019-09-30": "5169.35200", "2019-06-30": "5178.62600", "2019-03-31": "5182.44000", "2018-12-31": "4775.10500", "2018-09-30": "4799.81200", "2018-06-30": "4793.94400", "2018-03-31": "4657.84600", "2017-12-31": "4170.34500", "2017-09-30": "4309.65100", "2017-06-30": "3621.71100", "2017-03-31": "3647.70400", "2016-12-31": "3656.94400", "2016-09-30": "3645.08100", "2016-06-30": "3648.28200", "2016-03-31": "3510.97900", "2015-12-31": "3511.50500", "2015-09-30": "3494.95900", "2015-06-30": "3477.87700", "2015-03-31": "3428.33400", "2014-12-31": "3338.75500", "2014-09-30": "3237.42400", "2014-06-30": "3206.47500", "2014-03-31": "3150.72900", "2013-12-31": "3138.51100", "2013-09-30": "3126.12900", "2013-06-30": "3157.13800", "2013-03-31": "3112.29900", "2012-12-31": "3056.87200", "2012-09-30": "2570.57900", "2012-06-30": "2511.74000", "2012-03-31": "2452.90000", "2011-12-31": "2431.08200", "2011-09-30": "2369.95700", "2011-06-30": "1699.01600", "2011-03-31": "1435.31200", "2010-12-31": "1369.02200", "2010-09-30": "1366.87900", "2010-06-30": "1351.85500", "2010-03-31": "1344.85600", "2009-12-31": "1335.86600", "2009-09-30": "1337.23400", "2009-06-30": "1317.54800", "2009-03-31": "1288.30800", "2008-12-31": "1246.58700", "2008-09-30": "1240.64100", "2008-06-30": "1229.87000", "2008-03-31": "1191.25700", "2007-12-31": "1163.13200", "2007-09-30": "1140.98900", "2007-06-30": "1126.58800", "2007-03-31": "1106.19400", "2006-12-31": "1021.52700", "2006-09-30": "1020.36000", "2006-06-30": "970.81810", "2006-03-31": "862.04800", "2005-12-31": "839.27200", "2005-09-30": "815.00500", "2005-06-30": "797.87800", "2005-03-31": "771.58200"}, "Total Assets": {"2020-12-31": "0.00000", "2020-09-30": "5981.12000", "2020-06-30": "6017.01100", "2020-03-31": "6009.64400", "2019-12-31": "6079.09700", "2019-09-30": "6127.88500", "2019-06-30": "6232.89000", "2019-03-31": "6300.69200", "2018-12-31": "5871.59400", "2018-09-30": "5854.33200", "2018-06-30": "5829.27600", "2018-03-31": "5714.50000", "2017-12-31": "5127.42700", "2017-09-30": "5200.41500", "2017-06-30": "4225.35600", "2017-03-31": "4257.29200", "2016-12-31": "4289.89500", "2016-09-30": "4223.82700", "2016-06-30": "4268.81500", "2016-03-31": "4108.98600", "2015-12-31": "4152.28100", "2015-09-30": "4165.93900", "2015-06-30": "4154.50300", "2015-03-31": "4151.89400", "2014-12-31": "4141.90900", "2014-09-30": "3952.13400", "2014-06-30": "3867.88000", "2014-03-31": "3805.70400", "2013-12-31": "3682.51700", "2013-09-30": "3661.31200", "2013-06-30": "3724.30900", "2013-03-31": "3698.08500", "2012-12-31": "3653.12800", "2012-09-30": "3125.61200", "2012-06-30": "3066.28500", "2012-03-31": "2980.86900", "2011-12-31": "2960.41100", "2011-09-30": "2866.50600", "2011-06-30": "2121.72100", "2011-03-31": "1844.09200", "2010-12-31": "1794.93700", "2010-09-30": "1758.44000", "2010-06-30": "1705.62900", "2010-03-31": "1681.60800", "2009-12-31": "1635.96300", "2009-09-30": "1583.53800", "2009-06-30": "1547.16400", "2009-03-31": "1526.03700", "2008-12-31": "1526.09800", "2008-09-30": "1542.66300", "2008-06-30": "1533.37900", "2008-03-31": "1466.20100", "2007-12-31": "1430.47500", "2007-09-30": "1407.27500", "2007-06-30": "1401.52900", "2007-03-31": "1359.59700", "2006-12-31": "1271.11900", "2006-09-30": "1269.22200", "2006-06-30": "1207.75300", "2006-03-31": "1068.04500", "2005-12-31": "1025.54800", "2005-09-30": "976.23700", "2005-06-30": "951.36400", "2005-03-31": "921.62200"}, "Total Current Liabilities": {"2020-12-31": "", "2020-09-30": "450.06500", "2020-06-30": "478.69600", "2020-03-31": "496.33200", "2019-12-31": "514.11500", "2019-09-30": "516.99100", "2019-06-30": "526.03300", "2019-03-31": "582.72400", "2018-12-31": "607.78200", "2018-09-30": "567.92600", "2018-06-30": "556.31800", "2018-03-31": "531.15800", "2017-12-31": "480.30600", "2017-09-30": "462.19000", "2017-06-30": "341.99400", "2017-03-31": "333.53600", "2016-12-31": "358.33800", "2016-09-30": "317.56500", "2016-06-30": "344.44900", "2016-03-31": "327.58200", "2015-12-31": "361.91700", "2015-09-30": "390.34200", "2015-06-30": "387.78900", "2015-03-31": "410.08200", "2014-12-31": "594.02700", "2014-09-30": "459.13600", "2014-06-30": "470.51100", "2014-03-31": "440.13000", "2013-12-31": "345.98900", "2013-09-30": "325.25100", "2013-06-30": "401.08800", "2013-03-31": "363.92600", "2012-12-31": "355.02000", "2012-09-30": "327.66300", "2012-06-30": "393.32900", "2012-03-31": "369.24800", "2011-12-31": "358.80000", "2011-09-30": "333.34800", "2011-06-30": "239.14300", "2011-03-31": "157.64200", "2010-12-31": "160.25900", "2010-09-30": "152.08800", "2010-06-30": "139.40800", "2010-03-31": "151.66400", "2009-12-31": "137.10400", "2009-09-30": "132.50500", "2009-06-30": "138.29800", "2009-03-31": "150.60000", "2008-12-31": "173.06600", "2008-09-30": "193.44200", "2008-06-30": "185.37500", "2008-03-31": "195.96600", "2007-12-31": "191.42000", "2007-09-30": "173.17400", "2007-06-30": "156.91200", "2007-03-31": "172.70400", "2006-12-31": "166.86700", "2006-09-30": "156.44800", "2006-06-30": "155.93700", "2006-03-31": "147.88000", "2005-12-31": "139.82100", "2005-09-30": "128.19300", "2005-06-30": "115.53100", "2005-03-31": "119.45000"}, "Long Term Debt": {"2020-12-31": "", "2020-09-30": "1578.18900", "2020-06-30": "1642.83200", "2020-03-31": "1702.47600", "2019-12-31": "1369.75100", "2019-09-30": "1434.41700", "2019-06-30": "1594.69500", "2019-03-31": "1667.45700", "2018-12-31": "1410.16900", "2018-09-30": "1399.42300", "2018-06-30": "1442.51300", "2018-03-31": "1423.26700", "2017-12-31": "992.40300", "2017-09-30": "1031.02800", "2017-06-30": "591.53500", "2017-03-31": "674.55200", "2016-12-31": "722.80200", "2016-09-30": "726.00400", "2016-06-30": "798.68700", "2016-03-31": "712.16300", "2015-12-31": "774.84900", "2015-09-30": "810.44800", "2015-06-30": "808.30000", "2015-03-31": "818.90000", "2014-12-31": "600.00000", "2014-09-30": "649.35000", "2014-06-30": "649.30000", "2014-03-31": "708.00000", "2013-12-31": "749.15000", "2013-09-30": "860.93000", "2013-06-30": "943.24000", "2013-03-31": "1031.96000", "2012-12-31": "1070.11000", "2012-09-30": "723.47000", "2012-06-30": "687.90500", "2012-03-31": "701.95300", "2011-12-31": "763.00000", "2011-09-30": "764.31100", "2011-06-30": "319.70300", "2011-03-31": "200.00400", "2010-12-31": "200.00600", "2010-09-30": "200.12400", "2010-06-30": "200.15700", "2010-03-31": "200.19300", "2009-12-31": "200.20400", "2009-09-30": "200.03600", "2009-06-30": "210.04300", "2009-03-31": "225.04900", "2008-12-31": "246.06400", "2008-09-30": "267.92300", "2008-06-30": "297.64600", "2008-03-31": "281.82100", "2007-12-31": "296.01500", "2007-09-30": "332.71400", "2007-06-30": "382.74300", "2007-03-31": "359.62500", "2006-12-31": "309.51800", "2006-09-30": "325.96600", "2006-06-30": "284.59000", "2006-03-31": "200.50600", "2005-12-31": "200.03200", "2005-09-30": "205.73300", "2005-06-30": "217.63400", "2005-03-31": "203.83500"}, "Other Non-Current Liabilities": {"2020-12-31": "", "2020-09-30": "115.26900", "2020-06-30": "103.05400", "2020-03-31": "93.20800", "2019-12-31": "95.97800", "2019-09-30": "81.45500", "2019-06-30": "82.06600", "2019-03-31": "90.49700", "2018-12-31": "94.55700", "2018-09-30": "108.95300", "2018-06-30": "111.47000", "2018-03-31": "100.78600", "2017-12-31": "72.04400", "2017-09-30": "74.80100", "2017-06-30": "72.61800", "2017-03-31": "92.56800", "2016-12-31": "90.43500", "2016-09-30": "78.99400", "2016-06-30": "77.48300", "2016-03-31": "68.19300", "2015-12-31": "66.51100", "2015-09-30": "91.15100", "2015-06-30": "88.50600", "2015-03-31": "88.08400", "2014-12-31": "87.20000", "2014-09-30": "15.05200", "2014-06-30": "14.94600", "2014-03-31": "14.70700", "2013-12-31": "21.11500", "2013-09-30": "77.85800", "2013-06-30": "75.93600", "2013-03-31": "86.26200", "2012-12-31": "94.84800", "2012-09-30": "96.41700", "2012-06-30": "93.80900", "2012-03-31": "87.55300", "2011-12-31": "92.09800", "2011-09-30": "70.83000", "2011-06-30": "61.11100", "2011-03-31": "42.64600", "2010-12-31": "43.75800", "2010-09-30": "56.26500", "2010-06-30": "53.27500", "2010-03-31": "44.43600", "2009-12-31": "42.16300", "2009-09-30": "69.36100", "2009-06-30": "65.18300", "2009-03-31": "68.68800", "2008-12-31": "67.84500", "2008-09-30": "43.35400", "2008-06-30": "41.80100", "2008-03-31": "45.25300", "2007-12-31": "39.33400", "2007-09-30": "38.02400", "2007-06-30": "32.80300", "2007-03-31": "34.04500", "2006-12-31": "33.77800", "2006-09-30": "19.08600", "2006-06-30": "16.27000", "2006-03-31": "15.16000", "2005-12-31": "18.31000", "2005-09-30": "18.32100", "2005-06-30": "20.44000", "2005-03-31": "16.02900"}, "Total Long Term Liabilities": {"2020-12-31": "", "2020-09-30": "2452.68800", "2020-06-30": "2486.33100", "2020-03-31": "2487.55800", "2019-12-31": "2193.39000", "2019-09-30": "2236.39600", "2019-06-30": "2384.68500", "2019-03-31": "2452.56000", "2018-12-31": "2047.51100", "2018-09-30": "2053.25800", "2018-06-30": "2085.26700", "2018-03-31": "2041.47400", "2017-12-31": "1532.89800", "2017-09-30": "1862.09700", "2017-06-30": "1405.97400", "2017-03-31": "1490.08300", "2016-12-31": "1518.69000", "2016-09-30": "1519.51300", "2016-06-30": "1573.68700", "2016-03-31": "1464.74400", "2015-12-31": "1511.16800", "2015-09-30": "1521.91900", "2015-06-30": "1510.87100", "2015-03-31": "1511.89100", "2014-12-31": "1282.96900", "2014-09-30": "1238.54700", "2014-06-30": "1223.25500", "2014-03-31": "1274.66300", "2013-12-31": "1314.37500", "2013-09-30": "1423.80600", "2013-06-30": "1487.06100", "2013-03-31": "1564.71900", "2012-12-31": "1591.05400", "2012-09-30": "1177.23800", "2012-06-30": "1111.72600", "2012-03-31": "1101.45400", "2011-12-31": "1147.45300", "2011-09-30": "1115.40100", "2011-06-30": "639.73700", "2011-03-31": "488.73600", "2010-12-31": "475.53900", "2010-09-30": "480.62100", "2010-06-30": "453.60700", "2010-03-31": "447.07400", "2009-12-31": "442.76400", "2009-09-30": "446.91300", "2009-06-30": "442.52000", "2009-03-31": "450.44300", "2008-12-31": "459.47700", "2008-09-30": "463.10500", "2008-06-30": "483.46200", "2008-03-31": "462.80000", "2007-12-31": "469.22500", "2007-09-30": "501.86000", "2007-06-30": "549.09590", "2007-03-31": "525.84800", "2006-12-31": "472.25700", "2006-09-30": "485.54500", "2006-06-30": "445.76900", "2006-03-31": "346.77100", "2005-12-31": "348.18500", "2005-09-30": "352.79700", "2005-06-30": "364.02500", "2005-03-31": "347.50000"}, "Total Liabilities": {"2020-12-31": "", "2020-09-30": "2902.75300", "2020-06-30": "2965.02700", "2020-03-31": "2983.89000", "2019-12-31": "2707.50500", "2019-09-30": "2753.38700", "2019-06-30": "2910.71800", "2019-03-31": "3035.28400", "2018-12-31": "2655.29300", "2018-09-30": "2621.18400", "2018-06-30": "2641.58500", "2018-03-31": "2572.63200", "2017-12-31": "2013.20400", "2017-09-30": "2324.28700", "2017-06-30": "1747.96800", "2017-03-31": "1823.61900", "2016-12-31": "1877.02800", "2016-09-30": "1837.07800", "2016-06-30": "1918.13600", "2016-03-31": "1792.32600", "2015-12-31": "1873.08500", "2015-09-30": "1912.26100", "2015-06-30": "1898.66000", "2015-03-31": "1921.97300", "2014-12-31": "1876.99600", "2014-09-30": "1697.68300", "2014-06-30": "1693.76600", "2014-03-31": "1714.79300", "2013-12-31": "1660.36400", "2013-09-30": "1749.05700", "2013-06-30": "1888.14900", "2013-03-31": "1928.64500", "2012-12-31": "1946.07400", "2012-09-30": "1504.90100", "2012-06-30": "1505.05500", "2012-03-31": "1470.70200", "2011-12-31": "1506.25300", "2011-09-30": "1448.74900", "2011-06-30": "878.88000", "2011-03-31": "646.37800", "2010-12-31": "635.79800", "2010-09-30": "632.70900", "2010-06-30": "593.01500", "2010-03-31": "598.73800", "2009-12-31": "579.86800", "2009-09-30": "579.41800", "2009-06-30": "580.81800", "2009-03-31": "601.04300", "2008-12-31": "632.54300", "2008-09-30": "656.54700", "2008-06-30": "668.83700", "2008-03-31": "658.76600", "2007-12-31": "660.64500", "2007-09-30": "675.03400", "2007-06-30": "706.00800", "2007-03-31": "698.55200", "2006-12-31": "639.12400", "2006-09-30": "641.99300", "2006-06-30": "601.70600", "2006-03-31": "494.65100", "2005-12-31": "488.00600", "2005-09-30": "480.99000", "2005-06-30": "479.55600", "2005-03-31": "466.95000"}, "Common Stock Net": {"2020-12-31": "", "2020-09-30": "6.54700", "2020-06-30": "6.54700", "2020-03-31": "6.54700", "2019-12-31": "6.54700", "2019-09-30": "6.54700", "2019-06-30": "6.54700", "2019-03-31": "6.54700", "2018-12-31": "6.54700", "2018-09-30": "6.54700", "2018-06-30": "6.54700", "2018-03-31": "6.54700", "2017-12-31": "6.54700", "2017-09-30": "6.54700", "2017-06-30": "5.97800", "2017-03-31": "5.97800", "2016-12-31": "5.97800", "2016-09-30": "5.97800", "2016-06-30": "5.97800", "2016-03-31": "5.97800", "2015-12-31": "5.97800", "2015-09-30": "5.97800", "2015-06-30": "5.97800", "2015-03-31": "5.97800", "2014-12-31": "5.97800", "2014-09-30": "5.97800", "2014-06-30": "5.97800", "2014-03-31": "5.97800", "2013-12-31": "5.97800", "2013-09-30": "5.97800", "2013-06-30": "5.97800", "2013-03-31": "5.97800", "2012-12-31": "5.97800", "2012-09-30": "5.92800", "2012-06-30": "5.92800", "2012-03-31": "5.92800", "2011-12-31": "5.92800", "2011-09-30": "5.92800", "2011-06-30": "5.73400", "2011-03-31": "5.73400", "2010-12-31": "5.73400", "2010-09-30": "5.73400", "2010-06-30": "5.73400", "2010-03-31": "5.73400", "2009-12-31": "5.73400", "2009-09-30": "5.73400", "2009-06-30": "5.73400", "2009-03-31": "5.73400", "2008-12-31": "5.73400", "2008-09-30": "5.73400", "2008-06-30": "5.73400", "2008-03-31": "5.73400", "2007-12-31": "5.73400", "2007-09-30": "5.73400", "2007-06-30": "5.73400", "2007-03-31": "5.73400", "2006-12-31": "5.73400", "2006-09-30": "5.73400", "2006-06-30": "5.73400", "2006-03-31": "3.09100", "2005-12-31": "3.09100", "2005-09-30": "3.09100", "2005-06-30": "3.09100", "2005-03-31": "3.09100"}, "Retained Earnings (Accumulated Deficit)": {"2020-12-31": "", "2020-09-30": "2571.18900", "2020-06-30": "2543.70000", "2020-03-31": "2518.69800", "2019-12-31": "2865.93900", "2019-09-30": "2863.16200", "2019-06-30": "2815.17500", "2019-03-31": "2767.88800", "2018-12-31": "2723.59200", "2018-09-30": "2748.02900", "2018-06-30": "2706.21300", "2018-03-31": "2677.61100", "2017-12-31": "2646.93700", "2017-09-30": "2415.61800", "2017-06-30": "2387.01100", "2017-03-31": "2361.23300", "2016-12-31": "2342.23600", "2016-09-30": "2309.88100", "2016-06-30": "2277.87100", "2016-03-31": "2238.92900", "2015-12-31": "2200.83000", "2015-09-30": "2150.14200", "2015-06-30": "2093.29900", "2015-03-31": "2035.22400", "2014-12-31": "1974.14600", "2014-09-30": "1906.09500", "2014-06-30": "1829.37800", "2014-03-31": "1754.38600", "2013-12-31": "1692.14000", "2013-09-30": "1627.87300", "2013-06-30": "1558.75000", "2013-03-31": "1495.65700", "2012-12-31": "1439.07900", "2012-09-30": "1381.19100", "2012-06-30": "1328.13600", "2012-03-31": "1280.58500", "2011-12-31": "1229.64100", "2011-09-30": "1173.47100", "2011-06-30": "1120.73700", "2011-03-31": "1079.04500", "2010-12-31": "1046.61500", "2010-09-30": "1014.99500", "2010-06-30": "984.30800", "2010-03-31": "955.04000", "2009-12-31": "930.36600", "2009-09-30": "901.16400", "2009-06-30": "866.15000", "2009-03-31": "832.43100", "2008-12-31": "804.42500", "2008-09-30": "766.45100", "2008-06-30": "724.67300", "2008-03-31": "684.33900", "2007-12-31": "647.69200", "2007-09-30": "613.34000", "2007-06-30": "578.91000", "2007-03-31": "548.77300", "2006-12-31": "524.35100", "2006-09-30": "500.41300", "2006-06-30": "474.81300", "2006-03-31": "451.48000", "2005-12-31": "428.90000", "2005-09-30": "409.13000", "2005-06-30": "391.84500", "2005-03-31": "373.39800"}, "Comprehensive Income": {"2020-12-31": "", "2020-09-30": "-45.63500", "2020-06-30": "-41.11700", "2020-03-31": "-38.99100", "2019-12-31": "-37.79900", "2019-09-30": "-27.41300", "2019-06-30": "-26.96700", "2019-03-31": "-32.97100", "2018-12-31": "-33.51100", "2018-09-30": "-39.54400", "2018-06-30": "-39.92200", "2018-03-31": "-39.48000", "2017-12-31": "-32.40500", "2017-09-30": "-35.77800", "2017-06-30": "-36.12100", "2017-03-31": "-50.26100", "2016-12-31": "-51.00700", "2016-09-30": "-46.45100", "2016-06-30": "-47.18600", "2016-03-31": "-44.03700", "2015-12-31": "-44.68600", "2015-09-30": "-56.31600", "2015-06-30": "-57.43900", "2015-03-31": "-60.02600", "2014-12-31": "-61.03700", "2014-09-30": "-16.25400", "2014-06-30": "-16.24900", "2014-03-31": "-16.70200", "2013-12-31": "-16.79300", "2013-09-30": "-57.18800", "2013-06-30": "-58.23700", "2013-03-31": "-58.77100", "2012-12-31": "-61.12700", "2012-09-30": "-51.38600", "2012-06-30": "-53.50800", "2012-03-31": "-53.81200", "2011-12-31": "-56.17600", "2011-09-30": "-29.71800", "2011-06-30": "-31.91700", "2011-03-31": "-32.42600", "2010-12-31": "-33.64200", "2010-09-30": "-35.70500", "2010-06-30": "-34.81200", "2010-03-31": "-31.05800", "2009-12-31": "-30.46800", "2009-09-30": "-49.35000", "2009-06-30": "-49.07300", "2009-03-31": "-53.78200", "2008-12-31": "-55.04700", "2008-09-30": "-21.34700", "2008-06-30": "-21.43900", "2008-03-31": "-26.16100", "2007-12-31": "-22.52200", "2007-09-30": "-22.65400", "2007-06-30": "-20.67900", "2007-03-31": "-23.13300", "2006-12-31": "-23.08700", "2006-09-30": "-1.24200", "2006-06-30": "1.24100", "2006-03-31": "-0.17700", "2005-12-31": "-2.02800", "2005-09-30": "-3.06000", "2005-06-30": "-5.78600", "2005-03-31": "-2.96000"}, "Other Share Holders Equity": {"2020-12-31": "", "2020-09-30": "", "2020-06-30": "", "2020-03-31": "", "2019-12-31": "", "2019-09-30": "", "2019-06-30": "", "2019-03-31": "", "2018-12-31": "", "2018-09-30": "", "2018-06-30": "", "2018-03-31": "", "2017-12-31": "", "2017-09-30": "", "2017-06-30": "", "2017-03-31": "", "2016-12-31": "", "2016-09-30": "", "2016-06-30": "", "2016-03-31": "", "2015-12-31": "", "2015-09-30": "", "2015-06-30": "", "2015-03-31": "", "2014-12-31": "", "2014-09-30": "", "2014-06-30": "", "2014-03-31": "", "2013-12-31": "", "2013-09-30": "", "2013-06-30": "", "2013-03-31": "", "2012-12-31": "", "2012-09-30": "", "2012-06-30": "", "2012-03-31": "", "2011-12-31": "", "2011-09-30": "", "2011-06-30": "", "2011-03-31": "", "2010-12-31": "", "2010-09-30": "", "2010-06-30": "", "2010-03-31": "", "2009-12-31": "", "2009-09-30": "", "2009-06-30": "", "2009-03-31": "", "2008-12-31": "", "2008-09-30": "", "2008-06-30": "", "2008-03-31": "", "2007-12-31": "", "2007-09-30": "", "2007-06-30": "", "2007-03-31": "", "2006-12-31": "", "2006-09-30": "", "2006-06-30": "", "2006-03-31": "", "2005-12-31": "", "2005-09-30": "", "2005-06-30": "", "2005-03-31": ""}, "Share Holder Equity": {"2020-12-31": "", "2020-09-30": "3078.36700", "2020-06-30": "3051.98400", "2020-03-31": "3025.75400", "2019-12-31": "3371.59200", "2019-09-30": "3374.49800", "2019-06-30": "3322.17200", "2019-03-31": "3265.40800", "2018-12-31": "3216.30100", "2018-09-30": "3233.14800", "2018-06-30": "3187.69100", "2018-03-31": "3141.86800", "2017-12-31": "3114.22300", "2017-09-30": "2876.12800", "2017-06-30": "2477.38800", "2017-03-31": "2433.67300", "2016-12-31": "2412.86700", "2016-09-30": "2386.74900", "2016-06-30": "2350.67900", "2016-03-31": "2316.66000", "2015-12-31": "2279.19600", "2015-09-30": "2253.67800", "2015-06-30": "2255.84300", "2015-03-31": "2229.92100", "2014-12-31": "2264.91300", "2014-09-30": "2254.45100", "2014-06-30": "2174.11400", "2014-03-31": "2090.91100", "2013-12-31": "2022.15300", "2013-09-30": "1912.25500", "2013-06-30": "1836.16000", "2013-03-31": "1769.44000", "2012-12-31": "1707.05400", "2012-09-30": "1620.71100", "2012-06-30": "1561.23000", "2012-03-31": "1510.16700", "2011-12-31": "1454.15800", "2011-09-30": "1417.75700", "2011-06-30": "1242.84100", "2011-03-31": "1197.71400", "2010-12-31": "1159.13900", "2010-09-30": "1125.73100", "2010-06-30": "1112.61400", "2010-03-31": "1082.87000", "2009-12-31": "1056.09500", "2009-09-30": "1004.12000", "2009-06-30": "966.34600", "2009-03-31": "924.99400", "2008-12-31": "893.55500", "2008-09-30": "886.11600", "2008-06-30": "864.54200", "2008-03-31": "807.43500", "2007-12-31": "769.83000", "2007-09-30": "732.24100", "2007-06-30": "695.52100", "2007-03-31": "661.04500", "2006-12-31": "631.99500", "2006-09-30": "627.22900", "2006-06-30": "606.04700", "2006-03-31": "573.39400", "2005-12-31": "537.54200", "2005-09-30": "495.24700", "2005-06-30": "471.80800", "2005-03-31": "454.67200"}, "Total Liabilities And Share Holders Equity": {"2020-12-31": "", "2020-09-30": "5981.12000", "2020-06-30": "6017.01100", "2020-03-31": "6009.64400", "2019-12-31": "6079.09700", "2019-09-30": "6127.88500", "2019-06-30": "6232.89000", "2019-03-31": "6300.69200", "2018-12-31": "5871.59400", "2018-09-30": "5854.33200", "2018-06-30": "5829.27600", "2018-03-31": "5714.50000", "2017-12-31": "5127.42700", "2017-09-30": "5200.41500", "2017-06-30": "4225.35600", "2017-03-31": "4257.29200", "2016-12-31": "4289.89500", "2016-09-30": "4223.82700", "2016-06-30": "4268.81500", "2016-03-31": "4108.98600", "2015-12-31": "4152.28100", "2015-09-30": "4165.93900", "2015-06-30": "4154.50300", "2015-03-31": "4151.89400", "2014-12-31": "4141.90900", "2014-09-30": "3952.13400", "2014-06-30": "3867.88000", "2014-03-31": "3805.70400", "2013-12-31": "3682.51700", "2013-09-30": "3661.31200", "2013-06-30": "3724.30900", "2013-03-31": "3698.08500", "2012-12-31": "3653.12800", "2012-09-30": "3125.61200", "2012-06-30": "3066.28500", "2012-03-31": "2980.86900", "2011-12-31": "2960.41100", "2011-09-30": "2866.50600", "2011-06-30": "2121.72100", "2011-03-31": "1844.09200", "2010-12-31": "1794.93700", "2010-09-30": "1758.44000", "2010-06-30": "1705.62900", "2010-03-31": "1681.60800", "2009-12-31": "1635.96300", "2009-09-30": "1583.53800", "2009-06-30": "1547.16400", "2009-03-31": "1526.03700", "2008-12-31": "1526.09800", "2008-09-30": "1542.66300", "2008-06-30": "1533.37900", "2008-03-31": "1466.20100", "2007-12-31": "1430.47500", "2007-09-30": "1407.27500", "2007-06-30": "1401.52900", "2007-03-31": "1359.59700", "2006-12-31": "1271.11900", "2006-09-30": "1269.22200", "2006-06-30": "1207.75300", "2006-03-31": "1068.04500", "2005-12-31": "1025.54800", "2005-09-30": "976.23700", "2005-06-30": "951.36400", "2005-03-31": "921.62200"}}, "cash flow statement": {"Net Income/Loss": {"2020-12-31": "0.00000", "2019-12-31": "143.01900", "2018-12-31": "79.07800", "2017-12-31": "313.90300", "2016-12-31": "142.80400", "2015-12-31": "227.97000", "2014-12-31": "284.60800", "2013-12-31": "256.29900", "2012-12-31": "212.61900", "2011-12-31": "185.49200", "2010-12-31": "117.38200", "2009-12-31": "127.53800", "2008-12-31": "158.47300", "2007-12-31": "124.05800", "2006-12-31": "95.45100", "2005-12-31": "68.78100"}, "Total Depreciation And Amortization - Cash Flow": {"2020-12-31": "", "2019-12-31": "258.41800", "2018-12-31": "266.05400", "2017-12-31": "236.53400", "2016-12-31": "233.26200", "2015-12-31": "226.84700", "2014-12-31": "199.67400", "2013-12-31": "185.08700", "2012-12-31": "154.94300", "2011-12-31": "135.25700", "2010-12-31": "106.16300", "2009-12-31": "105.72400", "2008-12-31": "100.45700", "2007-12-31": "87.25900", "2006-12-31": "71.21200", "2005-12-31": "59.09700"}, "Other Non-Cash Items": {"2020-12-31": "", "2019-12-31": "73.81000", "2018-12-31": "119.25400", "2017-12-31": "-145.10800", "2016-12-31": "50.42400", "2015-12-31": "62.95800", "2014-12-31": "80.38800", "2013-12-31": "103.08000", "2012-12-31": "82.77500", "2011-12-31": "69.96300", "2010-12-31": "34.21900", "2009-12-31": "39.36700", "2008-12-31": "41.80300", "2007-12-31": "2.51600", "2006-12-31": "-2.37500", "2005-12-31": "-0.76100"}, "Total Non-Cash Items": {"2020-12-31": "", "2019-12-31": "332.22800", "2018-12-31": "385.30800", "2017-12-31": "91.42600", "2016-12-31": "283.68600", "2015-12-31": "289.80500", "2014-12-31": "280.06200", "2013-12-31": "288.16700", "2012-12-31": "237.71800", "2011-12-31": "205.22000", "2010-12-31": "140.38200", "2009-12-31": "145.09100", "2008-12-31": "142.26000", "2007-12-31": "89.77500", "2006-12-31": "68.83700", "2005-12-31": "58.33600"}, "Change In Accounts Receivable": {"2020-12-31": "", "2019-12-31": "43.07800", "2018-12-31": "12.51100", "2017-12-31": "-60.40500", "2016-12-31": "-12.75000", "2015-12-31": "129.90800", "2014-12-31": "-176.54400", "2013-12-31": "2.23500", "2012-12-31": "-8.74400", "2011-12-31": "-58.35100", "2010-12-31": "-17.56300", "2009-12-31": "59.08300", "2008-12-31": "-21.27700", "2007-12-31": "1.86800", "2006-12-31": "-15.54000", "2005-12-31": "-20.31500"}, "Change In Inventories": {"2020-12-31": "", "2019-12-31": "122.77300", "2018-12-31": "-144.68500", "2017-12-31": "19.67300", "2016-12-31": "3.18200", "2015-12-31": "-7.32000", "2014-12-31": "-56.46800", "2013-12-31": "43.27500", "2012-12-31": "-46.37200", "2011-12-31": "-26.35500", "2010-12-31": "0.97300", "2009-12-31": "8.72400", "2008-12-31": "6.20800", "2007-12-31": "-9.33500", "2006-12-31": "-5.00900", "2005-12-31": "-3.54100"}, "Change In Accounts Payable": {"2020-12-31": "", "2019-12-31": "-57.40500", "2018-12-31": "22.62200", "2017-12-31": "20.75800", "2016-12-31": "-1.73900", "2015-12-31": "-81.80800", "2014-12-31": "44.64500", "2013-12-31": "23.08800", "2012-12-31": "-10.48400", "2011-12-31": "21.49200", "2010-12-31": "19.26200", "2009-12-31": "-25.92900", "2008-12-31": "-22.88800", "2007-12-31": "11.74200", "2006-12-31": "11.27600", "2005-12-31": "26.97900"}, "Change In Assets/Liabilities": {"2020-12-31": "", "2019-12-31": "-25.47000", "2018-12-31": "-38.09000", "2017-12-31": "-17.04900", "2016-12-31": "-30.85300", "2015-12-31": "-15.55100", "2014-12-31": "-14.14500", "2013-12-31": "-47.52600", "2012-12-31": "-5.18000", "2011-12-31": "-7.24700", "2010-12-31": "-2.51100", "2009-12-31": "-1.58500", "2008-12-31": "7.05300", "2007-12-31": "-1.19800", "2006-12-31": "4.45600", "2005-12-31": "-9.84600"}, "Total Change In Assets/Liabilities": {"2020-12-31": "", "2019-12-31": "36.56600", "2018-12-31": "-117.38700", "2017-12-31": "-51.95100", "2016-12-31": "-10.69600", "2015-12-31": "6.50500", "2014-12-31": "-125.76100", "2013-12-31": "56.56600", "2012-12-31": "-124.60700", "2011-12-31": "-79.61800", "2010-12-31": "-12.51800", "2009-12-31": "47.36000", "2008-12-31": "-54.85100", "2007-12-31": "21.80500", "2006-12-31": "-14.55800", "2005-12-31": "13.89400"}, "Cash Flow From Operating Activities": {"2020-12-31": "", "2019-12-31": "511.81300", "2018-12-31": "346.99900", "2017-12-31": "353.37800", "2016-12-31": "415.79400", "2015-12-31": "524.28000", "2014-12-31": "438.90900", "2013-12-31": "601.03200", "2012-12-31": "325.73000", "2011-12-31": "311.99500", "2010-12-31": "245.24600", "2009-12-31": "319.88500", "2008-12-31": "245.94700", "2007-12-31": "235.74600", "2006-12-31": "150.36400", "2005-12-31": "141.98200"}, "Net Change In Property, Plant, And Equipment": {"2020-12-31": "", "2019-12-31": "-248.16400", "2018-12-31": "-301.86100", "2017-12-31": "-177.22200", "2016-12-31": "-212.44900", "2015-12-31": "-345.47500", "2014-12-31": "-344.75100", "2013-12-31": "-253.22700", "2012-12-31": "-312.16700", "2011-12-31": "-226.23800", "2010-12-31": "-136.84100", "2009-12-31": "-192.66000", "2008-12-31": "-173.01900", "2007-12-31": "-164.08300", "2006-12-31": "-139.12900", "2005-12-31": "-122.28300"}, "Net Change In Intangible Assets": {"2020-12-31": "", "2019-12-31": "", "2018-12-31": "", "2017-12-31": "", "2016-12-31": "", "2015-12-31": "", "2014-12-31": "", "2013-12-31": "", "2012-12-31": "", "2011-12-31": "", "2010-12-31": "", "2009-12-31": "", "2008-12-31": "", "2007-12-31": "", "2006-12-31": "", "2005-12-31": ""}, "Net Acquisitions/Divestitures": {"2020-12-31": "", "2019-12-31": "-262.49100", "2018-12-31": "-533.89700", "2017-12-31": "-470.10100", "2016-12-31": "-137.07200", "2015-12-31": "-41.25000", "2014-12-31": "-31.80000", "2013-12-31": "-3.64300", "2012-12-31": "-380.92500", "2011-12-31": "-859.51200", "2010-12-31": "", "2009-12-31": "", "2008-12-31": "-5.48000", "2007-12-31": "-67.18500", "2006-12-31": "-143.91100", "2005-12-31": "-7.50000"}, "Net Change In Short-term Investments": {"2020-12-31": "", "2019-12-31": "", "2018-12-31": "", "2017-12-31": "", "2016-12-31": "", "2015-12-31": "", "2014-12-31": "", "2013-12-31": "", "2012-12-31": "", "2011-12-31": "", "2010-12-31": "", "2009-12-31": "", "2008-12-31": "", "2007-12-31": "", "2006-12-31": "", "2005-12-31": ""}, "Net Change In Long-Term Investments": {"2020-12-31": "", "2019-12-31": "", "2018-12-31": "", "2017-12-31": "", "2016-12-31": "", "2015-12-31": "", "2014-12-31": "", "2013-12-31": "", "2012-12-31": "", "2011-12-31": "", "2010-12-31": "", "2009-12-31": "", "2008-12-31": "", "2007-12-31": "", "2006-12-31": "", "2005-12-31": ""}, "Net Change In Investments - Total": {"2020-12-31": "", "2019-12-31": "", "2018-12-31": "", "2017-12-31": "", "2016-12-31": "", "2015-12-31": "", "2014-12-31": "", "2013-12-31": "", "2012-12-31": "", "2011-12-31": "", "2010-12-31": "", "2009-12-31": "", "2008-12-31": "", "2007-12-31": "", "2006-12-31": "", "2005-12-31": ""}, "Investing Activities - Other": {"2020-12-31": "", "2019-12-31": "57.65700", "2018-12-31": "53.14200", "2017-12-31": "54.22900", "2016-12-31": "", "2015-12-31": "24.42900", "2014-12-31": "", "2013-12-31": "33.98200", "2012-12-31": "19.65100", "2011-12-31": "-2.98200", "2010-12-31": "9.72500", "2009-12-31": "7.38800", "2008-12-31": "1.97800", "2007-12-31": "3.36500", "2006-12-31": "-4.23600", "2005-12-31": "5.48200"}, "Cash Flow From Investing Activities": {"2020-12-31": "", "2019-12-31": "-452.99800", "2018-12-31": "-782.61600", "2017-12-31": "-593.09400", "2016-12-31": "-349.52100", "2015-12-31": "-362.29600", "2014-12-31": "-376.55100", "2013-12-31": "-222.88800", "2012-12-31": "-673.44100", "2011-12-31": "-1088.73200", "2010-12-31": "-127.11600", "2009-12-31": "-185.27200", "2008-12-31": "-176.52100", "2007-12-31": "-227.90300", "2006-12-31": "-287.27600", "2005-12-31": "-124.30100"}, "Net Long-Term Debt": {"2020-12-31": "", "2019-12-31": "375.00000", "2018-12-31": "499.29500", "2017-12-31": "-13.72100", "2016-12-31": "-52.84800", "2015-12-31": "-100.00000", "2014-12-31": "-32.45000", "2013-12-31": "-235.00000", "2012-12-31": "235.99500", "2011-12-31": "498.51800", "2010-12-31": "-0.10500", "2009-12-31": "-1.08700", "2008-12-31": "-1.09100", "2007-12-31": "-0.98400", "2006-12-31": "-0.09600", "2005-12-31": "-1.30400"}, "Net Current Debt": {"2020-12-31": "", "2019-12-31": "-417.37600", "2018-12-31": "-78.45500", "2017-12-31": "269.85900", "2016-12-31": "", "2015-12-31": "160.78400", "2014-12-31": "", "2013-12-31": "-150.96000", "2012-12-31": "97.11000", "2011-12-31": "95.00000", "2010-12-31": "", "2009-12-31": "-46.00000", "2008-12-31": "-49.05000", "2007-12-31": "-12.35000", "2006-12-31": "107.40000", "2005-12-31": "-17.40000"}, "Debt Issuance/Retirement Net - Total": {"2020-12-31": "", "2019-12-31": "-42.37600", "2018-12-31": "420.84000", "2017-12-31": "256.13800", "2016-12-31": "-52.84800", "2015-12-31": "60.78400", "2014-12-31": "-32.45000", "2013-12-31": "-385.96000", "2012-12-31": "333.10500", "2011-12-31": "593.51800", "2010-12-31": "-0.10500", "2009-12-31": "-47.08700", "2008-12-31": "-50.14100", "2007-12-31": "-13.33400", "2006-12-31": "107.30400", "2005-12-31": "-18.70400"}, "Net Common Equity Issued/Repurchased": {"2020-12-31": "", "2019-12-31": "5.74300", "2018-12-31": "12.48800", "2017-12-31": "3.03900", "2016-12-31": "-1.50600", "2015-12-31": "-237.39300", "2014-12-31": "-7.80200", "2013-12-31": "6.63500", "2012-12-31": "8.93200", "2011-12-31": "4.36700", "2010-12-31": "-18.90900", "2009-12-31": "2.11700", "2008-12-31": "-20.48900", "2007-12-31": "5.71800", "2006-12-31": "8.39900", "2005-12-31": "19.05400"}, "Net Total Equity Issued/Repurchased": {"2020-12-31": "", "2019-12-31": "5.74300", "2018-12-31": "12.48800", "2017-12-31": "3.03900", "2016-12-31": "-1.50600", "2015-12-31": "-237.39300", "2014-12-31": "-7.80200", "2013-12-31": "6.63500", "2012-12-31": "8.93200", "2011-12-31": "4.36700", "2010-12-31": "-18.90900", "2009-12-31": "2.11700", "2008-12-31": "-20.48900", "2007-12-31": "5.71800", "2006-12-31": "8.39900", "2005-12-31": "19.05400"}, "Total Common And Preferred Stock Dividends Paid": {"2020-12-31": "", "2019-12-31": "", "2018-12-31": "", "2017-12-31": "", "2016-12-31": "", "2015-12-31": "", "2014-12-31": "", "2013-12-31": "", "2012-12-31": "", "2011-12-31": "", "2010-12-31": "", "2009-12-31": "", "2008-12-31": "", "2007-12-31": "", "2006-12-31": "", "2005-12-31": ""}, "Financial Activities - Other": {"2020-12-31": "", "2019-12-31": "-5.24500", "2018-12-31": "-10.01300", "2017-12-31": "-4.99300", "2016-12-31": "-12.17000", "2015-12-31": "-3.78900", "2014-12-31": "-1.82900", "2013-12-31": "-5.85600", "2012-12-31": "0.48400", "2011-12-31": "-0.49900", "2010-12-31": "-1.35200", "2009-12-31": "-0.45400", "2008-12-31": "4.73400", "2007-12-31": "2.23700", "2006-12-31": "6.02400", "2005-12-31": "-0.82200"}, "Cash Flow From Financial Activities": {"2020-12-31": "", "2019-12-31": "-41.87800", "2018-12-31": "423.31500", "2017-12-31": "254.18400", "2016-12-31": "-66.52400", "2015-12-31": "-180.39800", "2014-12-31": "-42.08100", "2013-12-31": "-385.18100", "2012-12-31": "342.52100", "2011-12-31": "597.38600", "2010-12-31": "-20.36600", "2009-12-31": "-45.42400", "2008-12-31": "-65.89600", "2007-12-31": "-5.37900", "2006-12-31": "121.72700", "2005-12-31": "-0.47200"}, "Net Cash Flow": {"2020-12-31": "", "2019-12-31": "16.93700", "2018-12-31": "-12.30200", "2017-12-31": "14.46800", "2016-12-31": "-0.25100", "2015-12-31": "-18.41400", "2014-12-31": "20.27700", "2013-12-31": "-7.03700", "2012-12-31": "-5.19000", "2011-12-31": "-179.35100", "2010-12-31": "97.76400", "2009-12-31": "89.18900", "2008-12-31": "3.53000", "2007-12-31": "2.46400", "2006-12-31": "-15.18500", "2005-12-31": "17.20900"}, "Stock-Based Compensation": {"2020-12-31": "", "2019-12-31": "", "2018-12-31": "", "2017-12-31": "", "2016-12-31": "", "2015-12-31": "", "2014-12-31": "", "2013-12-31": "", "2012-12-31": "", "2011-12-31": "", "2010-12-31": "", "2009-12-31": "", "2008-12-31": "", "2007-12-31": "", "2006-12-31": "", "2005-12-31": ""}, "Common Stock Dividends Paid": {"2020-12-31": "", "2019-12-31": "", "2018-12-31": "", "2017-12-31": "", "2016-12-31": "", "2015-12-31": "", "2014-12-31": "", "2013-12-31": "", "2012-12-31": "", "2011-12-31": "", "2010-12-31": "", "2009-12-31": "", "2008-12-31": "", "2007-12-31": "", "2006-12-31": "", "2005-12-31": ""}}, "cash flow statement, quarterly": {"Net Income/Loss": {"2020-12-31": 294.007, "2020-09-30": 27.693, "2020-06-30": 25.263, "2020-03-31": "-346.96300", "2019-12-31": 2.972, "2019-09-30": 48.15, "2019-06-30": 47.44, "2019-03-31": "44.45700", "2018-12-31": -24.331, "2018-09-30": 41.95, "2018-06-30": 28.793, "2018-03-31": "32.66600", "2017-12-31": 231.497, "2017-09-30": 28.789, "2017-06-30": 25.972, "2017-03-31": "27.64500", "2016-12-31": 32.858, "2016-09-30": 32.353, "2016-06-30": 39.109, "2016-03-31": "38.48400", "2015-12-31": 51.072, "2015-09-30": 57.111, "2015-06-30": 58.376, "2015-03-31": "61.41100", "2014-12-31": 68.473, "2014-09-30": 77.213, "2014-06-30": 75.911, "2014-03-31": "63.01100", "2013-12-31": 65.259, "2013-09-30": 69.696, "2013-06-30": 63.792, "2013-03-31": "57.55200", "2012-12-31": 58.574, "2012-09-30": 53.731, "2012-06-30": 48.435, "2012-03-31": "51.87900", "2011-12-31": 56.769, "2011-09-30": 53.594, "2011-06-30": 42.229, "2011-03-31": "32.90000", "2010-12-31": 31.923, "2010-09-30": 30.905, "2010-06-30": 29.643, "2010-03-31": "24.91100", "2009-12-31": 29.641, "2009-09-30": 35.448, "2009-06-30": 33.985, "2009-03-31": "28.46400", "2008-12-31": 38.885, "2008-09-30": 42.129, "2008-06-30": 40.812, "2008-03-31": "36.64700", "2007-12-31": 35.069, "2007-09-30": 34.43, "2007-06-30": 30.137, "2007-03-31": "24.42200", "2006-12-31": 23.447, "2006-09-30": 25.85, "2006-06-30": 23.643, "2006-03-31": "22.51100", "2005-12-31": 19.77, "2005-09-30": 17.285, "2005-06-30": 18.447, "2005-03-31": "13.27900"}, "Total Depreciation And Amortization - Cash Flow": {"2020-12-31": -198.99, "2020-09-30": 65.577, "2020-06-30": 65.193, "2020-03-31": "68.22000", "2019-12-31": 65.273, "2019-09-30": 64.491, "2019-06-30": 63.557, "2019-03-31": "65.09700", "2018-12-31": 65.267, "2018-09-30": 66.61, "2018-06-30": 67.256, "2018-03-31": "66.92100", "2017-12-31": 63.856, "2017-09-30": 59.765, "2017-06-30": 56.816, "2017-03-31": "56.09700", "2016-12-31": 61.184, "2016-09-30": 58.552, "2016-06-30": 57.51, "2016-03-31": "56.01600", "2015-12-31": 57.783, "2015-09-30": 59.885, "2015-06-30": 55.308, "2015-03-31": "53.87100", "2014-12-31": 54.1, "2014-09-30": 50.145, "2014-06-30": 52.24, "2014-03-31": "43.18900", "2013-12-31": 53.259, "2013-09-30": 45.5, "2013-06-30": 43.198, "2013-03-31": "43.13000", "2012-12-31": 40.212, "2012-09-30": 38.571, "2012-06-30": 37.78, "2012-03-31": "38.38000", "2011-12-31": 37.917, "2011-09-30": 39.444, "2011-06-30": 30.743, "2011-03-31": "27.15300", "2010-12-31": 26.771, "2010-09-30": 26.426, "2010-06-30": 24.927, "2010-03-31": "28.03900", "2009-12-31": 29.575, "2009-09-30": 27.335, "2009-06-30": 24.698, "2009-03-31": "24.11600", "2008-12-31": 26.092, "2008-09-30": 24.854, "2008-06-30": 25.026, "2008-03-31": "24.48500", "2007-12-31": 22.162, "2007-09-30": 22.245, "2007-06-30": 21.945, "2007-03-31": "20.90700", "2006-12-31": 18.478, "2006-09-30": 18.799, "2006-06-30": 17.415, "2006-03-31": "16.52000", "2005-12-31": 15.212, "2005-09-30": 14.2, "2005-06-30": 14.416, "2005-03-31": "15.26900"}, "Other Non-Cash Items": {"2020-12-31": -566.656, "2020-09-30": 23.97, "2020-06-30": 16.654, "2020-03-31": "526.03200", "2019-12-31": 33.308, "2019-09-30": 14.495, "2019-06-30": 13.517, "2019-03-31": "12.49000", "2018-12-31": 82.416, "2018-09-30": 13.457, "2018-06-30": 14.535, "2018-03-31": "8.84600", "2017-12-31": -177.891, "2017-09-30": 14.132, "2017-06-30": 10.089, "2017-03-31": "8.56200", "2016-12-31": 4.16, "2016-09-30": 16.582, "2016-06-30": 14.969, "2016-03-31": "14.71300", "2015-12-31": 43.236, "2015-09-30": 5.921, "2015-06-30": 6.619, "2015-03-31": "7.18200", "2014-12-31": 49.661, "2014-09-30": 16.314, "2014-06-30": 1.945, "2014-03-31": "12.46800", "2013-12-31": 34.557, "2013-09-30": 20.64, "2013-06-30": 26.386, "2013-03-31": "21.49700", "2012-12-31": 23.11, "2012-09-30": 25.891, "2012-06-30": 15.591, "2012-03-31": "18.18300", "2011-12-31": 24.58, "2011-09-30": 21.643, "2011-06-30": 9.93, "2011-03-31": "13.81000", "2010-12-31": 6.194, "2010-09-30": 25.605, "2010-06-30": 0.183, "2010-03-31": "2.23700", "2009-12-31": 7.46, "2009-09-30": 13.006, "2009-06-30": 9.381, "2009-03-31": "9.52000", "2008-12-31": 22.577, "2008-09-30": 8.866, "2008-06-30": 4.598, "2008-03-31": "5.76200", "2007-12-31": 1.826, "2007-09-30": -1.567, "2007-06-30": 1.216, "2007-03-31": "1.04100", "2006-12-31": 2.398, "2006-09-30": -3.234, "2006-06-30": -1.093, "2006-03-31": "-0.44600", "2005-12-31": -1.383, "2005-09-30": 0.715, "2005-06-30": -0.922, "2005-03-31": "0.82900"}, "Total Non-Cash Items": {"2020-12-31": -765.646, "2020-09-30": 89.547, "2020-06-30": 81.847, "2020-03-31": "594.25200", "2019-12-31": 98.581, "2019-09-30": 78.986, "2019-06-30": 77.074, "2019-03-31": "77.58700", "2018-12-31": 147.683, "2018-09-30": 80.067, "2018-06-30": 81.791, "2018-03-31": "75.76700", "2017-12-31": -114.035, "2017-09-30": 73.897, "2017-06-30": 66.905, "2017-03-31": "64.65900", "2016-12-31": 65.344, "2016-09-30": 75.134, "2016-06-30": 72.479, "2016-03-31": "70.72900", "2015-12-31": 101.019, "2015-09-30": 65.806, "2015-06-30": 61.927, "2015-03-31": "61.05300", "2014-12-31": 103.761, "2014-09-30": 66.459, "2014-06-30": 54.185, "2014-03-31": "55.65700", "2013-12-31": 87.816, "2013-09-30": 66.14, "2013-06-30": 69.584, "2013-03-31": "64.62700", "2012-12-31": 63.322, "2012-09-30": 64.462, "2012-06-30": 53.371, "2012-03-31": "56.56300", "2011-12-31": 62.497, "2011-09-30": 61.087, "2011-06-30": 40.673, "2011-03-31": "40.96300", "2010-12-31": 32.965, "2010-09-30": 52.031, "2010-06-30": 25.11, "2010-03-31": "30.27600", "2009-12-31": 37.035, "2009-09-30": 40.341, "2009-06-30": 34.079, "2009-03-31": "33.63600", "2008-12-31": 48.669, "2008-09-30": 33.72, "2008-06-30": 29.624, "2008-03-31": "30.24700", "2007-12-31": 23.988, "2007-09-30": 20.678, "2007-06-30": 23.161, "2007-03-31": "21.94800", "2006-12-31": 20.876, "2006-09-30": 15.565, "2006-06-30": 16.322, "2006-03-31": "16.07400", "2005-12-31": 13.829, "2005-09-30": 14.915, "2005-06-30": 13.494, "2005-03-31": "16.09800"}, "Change In Accounts Receivable": {"2020-12-31": 0, "2020-09-30": 0, "2020-06-30": 0, "2020-03-31": "", "2019-12-31": 43.078, "2019-09-30": 0, "2019-06-30": 0, "2019-03-31": "", "2018-12-31": 12.511, "2018-09-30": 0, "2018-06-30": 0, "2018-03-31": "", "2017-12-31": -60.405, "2017-09-30": 0, "2017-06-30": 0, "2017-03-31": "", "2016-12-31": -12.75, "2016-09-30": 0, "2016-06-30": 0, "2016-03-31": "", "2015-12-31": 129.908, "2015-09-30": 0, "2015-06-30": 0, "2015-03-31": "", "2014-12-31": -176.544, "2014-09-30": 0, "2014-06-30": 0, "2014-03-31": "", "2013-12-31": 2.235, "2013-09-30": 0, "2013-06-30": 0, "2013-03-31": "", "2012-12-31": -8.744, "2012-09-30": 0, "2012-06-30": 0, "2012-03-31": "", "2011-12-31": -58.351, "2011-09-30": 0, "2011-06-30": 0, "2011-03-31": "", "2010-12-31": -17.563, "2010-09-30": 0, "2010-06-30": 0, "2010-03-31": "", "2009-12-31": 4.36, "2009-09-30": 10.376, "2009-06-30": 9.278, "2009-03-31": "35.06900", "2008-12-31": 5.975, "2008-09-30": -0.87, "2008-06-30": -16.597, "2008-03-31": "-9.78500", "2007-12-31": 1.868, "2007-09-30": 0, "2007-06-30": 0, "2007-03-31": "", "2006-12-31": -15.54, "2006-09-30": 0, "2006-06-30": 0, "2006-03-31": "", "2005-12-31": -20.315, "2005-09-30": 0, "2005-06-30": 0, "2005-03-31": ""}, "Change In Inventories": {"2020-12-31": 0, "2020-09-30": 0, "2020-06-30": 0, "2020-03-31": "", "2019-12-31": 122.773, "2019-09-30": 0, "2019-06-30": 0, "2019-03-31": "", "2018-12-31": -144.685, "2018-09-30": 0, "2018-06-30": 0, "2018-03-31": "", "2017-12-31": 19.673, "2017-09-30": 0, "2017-06-30": 0, "2017-03-31": "", "2016-12-31": 3.182, "2016-09-30": 0, "2016-06-30": 0, "2016-03-31": "", "2015-12-31": -7.32, "2015-09-30": 0, "2015-06-30": 0, "2015-03-31": "", "2014-12-31": -56.468, "2014-09-30": 0, "2014-06-30": 0, "2014-03-31": "", "2013-12-31": 43.275, "2013-09-30": 0, "2013-06-30": 0, "2013-03-31": "", "2012-12-31": -46.372, "2012-09-30": 0, "2012-06-30": 0, "2012-03-31": "", "2011-12-31": -26.355, "2011-09-30": 0, "2011-06-30": 0, "2011-03-31": "", "2010-12-31": 0.973, "2010-09-30": 0, "2010-06-30": 0, "2010-03-31": "", "2009-12-31": 8.724, "2009-09-30": 0, "2009-06-30": 0, "2009-03-31": "", "2008-12-31": 6.208, "2008-09-30": 0, "2008-06-30": 0, "2008-03-31": "", "2007-12-31": -9.335, "2007-09-30": 0, "2007-06-30": 0, "2007-03-31": "", "2006-12-31": -5.009, "2006-09-30": 0, "2006-06-30": 0, "2006-03-31": "", "2005-12-31": -3.541, "2005-09-30": 0, "2005-06-30": 0, "2005-03-31": ""}, "Change In Accounts Payable": {"2020-12-31": 0, "2020-09-30": 0, "2020-06-30": 0, "2020-03-31": "", "2019-12-31": -57.405, "2019-09-30": 0, "2019-06-30": 0, "2019-03-31": "", "2018-12-31": 22.622, "2018-09-30": 0, "2018-06-30": 0, "2018-03-31": "", "2017-12-31": 20.758, "2017-09-30": 0, "2017-06-30": 0, "2017-03-31": "", "2016-12-31": -1.739, "2016-09-30": 0, "2016-06-30": 0, "2016-03-31": "", "2015-12-31": -81.808, "2015-09-30": 0, "2015-06-30": 0, "2015-03-31": "", "2014-12-31": 44.645, "2014-09-30": 0, "2014-06-30": 0, "2014-03-31": "", "2013-12-31": 23.088, "2013-09-30": 0, "2013-06-30": 0, "2013-03-31": "", "2012-12-31": -10.484, "2012-09-30": 0, "2012-06-30": 0, "2012-03-31": "", "2011-12-31": 21.492, "2011-09-30": 0, "2011-06-30": 0, "2011-03-31": "", "2010-12-31": 19.262, "2010-09-30": 0, "2010-06-30": 0, "2010-03-31": "", "2009-12-31": -25.929, "2009-09-30": 0, "2009-06-30": 0, "2009-03-31": "", "2008-12-31": -22.888, "2008-09-30": 0, "2008-06-30": 0, "2008-03-31": "", "2007-12-31": 11.742, "2007-09-30": 0, "2007-06-30": 0, "2007-03-31": "", "2006-12-31": 11.276, "2006-09-30": 0, "2006-06-30": 0, "2006-03-31": "", "2005-12-31": 26.979, "2005-09-30": 0, "2005-06-30": 0, "2005-03-31": ""}, "Change In Assets/Liabilities": {"2020-12-31": 115.399, "2020-09-30": 0.369, "2020-06-30": 60.132, "2020-03-31": "-175.90000", "2019-12-31": -44.448, "2019-09-30": 72.098, "2019-06-30": 28.617, "2019-03-31": "-81.73700", "2018-12-31": 28.617, "2018-09-30": -3.223, "2018-06-30": 24.442, "2018-03-31": "-87.92600", "2017-12-31": 11.543, "2017-09-30": -37.177, "2017-06-30": 16.725, "2017-03-31": "-8.14000", "2016-12-31": -40.811, "2016-09-30": 18.481, "2016-06-30": -12.883, "2016-03-31": "4.36000", "2015-12-31": -26.492, "2015-09-30": 7.86, "2015-06-30": 21.856, "2015-03-31": "-18.77500", "2014-12-31": 52.19, "2014-09-30": -68.979, "2014-06-30": 6.022, "2014-03-31": "-3.37800", "2013-12-31": -101.194, "2013-09-30": 43.423, "2013-06-30": 36.783, "2013-03-31": "-26.53800", "2012-12-31": 79.817, "2012-09-30": -9.224, "2012-06-30": -39.488, "2012-03-31": "-36.28500", "2011-12-31": 48.976, "2011-09-30": -17.352, "2011-06-30": -28.784, "2011-03-31": "-10.08700", "2010-12-31": 20.363, "2010-09-30": -16.059, "2010-06-30": -8.264, "2010-03-31": "1.44900", "2009-12-31": 21.174, "2009-09-30": 0.412, "2009-06-30": -7.272, "2009-03-31": "-15.89900", "2008-12-31": 10.663, "2008-09-30": 7.994, "2008-06-30": -15.616, "2008-03-31": "4.01200", "2007-12-31": -0.551, "2007-09-30": 12.997, "2007-06-30": -13.771, "2007-03-31": "0.12700", "2006-12-31": 21.672, "2006-09-30": -1.002, "2006-06-30": -9.017, "2006-03-31": "-7.19700", "2005-12-31": -21.519, "2005-09-30": 9.398, "2005-06-30": -4.629, "2005-03-31": "6.90400"}, "Total Change In Assets/Liabilities": {"2020-12-31": 115.399, "2020-09-30": 0.369, "2020-06-30": 60.132, "2020-03-31": "-175.90000", "2019-12-31": 17.588, "2019-09-30": 72.098, "2019-06-30": 28.617, "2019-03-31": "-81.73700", "2018-12-31": -50.68, "2018-09-30": -3.223, "2018-06-30": 24.442, "2018-03-31": "-87.92600", "2017-12-31": -23.359, "2017-09-30": -37.177, "2017-06-30": 16.725, "2017-03-31": "-8.14000", "2016-12-31": -20.654, "2016-09-30": 18.481, "2016-06-30": -12.883, "2016-03-31": "4.36000", "2015-12-31": -4.436, "2015-09-30": 7.86, "2015-06-30": 21.856, "2015-03-31": "-18.77500", "2014-12-31": -59.426, "2014-09-30": -68.979, "2014-06-30": 6.022, "2014-03-31": "-3.37800", "2013-12-31": 2.898, "2013-09-30": 43.423, "2013-06-30": 36.783, "2013-03-31": "-26.53800", "2012-12-31": -39.61, "2012-09-30": -9.224, "2012-06-30": -39.488, "2012-03-31": "-36.28500", "2011-12-31": -23.395, "2011-09-30": -17.352, "2011-06-30": -28.784, "2011-03-31": "-10.08700", "2010-12-31": 10.356, "2010-09-30": -16.059, "2010-06-30": -8.264, "2010-03-31": "1.44900", "2009-12-31": 15.396, "2009-09-30": 10.788, "2009-06-30": 2.006, "2009-03-31": "19.17000", "2008-12-31": -23.989, "2008-09-30": 7.124, "2008-06-30": -32.213, "2008-03-31": "-5.77300", "2007-12-31": 22.452, "2007-09-30": 12.997, "2007-06-30": -13.771, "2007-03-31": "0.12700", "2006-12-31": 2.658, "2006-09-30": -1.002, "2006-06-30": -9.017, "2006-03-31": "-7.19700", "2005-12-31": 2.221, "2005-09-30": 9.398, "2005-06-30": -4.629, "2005-03-31": "6.90400"}, "Cash Flow From Operating Activities": {"2020-12-31": -359.763, "2020-09-30": 117.619, "2020-06-30": 170.643, "2020-03-31": "71.50100", "2019-12-31": 124.214, "2019-09-30": 199.402, "2019-06-30": 149.668, "2019-03-31": "38.52900", "2018-12-31": 74.695, "2018-09-30": 118.549, "2018-06-30": 135.021, "2018-03-31": "18.73400", "2017-12-31": 93.923, "2017-09-30": 65.66, "2017-06-30": 108.593, "2017-03-31": "85.20200", "2016-12-31": 77.548, "2016-09-30": 126.629, "2016-06-30": 98.386, "2016-03-31": "113.23100", "2015-12-31": 146.811, "2015-09-30": 131.551, "2015-06-30": 143.353, "2015-03-31": "102.56500", "2014-12-31": 113.344, "2014-09-30": 74.157, "2014-06-30": 136.197, "2014-03-31": "115.21100", "2013-12-31": 150.317, "2013-09-30": 181.44, "2013-06-30": 171.479, "2013-03-31": "97.79600", "2012-12-31": 79.502, "2012-09-30": 109.626, "2012-06-30": 63.234, "2012-03-31": "73.36800", "2011-12-31": 96.669, "2011-09-30": 97.501, "2011-06-30": 54.069, "2011-03-31": "63.75600", "2010-12-31": 75.409, "2010-09-30": 66.798, "2010-06-30": 46.448, "2010-03-31": "56.59100", "2009-12-31": 82.784, "2009-09-30": 85.543, "2009-06-30": 70.113, "2009-03-31": "81.44500", "2008-12-31": 62.499, "2008-09-30": 84.622, "2008-06-30": 37.517, "2008-03-31": "61.30900", "2007-12-31": 79.908, "2007-09-30": 68.253, "2007-06-30": 40.445, "2007-03-31": "47.14000", "2006-12-31": 47.163, "2006-09-30": 40.667, "2006-06-30": 31.228, "2006-03-31": "31.30600", "2005-12-31": 36.005, "2005-09-30": 41.903, "2005-06-30": 27.772, "2005-03-31": "36.30200"}, "Net Change In Property, Plant, And Equipment": {"2020-12-31": 129.371, "2020-09-30": -36.541, "2020-06-30": -43.605, "2020-03-31": "-49.22500", "2019-12-31": -64.096, "2019-09-30": -56.8, "2019-06-30": -66.336, "2019-03-31": "-60.93200", "2018-12-31": -70.109, "2018-09-30": -78.841, "2018-06-30": -111.95, "2018-03-31": "-40.96100", "2017-12-31": -43.785, "2017-09-30": -40.928, "2017-06-30": -46.744, "2017-03-31": "-45.76500", "2016-12-31": -43.144, "2016-09-30": -58.257, "2016-06-30": -60.525, "2016-03-31": "-50.52300", "2015-12-31": -80.273, "2015-09-30": -75.05, "2015-06-30": -93.619, "2015-03-31": "-96.53300", "2014-12-31": -110.653, "2014-09-30": -70.799, "2014-06-30": -101.042, "2014-03-31": "-62.25700", "2013-12-31": -46.18, "2013-09-30": -38.872, "2013-06-30": -97.018, "2013-03-31": "-71.15700", "2012-12-31": -56.28, "2012-09-30": -102.041, "2012-06-30": -91.979, "2012-03-31": "-61.86700", "2011-12-31": -63.028, "2011-09-30": -65.237, "2011-06-30": -66.859, "2011-03-31": "-31.11400", "2010-12-31": -28.805, "2010-09-30": -40.399, "2010-06-30": -33.214, "2010-03-31": "-34.42300", "2009-12-31": -29.688, "2009-09-30": -46.364, "2009-06-30": -51.763, "2009-03-31": "-64.84500", "2008-12-31": -31.494, "2008-09-30": -35.014, "2008-06-30": -57.758, "2008-03-31": "-48.75300", "2007-12-31": -41.056, "2007-09-30": -27.455, "2007-06-30": -41.923, "2007-03-31": "-53.64900", "2006-12-31": -29.015, "2006-09-30": -45.728, "2006-06-30": -42.76, "2006-03-31": "-21.62600", "2005-12-31": -29.165, "2005-09-30": -29.555, "2005-06-30": -39.54, "2005-03-31": "-24.02300"}, "Net Change In Intangible Assets": {"2020-12-31": 0, "2020-09-30": 0, "2020-06-30": 0, "2020-03-31": "", "2019-12-31": 0, "2019-09-30": 0, "2019-06-30": 0, "2019-03-31": "", "2018-12-31": 0, "2018-09-30": 0, "2018-06-30": 0, "2018-03-31": "", "2017-12-31": 0, "2017-09-30": 0, "2017-06-30": 0, "2017-03-31": "", "2016-12-31": 0, "2016-09-30": 0, "2016-06-30": 0, "2016-03-31": "", "2015-12-31": 0, "2015-09-30": 0, "2015-06-30": 0, "2015-03-31": "", "2014-12-31": 0, "2014-09-30": 0, "2014-06-30": 0, "2014-03-31": "", "2013-12-31": 0, "2013-09-30": 0, "2013-06-30": 0, "2013-03-31": "", "2012-12-31": 0, "2012-09-30": 0, "2012-06-30": 0, "2012-03-31": "", "2011-12-31": 0, "2011-09-30": 0, "2011-06-30": 0, "2011-03-31": "", "2010-12-31": 0, "2010-09-30": 0, "2010-06-30": 0, "2010-03-31": "", "2009-12-31": 0, "2009-09-30": 0, "2009-06-30": 0, "2009-03-31": "", "2008-12-31": 0, "2008-09-30": 0, "2008-06-30": 0, "2008-03-31": "", "2007-12-31": 0, "2007-09-30": 0, "2007-06-30": 0, "2007-03-31": "", "2006-12-31": 0, "2006-09-30": 0, "2006-06-30": 0, "2006-03-31": "", "2005-12-31": 0, "2005-09-30": 0, "2005-06-30": 0, "2005-03-31": ""}, "Net Acquisitions/Divestitures": {"2020-12-31": 348.772, "2020-09-30": -6.525, "2020-06-30": -281.825, "2020-03-31": "-60.42200", "2019-12-31": -4.951, "2019-09-30": -4.7, "2019-06-30": -5.37, "2019-03-31": "-247.47000", "2018-12-31": -34.67, "2018-09-30": 0, "2018-06-30": -69.25, "2018-03-31": "-429.97700", "2017-12-31": -18.882, "2017-09-30": -451.219, "2017-06-30": 0, "2017-03-31": "", "2016-12-31": -11.44, "2016-09-30": -4.641, "2016-06-30": -120.991, "2016-03-31": "", "2015-12-31": 0, "2015-09-30": 0, "2015-06-30": 0, "2015-03-31": "-41.25000", "2014-12-31": -25.3, "2014-09-30": -6.5, "2014-06-30": 0, "2014-03-31": "", "2013-12-31": 0, "2013-09-30": 0, "2013-06-30": -1.532, "2013-03-31": "-2.11100", "2012-12-31": -380.925, "2012-09-30": 0, "2012-06-30": 0, "2012-03-31": "", "2011-12-31": -42.745, "2011-09-30": -486.365, "2011-06-30": -271.902, "2011-03-31": "-58.50000", "2010-12-31": 0, "2010-09-30": 0, "2010-06-30": 0, "2010-03-31": "", "2009-12-31": 0, "2009-09-30": 0, "2009-06-30": 0, "2009-03-31": "", "2008-12-31": -0.044, "2008-09-30": -0.302, "2008-06-30": -3.334, "2008-03-31": "-1.80000", "2007-12-31": -5.419, "2007-09-30": -12.374, "2007-06-30": -2.075, "2007-03-31": "-47.31700", "2006-12-31": -4.486, "2006-09-30": -22.652, "2006-06-30": -101.268, "2006-03-31": "-15.50500", "2005-12-31": -0.5, "2005-09-30": 0, "2005-06-30": -7, "2005-03-31": ""}, "Net Change In Short-term Investments": {"2020-12-31": 0, "2020-09-30": 0, "2020-06-30": 0, "2020-03-31": "", "2019-12-31": 0, "2019-09-30": 0, "2019-06-30": 0, "2019-03-31": "", "2018-12-31": 0, "2018-09-30": 0, "2018-06-30": 0, "2018-03-31": "", "2017-12-31": 0, "2017-09-30": 0, "2017-06-30": 0, "2017-03-31": "", "2016-12-31": 0, "2016-09-30": 0, "2016-06-30": 0, "2016-03-31": "", "2015-12-31": 0, "2015-09-30": 0, "2015-06-30": 0, "2015-03-31": "", "2014-12-31": 0, "2014-09-30": 0, "2014-06-30": 0, "2014-03-31": "", "2013-12-31": 0, "2013-09-30": 0, "2013-06-30": 0, "2013-03-31": "", "2012-12-31": 0, "2012-09-30": 0, "2012-06-30": 0, "2012-03-31": "", "2011-12-31": 0, "2011-09-30": 0, "2011-06-30": 0, "2011-03-31": "", "2010-12-31": 0, "2010-09-30": 0, "2010-06-30": 0, "2010-03-31": "", "2009-12-31": 0, "2009-09-30": 0, "2009-06-30": 0, "2009-03-31": "", "2008-12-31": 0, "2008-09-30": 0, "2008-06-30": 0, "2008-03-31": "", "2007-12-31": 0, "2007-09-30": 0, "2007-06-30": 0, "2007-03-31": "", "2006-12-31": 0, "2006-09-30": 0, "2006-06-30": 0, "2006-03-31": "", "2005-12-31": 0, "2005-09-30": 0, "2005-06-30": 0, "2005-03-31": ""}, "Net Change In Long-Term Investments": {"2020-12-31": 0, "2020-09-30": 0, "2020-06-30": 0, "2020-03-31": "", "2019-12-31": 0, "2019-09-30": 0, "2019-06-30": 0, "2019-03-31": "", "2018-12-31": 0, "2018-09-30": 0, "2018-06-30": 0, "2018-03-31": "", "2017-12-31": 0, "2017-09-30": 0, "2017-06-30": 0, "2017-03-31": "", "2016-12-31": 0, "2016-09-30": 0, "2016-06-30": 0, "2016-03-31": "", "2015-12-31": 0, "2015-09-30": 0, "2015-06-30": 0, "2015-03-31": "", "2014-12-31": 0, "2014-09-30": 0, "2014-06-30": 0, "2014-03-31": "", "2013-12-31": 0, "2013-09-30": 0, "2013-06-30": 0, "2013-03-31": "", "2012-12-31": 0, "2012-09-30": 0, "2012-06-30": 0, "2012-03-31": "", "2011-12-31": 0, "2011-09-30": 0, "2011-06-30": 0, "2011-03-31": "", "2010-12-31": 0, "2010-09-30": 0, "2010-06-30": 0, "2010-03-31": "", "2009-12-31": 0, "2009-09-30": 0, "2009-06-30": 0, "2009-03-31": "", "2008-12-31": 0, "2008-09-30": 0, "2008-06-30": 0, "2008-03-31": "", "2007-12-31": 0, "2007-09-30": 0, "2007-06-30": 0, "2007-03-31": "", "2006-12-31": 0, "2006-09-30": 0, "2006-06-30": 0, "2006-03-31": "", "2005-12-31": 0, "2005-09-30": 0, "2005-06-30": 0, "2005-03-31": ""}, "Net Change In Investments - Total": {"2020-12-31": 0, "2020-09-30": 0, "2020-06-30": 0, "2020-03-31": "", "2019-12-31": 0, "2019-09-30": 0, "2019-06-30": 0, "2019-03-31": "", "2018-12-31": 0, "2018-09-30": 0, "2018-06-30": 0, "2018-03-31": "", "2017-12-31": 0, "2017-09-30": 0, "2017-06-30": 0, "2017-03-31": "", "2016-12-31": 0, "2016-09-30": 0, "2016-06-30": 0, "2016-03-31": "", "2015-12-31": 0, "2015-09-30": 0, "2015-06-30": 0, "2015-03-31": "", "2014-12-31": 0, "2014-09-30": 0, "2014-06-30": 0, "2014-03-31": "", "2013-12-31": 0, "2013-09-30": 0, "2013-06-30": 0, "2013-03-31": "", "2012-12-31": 0, "2012-09-30": 0, "2012-06-30": 0, "2012-03-31": "", "2011-12-31": 0, "2011-09-30": 0, "2011-06-30": 0, "2011-03-31": "", "2010-12-31": 0, "2010-09-30": 0, "2010-06-30": 0, "2010-03-31": "", "2009-12-31": 0, "2009-09-30": 0, "2009-06-30": 0, "2009-03-31": "", "2008-12-31": 0, "2008-09-30": 0, "2008-06-30": 0, "2008-03-31": "", "2007-12-31": 0, "2007-09-30": 0, "2007-06-30": 0, "2007-03-31": "", "2006-12-31": 0, "2006-09-30": 0, "2006-06-30": 0, "2006-03-31": "", "2005-12-31": 0, "2005-09-30": 0, "2005-06-30": 0, "2005-03-31": ""}, "Investing Activities - Other": {"2020-12-31": -6.538, "2020-09-30": 1.62, "2020-06-30": 0.925, "2020-03-31": "3.99300", "2019-12-31": 23.167, "2019-09-30": 11.126, "2019-06-30": 10.177, "2019-03-31": "13.18700", "2018-12-31": 25.336, "2018-09-30": 2.598, "2018-06-30": 13.027, "2018-03-31": "12.18100", "2017-12-31": 24.486, "2017-09-30": 1.777, "2017-06-30": 20.008, "2017-03-31": "7.95800", "2016-12-31": -15.136, "2016-09-30": 11.989, "2016-06-30": 2.85, "2016-03-31": "0.29700", "2015-12-31": 11.327, "2015-09-30": 2.466, "2015-06-30": 0.396, "2015-03-31": "10.24000", "2014-12-31": -8.139, "2014-09-30": 4.255, "2014-06-30": 3.521, "2014-03-31": "0.36300", "2013-12-31": 3.592, "2013-09-30": 17.279, "2013-06-30": 11.25, "2013-03-31": "1.86100", "2012-12-31": 4.486, "2012-09-30": 8.514, "2012-06-30": 3.217, "2012-03-31": "3.43400", "2011-12-31": 7.864, "2011-09-30": -13.026, "2011-06-30": 0.421, "2011-03-31": "1.75900", "2010-12-31": 2.224, "2010-09-30": 1.278, "2010-06-30": 4.326, "2010-03-31": "1.89700", "2009-12-31": 3.769, "2009-09-30": 2.733, "2009-06-30": 0.214, "2009-03-31": "0.67200", "2008-12-31": 0.632, "2008-09-30": 0.079, "2008-06-30": 1.225, "2008-03-31": "0.04200", "2007-12-31": 2.603, "2007-09-30": 0.153, "2007-06-30": 0.127, "2007-03-31": "0.48200", "2006-12-31": 0.423, "2006-09-30": -6.91, "2006-06-30": 2.789, "2006-03-31": "-0.53800", "2005-12-31": 0.78, "2005-09-30": -0.972, "2005-06-30": 5.232, "2005-03-31": "0.44200"}, "Cash Flow From Investing Activities": {"2020-12-31": 471.605, "2020-09-30": -41.446, "2020-06-30": -324.505, "2020-03-31": "-105.65400", "2019-12-31": -45.88, "2019-09-30": -50.374, "2019-06-30": -61.529, "2019-03-31": "-295.21500", "2018-12-31": -79.443, "2018-09-30": -76.243, "2018-06-30": -168.173, "2018-03-31": "-458.75700", "2017-12-31": -38.181, "2017-09-30": -490.37, "2017-06-30": -26.736, "2017-03-31": "-37.80700", "2016-12-31": -69.72, "2016-09-30": -50.909, "2016-06-30": -178.666, "2016-03-31": "-50.22600", "2015-12-31": -68.946, "2015-09-30": -72.584, "2015-06-30": -93.223, "2015-03-31": "-127.54300", "2014-12-31": -144.092, "2014-09-30": -73.044, "2014-06-30": -97.521, "2014-03-31": "-61.89400", "2013-12-31": -42.588, "2013-09-30": -21.593, "2013-06-30": -87.3, "2013-03-31": "-71.40700", "2012-12-31": -432.719, "2012-09-30": -93.527, "2012-06-30": -88.762, "2012-03-31": "-58.43300", "2011-12-31": -97.909, "2011-09-30": -564.628, "2011-06-30": -338.34, "2011-03-31": "-87.85500", "2010-12-31": -26.581, "2010-09-30": -39.121, "2010-06-30": -28.888, "2010-03-31": "-32.52600", "2009-12-31": -25.919, "2009-09-30": -43.631, "2009-06-30": -51.549, "2009-03-31": "-64.17300", "2008-12-31": -30.906, "2008-09-30": -35.237, "2008-06-30": -59.867, "2008-03-31": "-50.51100", "2007-12-31": -43.872, "2007-09-30": -39.676, "2007-06-30": -43.871, "2007-03-31": "-100.48400", "2006-12-31": -33.078, "2006-09-30": -75.29, "2006-06-30": -141.239, "2006-03-31": "-37.66900", "2005-12-31": -28.885, "2005-09-30": -30.527, "2005-06-30": -41.308, "2005-03-31": "-23.58100"}, "Net Long-Term Debt": {"2020-12-31": 150, "2020-09-30": -424.991, "2020-06-30": 424.991, "2020-03-31": "-150.00000", "2019-12-31": -65, "2019-09-30": 253.805, "2019-06-30": -313.805, "2019-03-31": "500.00000", "2018-12-31": 0, "2018-09-30": 0, "2018-06-30": 0, "2018-03-31": "499.29500", "2017-12-31": -12.656, "2017-09-30": -1.065, "2017-06-30": 0, "2017-03-31": "", "2016-12-31": -52.848, "2016-09-30": -23.438, "2016-06-30": 23.438, "2016-03-31": "", "2015-12-31": 0, "2015-09-30": 0, "2015-06-30": -100, "2015-03-31": "", "2014-12-31": 67.35, "2014-09-30": -33.8, "2014-06-30": -66, "2014-03-31": "", "2013-12-31": -104, "2013-09-30": -130, "2013-06-30": -13, "2013-03-31": "12.00000", "2012-12-31": 262, "2012-09-30": -13.002, "2012-06-30": -6.501, "2012-03-31": "-6.50200", "2011-12-31": -6.566, "2011-09-30": 505.144, "2011-06-30": -0.05, "2011-03-31": "-0.01000", "2010-12-31": -0.017, "2010-09-30": -0.04, "2010-06-30": -0.034, "2010-03-31": "-0.01400", "2009-12-31": -0.159, "2009-09-30": -0.013, "2009-06-30": -0.888, "2009-03-31": "-0.02700", "2008-12-31": -0.036, "2008-09-30": -0.02, "2008-06-30": -1.009, "2008-03-31": "-0.02600", "2007-12-31": -0.772, "2007-09-30": -0.04, "2007-06-30": -1.15, "2007-03-31": "0.97800", "2006-12-31": -0.024, "2006-09-30": -0.025, "2006-06-30": -0.024, "2006-03-31": "-0.02300", "2005-12-31": -0.001, "2005-09-30": -0.001, "2005-06-30": -1.301, "2005-03-31": "-0.00100"}, "Net Current Debt": {"2020-12-31": -360.139, "2020-09-30": 360.139, "2020-06-30": -485.001, "2020-03-31": "485.00100", "2019-12-31": 0.001, "2019-09-30": -417.377, "2019-06-30": 240.801, "2019-03-31": "-240.80100", "2018-12-31": 9.937, "2018-09-30": -42.907, "2018-06-30": 18.929, "2018-03-31": "-64.41400", "2017-12-31": -28.565, "2017-09-30": 430.279, "2017-06-30": -83.404, "2017-03-31": "-48.45100", "2016-12-31": 49.445, "2016-09-30": -49.445, "2016-06-30": 62.886, "2016-03-31": "-62.88600", "2015-12-31": -31.614, "2015-09-30": 2.077, "2015-06-30": 88.121, "2015-03-31": "102.20000", "2014-12-31": 0, "2014-09-30": 33.85, "2014-06-30": 7.3, "2014-03-31": "-41.15000", "2013-12-31": -7.78, "2013-09-30": -30.31, "2013-06-30": -69.22, "2013-03-31": "-43.65000", "2012-12-31": 91.14, "2012-09-30": -4.56, "2012-06-30": 33.04, "2012-03-31": "-22.51000", "2011-12-31": 11.69, "2011-09-30": -36.39, "2011-06-30": 119.7, "2011-03-31": "", "2010-12-31": 0, "2010-09-30": 0, "2010-06-30": 0, "2010-03-31": "", "2009-12-31": 0, "2009-09-30": -10, "2009-06-30": -15, "2009-03-31": "-21.00000", "2008-12-31": -21.84, "2008-09-30": -29.71, "2008-06-30": 16.65, "2008-03-31": "-14.15000", "2007-12-31": -35.6, "2007-09-30": -50.15, "2007-06-30": 24.2, "2007-03-31": "49.20000", "2006-12-31": -16.5, "2006-09-30": 41.4, "2006-06-30": 82.5, "2006-03-31": "", "2005-12-31": -5.7, "2005-09-30": -11.9, "2005-06-30": 13.8, "2005-03-31": "-13.60000"}, "Debt Issuance/Retirement Net - Total": {"2020-12-31": -210.139, "2020-09-30": -64.852, "2020-06-30": -60.01, "2020-03-31": "335.00100", "2019-12-31": -64.999, "2019-09-30": -163.572, "2019-06-30": -73.004, "2019-03-31": "259.19900", "2018-12-31": 9.937, "2018-09-30": -42.907, "2018-06-30": 18.929, "2018-03-31": "434.88100", "2017-12-31": -41.221, "2017-09-30": 429.214, "2017-06-30": -83.404, "2017-03-31": "-48.45100", "2016-12-31": -3.403, "2016-09-30": -72.883, "2016-06-30": 86.324, "2016-03-31": "-62.88600", "2015-12-31": -31.614, "2015-09-30": 2.077, "2015-06-30": -11.879, "2015-03-31": "102.20000", "2014-12-31": 67.35, "2014-09-30": 0.05, "2014-06-30": -58.7, "2014-03-31": "-41.15000", "2013-12-31": -111.78, "2013-09-30": -160.31, "2013-06-30": -82.22, "2013-03-31": "-31.65000", "2012-12-31": 353.14, "2012-09-30": -17.562, "2012-06-30": 26.539, "2012-03-31": "-29.01200", "2011-12-31": 5.124, "2011-09-30": 468.754, "2011-06-30": 119.65, "2011-03-31": "-0.01000", "2010-12-31": -0.017, "2010-09-30": -0.04, "2010-06-30": -0.034, "2010-03-31": "-0.01400", "2009-12-31": -0.159, "2009-09-30": -10.013, "2009-06-30": -15.888, "2009-03-31": "-21.02700", "2008-12-31": -21.876, "2008-09-30": -29.73, "2008-06-30": 15.641, "2008-03-31": "-14.17600", "2007-12-31": -36.372, "2007-09-30": -50.19, "2007-06-30": 23.05, "2007-03-31": "50.17800", "2006-12-31": -16.524, "2006-09-30": 41.375, "2006-06-30": 82.476, "2006-03-31": "-0.02300", "2005-12-31": -5.701, "2005-09-30": -11.901, "2005-06-30": 12.499, "2005-03-31": "-13.60100"}, "Net Common Equity Issued/Repurchased": {"2020-12-31": -0.353, "2020-09-30": 0, "2020-06-30": 0, "2020-03-31": "0.35300", "2019-12-31": 2.18, "2019-09-30": 1.66, "2019-06-30": 0.488, "2019-03-31": "1.41500", "2018-12-31": -0.776, "2018-09-30": 0.277, "2018-06-30": 12.695, "2018-03-31": "0.29200", "2017-12-31": 0.963, "2017-09-30": 0.238, "2017-06-30": 0.58, "2017-03-31": "1.25800", "2016-12-31": 0, "2016-09-30": 0, "2016-06-30": 0.321, "2016-03-31": "-1.82700", "2015-12-31": -38.95, "2015-09-30": -63.304, "2015-06-30": -37.503, "2015-03-31": "-97.63600", "2014-12-31": -15.212, "2014-09-30": 0.135, "2014-06-30": 2.944, "2014-03-31": "4.33100", "2013-12-31": 2.307, "2013-09-30": 1.755, "2013-06-30": 0.311, "2013-03-31": "2.26200", "2012-12-31": 5.759, "2012-09-30": 1.923, "2012-06-30": 0.249, "2012-03-31": "1.00100", "2011-12-31": 4.018, "2011-09-30": 0, "2011-06-30": 0.214, "2011-03-31": "0.13500", "2010-12-31": -2.149, "2010-09-30": -18.734, "2010-06-30": 1.677, "2010-03-31": "0.29700", "2009-12-31": 0.061, "2009-09-30": 0.524, "2009-06-30": 0.779, "2009-03-31": "0.75300", "2008-12-31": -3.275, "2008-09-30": -22.726, "2008-06-30": 6.542, "2008-03-31": "-1.03000", "2007-12-31": 1.012, "2007-09-30": 1.947, "2007-06-30": 1.097, "2007-03-31": "1.66200", "2006-12-31": 1.08, "2006-09-30": -3.68, "2006-06-30": 3.83, "2006-03-31": "7.16900", "2005-12-31": 13.716, "2005-09-30": 2.006, "2005-06-30": 0.705, "2005-03-31": "2.62700"}, "Net Total Equity Issued/Repurchased": {"2020-12-31": -0.353, "2020-09-30": 0, "2020-06-30": 0, "2020-03-31": "0.35300", "2019-12-31": 2.18, "2019-09-30": 1.66, "2019-06-30": 0.488, "2019-03-31": "1.41500", "2018-12-31": -0.776, "2018-09-30": 0.277, "2018-06-30": 12.695, "2018-03-31": "0.29200", "2017-12-31": 0.963, "2017-09-30": 0.238, "2017-06-30": 0.58, "2017-03-31": "1.25800", "2016-12-31": 0, "2016-09-30": 0, "2016-06-30": 0.321, "2016-03-31": "-1.82700", "2015-12-31": -38.95, "2015-09-30": -63.304, "2015-06-30": -37.503, "2015-03-31": "-97.63600", "2014-12-31": -15.212, "2014-09-30": 0.135, "2014-06-30": 2.944, "2014-03-31": "4.33100", "2013-12-31": 2.307, "2013-09-30": 1.755, "2013-06-30": 0.311, "2013-03-31": "2.26200", "2012-12-31": 5.759, "2012-09-30": 1.923, "2012-06-30": 0.249, "2012-03-31": "1.00100", "2011-12-31": 4.018, "2011-09-30": 0, "2011-06-30": 0.214, "2011-03-31": "0.13500", "2010-12-31": -2.149, "2010-09-30": -18.734, "2010-06-30": 1.677, "2010-03-31": "0.29700", "2009-12-31": 0.061, "2009-09-30": 0.524, "2009-06-30": 0.779, "2009-03-31": "0.75300", "2008-12-31": -3.275, "2008-09-30": -22.726, "2008-06-30": 6.542, "2008-03-31": "-1.03000", "2007-12-31": 1.012, "2007-09-30": 1.947, "2007-06-30": 1.097, "2007-03-31": "1.66200", "2006-12-31": 1.08, "2006-09-30": -3.68, "2006-06-30": 3.83, "2006-03-31": "7.16900", "2005-12-31": 13.716, "2005-09-30": 2.006, "2005-06-30": 0.705, "2005-03-31": "2.62700"}, "Total Common And Preferred Stock Dividends Paid": {"2020-12-31": 0, "2020-09-30": 0, "2020-06-30": 0, "2020-03-31": "", "2019-12-31": 0, "2019-09-30": 0, "2019-06-30": 0, "2019-03-31": "", "2018-12-31": 0, "2018-09-30": 0, "2018-06-30": 0, "2018-03-31": "", "2017-12-31": 0, "2017-09-30": 0, "2017-06-30": 0, "2017-03-31": "", "2016-12-31": 0, "2016-09-30": 0, "2016-06-30": 0, "2016-03-31": "", "2015-12-31": 0, "2015-09-30": 0, "2015-06-30": 0, "2015-03-31": "", "2014-12-31": 0, "2014-09-30": 0, "2014-06-30": 0, "2014-03-31": "", "2013-12-31": 0, "2013-09-30": 0, "2013-06-30": 0, "2013-03-31": "", "2012-12-31": 0, "2012-09-30": 0, "2012-06-30": 0, "2012-03-31": "", "2011-12-31": 0, "2011-09-30": 0, "2011-06-30": 0, "2011-03-31": "", "2010-12-31": 0, "2010-09-30": 0, "2010-06-30": 0, "2010-03-31": "", "2009-12-31": 0, "2009-09-30": 0, "2009-06-30": 0, "2009-03-31": "", "2008-12-31": 0, "2008-09-30": 0, "2008-06-30": 0, "2008-03-31": "", "2007-12-31": 0, "2007-09-30": 0, "2007-06-30": 0, "2007-03-31": "", "2006-12-31": 0, "2006-09-30": 0, "2006-06-30": 0, "2006-03-31": "", "2005-12-31": 0, "2005-09-30": 0, "2005-06-30": 0, "2005-03-31": ""}, "Financial Activities - Other": {"2020-12-31": 3.801, "2020-09-30": -0.206, "2020-06-30": -0.228, "2020-03-31": "-3.36700", "2019-12-31": -0.203, "2019-09-30": -0.212, "2019-06-30": -0.391, "2019-03-31": "-4.43900", "2018-12-31": -0.23, "2018-09-30": -0.257, "2018-06-30": -1.284, "2018-03-31": "-8.24200", "2017-12-31": -0.208, "2017-09-30": -1.493, "2017-06-30": -0.212, "2017-03-31": "-3.08000", "2016-12-31": -4.172, "2016-09-30": -0.315, "2016-06-30": -5.223, "2016-03-31": "-2.46000", "2015-12-31": -3.931, "2015-09-30": -0.214, "2015-06-30": -0.25, "2015-03-31": "0.60600", "2014-12-31": -0.775, "2014-09-30": -0.548, "2014-06-30": 0.77, "2014-03-31": "-1.27600", "2013-12-31": -0.716, "2013-09-30": -0.073, "2013-06-30": -0.845, "2013-03-31": "-4.22200", "2012-12-31": 0.234, "2012-09-30": -1.122, "2012-06-30": -0.5, "2012-03-31": "1.87200", "2011-12-31": -0.018, "2011-09-30": -0.594, "2011-06-30": -0.354, "2011-03-31": "0.46700", "2010-12-31": -0.266, "2010-09-30": -0.45, "2010-06-30": 0.184, "2010-03-31": "-0.82000", "2009-12-31": 1.307, "2009-09-30": -1.139, "2009-06-30": -1.017, "2009-03-31": "0.39500", "2008-12-31": 0.269, "2008-09-30": -1.115, "2008-06-30": 2.6, "2008-03-31": "2.98000", "2007-12-31": 0.511, "2007-09-30": 0.148, "2007-06-30": -0.042, "2007-03-31": "1.62000", "2006-12-31": -0.106, "2006-09-30": -0.232, "2006-06-30": 1.812, "2006-03-31": "4.55000", "2005-12-31": -0.363, "2005-09-30": -0.2, "2005-06-30": -0.164, "2005-03-31": "-0.09500"}, "Cash Flow From Financial Activities": {"2020-12-31": -206.691, "2020-09-30": -65.058, "2020-06-30": -60.238, "2020-03-31": "331.98700", "2019-12-31": -63.022, "2019-09-30": -162.124, "2019-06-30": -72.907, "2019-03-31": "256.17500", "2018-12-31": 8.931, "2018-09-30": -42.887, "2018-06-30": 30.34, "2018-03-31": "426.93100", "2017-12-31": -40.466, "2017-09-30": 427.959, "2017-06-30": -83.036, "2017-03-31": "-50.27300", "2016-12-31": -7.575, "2016-09-30": -73.198, "2016-06-30": 81.422, "2016-03-31": "-67.17300", "2015-12-31": -74.495, "2015-09-30": -61.441, "2015-06-30": -49.632, "2015-03-31": "5.17000", "2014-12-31": 51.363, "2014-09-30": -0.363, "2014-06-30": -54.986, "2014-03-31": "-38.09500", "2013-12-31": -110.189, "2013-09-30": -158.628, "2013-06-30": -82.754, "2013-03-31": "-33.61000", "2012-12-31": 359.133, "2012-09-30": -16.761, "2012-06-30": 26.288, "2012-03-31": "-26.13900", "2011-12-31": 9.124, "2011-09-30": 468.16, "2011-06-30": 119.51, "2011-03-31": "0.59200", "2010-12-31": -2.432, "2010-09-30": -19.224, "2010-06-30": 1.827, "2010-03-31": "-0.53700", "2009-12-31": 1.209, "2009-09-30": -10.628, "2009-06-30": -16.126, "2009-03-31": "-19.87900", "2008-12-31": -24.882, "2008-09-30": -53.571, "2008-06-30": 24.783, "2008-03-31": "-12.22600", "2007-12-31": -34.849, "2007-09-30": -48.095, "2007-06-30": 24.105, "2007-03-31": "53.46000", "2006-12-31": -15.55, "2006-09-30": 37.463, "2006-06-30": 88.118, "2006-03-31": "11.69600", "2005-12-31": 7.652, "2005-09-30": -10.095, "2005-06-30": 13.04, "2005-03-31": "-11.06900"}, "Net Cash Flow": {"2020-12-31": -94.849, "2020-09-30": 11.115, "2020-06-30": -214.1, "2020-03-31": "297.83400", "2019-12-31": 15.312, "2019-09-30": -13.096, "2019-06-30": 15.232, "2019-03-31": "-0.51100", "2018-12-31": 4.183, "2018-09-30": -0.581, "2018-06-30": -2.812, "2018-03-31": "-13.09200", "2017-12-31": 15.276, "2017-09-30": 3.249, "2017-06-30": -1.179, "2017-03-31": "-2.87800", "2016-12-31": 0.253, "2016-09-30": 2.522, "2016-06-30": 1.142, "2016-03-31": "-4.16800", "2015-12-31": 3.37, "2015-09-30": -2.474, "2015-06-30": 0.498, "2015-03-31": "-19.80800", "2014-12-31": 20.615, "2014-09-30": 0.75, "2014-06-30": -16.31, "2014-03-31": "15.22200", "2013-12-31": -2.46, "2013-09-30": 1.219, "2013-06-30": 1.425, "2013-03-31": "-7.22100", "2012-12-31": 5.916, "2012-09-30": -0.662, "2012-06-30": 0.76, "2012-03-31": "-11.20400", "2011-12-31": 7.884, "2011-09-30": 1.033, "2011-06-30": -164.761, "2011-03-31": "-23.50700", "2010-12-31": 46.396, "2010-09-30": 8.453, "2010-06-30": 19.387, "2010-03-31": "23.52800", "2009-12-31": 58.074, "2009-09-30": 31.284, "2009-06-30": 2.438, "2009-03-31": "-2.60700", "2008-12-31": 6.711, "2008-09-30": -4.186, "2008-06-30": 2.433, "2008-03-31": "-1.42800", "2007-12-31": 1.187, "2007-09-30": -19.518, "2007-06-30": 20.679, "2007-03-31": "0.11600", "2006-12-31": -1.465, "2006-09-30": 2.84, "2006-06-30": -21.893, "2006-03-31": "5.33300", "2005-12-31": 14.772, "2005-09-30": 1.281, "2005-06-30": -0.496, "2005-03-31": "1.65200"}, "Stock-Based Compensation": {"2020-12-31": 0, "2020-09-30": 0, "2020-06-30": 0, "2020-03-31": "", "2019-12-31": 0, "2019-09-30": 0, "2019-06-30": 0, "2019-03-31": "", "2018-12-31": 0, "2018-09-30": 0, "2018-06-30": 0, "2018-03-31": "", "2017-12-31": 0, "2017-09-30": 0, "2017-06-30": 0, "2017-03-31": "", "2016-12-31": 0, "2016-09-30": 0, "2016-06-30": 0, "2016-03-31": "", "2015-12-31": 0, "2015-09-30": 0, "2015-06-30": 0, "2015-03-31": "", "2014-12-31": 0, "2014-09-30": 0, "2014-06-30": 0, "2014-03-31": "", "2013-12-31": 0, "2013-09-30": 0, "2013-06-30": 0, "2013-03-31": "", "2012-12-31": 0, "2012-09-30": 0, "2012-06-30": 0, "2012-03-31": "", "2011-12-31": 0, "2011-09-30": 0, "2011-06-30": 0, "2011-03-31": "", "2010-12-31": 0, "2010-09-30": 0, "2010-06-30": 0, "2010-03-31": "", "2009-12-31": 0, "2009-09-30": 0, "2009-06-30": 0, "2009-03-31": "", "2008-12-31": 0, "2008-09-30": 0, "2008-06-30": 0, "2008-03-31": "", "2007-12-31": 0, "2007-09-30": 0, "2007-06-30": 0, "2007-03-31": "", "2006-12-31": 0, "2006-09-30": 0, "2006-06-30": 0, "2006-03-31": "", "2005-12-31": 0, "2005-09-30": 0, "2005-06-30": 0, "2005-03-31": ""}, "Common Stock Dividends Paid": {"2020-12-31": 0, "2020-09-30": 0, "2020-06-30": 0, "2020-03-31": "", "2019-12-31": 0, "2019-09-30": 0, "2019-06-30": 0, "2019-03-31": "", "2018-12-31": 0, "2018-09-30": 0, "2018-06-30": 0, "2018-03-31": "", "2017-12-31": 0, "2017-09-30": 0, "2017-06-30": 0, "2017-03-31": "", "2016-12-31": 0, "2016-09-30": 0, "2016-06-30": 0, "2016-03-31": "", "2015-12-31": 0, "2015-09-30": 0, "2015-06-30": 0, "2015-03-31": "", "2014-12-31": 0, "2014-09-30": 0, "2014-06-30": 0, "2014-03-31": "", "2013-12-31": 0, "2013-09-30": 0, "2013-06-30": 0, "2013-03-31": "", "2012-12-31": 0, "2012-09-30": 0, "2012-06-30": 0, "2012-03-31": "", "2011-12-31": 0, "2011-09-30": 0, "2011-06-30": 0, "2011-03-31": "", "2010-12-31": 0, "2010-09-30": 0, "2010-06-30": 0, "2010-03-31": "", "2009-12-31": 0, "2009-09-30": 0, "2009-06-30": 0, "2009-03-31": "", "2008-12-31": 0, "2008-09-30": 0, "2008-06-30": 0, "2008-03-31": "", "2007-12-31": 0, "2007-09-30": 0, "2007-06-30": 0, "2007-03-31": "", "2006-12-31": 0, "2006-09-30": 0, "2006-06-30": 0, "2006-03-31": "", "2005-12-31": 0, "2005-09-30": 0, "2005-06-30": 0, "2005-03-31": ""}}, "financial ratios": {"Current Ratio": {"2019-12-31": "1.78480", "2018-12-31": "1.80410", "2017-12-31": "1.99270", "2016-12-31": "1.76640", "2015-12-31": "1.77050", "2014-12-31": "1.35210", "2013-12-31": "1.57230", "2012-12-31": "1.67950", "2011-12-31": "1.47530", "2010-12-31": "2.65770", "2009-12-31": "2.18880", "2008-12-31": "1.61510", "2007-12-31": "1.39660", "2006-12-31": "1.49580", "2005-12-31": "1.33220"}, "Long-term Debt / Capital": {"2019-12-31": "0.28890", "2018-12-31": "0.30480", "2017-12-31": "0.24170", "2016-12-31": "0.23050", "2015-12-31": "0.25370", "2014-12-31": "0.20940", "2013-12-31": "0.27030", "2012-12-31": "0.38530", "2011-12-31": "0.34410", "2010-12-31": "0.14720", "2009-12-31": "0.15940", "2008-12-31": "0.21590", "2007-12-31": "0.27770", "2006-12-31": "0.32870", "2005-12-31": "0.27120"}, "Debt/Equity Ratio": {"2019-12-31": "0.40630", "2018-12-31": "0.43850", "2017-12-31": "0.31870", "2016-12-31": "0.29960", "2015-12-31": "0.34000", "2014-12-31": "0.31640", "2013-12-31": "0.37050", "2012-12-31": "0.66500", "2011-12-31": "0.55150", "2010-12-31": "0.17270", "2009-12-31": "0.18960", "2008-12-31": "0.27680", "2007-12-31": "0.38630", "2006-12-31": "0.49110", "2005-12-31": "0.37210"}, "Gross Margin": {"2019-12-31": "28.47920", "2018-12-31": "27.25800", "2017-12-31": "29.63850", "2016-12-31": "36.48370", "2015-12-31": "36.56130", "2014-12-31": "33.95670", "2013-12-31": "35.38450", "2012-12-31": "33.27540", "2011-12-31": "33.61280", "2010-12-31": "38.42260", "2009-12-31": "41.05920", "2008-12-31": "37.99890", "2007-12-31": "37.28370", "2006-12-31": "35.85430", "2005-12-31": "35.24690"}, "Operating Margin": {"2019-12-31": "8.52690", "2018-12-31": "5.22740", "2017-12-31": "4.22800", "2016-12-31": "13.97040", "2015-12-31": "17.72560", "2014-12-31": "18.54070", "2013-12-31": "19.45330", "2012-12-31": "17.26890", "2011-12-31": "16.87960", "2010-12-31": "18.02920", "2009-12-31": "19.96290", "2008-12-31": "19.88720", "2007-12-31": "18.82850", "2006-12-31": "17.20860", "2005-12-31": "15.64670"}, "EBIT Margin": {"2019-12-31": "8.52690", "2018-12-31": "5.22740", "2017-12-31": "4.22800", "2016-12-31": "13.97040", "2015-12-31": "17.72560", "2014-12-31": "18.54070", "2013-12-31": "19.45330", "2012-12-31": "17.26890", "2011-12-31": "16.87960", "2010-12-31": "18.02920", "2009-12-31": "19.96290", "2008-12-31": "19.88720", "2007-12-31": "18.82850", "2006-12-31": "17.20860", "2005-12-31": "15.64670"}, "EBITDA Margin": {"2019-12-31": "17.63130", "2018-12-31": "14.18330", "2017-12-31": "14.90950", "2016-12-31": "27.14400", "2015-12-31": "28.28870", "2014-12-31": "26.32120", "2013-12-31": "27.70810", "2012-12-31": "24.60290", "2011-12-31": "24.18910", "2010-12-31": "27.59720", "2009-12-31": "29.73260", "2008-12-31": "27.27290", "2007-12-31": "26.26990", "2006-12-31": "24.44400", "2005-12-31": "23.07350"}, "Pre-Tax Profit Margin": {"2019-12-31": "6.68760", "2018-12-31": "3.84280", "2017-12-31": "3.29720", "2016-12-31": "12.86210", "2015-12-31": "16.84320", "2014-12-31": "17.70590", "2013-12-31": "18.22670", "2012-12-31": "16.11840", "2011-12-31": "15.92870", "2010-12-31": "17.09150", "2009-12-31": "18.99520", "2008-12-31": "18.81530", "2007-12-31": "17.10260", "2006-12-31": "15.66750", "2005-12-31": "13.96490"}, "Net Profit Margin": {"2019-12-31": "5.00200", "2018-12-31": "2.63000", "2017-12-31": "14.04320", "2016-12-31": "7.92960", "2015-12-31": "10.55560", "2014-12-31": "10.92470", "2013-12-31": "11.20520", "2012-12-31": "9.83690", "2011-12-31": "9.80390", "2010-12-31": "10.37570", "2009-12-31": "11.50830", "2008-12-31": "11.44610", "2007-12-31": "10.41940", "2006-12-31": "9.69820", "2005-12-31": "8.64380"}, "Asset Turnover": {"2019-12-31": "0.46690", "2018-12-31": "0.50590", "2017-12-31": "0.43190", "2016-12-31": "0.41280", "2015-12-31": "0.51720", "2014-12-31": "0.61960", "2013-12-31": "0.60890", "2012-12-31": "0.57830", "2011-12-31": "0.62510", "2010-12-31": "0.61820", "2009-12-31": "0.66150", "2008-12-31": "0.89130", "2007-12-31": "0.81970", "2006-12-31": "0.77430", "2005-12-31": "0.77590"}, "Inventory Turnover Ratio": {"2019-12-31": "5.77700", "2018-12-31": "4.25850", "2017-12-31": "4.93490", "2016-12-31": "6.06610", "2015-12-31": "7.38370", "2014-12-31": "8.81130", "2013-12-31": "10.66180", "2012-12-31": "7.94640", "2011-12-31": "9.44010", "2010-12-31": "17.59970", "2009-12-31": "16.02880", "2008-12-31": "17.38140", "2007-12-31": "13.77800", "2006-12-31": "15.11200", "2005-12-31": "27.16590"}, "Receiveable Turnover": {"2019-12-31": "5.87240", "2018-12-31": "5.69230", "2017-12-31": "3.96530", "2016-12-31": "4.51120", "2015-12-31": "5.45930", "2014-12-31": "4.81560", "2013-12-31": "6.32310", "2012-12-31": "5.93020", "2011-12-31": "5.52120", "2010-12-31": "6.60560", "2009-12-31": "7.72750", "2008-12-31": "6.79450", "2007-12-31": "6.38720", "2006-12-31": "5.35890", "2005-12-31": "6.28040"}, "Days Sales In Receivables": {"2019-12-31": "62.15560", "2018-12-31": "64.12210", "2017-12-31": "92.04920", "2016-12-31": "80.90930", "2015-12-31": "66.85880", "2014-12-31": "75.79610", "2013-12-31": "57.72460", "2012-12-31": "61.54970", "2011-12-31": "66.10870", "2010-12-31": "55.25580", "2009-12-31": "47.23360", "2008-12-31": "53.72030", "2007-12-31": "57.14530", "2006-12-31": "68.11050", "2005-12-31": "58.11720"}, "ROE - Return On Equity": {"2019-12-31": "4.24190", "2018-12-31": "2.45870", "2017-12-31": "10.07970", "2016-12-31": "5.91840", "2015-12-31": "10.00220", "2014-12-31": "12.56600", "2013-12-31": "12.67460", "2012-12-31": "12.45530", "2011-12-31": "12.75600", "2010-12-31": "10.12670", "2009-12-31": "12.07640", "2008-12-31": "17.73510", "2007-12-31": "16.11500", "2006-12-31": "15.10310", "2005-12-31": "12.79550"}, "Return On Tangible Equity": {"2019-12-31": "6.48000", "2018-12-31": "3.87960", "2017-12-31": "16.12840", "2016-12-31": "8.26680", "2015-12-31": "13.46960", "2014-12-31": "17.00670", "2013-12-31": "17.91360", "2012-12-31": "19.13720", "2011-12-31": "19.10930", "2010-12-31": "12.61810", "2009-12-31": "15.41760", "2008-12-31": "23.91030", "2007-12-31": "22.95080", "2006-12-31": "23.36260", "2005-12-31": "18.24910"}, "ROA - Return On Assets": {"2019-12-31": "2.35260", "2018-12-31": "1.34680", "2017-12-31": "6.12200", "2016-12-31": "3.32880", "2015-12-31": "5.49020", "2014-12-31": "6.87140", "2013-12-31": "6.95990", "2012-12-31": "5.82020", "2011-12-31": "6.26580", "2010-12-31": "6.53960", "2009-12-31": "7.79590", "2008-12-31": "10.38420", "2007-12-31": "8.67250", "2006-12-31": "7.50920", "2005-12-31": "6.70680"}, "ROI - Return On Investment": {"2019-12-31": "3.01640", "2018-12-31": "1.70930", "2017-12-31": "7.64380", "2016-12-31": "4.55420", "2015-12-31": "7.46450", "2014-12-31": "9.93430", "2013-12-31": "9.24830", "2012-12-31": "7.65600", "2011-12-31": "8.36620", "2010-12-31": "8.63650", "2009-12-31": "10.15190", "2008-12-31": "13.90580", "2007-12-31": "11.63940", "2006-12-31": "10.13800", "2005-12-31": "9.32530"}, "Book Value Per Share": {"2019-12-31": "56.23160", "2018-12-31": "53.72680", "2017-12-31": "52.17420", "2016-12-31": "44.80300", "2015-12-31": "42.42730", "2014-12-31": "39.82620", "2013-12-31": "35.57250", "2012-12-31": "30.16800", "2011-12-31": "26.08640", "2010-12-31": "20.88690", "2009-12-31": "19.61650", "2008-12-31": "16.70540", "2007-12-31": "14.38100", "2006-12-31": "11.92830", "2005-12-31": "20.69780"}, "Operating Cash Flow Per Share": {"2019-12-31": 2.7297, "2018-12-31": -0.5697, "2017-12-31": -1.3869, "2016-12-31": -1.7925, "2015-12-31": 1.8444, "2014-12-31": -2.9098, "2013-12-31": 4.7773, "2012-12-31": 0.1169, "2011-12-31": 1.1468, "2010-12-31": -1.4131, "2009-12-31": 1.4041, "2008-12-31": 0.1699, "2007-12-31": 1.6052, "2006-12-31": 0.0673, "2005-12-31": 2.7536}, "Free Cash Flow Per Share": {"2019-12-31": 3.6446, "2018-12-31": -2.4258, "2017-12-31": -0.618, "2016-12-31": 0.5387, "2015-12-31": 1.6055, "2014-12-31": -4.4944, "2013-12-31": 5.9066, "2012-12-31": -1.3324, "2011-12-31": -0.4516, "2010-12-31": -0.3588, "2009-12-31": 1.0236, "2008-12-31": 0.0173, "2007-12-31": 1.1347, "2006-12-31": -0.1712, "2005-12-31": 0.382}}, "financial ratios, quarterly": {"Current Ratio": {"2020-09-30": "2.35680", "2020-06-30": "2.25260", "2020-03-31": "2.75620", "2019-12-31": "1.78480", "2019-09-30": "1.85410", "2019-06-30": "2.00420", "2019-03-31": "1.91900", "2018-12-31": "1.80410", "2018-09-30": "1.85680", "2018-06-30": "1.86100", "2018-03-31": "1.98930", "2017-12-31": "1.99270", "2017-09-30": "1.92730", "2017-06-30": "1.76510", "2017-03-31": "1.82770", "2016-12-31": "1.76640", "2016-09-30": "1.82240", "2016-06-30": "1.80150", "2016-03-31": "1.82550", "2015-12-31": "1.77050", "2015-09-30": "1.71900", "2015-06-30": "1.74480", "2015-03-31": "1.76440", "2014-12-31": "1.35210", "2014-09-30": "1.55660", "2014-06-30": "1.40570", "2014-03-31": "1.48810", "2013-12-31": "1.57230", "2013-09-30": "1.64540", "2013-06-30": "1.41410", "2013-03-31": "1.60960", "2012-12-31": "1.67950", "2012-09-30": "1.69390", "2012-06-30": "1.40990", "2012-03-31": "1.42980", "2011-12-31": "1.47530", "2011-09-30": "1.48960", "2011-06-30": "1.76760", "2011-03-31": "2.59310", "2010-12-31": "2.65770", "2010-09-30": "2.57460", "2010-06-30": "2.53770", "2010-03-31": "2.22040", "2009-12-31": "2.18880", "2009-09-30": "1.85880", "2009-06-30": "1.66030", "2009-03-31": "1.57850", "2008-12-31": "1.61510", "2008-09-30": "1.56130", "2008-06-30": "1.63730", "2008-03-31": "1.40300", "2007-12-31": "1.39660", "2007-09-30": "1.53770", "2007-06-30": "1.75220", "2007-03-31": "1.46730", "2006-12-31": "1.49580", "2006-09-30": "1.59070", "2006-06-30": "1.51940", "2006-03-31": "1.39300", "2005-12-31": "1.33220", "2005-09-30": "1.25770", "2005-06-30": "1.32850", "2005-03-31": "1.25610"}, "Long-term Debt / Capital": {"2020-09-30": "0.33890", "2020-06-30": "0.34990", "2020-03-31": "0.36010", "2019-12-31": "0.28890", "2019-09-30": "0.29830", "2019-06-30": "0.32430", "2019-03-31": "0.33800", "2018-12-31": "0.30480", "2018-09-30": "0.30210", "2018-06-30": "0.31150", "2018-03-31": "0.31180", "2017-12-31": "0.24170", "2017-09-30": "0.26390", "2017-06-30": "0.19280", "2017-03-31": "0.21700", "2016-12-31": "0.23050", "2016-09-30": "0.23320", "2016-06-30": "0.25360", "2016-03-31": "0.23510", "2015-12-31": "0.25370", "2015-09-30": "0.26450", "2015-06-30": "0.26380", "2015-03-31": "0.26860", "2014-12-31": "0.20940", "2014-09-30": "0.22360", "2014-06-30": "0.23000", "2014-03-31": "0.25300", "2013-12-31": "0.27030", "2013-09-30": "0.31040", "2013-06-30": "0.33940", "2013-03-31": "0.36840", "2012-12-31": "0.38530", "2012-09-30": "0.30860", "2012-06-30": "0.30590", "2012-03-31": "0.31730", "2011-12-31": "0.34410", "2011-09-30": "0.35030", "2011-06-30": "0.20460", "2011-03-31": "0.14310", "2010-12-31": "0.14720", "2010-09-30": "0.15090", "2010-06-30": "0.15250", "2010-03-31": "0.15600", "2009-12-31": "0.15940", "2009-09-30": "0.16610", "2009-06-30": "0.17850", "2009-03-31": "0.19570", "2008-12-31": "0.21590", "2008-09-30": "0.23220", "2008-06-30": "0.25610", "2008-03-31": "0.25870", "2007-12-31": "0.27770", "2007-09-30": "0.31240", "2007-06-30": "0.35500", "2007-03-31": "0.35230", "2006-12-31": "0.32870", "2006-09-30": "0.34200", "2006-06-30": "0.31950", "2006-03-31": "0.25910", "2005-12-31": "0.27120", "2005-09-30": "0.29350", "2005-06-30": "0.31570", "2005-03-31": "0.30950"}, "Debt/Equity Ratio": {"2020-09-30": "0.51270", "2020-06-30": "0.53830", "2020-03-31": "0.56270", "2019-12-31": "0.40630", "2019-09-30": "0.42510", "2019-06-30": "0.48000", "2019-03-31": "0.51060", "2018-12-31": "0.43850", "2018-09-30": "0.43300", "2018-06-30": "0.45250", "2018-03-31": "0.45300", "2017-12-31": "0.31870", "2017-09-30": "0.35930", "2017-06-30": "0.23880", "2017-03-31": "0.27720", "2016-12-31": "0.29960", "2016-09-30": "0.30420", "2016-06-30": "0.33980", "2016-03-31": "0.30740", "2015-12-31": "0.34000", "2015-09-30": "0.35960", "2015-06-30": "0.35830", "2015-03-31": "0.36720", "2014-12-31": "0.31640", "2014-09-30": "0.28800", "2014-06-30": "0.29870", "2014-03-31": "0.33860", "2013-12-31": "0.37050", "2013-09-30": "0.45020", "2013-06-30": "0.55620", "2013-03-31": "0.62360", "2012-12-31": "0.66500", "2012-09-30": "0.48250", "2012-06-30": "0.51210", "2012-03-31": "0.51190", "2011-12-31": "0.55150", "2011-09-30": "0.56210", "2011-06-30": "0.25730", "2011-03-31": "0.16710", "2010-12-31": "0.17270", "2010-09-30": "0.17780", "2010-06-30": "0.17990", "2010-03-31": "0.18490", "2009-12-31": "0.18960", "2009-09-30": "0.19960", "2009-06-30": "0.21770", "2009-03-31": "0.24460", "2008-12-31": "0.27680", "2008-09-30": "0.30380", "2008-06-30": "0.34570", "2008-03-31": "0.35080", "2007-12-31": "0.38630", "2007-09-30": "0.45580", "2007-06-30": "0.55160", "2007-03-31": "0.54550", "2006-12-31": "0.49110", "2006-09-30": "0.52100", "2006-06-30": "0.47100", "2006-03-31": "0.34990", "2005-12-31": "0.37210", "2005-09-30": "0.41540", "2005-06-30": "0.46130", "2005-03-31": "0.45120"}, "Gross Margin": {"2020-09-30": "31.37600", "2020-06-30": "30.97430", "2020-03-31": "29.56210", "2019-12-31": "28.13500", "2019-09-30": "31.23760", "2019-06-30": "26.91770", "2019-03-31": "27.92910", "2018-12-31": "27.84680", "2018-09-30": "29.28640", "2018-06-30": "26.66640", "2018-03-31": "25.39760", "2017-12-31": "28.00580", "2017-09-30": "30.02620", "2017-06-30": "31.39010", "2017-03-31": "29.87690", "2016-12-31": "36.48780", "2016-09-30": "35.09020", "2016-06-30": "37.29430", "2016-03-31": "37.02000", "2015-12-31": "37.88450", "2015-09-30": "37.45080", "2015-06-30": "36.71340", "2015-03-31": "34.52460", "2014-12-31": "32.51270", "2014-09-30": "32.83930", "2014-06-30": "35.76030", "2014-03-31": "34.96280", "2013-12-31": "35.68790", "2013-09-30": "37.50810", "2013-06-30": "34.45970", "2013-03-31": "33.91480", "2012-12-31": "34.75830", "2012-09-30": "33.82430", "2012-06-30": "32.41820", "2012-03-31": "32.20400", "2011-12-31": "32.83370", "2011-09-30": "32.83680", "2011-06-30": "32.56620", "2011-03-31": "38.03460", "2010-12-31": "38.06610", "2010-09-30": "38.84870", "2010-06-30": "38.27320", "2010-03-31": "38.50880", "2009-12-31": "41.89140", "2009-09-30": "42.24630", "2009-06-30": "41.07640", "2009-03-31": "39.10060", "2008-12-31": "40.66620", "2008-09-30": "37.71980", "2008-06-30": "36.75440", "2008-03-31": "36.97370", "2007-12-31": "37.34550", "2007-09-30": "38.41210", "2007-06-30": "37.29060", "2007-03-31": "35.96210", "2006-12-31": "36.06210", "2006-09-30": "36.13180", "2006-06-30": "35.42990", "2006-03-31": "35.75450", "2005-12-31": "35.85510", "2005-09-30": "34.45490", "2005-06-30": "35.63350", "2005-03-31": "34.97920"}, "Operating Margin": {"2020-09-30": "6.02360", "2020-06-30": "6.32940", "2020-03-31": "-79.15440", "2019-12-31": "2.46630", "2019-09-30": "11.68270", "2019-06-30": "9.83640", "2019-03-31": "9.68360", "2018-12-31": "-2.66680", "2018-09-30": "9.64140", "2018-06-30": "6.95840", "2018-03-31": "6.83850", "2017-12-31": "-7.42820", "2017-09-30": "9.77860", "2017-06-30": "9.98290", "2017-03-31": "9.36420", "2016-12-31": "13.53720", "2016-09-30": "12.92500", "2016-06-30": "15.12920", "2016-03-31": "14.25690", "2015-12-31": "17.43020", "2015-09-30": "17.84760", "2015-06-30": "18.06740", "2015-03-31": "17.54240", "2014-12-31": "17.02950", "2014-09-30": "18.82210", "2014-06-30": "20.22520", "2014-03-31": "18.13400", "2013-12-31": "19.13170", "2013-09-30": "21.47270", "2013-06-30": "19.37410", "2013-03-31": "17.86890", "2012-12-31": "19.40060", "2012-09-30": "17.76960", "2012-06-30": "16.35210", "2012-03-31": "15.70900", "2011-12-31": "16.88880", "2011-09-30": "16.37880", "2011-06-30": "16.34440", "2011-03-31": "18.58740", "2010-12-31": "18.74280", "2010-09-30": "18.74580", "2010-06-30": "18.50120", "2010-03-31": "16.03450", "2009-12-31": "19.19070", "2009-09-30": "21.99610", "2009-06-30": "21.15800", "2009-03-31": "17.51780", "2008-12-31": "20.28060", "2008-09-30": "20.18910", "2008-06-30": "19.87310", "2008-03-31": "19.18930", "2007-12-31": "19.57960", "2007-09-30": "20.25770", "2007-06-30": "18.86580", "2007-03-31": "16.36920", "2006-12-31": "16.99450", "2006-09-30": "17.59750", "2006-06-30": "17.07700", "2006-03-31": "17.13270", "2005-12-31": "16.54970", "2005-09-30": "15.05680", "2005-06-30": "16.91270", "2005-03-31": "13.87030"}, "EBIT Margin": {"2020-09-30": "6.02360", "2020-06-30": "6.32940", "2020-03-31": "-79.15440", "2019-12-31": "2.46630", "2019-09-30": "11.68270", "2019-06-30": "9.83640", "2019-03-31": "9.68360", "2018-12-31": "-2.66680", "2018-09-30": "9.64140", "2018-06-30": "6.95840", "2018-03-31": "6.83850", "2017-12-31": "-7.42820", "2017-09-30": "9.77860", "2017-06-30": "9.98290", "2017-03-31": "9.36420", "2016-12-31": "13.53730", "2016-09-30": "12.92500", "2016-06-30": "15.12920", "2016-03-31": "14.25690", "2015-12-31": "17.43020", "2015-09-30": "17.84760", "2015-06-30": "18.06740", "2015-03-31": "17.54240", "2014-12-31": "17.02940", "2014-09-30": "18.82210", "2014-06-30": "20.22520", "2014-03-31": "18.13400", "2013-12-31": "19.13170", "2013-09-30": "21.47270", "2013-06-30": "19.37410", "2013-03-31": "17.86890", "2012-12-31": "19.40060", "2012-09-30": "17.76960", "2012-06-30": "16.35210", "2012-03-31": "15.70900", "2011-12-31": "16.88880", "2011-09-30": "16.37880", "2011-06-30": "16.34440", "2011-03-31": "18.58740", "2010-12-31": "18.74280", "2010-09-30": "18.74580", "2010-06-30": "18.50120", "2010-03-31": "16.03450", "2009-12-31": "19.19080", "2009-09-30": "21.99610", "2009-06-30": "21.15800", "2009-03-31": "17.51780", "2008-12-31": "20.28060", "2008-09-30": "20.18910", "2008-06-30": "19.87310", "2008-03-31": "19.18930", "2007-12-31": "19.57970", "2007-09-30": "20.25770", "2007-06-30": "18.86580", "2007-03-31": "16.36920", "2006-12-31": "16.99450", "2006-09-30": "17.59750", "2006-06-30": "17.07700", "2006-03-31": "17.13270", "2005-12-31": "16.54970", "2005-09-30": "15.05680", "2005-06-30": "16.91270", "2005-03-31": "13.87030"}, "EBITDA Margin": {"2020-09-30": "", "2020-06-30": "", "2020-03-31": "", "2019-12-31": "", "2019-09-30": "", "2019-06-30": "", "2019-03-31": "", "2018-12-31": "", "2018-09-30": "", "2018-06-30": "", "2018-03-31": "", "2017-12-31": "", "2017-09-30": "", "2017-06-30": "", "2017-03-31": "", "2016-12-31": "", "2016-09-30": "", "2016-06-30": "", "2016-03-31": "", "2015-12-31": "", "2015-09-30": "", "2015-06-30": "", "2015-03-31": "", "2014-12-31": "", "2014-09-30": "", "2014-06-30": "", "2014-03-31": "", "2013-12-31": "", "2013-09-30": "", "2013-06-30": "", "2013-03-31": "", "2012-12-31": "", "2012-09-30": "", "2012-06-30": "", "2012-03-31": "", "2011-12-31": "", "2011-09-30": "", "2011-06-30": "", "2011-03-31": "", "2010-12-31": "", "2010-09-30": "", "2010-06-30": "", "2010-03-31": "", "2009-12-31": "", "2009-09-30": "", "2009-06-30": "", "2009-03-31": "", "2008-12-31": "", "2008-09-30": "", "2008-06-30": "", "2008-03-31": "", "2007-12-31": "", "2007-09-30": "", "2007-06-30": "", "2007-03-31": "", "2006-12-31": "", "2006-09-30": "", "2006-06-30": "", "2006-03-31": "", "2005-12-31": "", "2005-09-30": "", "2005-06-30": "", "2005-03-31": ""}, "Pre-Tax Profit Margin": {"2020-09-30": "3.88150", "2020-06-30": "4.40430", "2020-03-31": "-80.71920", "2019-12-31": "0.65850", "2019-09-30": "9.66620", "2019-06-30": "8.13300", "2019-03-31": "7.83450", "2018-12-31": "-4.19850", "2018-09-30": "8.09620", "2018-06-30": "5.58810", "2018-03-31": "5.73440", "2017-12-31": "-8.31230", "2017-09-30": "8.84230", "2017-06-30": "9.08780", "2017-03-31": "8.33790", "2016-12-31": "12.02110", "2016-09-30": "11.86060", "2016-06-30": "14.14780", "2016-03-31": "13.37230", "2015-12-31": "16.54800", "2015-09-30": "17.01630", "2015-06-30": "17.13540", "2015-03-31": "16.65930", "2014-12-31": "16.27760", "2014-09-30": "18.05850", "2014-06-30": "19.37400", "2014-03-31": "17.14060", "2013-12-31": "18.10440", "2013-09-30": "20.26890", "2013-06-30": "18.11180", "2013-03-31": "16.45280", "2012-12-31": "18.10650", "2012-09-30": "16.59720", "2012-06-30": "15.20510", "2012-03-31": "14.70520", "2011-12-31": "15.86470", "2011-09-30": "15.31770", "2011-06-30": "15.61270", "2011-03-31": "17.65810", "2010-12-31": "17.88290", "2010-09-30": "17.81480", "2010-06-30": "17.52670", "2010-03-31": "15.04440", "2009-12-31": "18.24310", "2009-09-30": "21.04380", "2009-06-30": "20.16730", "2009-03-31": "16.53890", "2008-12-31": "19.16570", "2008-09-30": "19.19120", "2008-06-30": "18.86230", "2008-03-31": "18.01620", "2007-12-31": "18.29460", "2007-09-30": "18.44390", "2007-06-30": "16.95930", "2007-03-31": "14.43490", "2006-12-31": "15.06660", "2006-09-30": "15.78200", "2006-06-30": "15.69970", "2006-03-31": "16.16960", "2005-12-31": "15.03890", "2005-09-30": "14.02780", "2005-06-30": "14.93060", "2005-03-31": "11.61220"}, "Net Profit Margin": {"2020-09-30": "5.52430", "2020-06-30": "4.62010", "2020-03-31": "-53.92560", "2019-12-31": "0.40480", "2019-09-30": "7.17730", "2019-06-30": "6.13290", "2019-03-31": "5.93280", "2018-12-31": "-3.41580", "2018-09-30": "5.93270", "2018-06-30": "3.54890", "2018-03-31": "4.37800", "2017-12-31": "32.41230", "2017-09-30": "5.24580", "2017-06-30": "5.40470", "2017-03-31": "5.58930", "2016-12-31": "7.25260", "2016-09-30": "7.36360", "2016-06-30": "8.81870", "2016-03-31": "8.25300", "2015-12-31": "10.46970", "2015-09-30": "10.67340", "2015-06-30": "10.69210", "2015-03-31": "10.39320", "2014-12-31": "9.93690", "2014-09-30": "11.27000", "2014-06-30": "11.94040", "2014-03-31": "10.56370", "2013-12-31": "11.22670", "2013-09-30": "12.45120", "2013-06-30": "11.10710", "2013-03-31": "10.05340", "2012-12-31": "11.20810", "2012-09-30": "10.09850", "2012-06-30": "9.21680", "2012-03-31": "8.91650", "2011-12-31": "10.12120", "2011-09-30": "9.27390", "2011-06-30": "9.44870", "2011-03-31": "10.73760", "2010-12-31": "10.65080", "2010-09-30": "10.90830", "2010-06-30": "10.69470", "2010-03-31": "9.19800", "2009-12-31": "10.70890", "2009-09-30": "12.86490", "2009-06-30": "12.36290", "2009-03-31": "10.08640", "2008-12-31": "11.30320", "2008-09-30": "11.78020", "2008-06-30": "11.58160", "2008-03-31": "11.08600", "2007-12-31": "10.78190", "2007-09-30": "11.37970", "2007-06-30": "10.46400", "2007-03-31": "8.90630", "2006-12-31": "9.32620", "2006-09-30": "9.76900", "2006-06-30": "9.71800", "2006-03-31": "10.00920", "2005-12-31": "9.27030", "2005-09-30": "8.69720", "2005-06-30": "9.25700", "2005-03-31": "7.19950"}, "Asset Turnover": {"2020-09-30": "0.08300", "2020-06-30": "0.08990", "2020-03-31": "0.10710", "2019-12-31": "0.10790", "2019-09-30": "0.10880", "2019-06-30": "0.12370", "2019-03-31": "0.11820", "2018-12-31": "0.12290", "2018-09-30": "0.12040", "2018-06-30": "0.13770", "2018-03-31": "0.12980", "2017-12-31": "0.13810", "2017-09-30": "0.10410", "2017-06-30": "0.11200", "2017-03-31": "0.11550", "2016-12-31": "0.10160", "2016-09-30": "0.10290", "2016-06-30": "0.10340", "2016-03-31": "0.11160", "2015-12-31": "0.11660", "2015-09-30": "0.12780", "2015-06-30": "0.13070", "2015-03-31": "0.14150", "2014-12-31": "0.16140", "2014-09-30": "0.17220", "2014-06-30": "0.16240", "2014-03-31": "0.15480", "2013-12-31": "0.15440", "2013-09-30": "0.15050", "2013-06-30": "0.15140", "2013-03-31": "0.15110", "2012-12-31": "0.14030", "2012-09-30": "0.16680", "2012-06-30": "0.16690", "2012-03-31": "0.19020", "2011-12-31": "0.18580", "2011-09-30": "0.19660", "2011-06-30": "0.20610", "2011-03-31": "0.16230", "2010-12-31": "0.15950", "2010-09-30": "0.16000", "2010-06-30": "0.16050", "2010-03-31": "0.15950", "2009-12-31": "0.15870", "2009-09-30": "0.17190", "2009-06-30": "0.17630", "2009-03-31": "0.18190", "2008-12-31": "0.21410", "2008-09-30": "0.22990", "2008-06-30": "0.22710", "2008-03-31": "0.22550", "2007-12-31": "0.21520", "2007-09-30": "0.21500", "2007-06-30": "0.20550", "2007-03-31": "0.20170", "2006-12-31": "0.19780", "2006-09-30": "0.20850", "2006-06-30": "0.20140", "2006-03-31": "0.21060", "2005-12-31": "0.20790", "2005-09-30": "0.20360", "2005-06-30": "0.20950", "2005-03-31": "0.20010"}, "Inventory Turnover Ratio": {"2020-09-30": "1.06010", "2020-06-30": "1.11190", "2020-03-31": "1.32820", "2019-12-31": "1.34140", "2019-09-30": "1.11760", "2019-06-30": "1.31580", "2019-03-31": "1.09170", "2018-12-31": "1.02590", "2018-09-30": "1.09980", "2018-06-30": "1.53290", "2018-03-31": "1.48670", "2017-12-31": "1.61470", "2017-09-30": "1.17110", "2017-06-30": "1.79580", "2017-03-31": "1.98240", "2016-12-31": "1.49240", "2016-09-30": "1.57540", "2016-06-30": "1.47510", "2016-03-31": "1.54560", "2015-12-31": "1.62980", "2015-09-30": "1.79150", "2015-06-30": "1.79910", "2015-03-31": "1.96590", "2014-12-31": "2.34470", "2014-09-30": "2.77340", "2014-06-30": "2.96810", "2014-03-31": "3.14100", "2013-12-31": "2.69010", "2013-09-30": "2.48770", "2013-06-30": "2.64850", "2013-03-31": "2.24170", "2012-12-31": "1.88500", "2012-09-30": "2.07070", "2012-06-30": "2.02470", "2012-03-31": "2.83760", "2011-12-31": "2.83960", "2011-09-30": "2.99640", "2011-06-30": "2.52340", "2011-03-31": "5.17590", "2010-12-31": "4.56780", "2010-09-30": "4.60910", "2010-06-30": "4.56500", "2010-03-31": "4.52120", "2009-12-31": "3.79070", "2009-09-30": "3.92330", "2009-06-30": "3.60420", "2009-03-31": "3.50000", "2008-12-31": "3.99500", "2008-09-30": "4.36030", "2008-06-30": "4.45230", "2008-03-31": "4.21110", "2007-12-31": "3.61360", "2007-09-30": "3.94730", "2007-06-30": "4.50590", "2007-03-31": "4.23150", "2006-12-31": "3.84770", "2006-09-30": "4.18450", "2006-06-30": "4.09940", "2006-03-31": "6.41640", "2005-12-31": "7.21230", "2005-09-30": "7.06390", "2005-06-30": "7.17340", "2005-03-31": "7.62550"}, "Receiveable Turnover": {"2020-09-30": "0.88410", "2020-06-30": "0.93810", "2020-03-31": "1.00100", "2019-12-31": "1.35700", "2019-09-30": "1.38280", "2019-06-30": "1.40060", "2019-03-31": "1.32460", "2018-12-31": "1.38250", "2018-09-30": "1.37640", "2018-06-30": "1.42080", "2018-03-31": "1.24340", "2017-12-31": "1.26800", "2017-09-30": "1.05880", "2017-06-30": "1.23820", "2017-03-31": "1.26270", "2016-12-31": "1.10990", "2016-09-30": "1.32900", "2016-06-30": "1.22600", "2016-03-31": "1.29920", "2015-12-31": "1.23070", "2015-09-30": "1.29340", "2015-06-30": "1.26440", "2015-03-31": "1.24400", "2014-12-31": "1.25400", "2014-09-30": "1.39050", "2014-06-30": "1.34530", "2014-03-31": "1.28690", "2013-12-31": "1.60290", "2013-09-30": "1.61730", "2013-06-30": "1.49330", "2013-03-31": "1.52360", "2012-12-31": "1.43870", "2012-09-30": "1.55900", "2012-06-30": "1.53870", "2012-03-31": "1.67490", "2011-12-31": "1.64150", "2011-09-30": "1.78710", "2011-06-30": "1.63770", "2011-03-31": "1.74060", "2010-12-31": "1.70460", "2010-09-30": "1.54510", "2010-06-30": "1.77770", "2010-03-31": "1.73390", "2009-12-31": "1.85370", "2009-09-30": "1.87630", "2009-06-30": "1.77410", "2009-03-31": "1.72020", "2008-12-31": "1.63190", "2008-09-30": "1.61270", "2008-06-30": "1.62230", "2008-03-31": "1.70950", "2007-12-31": "1.67680", "2007-09-30": "1.56800", "2007-06-30": "1.51270", "2007-03-31": "1.44790", "2006-12-31": "1.36890", "2006-09-30": "1.49870", "2006-06-30": "1.40770", "2006-03-31": "1.63730", "2005-12-31": "1.68320", "2005-09-30": "1.70620", "2005-06-30": "1.73830", "2005-03-31": "1.63330"}, "Days Sales In Receivables": {"2020-09-30": "101.80080", "2020-06-30": "95.93780", "2020-03-31": "89.91310", "2019-12-31": "66.32050", "2019-09-30": "65.08320", "2019-06-30": "64.26020", "2019-03-31": "67.94590", "2018-12-31": "65.10040", "2018-09-30": "65.38770", "2018-06-30": "63.34580", "2018-03-31": "72.38280", "2017-12-31": "70.97870", "2017-09-30": "85.00080", "2017-06-30": "72.68710", "2017-03-31": "71.27570", "2016-12-31": "81.08660", "2016-09-30": "67.71930", "2016-06-30": "73.40820", "2016-03-31": "69.27250", "2015-12-31": "73.12720", "2015-09-30": "69.58480", "2015-06-30": "71.18280", "2015-03-31": "72.34820", "2014-12-31": "71.76910", "2014-09-30": "64.72610", "2014-06-30": "66.89880", "2014-03-31": "69.93640", "2013-12-31": "56.14770", "2013-09-30": "55.64890", "2013-06-30": "60.26830", "2013-03-31": "59.07030", "2012-12-31": "62.55580", "2012-09-30": "57.73010", "2012-06-30": "58.49170", "2012-03-31": "53.73410", "2011-12-31": "54.82780", "2011-09-30": "50.36070", "2011-06-30": "54.95460", "2011-03-31": "51.70660", "2010-12-31": "52.79930", "2010-09-30": "58.24730", "2010-06-30": "50.62670", "2010-03-31": "51.90720", "2009-12-31": "48.55200", "2009-09-30": "47.96790", "2009-06-30": "50.72900", "2009-03-31": "52.32010", "2008-12-31": "55.15150", "2008-09-30": "55.80580", "2008-06-30": "55.47820", "2008-03-31": "52.64740", "2007-12-31": "53.67230", "2007-09-30": "57.39750", "2007-06-30": "59.49770", "2007-03-31": "62.16090", "2006-12-31": "65.74620", "2006-09-30": "60.05310", "2006-06-30": "63.93430", "2006-03-31": "54.96890", "2005-12-31": "53.46930", "2005-09-30": "52.74760", "2005-06-30": "51.77410", "2005-03-31": "55.10450"}, "ROE - Return On Equity": {"2020-09-30": "0.89960", "2020-06-30": "0.82780", "2020-03-31": "-11.46700", "2019-12-31": "0.08810", "2019-09-30": "1.42690", "2019-06-30": "1.42800", "2019-03-31": "1.36150", "2018-12-31": "-0.75650", "2018-09-30": "1.29750", "2018-06-30": "0.90330", "2018-03-31": "1.03970", "2017-12-31": "7.43350", "2017-09-30": "1.00100", "2017-06-30": "1.04840", "2017-03-31": "1.13590", "2016-12-31": "1.36180", "2016-09-30": "1.35550", "2016-06-30": "1.66370", "2016-03-31": "1.66120", "2015-12-31": "2.24080", "2015-09-30": "2.53410", "2015-06-30": "2.58780", "2015-03-31": "2.75400", "2014-12-31": "3.02320", "2014-09-30": "3.42490", "2014-06-30": "3.49160", "2014-03-31": "3.01360", "2013-12-31": "3.22720", "2013-09-30": "3.64470", "2013-06-30": "3.47420", "2013-03-31": "3.25260", "2012-12-31": "3.43130", "2012-09-30": "3.31530", "2012-06-30": "3.10240", "2012-03-31": "3.43530", "2011-12-31": "3.90390", "2011-09-30": "3.78020", "2011-06-30": "3.39780", "2011-03-31": "2.74690", "2010-12-31": "2.75400", "2010-09-30": "2.74530", "2010-06-30": "2.66430", "2010-03-31": "2.30050", "2009-12-31": "2.80670", "2009-09-30": "3.53030", "2009-06-30": "3.51690", "2009-03-31": "3.07720", "2008-12-31": "4.35170", "2008-09-30": "4.75430", "2008-06-30": "4.70200", "2008-03-31": "4.55860", "2007-12-31": "4.55540", "2007-09-30": "4.70200", "2007-06-30": "4.33300", "2007-03-31": "3.69450", "2006-12-31": "3.71000", "2006-09-30": "4.12130", "2006-06-30": "3.90120", "2006-03-31": "3.92590", "2005-12-31": "3.67790", "2005-09-30": "3.49020", "2005-06-30": "3.90990", "2005-03-31": "2.92060"}, "Return On Tangible Equity": {"2020-09-30": "1.17880", "2020-06-30": "1.08860", "2020-03-31": "-14.60350", "2019-12-31": "0.13470", "2019-09-30": "2.17820", "2019-06-30": "2.20310", "2019-03-31": "2.12520", "2018-12-31": "-1.19370", "2018-09-30": "2.05220", "2018-06-30": "1.44550", "2018-03-31": "1.65140", "2017-12-31": "11.89430", "2017-09-30": "1.47120", "2017-06-30": "1.38200", "2017-03-31": "1.50610", "2016-12-31": "1.90210", "2016-09-30": "1.79830", "2016-06-30": "2.21840", "2016-03-31": "2.22460", "2015-12-31": "3.01760", "2015-09-30": "3.42920", "2015-06-30": "3.50730", "2015-03-31": "3.74800", "2014-12-31": "4.09160", "2014-09-30": "4.64290", "2014-06-30": "4.79630", "2014-03-31": "4.20210", "2013-12-31": "4.56120", "2013-09-30": "5.27640", "2013-06-30": "5.15630", "2013-03-31": "4.90140", "2012-12-31": "5.27210", "2012-09-30": "4.73590", "2012-06-30": "4.49580", "2012-03-31": "5.05070", "2011-12-31": "5.84830", "2011-09-30": "5.70860", "2011-06-30": "4.83440", "2011-03-31": "3.42500", "2010-12-31": "3.43160", "2010-09-30": "3.44590", "2010-06-30": "3.35430", "2010-03-31": "2.91700", "2009-12-31": "3.58320", "2009-09-30": "4.58370", "2009-06-30": "4.62020", "2009-03-31": "4.10010", "2008-12-31": "5.86690", "2008-09-30": "6.42810", "2008-06-30": "6.41380", "2008-03-31": "6.36660", "2007-12-31": "6.48780", "2007-09-30": "6.84330", "2007-06-30": "6.40950", "2007-03-31": "5.60440", "2006-12-31": "5.73890", "2006-09-30": "6.40020", "2006-06-30": "6.14390", "2006-03-31": "5.51540", "2005-12-31": "5.24540", "2005-09-30": "5.16580", "2005-06-30": "5.92830", "2005-03-31": "4.51620"}, "ROA - Return On Assets": {"2020-09-30": "0.46300", "2020-06-30": "0.41990", "2020-03-31": "-5.77340", "2019-12-31": "0.04890", "2019-09-30": "0.78580", "2019-06-30": "0.76110", "2019-03-31": "0.70560", "2018-12-31": "-0.41440", "2018-09-30": "0.71660", "2018-06-30": "0.49390", "2018-03-31": "0.57160", "2017-12-31": "4.51490", "2017-09-30": "0.55360", "2017-06-30": "0.61470", "2017-03-31": "0.64940", "2016-12-31": "0.76590", "2016-09-30": "0.76600", "2016-06-30": "0.91620", "2016-03-31": "0.93660", "2015-12-31": "1.23000", "2015-09-30": "1.37090", "2015-06-30": "1.40510", "2015-03-31": "1.47910", "2014-12-31": "1.65320", "2014-09-30": "1.95370", "2014-06-30": "1.96260", "2014-03-31": "1.65570", "2013-12-31": "1.77210", "2013-09-30": "1.90360", "2013-06-30": "1.71290", "2013-03-31": "1.55630", "2012-12-31": "1.60340", "2012-09-30": "1.71910", "2012-06-30": "1.57960", "2012-03-31": "1.74040", "2011-12-31": "1.91760", "2011-09-30": "1.86970", "2011-06-30": "1.99030", "2011-03-31": "1.78410", "2010-12-31": "1.77850", "2010-09-30": "1.75750", "2010-06-30": "1.73800", "2010-03-31": "1.48140", "2009-12-31": "1.81180", "2009-09-30": "2.23850", "2009-06-30": "2.19660", "2009-03-31": "1.86520", "2008-12-31": "2.54800", "2008-09-30": "2.73090", "2008-06-30": "2.65110", "2008-03-31": "2.51040", "2007-12-31": "2.45160", "2007-09-30": "2.44660", "2007-06-30": "2.15030", "2007-03-31": "1.79630", "2006-12-31": "1.84460", "2006-09-30": "2.03670", "2006-06-30": "1.95760", "2006-03-31": "2.10770", "2005-12-31": "1.92780", "2005-09-30": "1.77060", "2005-06-30": "1.93900", "2005-03-31": "1.44080"}, "ROI - Return On Investment": {"2020-09-30": "0.59470", "2020-06-30": "0.53810", "2020-03-31": "-7.33810", "2019-12-31": "0.06270", "2019-09-30": "1.00130", "2019-06-30": "0.96480", "2019-03-31": "0.90120", "2018-12-31": "-0.52590", "2018-09-30": "0.90550", "2018-06-30": "0.62190", "2018-03-31": "0.71560", "2017-12-31": "5.63720", "2017-09-30": "0.73680", "2017-06-30": "0.84630", "2017-03-31": "0.88940", "2016-12-31": "1.04790", "2016-09-30": "1.03940", "2016-06-30": "1.24180", "2016-03-31": "1.27060", "2015-12-31": "1.67230", "2015-09-30": "1.86390", "2015-06-30": "1.90510", "2015-03-31": "2.01430", "2014-12-31": "2.39010", "2014-09-30": "2.65900", "2014-06-30": "2.68860", "2014-03-31": "2.25130", "2013-12-31": "2.35480", "2013-09-30": "2.51320", "2013-06-30": "2.29520", "2013-03-31": "2.05440", "2012-12-31": "2.10910", "2012-09-30": "2.29210", "2012-06-30": "2.15350", "2012-03-31": "2.34520", "2011-12-31": "2.56040", "2011-09-30": "2.45610", "2011-06-30": "2.70260", "2011-03-31": "2.35380", "2010-12-31": "2.34880", "2010-09-30": "2.33090", "2010-06-30": "2.25800", "2010-03-31": "1.94150", "2009-12-31": "2.35940", "2009-09-30": "2.94380", "2009-06-30": "2.88890", "2009-03-31": "2.47500", "2008-12-31": "3.41210", "2008-09-30": "3.65060", "2008-06-30": "3.49780", "2008-03-31": "3.37920", "2007-12-31": "3.29030", "2007-09-30": "3.23300", "2007-06-30": "2.79500", "2007-03-31": "2.39270", "2006-12-31": "2.49040", "2006-09-30": "2.71190", "2006-06-30": "2.65460", "2006-03-31": "2.90880", "2005-12-31": "2.68040", "2005-09-30": "2.46580", "2005-06-30": "2.67560", "2005-03-31": "2.01650"}, "Book Value Per Share": {"2020-09-30": "51.27360", "2020-06-30": "50.83420", "2020-03-31": "50.43180", "2019-12-31": "56.23160", "2019-09-30": "56.30920", "2019-06-30": "55.46010", "2019-03-31": "54.53890", "2018-12-31": "53.72680", "2018-09-30": "53.99650", "2018-06-30": "53.24000", "2018-03-31": "52.65230", "2017-12-31": "52.17420", "2017-09-30": "48.18600", "2017-06-30": "45.87250", "2017-03-31": "45.09480", "2016-12-31": "44.80300", "2016-09-30": "44.31810", "2016-06-30": "43.64750", "2016-03-31": "43.05740", "2015-12-31": "42.42730", "2015-09-30": "41.45760", "2015-06-30": "40.82310", "2015-03-31": "40.02800", "2014-12-31": "39.82620", "2014-09-30": "39.51160", "2014-06-30": "38.10220", "2014-03-31": "36.70070", "2013-12-31": "35.57250", "2013-09-30": "33.65990", "2013-06-30": "32.35180", "2013-03-31": "31.18950", "2012-12-31": "30.16800", "2012-09-30": "28.99100", "2012-06-30": "27.94550", "2012-03-31": "27.04120", "2011-12-31": "26.08640", "2011-09-30": "25.48000", "2011-06-30": "23.14760", "2011-03-31": "22.31710", "2010-12-31": "20.88690", "2010-09-30": "21.00090", "2010-06-30": "20.56820", "2010-03-31": "20.05170", "2009-12-31": "19.61650", "2009-09-30": "18.65250", "2009-06-30": "17.95720", "2009-03-31": "17.20340", "2008-12-31": "16.70540", "2008-09-30": "16.57190", "2008-06-30": "15.99940", "2008-03-31": "15.02930", "2007-12-31": "14.38100", "2007-09-30": "13.69980", "2007-06-30": "13.04330", "2007-03-31": "12.41610", "2006-12-31": "11.92830", "2006-09-30": "11.85620", "2006-06-30": "11.43420", "2006-03-31": "10.88160", "2005-12-31": "20.69780", "2005-09-30": "9.81780", "2005-06-30": "9.38620", "2005-03-31": "9.07170"}, "Operating Cash Flow Per Share": {"2020-09-30": 1.963, "2020-06-30": 2.846, "2020-03-31": "1.19400", "2019-12-31": 2.0731, "2019-09-30": 3.3286, "2019-06-30": 2.4975, "2019-03-31": "0.64400", "2018-12-31": 1.2587, "2018-09-30": 1.9802, "2018-06-30": 2.2597, "2018-03-31": "0.31490", "2017-12-31": 1.6489, "2017-09-30": 1.1218, "2017-06-30": 2.0232, "2017-03-31": "1.58930", "2016-12-31": 1.4479, "2016-09-30": 2.3687, "2016-06-30": 1.8364, "2016-03-31": "2.11710", "2015-12-31": 2.633, "2015-09-30": 2.4932, "2015-06-30": 2.5951, "2015-03-31": "1.84130", "2014-12-31": 1.9984, "2014-09-30": 1.299, "2014-06-30": 2.3918, "2014-03-31": "2.02900", "2013-12-31": 2.6609, "2013-09-30": 3.2036, "2013-06-30": 3.0312, "2013-03-31": "1.73230", "2012-12-31": 1.4243, "2012-09-30": 1.9713, "2012-06-30": 1.1364, "2012-03-31": "1.31870", "2011-12-31": 1.845, "2011-09-30": 1.6835, "2011-06-30": 1.0107, "2011-03-31": "1.19460", "2010-12-31": 1.4089, "2010-09-30": 1.2598, "2010-06-30": 0.8611, "2010-03-31": "1.05720", "2009-12-31": 1.5548, "2009-09-30": 1.6004, "2009-06-30": 1.3158, "2009-03-31": "1.52910", "2008-12-31": 1.1791, "2008-09-30": 1.5791, "2008-06-30": 0.7035, "2008-03-31": "1.13430", "2007-12-31": 1.5296, "2007-09-30": 1.2664, "2007-06-30": 0.7505, "2007-03-31": "0.87960", "2006-12-31": 0.888, "2006-09-30": 0.7621, "2006-06-30": 0.5801, "2006-03-31": "0.59070", "2005-12-31": 0.6983, "2005-09-30": 0.8059, "2005-06-30": 0.5398, "2005-03-31": "0.70960"}, "Free Cash Flow Per Share": {"2020-09-30": 1.3531, "2020-06-30": 2.1192, "2020-03-31": "0.37200", "2019-12-31": 1.0033, "2019-09-30": 2.3804, "2019-06-30": 1.3916, "2019-03-31": "-0.37450", "2018-12-31": 0.0779, "2018-09-30": 0.6642, "2018-06-30": 0.3877, "2018-03-31": "-0.37360", "2017-12-31": 0.8825, "2017-09-30": 0.4114, "2017-06-30": 1.1525, "2017-03-31": "0.73560", "2016-12-31": 0.6423, "2016-09-30": 1.2788, "2016-06-30": 0.7064, "2016-03-31": "1.17250", "2015-12-31": 1.2003, "2015-09-30": 1.055, "2015-06-30": 0.8977, "2015-03-31": "0.10830", "2014-12-31": 0.0488, "2014-09-30": 0.0577, "2014-06-30": 0.6167, "2014-03-31": "0.93260", "2013-12-31": 1.843, "2013-09-30": 2.5187, "2013-06-30": 1.3166, "2013-03-31": "0.47190", "2012-12-31": 0.4172, "2012-09-30": 0.1363, "2012-06-30": -0.5166, "2012-03-31": "0.20670", "2011-12-31": 0.6348, "2011-09-30": 0.5696, "2011-06-30": -0.24, "2011-03-31": "0.61160", "2010-12-31": 0.8711, "2010-09-30": 0.4974, "2010-06-30": 0.245, "2010-03-31": "0.41410", "2009-12-31": 0.9966, "2009-09-30": 0.7337, "2009-06-30": 0.3445, "2009-03-31": "0.31160", "2008-12-31": 0.5819, "2008-09-30": 0.9238, "2008-06-30": -0.3752, "2008-03-31": "0.23230", "2007-12-31": 0.7357, "2007-09-30": 0.7584, "2007-06-30": -0.0271, "2007-03-31": "-0.12150", "2006-12-31": 0.3403, "2006-09-30": -0.0948, "2006-06-30": -0.2173, "2006-03-31": "0.18260", "2005-12-31": 0.1326, "2005-09-30": 0.2394, "2005-06-30": -0.23, "2005-03-31": "0.24000"}}, "revenue": {"Kirby Annual Revenue (Millions of US $)": {"2020": "$2,171", "2019": "$2,838", "2018": "$2,971", "2017": "$2,214", "2016": "$1,771", "2015": "$2,148", "2014": "$2,566", "2013": "$2,242", "2012": "$2,113", "2011": "$1,850", "2010": "$1,110", "2009": "$1,082", "2008": "$1,360", "2007": "$1,173", "2006": "$984", "2005": "$796"}, "Kirby Quarterly Revenue (Millions of US $)": {"2020-12-31": "$490", "2020-09-30": "$497", "2020-06-30": "$541", "2020-03-31": "$644", "2019-12-31": "$656", "2019-09-30": "$667", "2019-06-30": "$771", "2019-03-31": "$745", "2018-12-31": "$721", "2018-09-30": "$705", "2018-06-30": "$803", "2018-03-31": "$742", "2017-12-31": "$708", "2017-09-30": "$541", "2017-06-30": "$473", "2017-03-31": "$492", "2016-12-31": "$436", "2016-09-30": "$435", "2016-06-30": "$442", "2016-03-31": "$459", "2015-12-31": "$484", "2015-09-30": "$533", "2015-06-30": "$543", "2015-03-31": "$588", "2014-12-31": "$668", "2014-09-30": "$681", "2014-06-30": "$628", "2014-03-31": "$589", "2013-12-31": "$568", "2013-09-30": "$551", "2013-06-30": "$564", "2013-03-31": "$559", "2012-12-31": "$513", "2012-09-30": "$521", "2012-06-30": "$512", "2012-03-31": "$567", "2011-12-31": "$550", "2011-09-30": "$564", "2011-06-30": "$437", "2011-03-31": "$299", "2010-12-31": "$286", "2010-09-30": "$281", "2010-06-30": "$274", "2010-03-31": "$268", "2009-12-31": "$260", "2009-09-30": "$272", "2009-06-30": "$273", "2009-03-31": "$278", "2008-12-31": "$327", "2008-09-30": "$355", "2008-06-30": "$348", "2008-03-31": "$331", "2007-12-31": "$308", "2007-09-30": "$303", "2007-06-30": "$288", "2007-03-31": "$274", "2006-12-31": "$251", "2006-09-30": "$265", "2006-06-30": "$243", "2006-03-31": "$225", "2005-12-31": "$213", "2005-09-30": "$199", "2005-06-30": "$199", "2005-03-31": "$184"}}, "gross-profit": {"Kirby Annual Gross Profit (Millions of US $)": {"2020": "$661", "2019": "$808", "2018": "$810", "2017": "$656", "2016": "$646", "2015": "$785", "2014": "$871", "2013": "$793", "2012": "$703", "2011": "$622", "2010": "$426", "2009": "$444", "2008": "$517", "2007": "$437", "2006": "$353", "2005": "$280"}, "Kirby Quarterly Gross Profit (Millions of US $)": {"2020-12-31": "$147", "2020-09-30": "$156", "2020-06-30": "$168", "2020-03-31": "$190", "2019-12-31": "$185", "2019-09-30": "$208", "2019-06-30": "$208", "2019-03-31": "$208", "2018-12-31": "$201", "2018-09-30": "$206", "2018-06-30": "$214", "2018-03-31": "$188", "2017-12-31": "$198", "2017-09-30": "$163", "2017-06-30": "$149", "2017-03-31": "$147", "2016-12-31": "$159", "2016-09-30": "$153", "2016-06-30": "$165", "2016-03-31": "$170", "2015-12-31": "$183", "2015-09-30": "$199", "2015-06-30": "$199", "2015-03-31": "$203", "2014-12-31": "$217", "2014-09-30": "$224", "2014-06-30": "$225", "2014-03-31": "$206", "2013-12-31": "$203", "2013-09-30": "$207", "2013-06-30": "$194", "2013-03-31": "$190", "2012-12-31": "$178", "2012-09-30": "$176", "2012-06-30": "$166", "2012-03-31": "$183", "2011-12-31": "$181", "2011-09-30": "$185", "2011-06-30": "$142", "2011-03-31": "$114", "2010-12-31": "$109", "2010-09-30": "$109", "2010-06-30": "$105", "2010-03-31": "$103", "2009-12-31": "$109", "2009-09-30": "$115", "2009-06-30": "$112", "2009-03-31": "$109", "2008-12-31": "$133", "2008-09-30": "$134", "2008-06-30": "$128", "2008-03-31": "$122", "2007-12-31": "$115", "2007-09-30": "$116", "2007-06-30": "$107", "2007-03-31": "$99", "2006-12-31": "$91", "2006-09-30": "$96", "2006-06-30": "$86", "2006-03-31": "$80", "2005-12-31": "$76", "2005-09-30": "$68", "2005-06-30": "$71", "2005-03-31": "$65"}}, "operating-income": {"Kirby Annual Operating Income (Millions of US $)": {"2020": "$-421", "2019": "$242", "2018": "$155", "2017": "$94", "2016": "$247", "2015": "$381", "2014": "$476", "2013": "$436", "2012": "$365", "2011": "$312", "2010": "$200", "2009": "$216", "2008": "$270", "2007": "$221", "2006": "$169", "2005": "$125"}, "Kirby Quarterly Operating Income (Millions of US $)": {"2020-12-31": "$25", "2020-09-30": "$30", "2020-06-30": "$34", "2020-03-31": "$-510", "2019-12-31": "$16", "2019-09-30": "$78", "2019-06-30": "$76", "2019-03-31": "$72", "2018-12-31": "$-19", "2018-09-30": "$68", "2018-06-30": "$56", "2018-03-31": "$51", "2017-12-31": "$-53", "2017-09-30": "$53", "2017-06-30": "$47", "2017-03-31": "$46", "2016-12-31": "$59", "2016-09-30": "$56", "2016-06-30": "$67", "2016-03-31": "$65", "2015-12-31": "$84", "2015-09-30": "$95", "2015-06-30": "$98", "2015-03-31": "$103", "2014-12-31": "$114", "2014-09-30": "$128", "2014-06-30": "$127", "2014-03-31": "$107", "2013-12-31": "$109", "2013-09-30": "$118", "2013-06-30": "$109", "2013-03-31": "$100", "2012-12-31": "$99", "2012-09-30": "$93", "2012-06-30": "$84", "2012-03-31": "$89", "2011-12-31": "$93", "2011-09-30": "$92", "2011-06-30": "$71", "2011-03-31": "$56", "2010-12-31": "$54", "2010-09-30": "$53", "2010-06-30": "$51", "2010-03-31": "$43", "2009-12-31": "$50", "2009-09-30": "$60", "2009-06-30": "$58", "2009-03-31": "$49", "2008-12-31": "$66", "2008-09-30": "$72", "2008-06-30": "$69", "2008-03-31": "$63", "2007-12-31": "$60", "2007-09-30": "$61", "2007-06-30": "$54", "2007-03-31": "$45", "2006-12-31": "$43", "2006-09-30": "$47", "2006-06-30": "$42", "2006-03-31": "$39", "2005-12-31": "$35", "2005-09-30": "$30", "2005-06-30": "$34", "2005-03-31": "$26"}}, "ebitda": {"Kirby Annual EBITDA (Millions of US $)": {"2019": "$500", "2018": "$421", "2017": "$330", "2016": "$481", "2015": "$608", "2014": "$675", "2013": "$621", "2012": "$520", "2011": "$448", "2010": "$306", "2009": "$322", "2008": "$371", "2007": "$308", "2006": "$241", "2005": "$184"}, "Kirby Quarterly EBITDA (Millions of US $)": {"2020-09-30": "$95", "2020-06-30": "$99", "2020-03-31": "$-441", "2019-12-31": "$81", "2019-09-30": "$142", "2019-06-30": "$139", "2019-03-31": "$137", "2018-12-31": "$46", "2018-09-30": "$135", "2018-06-30": "$123", "2018-03-31": "$118", "2017-12-31": "$11", "2017-09-30": "$113", "2017-06-30": "$104", "2017-03-31": "$102", "2016-12-31": "$120", "2016-09-30": "$115", "2016-06-30": "$124", "2016-03-31": "$121", "2015-12-31": "$142", "2015-09-30": "$155", "2015-06-30": "$153", "2015-03-31": "$157", "2014-12-31": "$168", "2014-09-30": "$178", "2014-06-30": "$179", "2014-03-31": "$150", "2013-12-31": "$162", "2013-09-30": "$164", "2013-06-30": "$152", "2013-03-31": "$143", "2012-12-31": "$140", "2012-09-30": "$131", "2012-06-30": "$121", "2012-03-31": "$127", "2011-12-31": "$131", "2011-09-30": "$132", "2011-06-30": "$102", "2011-03-31": "$83", "2010-12-31": "$80", "2010-09-30": "$79", "2010-06-30": "$76", "2010-03-31": "$71", "2009-12-31": "$79", "2009-09-30": "$87", "2009-06-30": "$82", "2009-03-31": "$73", "2008-12-31": "$92", "2008-09-30": "$96", "2008-06-30": "$94", "2008-03-31": "$88", "2007-12-31": "$82", "2007-09-30": "$84", "2007-06-30": "$76", "2007-03-31": "$66", "2006-12-31": "$61", "2006-09-30": "$65", "2006-06-30": "$59", "2006-03-31": "$55", "2005-12-31": "$51", "2005-09-30": "$44", "2005-06-30": "$48", "2005-03-31": "$41"}}, "net-income": {"Kirby Annual Net Income (Millions of US $)": {"2020": "$-273", "2019": "$142", "2018": "$78", "2017": "$311", "2016": "$140", "2015": "$227", "2014": "$280", "2013": "$251", "2012": "$208", "2011": "$181", "2010": "$115", "2009": "$125", "2008": "$156", "2007": "$122", "2006": "$95", "2005": "$69"}, "Kirby Quarterly Net Income (Millions of US $)": {"2020-12-31": "$22", "2020-09-30": "$27", "2020-06-30": "$25", "2020-03-31": "$-347", "2019-12-31": "$3", "2019-09-30": "$48", "2019-06-30": "$47", "2019-03-31": "$44", "2018-12-31": "$-25", "2018-09-30": "$42", "2018-06-30": "$28", "2018-03-31": "$32", "2017-12-31": "$230", "2017-09-30": "$28", "2017-06-30": "$26", "2017-03-31": "$27", "2016-12-31": "$32", "2016-09-30": "$32", "2016-06-30": "$39", "2016-03-31": "$38", "2015-12-31": "$51", "2015-09-30": "$57", "2015-06-30": "$58", "2015-03-31": "$61", "2014-12-31": "$66", "2014-09-30": "$77", "2014-06-30": "$75", "2014-03-31": "$62", "2013-12-31": "$64", "2013-09-30": "$69", "2013-06-30": "$63", "2013-03-31": "$56", "2012-12-31": "$57", "2012-09-30": "$53", "2012-06-30": "$47", "2012-03-31": "$51", "2011-12-31": "$56", "2011-09-30": "$52", "2011-06-30": "$41", "2011-03-31": "$32", "2010-12-31": "$30", "2010-09-30": "$31", "2010-06-30": "$29", "2010-03-31": "$25", "2009-12-31": "$28", "2009-09-30": "$35", "2009-06-30": "$34", "2009-03-31": "$28", "2008-12-31": "$37", "2008-09-30": "$42", "2008-06-30": "$40", "2008-03-31": "$37", "2007-12-31": "$33", "2007-09-30": "$34", "2007-06-30": "$30", "2007-03-31": "$24", "2006-12-31": "$23", "2006-09-30": "$26", "2006-06-30": "$24", "2006-03-31": "$23", "2005-12-31": "$20", "2005-09-30": "$17", "2005-06-30": "$18", "2005-03-31": "$13"}}, "eps-earnings-per-share-diluted": {"Kirby Annual EPS": {"2020": "$-4.55", "2019": "$2.37", "2018": "$1.31", "2017": "$5.62", "2016": "$2.62", "2015": "$4.11", "2014": "$4.93", "2013": "$4.44", "2012": "$3.73", "2011": "$3.33", "2010": "$2.15", "2009": "$2.34", "2008": "$2.91", "2007": "$2.29", "2006": "$1.79", "2005": "$1.33"}, "Kirby Quarterly EPS": {"2020-12-31": "$0.37", "2020-09-30": "$0.46", "2020-06-30": "$0.42", "2020-03-31": "$-5.80", "2019-12-31": "$0.04", "2019-09-30": "$0.80", "2019-06-30": "$0.79", "2019-03-31": "$0.74", "2018-12-31": "$-0.41", "2018-09-30": "$0.70", "2018-06-30": "$0.48", "2018-03-31": "$0.54", "2017-12-31": "$4.11", "2017-09-30": "$0.52", "2017-06-30": "$0.48", "2017-03-31": "$0.51", "2016-12-31": "$0.60", "2016-09-30": "$0.59", "2016-06-30": "$0.72", "2016-03-31": "$0.71", "2015-12-31": "$0.94", "2015-09-30": "$1.04", "2015-06-30": "$1.04", "2015-03-31": "$1.09", "2014-12-31": "$1.19", "2014-09-30": "$1.34", "2014-06-30": "$1.31", "2014-03-31": "$1.09", "2013-12-31": "$1.12", "2013-09-30": "$1.21", "2013-06-30": "$1.11", "2013-03-31": "$1.00", "2012-12-31": "$1.02", "2012-09-30": "$0.95", "2012-06-30": "$0.85", "2012-03-31": "$0.91", "2011-12-31": "$1.02", "2011-09-30": "$0.94", "2011-06-30": "$0.77", "2011-03-31": "$0.60", "2010-12-31": "$0.58", "2010-09-30": "$0.57", "2010-06-30": "$0.54", "2010-03-31": "$0.46", "2009-12-31": "$0.54", "2009-09-30": "$0.65", "2009-06-30": "$0.63", "2009-03-31": "$0.52", "2008-12-31": "$0.72", "2008-09-30": "$0.77", "2008-06-30": "$0.74", "2008-03-31": "$0.68", "2007-12-31": "$0.63", "2007-09-30": "$0.64", "2007-06-30": "$0.56", "2007-03-31": "$0.46", "2006-12-31": "$0.45", "2006-09-30": "$0.48", "2006-06-30": "$0.44", "2006-03-31": "$0.42", "2005-12-31": "$0.37", "2005-09-30": "$0.34", "2005-06-30": "$0.36", "2005-03-31": "$0.26"}}, "shares-outstanding": {"Kirby Annual Shares Outstanding (Millions of Shares)": {"2020": "60", "2019": "60", "2018": "60", "2017": "55", "2016": "54", "2015": "55", "2014": "57", "2013": "57", "2012": "56", "2011": "54", "2010": "53", "2009": "53", "2008": "54", "2007": "53", "2006": "53", "2005": "52"}, "Kirby Quarterly Shares Outstanding (Millions of Shares)": {"2020-12-31": "60", "2020-09-30": "60", "2020-06-30": "60", "2020-03-31": "60", "2019-12-31": "60", "2019-09-30": "60", "2019-06-30": "60", "2019-03-31": "60", "2018-12-31": "60", "2018-09-30": "60", "2018-06-30": "60", "2018-03-31": "59", "2017-12-31": "55", "2017-09-30": "55", "2017-06-30": "54", "2017-03-31": "54", "2016-12-31": "54", "2016-09-30": "54", "2016-06-30": "54", "2016-03-31": "53", "2015-12-31": "55", "2015-09-30": "54", "2015-06-30": "55", "2015-03-31": "56", "2014-12-31": "57", "2014-09-30": "57", "2014-06-30": "57", "2014-03-31": "57", "2013-12-31": "57", "2013-09-30": "57", "2013-06-30": "57", "2013-03-31": "56", "2012-12-31": "56", "2012-09-30": "56", "2012-06-30": "56", "2012-03-31": "56", "2011-12-31": "54", "2011-09-30": "55", "2011-06-30": "53", "2011-03-31": "53", "2010-12-31": "53", "2010-09-30": "53", "2010-06-30": "54", "2010-03-31": "54", "2009-12-31": "53", "2009-09-30": "53", "2009-06-30": "53", "2009-03-31": "53", "2008-12-31": "54", "2008-09-30": "54", "2008-06-30": "54", "2008-03-31": "54", "2007-12-31": "53", "2007-09-30": "54", "2007-06-30": "54", "2007-03-31": "54", "2006-12-31": "53", "2006-09-30": "53", "2006-06-30": "53", "2006-03-31": "53", "2005-12-31": "52", "2005-09-30": "52", "2005-06-30": "51", "2005-03-31": "51"}}, "total-assets": {"Kirby Annual Total Assets (Millions of US $)": {"2019": "$6,079", "2018": "$5,872", "2017": "$5,127", "2016": "$4,290", "2015": "$4,152", "2014": "$4,142", "2013": "$3,683", "2012": "$3,653", "2011": "$2,960", "2010": "$1,795", "2009": "$1,636", "2008": "$1,526", "2007": "$1,430", "2006": "$1,271", "2005": "$1,026"}, "Kirby Quarterly Total Assets (Millions of US $)": {"2020-09-30": "$5,981", "2020-06-30": "$6,017", "2020-03-31": "$6,010", "2019-12-31": "$6,079", "2019-09-30": "$6,128", "2019-06-30": "$6,233", "2019-03-31": "$6,301", "2018-12-31": "$5,872", "2018-09-30": "$5,854", "2018-06-30": "$5,829", "2018-03-31": "$5,715", "2017-12-31": "$5,127", "2017-09-30": "$5,200", "2017-06-30": "$4,225", "2017-03-31": "$4,257", "2016-12-31": "$4,290", "2016-09-30": "$4,224", "2016-06-30": "$4,269", "2016-03-31": "$4,109", "2015-12-31": "$4,152", "2015-09-30": "$4,166", "2015-06-30": "$4,155", "2015-03-31": "$4,152", "2014-12-31": "$4,142", "2014-09-30": "$3,952", "2014-06-30": "$3,868", "2014-03-31": "$3,806", "2013-12-31": "$3,683", "2013-09-30": "$3,661", "2013-06-30": "$3,724", "2013-03-31": "$3,698", "2012-12-31": "$3,653", "2012-09-30": "$3,126", "2012-06-30": "$3,066", "2012-03-31": "$2,981", "2011-12-31": "$2,960", "2011-09-30": "$2,867", "2011-06-30": "$2,122", "2011-03-31": "$1,844", "2010-12-31": "$1,795", "2010-09-30": "$1,758", "2010-06-30": "$1,706", "2010-03-31": "$1,682", "2009-12-31": "$1,636", "2009-09-30": "$1,584", "2009-06-30": "$1,547", "2009-03-31": "$1,526", "2008-12-31": "$1,526", "2008-09-30": "$1,543", "2008-06-30": "$1,533", "2008-03-31": "$1,466", "2007-12-31": "$1,430", "2007-09-30": "$1,407", "2007-06-30": "$1,402", "2007-03-31": "$1,360", "2006-12-31": "$1,271", "2006-09-30": "$1,269", "2006-06-30": "$1,208", "2006-03-31": "$1,068", "2005-12-31": "$1,026", "2005-09-30": "$976", "2005-06-30": "$951", "2005-03-31": "$922"}}, "cash-on-hand": {"Kirby Annual Cash on Hand (Millions of US $)": {"2019": "$25", "2018": "$8", "2017": "$20", "2016": "$6", "2015": "$6", "2014": "$24", "2013": "$4", "2012": "$11", "2011": "$16", "2010": "$196", "2009": "$98", "2008": "$9", "2007": "$5", "2006": "$3", "2005": "$18"}, "Kirby Quarterly Cash on Hand (Millions of US $)": {"2020-09-30": "$120", "2020-06-30": "$108", "2020-03-31": "$323", "2019-12-31": "$25", "2019-09-30": "$9", "2019-06-30": "$23", "2019-03-31": "$7", "2018-12-31": "$8", "2018-09-30": "$4", "2018-06-30": "$4", "2018-03-31": "$7", "2017-12-31": "$20", "2017-09-30": "$5", "2017-06-30": "$2", "2017-03-31": "$3", "2016-12-31": "$6", "2016-09-30": "$5", "2016-06-30": "$3", "2016-03-31": "$2", "2015-12-31": "$6", "2015-09-30": "$3", "2015-06-30": "$5", "2015-03-31": "$4", "2014-12-31": "$24", "2014-09-30": "$4", "2014-06-30": "$3", "2014-03-31": "$19", "2013-12-31": "$4", "2013-09-30": "$6", "2013-06-30": "$5", "2013-03-31": "$4", "2012-12-31": "$11", "2012-09-30": "$5", "2012-06-30": "$6", "2012-03-31": "$5", "2011-12-31": "$16", "2011-09-30": "$8", "2011-06-30": "$7", "2011-03-31": "$172", "2010-12-31": "$196", "2010-09-30": "$149", "2010-06-30": "$141", "2010-03-31": "$121", "2009-12-31": "$98", "2009-09-30": "$40", "2009-06-30": "$8", "2009-03-31": "$6", "2008-12-31": "$9", "2008-09-30": "$2", "2008-06-30": "$6", "2008-03-31": "$4", "2007-12-31": "$5", "2007-09-30": "$4", "2007-06-30": "$23", "2007-03-31": "$3", "2006-12-31": "$3", "2006-09-30": "$4", "2006-06-30": "$1", "2006-03-31": "$23", "2005-12-31": "$18", "2005-09-30": "$3", "2005-06-30": "$2", "2005-03-31": "$2"}}, "long-term-debt": {"Kirby Annual Long Term Debt (Millions of US $)": {"2019": "$1,370", "2018": "$1,410", "2017": "$992", "2016": "$723", "2015": "$775", "2014": "$600", "2013": "$749", "2012": "$1,070", "2011": "$763", "2010": "$200", "2009": "$200", "2008": "$246", "2007": "$296", "2006": "$310", "2005": "$200"}, "Kirby Quarterly Long Term Debt (Millions of US $)": {"2020-09-30": "$1,578", "2020-06-30": "$1,643", "2020-03-31": "$1,702", "2019-12-31": "$1,370", "2019-09-30": "$1,434", "2019-06-30": "$1,595", "2019-03-31": "$1,667", "2018-12-31": "$1,410", "2018-09-30": "$1,399", "2018-06-30": "$1,443", "2018-03-31": "$1,423", "2017-12-31": "$992", "2017-09-30": "$1,031", "2017-06-30": "$592", "2017-03-31": "$675", "2016-12-31": "$723", "2016-09-30": "$726", "2016-06-30": "$799", "2016-03-31": "$712", "2015-12-31": "$775", "2015-09-30": "$810", "2015-06-30": "$808", "2015-03-31": "$819", "2014-12-31": "$600", "2014-09-30": "$649", "2014-06-30": "$649", "2014-03-31": "$708", "2013-12-31": "$749", "2013-09-30": "$861", "2013-06-30": "$943", "2013-03-31": "$1,032", "2012-12-31": "$1,070", "2012-09-30": "$723", "2012-06-30": "$688", "2012-03-31": "$702", "2011-12-31": "$763", "2011-09-30": "$764", "2011-06-30": "$320", "2011-03-31": "$200", "2010-12-31": "$200", "2010-09-30": "$200", "2010-06-30": "$200", "2010-03-31": "$200", "2009-12-31": "$200", "2009-09-30": "$200", "2009-06-30": "$210", "2009-03-31": "$225", "2008-12-31": "$246", "2008-09-30": "$268", "2008-06-30": "$298", "2008-03-31": "$282", "2007-12-31": "$296", "2007-09-30": "$333", "2007-06-30": "$383", "2007-03-31": "$360", "2006-12-31": "$310", "2006-09-30": "$326", "2006-06-30": "$285", "2006-03-31": "$201", "2005-12-31": "$200", "2005-09-30": "$206", "2005-06-30": "$218", "2005-03-31": "$204"}}, "total-liabilities": {"Kirby Annual Total Liabilities (Millions of US $)": {"2019": "$2,708", "2018": "$2,655", "2017": "$2,013", "2016": "$1,877", "2015": "$1,873", "2014": "$1,877", "2013": "$1,660", "2012": "$1,946", "2011": "$1,506", "2010": "$636", "2009": "$580", "2008": "$633", "2007": "$661", "2006": "$639", "2005": "$488"}, "Kirby Quarterly Total Liabilities (Millions of US $)": {"2020-09-30": "$2,903", "2020-06-30": "$2,965", "2020-03-31": "$2,984", "2019-12-31": "$2,708", "2019-09-30": "$2,753", "2019-06-30": "$2,911", "2019-03-31": "$3,035", "2018-12-31": "$2,655", "2018-09-30": "$2,621", "2018-06-30": "$2,642", "2018-03-31": "$2,573", "2017-12-31": "$2,013", "2017-09-30": "$2,324", "2017-06-30": "$1,748", "2017-03-31": "$1,824", "2016-12-31": "$1,877", "2016-09-30": "$1,837", "2016-06-30": "$1,918", "2016-03-31": "$1,792", "2015-12-31": "$1,873", "2015-09-30": "$1,912", "2015-06-30": "$1,899", "2015-03-31": "$1,922", "2014-12-31": "$1,877", "2014-09-30": "$1,698", "2014-06-30": "$1,694", "2014-03-31": "$1,715", "2013-12-31": "$1,660", "2013-09-30": "$1,749", "2013-06-30": "$1,888", "2013-03-31": "$1,929", "2012-12-31": "$1,946", "2012-09-30": "$1,505", "2012-06-30": "$1,505", "2012-03-31": "$1,471", "2011-12-31": "$1,506", "2011-09-30": "$1,449", "2011-06-30": "$879", "2011-03-31": "$646", "2010-12-31": "$636", "2010-09-30": "$633", "2010-06-30": "$593", "2010-03-31": "$599", "2009-12-31": "$580", "2009-09-30": "$579", "2009-06-30": "$581", "2009-03-31": "$601", "2008-12-31": "$633", "2008-09-30": "$657", "2008-06-30": "$669", "2008-03-31": "$659", "2007-12-31": "$661", "2007-09-30": "$675", "2007-06-30": "$706", "2007-03-31": "$699", "2006-12-31": "$639", "2006-09-30": "$642", "2006-06-30": "$602", "2006-03-31": "$495", "2005-12-31": "$488", "2005-09-30": "$481", "2005-06-30": "$480", "2005-03-31": "$467"}}, "total-share-holder-equity": {"Kirby Annual Share Holder Equity (Millions of US $)": {"2019": "$3,372", "2018": "$3,216", "2017": "$3,114", "2016": "$2,413", "2015": "$2,279", "2014": "$2,265", "2013": "$2,022", "2012": "$1,707", "2011": "$1,454", "2010": "$1,159", "2009": "$1,056", "2008": "$894", "2007": "$770", "2006": "$632", "2005": "$538"}, "Kirby Quarterly Share Holder Equity (Millions of US $)": {"2020-09-30": "$3,078", "2020-06-30": "$3,052", "2020-03-31": "$3,026", "2019-12-31": "$3,372", "2019-09-30": "$3,374", "2019-06-30": "$3,322", "2019-03-31": "$3,265", "2018-12-31": "$3,216", "2018-09-30": "$3,233", "2018-06-30": "$3,188", "2018-03-31": "$3,142", "2017-12-31": "$3,114", "2017-09-30": "$2,876", "2017-06-30": "$2,477", "2017-03-31": "$2,434", "2016-12-31": "$2,413", "2016-09-30": "$2,387", "2016-06-30": "$2,351", "2016-03-31": "$2,317", "2015-12-31": "$2,279", "2015-09-30": "$2,254", "2015-06-30": "$2,256", "2015-03-31": "$2,230", "2014-12-31": "$2,265", "2014-09-30": "$2,254", "2014-06-30": "$2,174", "2014-03-31": "$2,091", "2013-12-31": "$2,022", "2013-09-30": "$1,912", "2013-06-30": "$1,836", "2013-03-31": "$1,769", "2012-12-31": "$1,707", "2012-09-30": "$1,621", "2012-06-30": "$1,561", "2012-03-31": "$1,510", "2011-12-31": "$1,454", "2011-09-30": "$1,418", "2011-06-30": "$1,243", "2011-03-31": "$1,198", "2010-12-31": "$1,159", "2010-09-30": "$1,126", "2010-06-30": "$1,113", "2010-03-31": "$1,083", "2009-12-31": "$1,056", "2009-09-30": "$1,004", "2009-06-30": "$966", "2009-03-31": "$925", "2008-12-31": "$894", "2008-09-30": "$886", "2008-06-30": "$865", "2008-03-31": "$807", "2007-12-31": "$770", "2007-09-30": "$732", "2007-06-30": "$696", "2007-03-31": "$661", "2006-12-31": "$632", "2006-09-30": "$627", "2006-06-30": "$606", "2006-03-31": "$573", "2005-12-31": "$538", "2005-09-30": "$495", "2005-06-30": "$472", "2005-03-31": "$455"}}, "profit-margins": {"current": "-8%"}, "gross margin": {"2020-12-31": "30.43%", "2020-09-30": "29.90%", "2020-06-30": "29.94%", "2020-03-31": "28.89%", "2019-12-31": "28.50%", "2019-09-30": "28.41%", "2019-06-30": "27.97%", "2019-03-31": "27.87%", "2018-12-31": "27.23%", "2018-09-30": "27.25%", "2018-06-30": "27.31%", "2018-03-31": "28.33%", "2017-12-31": "29.67%", "2017-09-30": "31.82%", "2017-06-30": "33.12%", "2017-03-31": "34.57%", "2016-12-31": "36.51%", "2016-09-30": "36.87%", "2016-06-30": "37.38%", "2016-03-31": "37.20%", "2015-12-31": "36.50%", "2015-09-30": "35.08%", "2015-06-30": "33.99%", "2015-03-31": "33.88%", "2014-12-31": "33.98%", "2014-09-30": "34.79%", "2014-06-30": "36.00%", "2014-03-31": "35.65%", "2013-12-31": "35.41%", "2013-09-30": "35.16%", "2013-06-30": "34.21%", "2013-03-31": "33.73%", "2012-12-31": "33.27%", "2012-09-30": "32.84%", "2012-06-30": "32.60%", "2012-03-31": "32.63%", "2011-12-31": "33.62%", "2011-09-30": "34.68%", "2011-06-30": "36.38%", "2011-03-31": "38.33%", "2010-12-31": "38.41%", "2010-09-30": "39.34%", "2010-06-30": "40.22%", "2010-03-31": "40.91%", "2009-12-31": "41.09%", "2009-09-30": "40.78%", "2009-06-30": "39.58%", "2009-03-31": "38.53%", "2008-12-31": "37.99%", "2008-09-30": "37.18%", "2008-06-30": "37.29%", "2008-03-31": "37.40%", "2007-12-31": "37.25%", "2007-09-30": "37.01%", "2007-06-30": "36.46%", "2007-03-31": "36.01%", "2006-12-31": "35.87%", "2006-09-30": "35.73%", "2006-06-30": "35.23%", "2006-03-31": "35.29%", "2005-12-31": "35.22%"}, "operating margin": {"2020-12-31": "-19.38%", "2020-09-30": "-18.39%", "2020-06-30": "-15.23%", "2020-03-31": "-12.42%", "2019-12-31": "8.52%", "2019-09-30": "7.13%", "2019-06-30": "6.70%", "2019-03-31": "5.95%", "2018-12-31": "5.25%", "2018-09-30": "4.12%", "2018-06-30": "3.83%", "2018-03-31": "3.98%", "2017-12-31": "4.20%", "2017-09-30": "10.56%", "2017-06-30": "11.33%", "2017-03-31": "12.63%", "2016-12-31": "13.94%", "2016-09-30": "14.95%", "2016-06-30": "16.21%", "2016-03-31": "16.94%", "2015-12-31": "17.69%", "2015-09-30": "17.58%", "2015-06-30": "17.86%", "2015-03-31": "18.40%", "2014-12-31": "18.55%", "2014-09-30": "19.10%", "2014-06-30": "19.73%", "2014-03-31": "19.50%", "2013-12-31": "19.45%", "2013-09-30": "19.48%", "2013-06-30": "18.59%", "2013-03-31": "17.86%", "2012-12-31": "17.27%", "2012-09-30": "16.70%", "2012-06-30": "16.32%", "2012-03-31": "16.29%", "2011-12-31": "16.86%", "2011-09-30": "17.21%", "2011-06-30": "17.96%", "2011-03-31": "18.77%", "2010-12-31": "18.12%", "2010-09-30": "18.19%", "2010-06-30": "18.99%", "2010-03-31": "19.66%", "2009-12-31": "20.04%", "2009-09-30": "20.26%", "2009-06-30": "19.87%", "2009-03-31": "19.57%", "2008-12-31": "19.84%", "2008-09-30": "19.67%", "2008-06-30": "19.61%", "2008-03-31": "19.35%", "2007-12-31": "18.76%", "2007-09-30": "18.19%", "2007-06-30": "17.53%", "2007-03-31": "17.13%", "2006-12-31": "17.38%", "2006-09-30": "17.23%", "2006-06-30": "16.59%", "2006-03-31": "16.51%", "2005-12-31": "15.72%"}, "ebitda margin": {"2020-09-30": "-7.10%", "2020-06-30": "-4.74%", "2020-03-31": "-2.89%", "2019-12-31": "17.58%", "2019-09-30": "15.98%", "2019-06-30": "15.53%", "2019-03-31": "14.83%", "2018-12-31": "14.20%", "2018-09-30": "13.08%", "2018-06-30": "13.06%", "2018-03-31": "14.04%", "2017-12-31": "14.91%", "2017-09-30": "22.61%", "2017-06-30": "24.02%", "2017-03-31": "25.54%", "2016-12-31": "27.09%", "2016-09-30": "27.58%", "2016-06-30": "28.26%", "2016-03-31": "28.28%", "2015-12-31": "28.26%", "2015-09-30": "27.14%", "2015-06-30": "26.45%", "2015-03-31": "26.59%", "2014-12-31": "26.31%", "2014-09-30": "27.13%", "2014-06-30": "28.04%", "2014-03-31": "27.64%", "2013-12-31": "27.70%", "2013-09-30": "27.39%", "2013-06-30": "26.24%", "2013-03-31": "25.42%", "2012-12-31": "24.56%", "2012-09-30": "23.72%", "2012-06-30": "23.30%", "2012-03-31": "23.23%", "2011-12-31": "24.22%", "2011-09-30": "25.03%", "2011-06-30": "26.40%", "2011-03-31": "27.89%", "2010-12-31": "27.59%", "2010-09-30": "28.16%", "2010-06-30": "29.14%", "2010-03-31": "29.73%", "2009-12-31": "29.64%", "2009-09-30": "29.04%", "2009-06-30": "27.82%", "2009-03-31": "27.14%", "2008-12-31": "27.19%", "2008-09-30": "26.83%", "2008-06-30": "26.98%", "2008-03-31": "26.83%", "2007-12-31": "26.26%", "2007-09-30": "25.72%", "2007-06-30": "24.86%", "2007-03-31": "24.30%", "2006-12-31": "24.39%", "2006-09-30": "24.31%", "2006-06-30": "23.75%", "2006-03-31": "23.68%", "2005-12-31": "23.14%"}, "pre tax profit margin": {"2020-12-31": "-21.27%", "2020-09-30": "-20.23%", "2020-06-30": "-17.07%", "2020-03-31": "-14.21%", "2019-12-31": "6.66%", "2019-09-30": "5.34%", "2019-06-30": "5.03%", "2019-03-31": "4.37%", "2018-12-31": "3.87%", "2018-09-30": "2.91%", "2018-06-30": "2.76%", "2018-03-31": "3.04%", "2017-12-31": "3.30%", "2017-09-30": "9.47%", "2017-06-30": "10.24%", "2017-03-31": "11.47%", "2016-12-31": "12.81%", "2016-09-30": "14.01%", "2016-06-30": "15.33%", "2016-03-31": "16.10%", "2015-12-31": "16.85%", "2015-09-30": "16.77%", "2015-06-30": "17.06%", "2015-03-31": "17.62%", "2014-12-31": "17.73%", "2014-09-30": "18.21%", "2014-06-30": "18.75%", "2014-03-31": "18.40%", "2013-12-31": "18.24%", "2013-09-30": "18.24%", "2013-06-30": "17.34%", "2013-03-31": "16.63%", "2012-12-31": "16.14%", "2012-09-30": "15.58%", "2012-06-30": "15.23%", "2012-03-31": "15.30%", "2011-12-31": "15.89%", "2011-09-30": "16.27%", "2011-06-30": "17.04%", "2011-03-31": "17.72%", "2010-12-31": "17.04%", "2010-09-30": "17.08%", "2010-06-30": "17.88%", "2010-03-31": "18.55%", "2009-12-31": "18.93%", "2009-09-30": "19.22%", "2009-06-30": "18.82%", "2009-03-31": "18.58%", "2008-12-31": "18.88%", "2008-09-30": "18.63%", "2008-06-30": "18.45%", "2008-03-31": "17.97%", "2007-12-31": "17.14%", "2007-09-30": "16.40%", "2007-06-30": "15.68%", "2007-03-31": "15.30%", "2006-12-31": "15.65%", "2006-09-30": "15.64%", "2006-06-30": "15.23%", "2006-03-31": "15.07%", "2005-12-31": "13.96%"}, "net profit margin": {"2020-12-31": "-12.57%", "2020-09-30": "-12.49%", "2020-06-30": "-10.81%", "2020-03-31": "-9.09%", "2019-12-31": "5.00%", "2019-09-30": "3.93%", "2019-06-30": "3.67%", "2019-03-31": "2.99%", "2018-12-31": "2.59%", "2018-09-30": "11.22%", "2018-06-30": "11.38%", "2018-03-31": "12.82%", "2017-12-31": "14.05%", "2017-09-30": "5.82%", "2017-06-30": "6.37%", "2017-03-31": "7.20%", "2016-12-31": "7.96%", "2016-09-30": "8.79%", "2016-06-30": "9.65%", "2016-03-31": "10.10%", "2015-12-31": "10.57%", "2015-09-30": "10.38%", "2015-06-30": "10.56%", "2015-03-31": "10.88%", "2014-12-31": "10.91%", "2014-09-30": "11.27%", "2014-06-30": "11.56%", "2014-03-31": "11.36%", "2013-12-31": "11.24%", "2013-09-30": "11.20%", "2013-06-30": "10.62%", "2013-03-31": "10.12%", "2012-12-31": "9.84%", "2012-09-30": "9.63%", "2012-06-30": "9.39%", "2012-03-31": "9.44%", "2011-12-31": "9.78%", "2011-09-30": "9.77%", "2011-06-30": "10.28%", "2011-03-31": "10.70%", "2010-12-31": "10.37%", "2010-09-30": "10.43%", "2010-06-30": "10.89%", "2010-03-31": "11.37%", "2009-12-31": "11.54%", "2009-09-30": "11.65%", "2009-06-30": "11.44%", "2009-03-31": "11.24%", "2008-12-31": "11.46%", "2008-09-30": "11.33%", "2008-06-30": "11.16%", "2008-03-31": "10.89%", "2007-12-31": "10.32%", "2007-09-30": "9.95%", "2007-06-30": "9.55%", "2007-03-31": "9.39%", "2006-12-31": "9.76%", "2006-09-30": "9.83%", "2006-06-30": "9.55%", "2006-03-31": "9.33%", "2005-12-31": "8.55%"}, "pe ratio": {"current": "30.48", "2021-02-05": "0.00", "2020-12-31": "0.00", "2020-09-30": "0.00", "2020-06-30": "0.00", "2020-03-31": "0.00", "2019-12-31": "37.62", "2019-09-30": "42.79", "2019-06-30": "43.41", "2019-03-31": "49.74", "2018-12-31": "51.42", "2018-09-30": "14.71", "2018-06-30": "15.45", "2018-03-31": "14.22", "2017-12-31": "12.42", "2017-09-30": "31.26", "2017-06-30": "30.67", "2017-03-31": "29.15", "2016-12-31": "25.38", "2016-09-30": "21.00", "2016-06-30": "18.30", "2016-03-31": "16.16", "2015-12-31": "12.80", "2015-09-30": "14.21", "2015-06-30": "16.45", "2015-03-31": "15.19", "2014-12-31": "16.34", "2014-09-30": "24.15", "2014-06-30": "24.66", "2014-03-31": "22.30", "2013-12-31": "22.30", "2013-09-30": "19.90", "2013-06-30": "19.45", "2013-03-31": "20.05", "2012-12-31": "16.55", "2012-09-30": "14.90", "2012-06-30": "12.72", "2012-03-31": "18.17", "2011-12-31": "19.89", "2011-09-30": "18.15", "2011-06-30": "22.40", "2011-03-31": "24.91", "2010-12-31": "20.39", "2010-09-30": "18.90", "2010-06-30": "17.39", "2010-03-31": "16.66", "2009-12-31": "14.82", "2009-09-30": "14.61", "2009-06-30": "12.04", "2009-03-31": "9.69", "2008-12-31": "9.40", "2008-09-30": "13.41", "2008-06-30": "17.78", "2008-03-31": "22.62", "2007-12-31": "20.21", "2007-09-30": "20.92", "2007-06-30": "19.69", "2007-03-31": "19.11", "2006-12-31": "19.01"}, "price sales": {"2021-02-05": "1.55", "2020-12-31": "1.43", "2020-09-30": "0.93", "2020-06-30": "1.28", "2020-03-31": "0.95", "2019-12-31": "1.89", "2019-09-30": "1.69", "2019-06-30": "1.61", "2019-03-31": "1.51", "2018-12-31": "1.35", "2018-09-30": "1.63", "2018-06-30": "1.72", "2018-03-31": "1.75", "2017-12-31": "1.64", "2017-09-30": "1.83", "2017-06-30": "1.95", "2017-03-31": "2.09", "2016-12-31": "2.01", "2016-09-30": "1.84", "2016-06-30": "1.76", "2016-03-31": "1.63", "2015-12-31": "1.35", "2015-09-30": "1.48", "2015-06-30": "1.74", "2015-03-31": "1.66", "2014-12-31": "1.79", "2014-09-30": "2.71", "2014-06-30": "2.84", "2014-03-31": "2.52", "2013-12-31": "2.50", "2013-09-30": "2.23", "2013-06-30": "2.07", "2013-03-31": "2.04", "2012-12-31": "1.63", "2012-09-30": "1.42", "2012-06-30": "1.19", "2012-03-31": "1.70", "2011-12-31": "1.93", "2011-09-30": "1.79", "2011-06-30": "2.32", "2011-03-31": "2.69", "2010-12-31": "2.13", "2010-09-30": "1.98", "2010-06-30": "1.91", "2010-03-31": "1.90", "2009-12-31": "1.72", "2009-09-30": "1.71", "2009-06-30": "1.38", "2009-03-31": "1.09", "2008-12-31": "1.08", "2008-09-30": "1.52", "2008-06-30": "2.00", "2008-03-31": "2.49", "2007-12-31": "2.12", "2007-09-30": "2.12", "2007-06-30": "1.91", "2007-03-31": "1.81", "2006-12-31": "1.85"}, "price book": {"current": "1.09", "2021-02-05": "1.09", "2020-09-30": "0.71", "2020-06-30": "1.05", "2020-03-31": "0.86", "2019-12-31": "1.59", "2019-09-30": "1.46", "2019-06-30": "1.42", "2019-03-31": "1.38", "2018-12-31": "1.25", "2018-09-30": "1.52", "2018-06-30": "1.57", "2018-03-31": "1.46", "2017-12-31": "1.28", "2017-09-30": "1.37", "2017-06-30": "1.46", "2017-03-31": "1.56", "2016-12-31": "1.48", "2016-09-30": "1.40", "2016-06-30": "1.43", "2016-03-31": "1.40", "2015-12-31": "1.24", "2015-09-30": "1.49", "2015-06-30": "1.88", "2015-03-31": "1.87", "2014-12-31": "2.03", "2014-09-30": "2.98", "2014-06-30": "3.07", "2014-03-31": "2.76", "2013-12-31": "2.79", "2013-09-30": "2.57", "2013-06-30": "2.46", "2013-03-31": "2.46", "2012-12-31": "2.05", "2012-09-30": "1.91", "2012-06-30": "1.68", "2012-03-31": "2.43", "2011-12-31": "2.52", "2011-09-30": "2.07", "2011-06-30": "2.45", "2011-03-31": "2.57", "2010-12-31": "2.11", "2010-09-30": "1.91", "2010-06-30": "1.86", "2010-03-31": "1.90", "2009-12-31": "1.78", "2009-09-30": "1.97", "2009-06-30": "1.77", "2009-03-31": "1.55", "2008-12-31": "1.64", "2008-09-30": "2.29", "2008-06-30": "3.00", "2008-03-31": "3.79", "2007-12-31": "3.23", "2007-09-30": "3.22", "2007-06-30": "2.94", "2007-03-31": "2.82", "2006-12-31": "2.86", "2006-09-30": "2.64", "2006-06-30": "3.45", "2006-03-31": "3.13"}, "price fcf": {"2021-02-05": "", "2020-09-30": "$4.85", "2020-06-30": "$5.87", "2020-03-31": "$5.15", "2019-12-31": "$4.40", "2019-09-30": "$3.48", "2019-06-30": "$1.76", "2019-03-31": "$0.76", "2018-12-31": "$0.76", "2018-09-30": "$1.56", "2018-06-30": "$1.31", "2018-03-31": "$2.07", "2017-12-31": "$3.18", "2017-09-30": "$2.94", "2017-06-30": "$3.81", "2017-03-31": "$3.36", "2016-12-31": "$3.80", "2016-09-30": "$4.36", "2016-06-30": "$4.13", "2016-03-31": "$4.33", "2015-12-31": "$3.26", "2015-09-30": "$2.11", "2015-06-30": "$1.11", "2015-03-31": "$0.83", "2014-12-31": "$1.66", "2014-09-30": "$3.45", "2014-06-30": "$5.91", "2014-03-31": "$6.61", "2013-12-31": "$6.15", "2013-09-30": "$4.72", "2013-06-30": "$2.34", "2013-03-31": "$0.51", "2012-12-31": "$0.24", "2012-09-30": "$0.46", "2012-06-30": "$0.89", "2012-03-31": "$1.17", "2011-12-31": "$1.58", "2011-09-30": "$1.81", "2011-06-30": "$1.74", "2011-03-31": "$2.23", "2010-12-31": "$2.03", "2010-09-30": "$2.15", "2010-06-30": "$2.39", "2010-03-31": "$2.49", "2009-12-31": "$2.39", "2009-09-30": "$1.97", "2009-06-30": "$2.16", "2009-03-31": "$1.44", "2008-12-31": "$1.36", "2008-09-30": "$1.52", "2008-06-30": "$1.35", "2008-03-31": "$1.70", "2007-12-31": "$1.35", "2007-09-30": "$0.95", "2007-06-30": "$0.10", "2007-03-31": "$-0.09", "2006-12-31": "$0.21"}, "net worth": {"value": "$3.37B"}, "current ratio": {"2020-12-31": "0.00", "2020-09-30": "2.36", "2020-06-30": "2.25", "2020-03-31": "2.76", "2019-12-31": "1.79", "2019-09-30": "1.85", "2019-06-30": "2.00", "2019-03-31": "1.92", "2018-12-31": "1.80", "2018-09-30": "1.86", "2018-06-30": "1.86", "2018-03-31": "1.99", "2017-12-31": "1.99", "2017-09-30": "1.93", "2017-06-30": "1.77", "2017-03-31": "1.83", "2016-12-31": "1.77", "2016-09-30": "1.82", "2016-06-30": "1.80", "2016-03-31": "1.83", "2015-12-31": "1.77", "2015-09-30": "1.72", "2015-06-30": "1.75", "2015-03-31": "1.76", "2014-12-31": "1.35", "2014-09-30": "1.56", "2014-06-30": "1.41", "2014-03-31": "1.49", "2013-12-31": "1.57", "2013-09-30": "1.65", "2013-06-30": "1.41", "2013-03-31": "1.61", "2012-12-31": "1.68", "2012-09-30": "1.69", "2012-06-30": "1.41", "2012-03-31": "1.43", "2011-12-31": "1.48", "2011-09-30": "1.49", "2011-06-30": "1.77", "2011-03-31": "2.59", "2010-12-31": "2.66", "2010-09-30": "2.58", "2010-06-30": "2.54", "2010-03-31": "2.22", "2009-12-31": "2.19", "2009-09-30": "1.86", "2009-06-30": "1.66", "2009-03-31": "1.58", "2008-12-31": "1.62", "2008-09-30": "1.56", "2008-06-30": "1.64", "2008-03-31": "1.40", "2007-12-31": "1.40", "2007-09-30": "1.54", "2007-06-30": "1.75", "2007-03-31": "1.47", "2006-12-31": "1.50", "2006-09-30": "1.59", "2006-06-30": "1.52", "2006-03-31": "1.39", "2005-12-31": "1.33", "2005-09-30": "1.26", "2005-06-30": "1.33", "2005-03-31": "1.26"}, "quick ratio": {"2020-12-31": "0.00", "2020-09-30": "1.64", "2020-06-30": "1.55", "2020-03-31": "2.07", "2019-12-31": "1.10", "2019-09-30": "1.06", "2019-06-30": "1.19", "2019-03-31": "1.08", "2018-12-31": "0.97", "2018-09-30": "1.06", "2018-06-30": "1.17", "2018-03-31": "1.29", "2017-12-31": "1.34", "2017-09-30": "1.23", "2017-06-30": "1.24", "2017-03-31": "1.31", "2016-12-31": "1.25", "2016-09-30": "1.26", "2016-06-30": "1.26", "2016-03-31": "1.26", "2015-12-31": "1.26", "2015-09-30": "1.24", "2015-06-30": "1.25", "2015-03-31": "1.29", "2014-12-31": "1.03", "2014-09-30": "1.20", "2014-06-30": "1.12", "2014-03-31": "1.21", "2013-12-31": "1.18", "2013-09-30": "1.22", "2013-06-30": "1.07", "2013-03-31": "1.16", "2012-12-31": "1.18", "2012-09-30": "1.19", "2012-06-30": "0.98", "2012-03-31": "1.06", "2011-12-31": "1.11", "2011-09-30": "1.11", "2011-06-30": "1.28", "2011-03-31": "2.37", "2010-12-31": "2.42", "2010-09-30": "2.33", "2010-06-30": "2.27", "2010-03-31": "1.98", "2009-12-31": "1.90", "2009-09-30": "1.56", "2009-06-30": "1.34", "2009-03-31": "1.26", "2008-12-31": "1.34", "2008-09-30": "1.30", "2008-06-30": "1.37", "2008-03-31": "1.15", "2007-12-31": "1.12", "2007-09-30": "1.27", "2007-06-30": "1.50", "2007-03-31": "1.23", "2006-12-31": "1.25", "2006-09-30": "1.33", "2006-06-30": "1.27", "2006-03-31": "1.24", "2005-12-31": "1.20", "2005-09-30": "1.11", "2005-06-30": "1.17", "2005-03-31": "1.12"}, "debt equity ratio": {"current": "0.51", "2020-12-31": "0.00", "2020-09-30": "0.94", "2020-06-30": "0.97", "2020-03-31": "0.99", "2019-12-31": "0.80", "2019-09-30": "0.82", "2019-06-30": "0.88", "2019-03-31": "0.93", "2018-12-31": "0.83", "2018-09-30": "0.81", "2018-06-30": "0.83", "2018-03-31": "0.82", "2017-12-31": "0.65", "2017-09-30": "0.81", "2017-06-30": "0.71", "2017-03-31": "0.75", "2016-12-31": "0.78", "2016-09-30": "0.77", "2016-06-30": "0.82", "2016-03-31": "0.77", "2015-12-31": "0.82", "2015-09-30": "0.85", "2015-06-30": "0.84", "2015-03-31": "0.86", "2014-12-31": "0.83", "2014-09-30": "0.75", "2014-06-30": "0.78", "2014-03-31": "0.82", "2013-12-31": "0.82", "2013-09-30": "0.92", "2013-06-30": "1.03", "2013-03-31": "1.09", "2012-12-31": "1.14", "2012-09-30": "0.93", "2012-06-30": "0.96", "2012-03-31": "0.97", "2011-12-31": "1.04", "2011-09-30": "1.02", "2011-06-30": "0.71", "2011-03-31": "0.54", "2010-12-31": "0.55", "2010-09-30": "0.56", "2010-06-30": "0.53", "2010-03-31": "0.55", "2009-12-31": "0.55", "2009-09-30": "0.58", "2009-06-30": "0.60", "2009-03-31": "0.65", "2008-12-31": "0.71", "2008-09-30": "0.74", "2008-06-30": "0.77", "2008-03-31": "0.82", "2007-12-31": "0.86", "2007-09-30": "0.92", "2007-06-30": "1.02", "2007-03-31": "1.06", "2006-12-31": "1.01", "2006-09-30": "1.02", "2006-06-30": "0.99", "2006-03-31": "0.86", "2005-12-31": "0.91", "2005-09-30": "0.97", "2005-06-30": "1.02", "2005-03-31": "1.03"}, "return on equity": {"2020-12-31": "-11.93%", "2020-09-30": "-9.32%", "2020-06-30": "-8.45%", "2020-03-31": "-7.61%", "2019-12-31": "4.26%", "2019-09-30": "3.46%", "2019-06-30": "3.31%", "2019-03-31": "2.76%", "2018-12-31": "2.41%", "2018-09-30": "10.48%", "2018-06-30": "10.32%", "2018-03-31": "10.89%", "2017-12-31": "11.41%", "2017-09-30": "4.43%", "2017-06-30": "4.82%", "2017-03-31": "5.43%", "2016-12-31": "5.96%", "2016-09-30": "6.86%", "2016-06-30": "8.04%", "2016-03-31": "8.96%", "2015-12-31": "10.07%", "2015-09-30": "10.75%", "2015-06-30": "11.64%", "2015-03-31": "12.51%", "2014-12-31": "12.75%", "2014-09-30": "13.02%", "2014-06-30": "13.17%", "2014-03-31": "13.13%", "2013-12-31": "13.37%", "2013-09-30": "13.57%", "2013-06-30": "13.21%", "2013-03-31": "12.80%", "2012-12-31": "13.00%", "2012-09-30": "13.47%", "2012-06-30": "13.87%", "2012-03-31": "14.22%", "2011-12-31": "13.63%", "2011-09-30": "12.36%", "2011-06-30": "11.34%", "2011-03-31": "10.62%", "2010-12-31": "10.27%", "2010-09-30": "10.32%", "2010-06-30": "11.00%", "2010-03-31": "11.88%", "2009-12-31": "12.66%", "2009-09-30": "14.15%", "2009-06-30": "15.36%", "2009-03-31": "16.47%", "2008-12-31": "18.08%", "2008-09-30": "18.27%", "2008-06-30": "18.15%", "2008-03-31": "17.84%", "2007-12-31": "16.93%", "2007-09-30": "16.32%", "2007-06-30": "15.75%", "2007-03-31": "15.36%", "2006-12-31": "15.75%", "2006-09-30": "15.87%", "2006-06-30": "15.19%", "2006-03-31": "15.01%", "2005-12-31": "13.88%"}, "return on assets": {"2020-12-31": "-6.06%", "2020-09-30": "-4.85%", "2020-06-30": "-4.47%", "2020-03-31": "-4.07%", "2019-12-31": "2.30%", "2019-09-30": "1.86%", "2019-06-30": "1.78%", "2019-03-31": "1.49%", "2018-12-31": "1.32%", "2018-09-30": "5.90%", "2018-06-30": "5.82%", "2018-03-31": "6.24%", "2017-12-31": "6.61%", "2017-09-30": "2.52%", "2017-06-30": "2.75%", "2017-03-31": "3.05%", "2016-12-31": "3.34%", "2016-09-30": "3.82%", "2016-06-30": "4.43%", "2016-03-31": "4.92%", "2015-12-31": "5.46%", "2015-09-30": "5.83%", "2015-06-30": "6.39%", "2015-03-31": "6.93%", "2014-12-31": "7.10%", "2014-09-30": "7.26%", "2014-06-30": "7.19%", "2014-03-31": "6.94%", "2013-12-31": "6.83%", "2013-09-30": "6.65%", "2013-06-30": "6.45%", "2013-03-31": "6.29%", "2012-12-31": "6.49%", "2012-09-30": "6.82%", "2012-06-30": "6.94%", "2012-03-31": "7.32%", "2011-12-31": "7.39%", "2011-09-30": "7.19%", "2011-06-30": "7.13%", "2011-03-31": "6.87%", "2010-12-31": "6.63%", "2010-09-30": "6.66%", "2010-06-30": "7.08%", "2010-03-31": "7.57%", "2009-12-31": "7.95%", "2009-09-30": "8.67%", "2009-06-30": "9.18%", "2009-03-31": "9.60%", "2008-12-31": "10.28%", "2008-09-30": "10.18%", "2008-06-30": "9.87%", "2008-03-31": "9.40%", "2007-12-31": "8.64%", "2007-09-30": "8.16%", "2007-06-30": "7.77%", "2007-03-31": "7.60%", "2006-12-31": "7.97%", "2006-09-30": "8.14%", "2006-06-30": "7.85%", "2006-03-31": "7.76%", "2005-12-31": "7.02%"}, "return on investments": {"2020-12-31": "-11.96%", "2020-09-30": "-9.14%", "2020-06-30": "-8.05%", "2020-03-31": "-7.09%", "2019-12-31": "4.99%", "2019-09-30": "4.29%", "2019-06-30": "4.12%", "2019-03-31": "3.76%", "2018-12-31": "3.38%", "2018-09-30": "2.72%", "2018-06-30": "2.49%", "2018-03-31": "2.51%", "2017-12-31": "2.62%", "2017-09-30": "6.20%", "2017-06-30": "6.70%", "2017-03-31": "7.29%", "2016-12-31": "7.95%", "2016-09-30": "8.81%", "2016-06-30": "10.12%", "2016-03-31": "11.20%", "2015-12-31": "12.43%", "2015-09-30": "13.62%", "2015-06-30": "14.91%", "2015-03-31": "16.22%", "2014-12-31": "16.71%", "2014-09-30": "16.68%", "2014-06-30": "16.51%", "2014-03-31": "15.93%", "2013-12-31": "15.68%", "2013-09-30": "15.31%", "2013-06-30": "14.99%", "2013-03-31": "14.79%", "2012-12-31": "15.24%", "2012-09-30": "15.92%", "2012-06-30": "16.16%", "2012-03-31": "16.88%", "2011-12-31": "16.96%", "2011-09-30": "16.79%", "2011-06-30": "16.58%", "2011-03-31": "15.86%", "2010-12-31": "15.22%", "2010-09-30": "15.22%", "2010-06-30": "16.14%", "2010-03-31": "17.16%", "2009-12-31": "18.14%", "2009-09-30": "19.96%", "2009-06-30": "21.21%", "2009-03-31": "22.23%", "2008-12-31": "23.76%", "2008-09-30": "23.62%", "2008-06-30": "23.09%", "2008-03-31": "22.15%", "2007-12-31": "20.80%", "2007-09-30": "19.78%", "2007-06-30": "18.93%", "2007-03-31": "18.60%", "2006-12-31": "19.21%", "2006-09-30": "19.43%", "2006-06-30": "18.81%", "2006-03-31": "19.02%", "2005-12-31": "17.94%"}, "return on tangible equity": {"2020-09-30": "-12.62%", "2020-06-30": "-11.89%", "2020-03-31": "-11.13%", "2019-12-31": "6.56%", "2019-09-30": "5.37%", "2019-06-30": "5.19%", "2019-03-31": "4.36%", "2018-12-31": "3.83%", "2018-09-30": "16.68%", "2018-06-30": "16.16%", "2018-03-31": "16.29%", "2017-12-31": "16.33%", "2017-09-30": "6.11%", "2017-06-30": "6.46%", "2017-03-31": "7.30%", "2016-12-31": "8.04%", "2016-09-30": "9.16%", "2016-06-30": "10.80%", "2016-03-31": "12.09%", "2015-12-31": "13.63%", "2015-09-30": "14.57%", "2015-06-30": "15.78%", "2015-03-31": "17.01%", "2014-12-31": "17.45%", "2014-09-30": "18.00%", "2014-06-30": "18.51%", "2014-03-31": "18.80%", "2013-12-31": "19.52%", "2013-09-30": "20.24%", "2013-06-30": "19.67%", "2013-03-31": "18.95%", "2012-12-31": "19.13%", "2012-09-30": "19.67%", "2012-06-30": "20.53%", "2012-03-31": "20.99%", "2011-12-31": "19.33%", "2011-09-30": "16.74%", "2011-06-30": "14.64%", "2011-03-31": "13.29%", "2010-12-31": "12.90%", "2010-09-30": "13.06%", "2010-06-30": "14.02%", "2010-03-31": "15.30%", "2009-12-31": "16.50%", "2009-09-30": "18.70%", "2009-06-30": "20.52%", "2009-03-31": "22.22%", "2008-12-31": "24.66%", "2008-09-30": "25.25%", "2008-06-30": "25.53%", "2008-03-31": "25.62%", "2007-12-31": "24.82%", "2007-09-30": "24.42%", "2007-06-30": "23.97%", "2007-03-31": "23.75%", "2006-12-31": "23.91%", "2006-09-30": "23.63%", "2006-06-30": "22.33%", "2006-03-31": "21.80%", "2005-12-31": "20.65%"}, "dividend yield history": {"last payout": "$0.00", "last yield": "0.00%"}}