{"ticker": "KLAC", "price": {"title": "KLA Historical Annual Stock Price Data", "value": 288.03, "historical": {"2021": {"Average Stock Price": "291.1479", "Year Open": "260.3300", "Year High": "314.0800", "Year Low": "260.3300", "Year Close": "288.0300", "Annual % Change": "11.25%"}, "2020": {"Average Stock Price": "190.9786", "Year Open": "182.5700", "Year High": "266.9400", "Year Low": "114.0200", "Year Close": "258.9100", "Annual % Change": "45.32%"}, "2019": {"Average Stock Price": "133.0372", "Year Open": "90.9100", "Year High": "178.7500", "Year Low": "85.8100", "Year Close": "178.1700", "Annual % Change": "99.09%"}, "2018": {"Average Stock Price": "105.5702", "Year Open": "106.1300", "Year High": "122.3900", "Year Low": "81.2300", "Year Close": "89.4900", "Annual % Change": "-14.83%"}, "2017": {"Average Stock Price": "97.2323", "Year Open": "79.4100", "Year High": "112.4500", "Year Low": "78.4200", "Year Close": "105.0700", "Annual % Change": "33.54%"}, "2016": {"Average Stock Price": "71.8642", "Year Open": "68.6900", "Year High": "83.0400", "Year Low": "62.8800", "Year Close": "78.6800", "Annual % Change": "13.45%"}, "2015": {"Average Stock Price": "59.4056", "Year Open": "70.2900", "Year High": "70.9500", "Year Low": "46.3200", "Year Close": "69.3500", "Annual % Change": "-1.38%"}, "2014": {"Average Stock Price": "70.1657", "Year Open": "63.3800", "Year High": "84.1800", "Year Low": "59.7300", "Year Close": "70.3200", "Annual % Change": "9.09%"}, "2013": {"Average Stock Price": "57.4494", "Year Open": "49.5700", "Year High": "66.1900", "Year Low": "47.3700", "Year Close": "64.4600", "Annual % Change": "34.97%"}, "2012": {"Average Stock Price": "49.1381", "Year Open": "47.4600", "Year High": "55.1100", "Year Low": "43.9700", "Year Close": "47.7600", "Annual % Change": "-1.02%"}, "2011": {"Average Stock Price": "42.7993", "Year Open": "38.7500", "Year High": "51.2100", "Year Low": "33.6700", "Year Close": "48.2500", "Annual % Change": "24.87%"}, "2010": {"Average Stock Price": "32.5489", "Year Open": "36.9200", "Year High": "40.1600", "Year Low": "27.1600", "Year Close": "38.6400", "Annual % Change": "6.86%"}, "2009": {"Average Stock Price": "27.8298", "Year Open": "22.4800", "Year High": "37.4000", "Year Low": "15.5400", "Year Close": "36.1600", "Annual % Change": "65.95%"}, "2008": {"Average Stock Price": "35.4509", "Year Open": "46.5400", "Year High": "46.5400", "Year Low": "15.1900", "Year Close": "21.7900", "Annual % Change": "-54.75%"}, "2007": {"Average Stock Price": "53.6816", "Year Open": "48.9900", "Year High": "62.4600", "Year Low": "46.9700", "Year Close": "48.1600", "Annual % Change": "-3.20%"}, "2006": {"Average Stock Price": "47.0178", "Year Open": "50.6900", "Year High": "54.1800", "Year Low": "39.0500", "Year Close": "49.7500", "Annual % Change": "0.85%"}, "2005": {"Average Stock Price": "47.1788", "Year Open": "45.3000", "Year High": "54.0900", "Year Low": "38.8600", "Year Close": "49.3300", "Annual % Change": "5.90%"}, "2004": {"Average Stock Price": "46.6260", "Year Open": "56.4400", "Year High": "62.6000", "Year Low": "35.6900", "Year Close": "46.5800", "Annual % Change": "-20.43%"}, "2003": {"Average Stock Price": "47.3402", "Year Open": "37.3600", "Year High": "60.8800", "Year Low": "31.6400", "Year Close": "58.5400", "Annual % Change": "65.51%"}, "2002": {"Average Stock Price": "46.8062", "Year Open": "52.3000", "Year High": "69.4700", "Year Low": "26.1500", "Year Close": "35.3700", "Annual % Change": "-28.63%"}, "2001": {"Average Stock Price": "46.7038", "Year Open": "34.1300", "Year High": "60.6500", "Year Low": "29.3100", "Year Close": "49.5600", "Annual % Change": "47.11%"}, "2000": {"Average Stock Price": "54.3888", "Year Open": "54.2500", "Year High": "97.4400", "Year Low": "26.2500", "Year Close": "33.6900", "Annual % Change": "-39.52%"}, "1999": {"Average Stock Price": "32.8115", "Year Open": "22.8750", "Year High": "55.7000", "Year Low": "21.8450", "Year Close": "55.7000", "Annual % Change": "156.80%"}, "1998": {"Average Stock Price": "17.0791", "Year Open": "20.2500", "Year High": "24.0000", "Year Low": "10.6250", "Year Close": "21.6900", "Annual % Change": "12.30%"}, "1997": {"Average Stock Price": "25.0575", "Year Open": "17.1250", "Year High": "37.8150", "Year Low": "17.1250", "Year Close": "19.3150", "Annual % Change": "8.82%"}, "1996": {"Average Stock Price": "12.8019", "Year Open": "13.2500", "Year High": "18.9400", "Year Low": "8.8750", "Year Close": "17.7500", "Annual % Change": "36.22%"}, "1995": {"Average Stock Price": "17.7151", "Year Open": "12.0000", "Year High": "23.5625", "Year Low": "11.6250", "Year Close": "13.0300", "Annual % Change": "6.37%"}, "1994": {"Average Stock Price": "10.4053", "Year Open": "6.9375", "Year High": "13.2500", "Year Low": "6.4700", "Year Close": "12.2500", "Annual % Change": "76.58%"}, "1993": {"Average Stock Price": "4.5164", "Year Open": "3.0000", "Year High": "7.0000", "Year Low": "2.6550", "Year Close": "6.9375", "Annual % Change": "126.53%"}, "1992": {"Average Stock Price": "2.3986", "Year Open": "2.7800", "Year High": "3.4050", "Year Low": "1.7800", "Year Close": "3.0625", "Annual % Change": "10.16%"}, "1991": {"Average Stock Price": "2.7418", "Year Open": "2.2800", "Year High": "3.5300", "Year Low": "2.1250", "Year Close": "2.7800", "Annual % Change": "27.09%"}}}, "market cap": {"value": "$44.49B"}, "income statement": {"Revenue": {"2020-06-30": "5806.42400", "2019-06-30": "4568.90400", "2018-06-30": "4036.70100", "2017-06-30": "3480.01400", "2016-06-30": "2984.49300", "2015-06-30": "2814.04900", "2014-06-30": "2929.40800", "2013-06-30": "2842.78100", "2012-06-30": "3171.94400", "2011-06-30": "3175.16700", "2010-06-30": "1820.76000", "2009-06-30": "1520.21600", "2008-06-30": "2521.71600", "2007-06-30": "2731.22900", "2006-06-30": "2070.62700", "2005-06-30": "2081.87800"}, "Cost Of Goods Sold": {"2020-06-30": "2449.56100", "2019-06-30": "1869.37700", "2018-06-30": "1446.04100", "2017-06-30": "1286.21500", "2016-06-30": "1163.39100", "2015-06-30": "1215.22900", "2014-06-30": "1232.96200", "2013-06-30": "1237.45200", "2012-06-30": "1330.01600", "2011-06-30": "1259.24300", "2010-06-30": "815.66200", "2009-06-30": "864.82400", "2008-06-30": "1134.85600", "2007-06-30": "1189.60100", "2006-06-30": "942.09100", "2005-06-30": "871.00000"}, "Gross Profit": {"2020-06-30": "3356.86300", "2019-06-30": "2699.52700", "2018-06-30": "2590.66000", "2017-06-30": "2193.79900", "2016-06-30": "1821.10200", "2015-06-30": "1598.82000", "2014-06-30": "1696.44600", "2013-06-30": "1605.32900", "2012-06-30": "1841.92800", "2011-06-30": "1915.92400", "2010-06-30": "1005.09800", "2009-06-30": "655.39200", "2008-06-30": "1386.86000", "2007-06-30": "1541.62800", "2006-06-30": "1128.53600", "2005-06-30": "1210.87800"}, "Research And Development Expenses": {"2020-06-30": "863.86400", "2019-06-30": "711.03000", "2018-06-30": "608.53100", "2017-06-30": "526.68800", "2016-06-30": "481.25800", "2015-06-30": "530.61600", "2014-06-30": "539.46900", "2013-06-30": "487.83200", "2012-06-30": "452.93700", "2011-06-30": "386.16300", "2010-06-30": "329.56000", "2009-06-30": "371.46300", "2008-06-30": "409.97300", "2007-06-30": "427.51500", "2006-06-30": "393.82300", "2005-06-30": "351.98400"}, "SG&A Expenses": {"2020-06-30": "734.14900", "2019-06-30": "599.12400", "2018-06-30": "442.30400", "2017-06-30": "388.21100", "2016-06-30": "379.39900", "2015-06-30": "406.86400", "2014-06-30": "384.90700", "2013-06-30": "387.81200", "2012-06-30": "372.66600", "2011-06-30": "369.43100", "2010-06-30": "361.37200", "2009-06-30": "415.12600", "2008-06-30": "464.89000", "2007-06-30": "513.52500", "2006-06-30": "424.92200", "2005-06-30": "313.77400"}, "Other Operating Income Or Expenses": {"2020-06-30": "", "2019-06-30": "", "2018-06-30": "", "2017-06-30": "", "2016-06-30": "", "2015-06-30": "", "2014-06-30": "", "2013-06-30": "", "2012-06-30": "", "2011-06-30": "", "2010-06-30": "", "2009-06-30": "", "2008-06-30": "", "2007-06-30": "", "2006-06-30": "", "2005-06-30": ""}, "Operating Expenses": {"2020-06-30": "4304.22300", "2019-06-30": "3179.53100", "2018-06-30": "2496.87600", "2017-06-30": "2201.11400", "2016-06-30": "2024.04800", "2015-06-30": "2152.70900", "2014-06-30": "2157.33800", "2013-06-30": "2113.09600", "2012-06-30": "2155.61900", "2011-06-30": "2014.83700", "2010-06-30": "1506.59400", "2009-06-30": "2098.15700", "2008-06-30": "2022.34000", "2007-06-30": "2141.36100", "2006-06-30": "1760.83600", "2005-06-30": "1536.75800"}, "Operating Income": {"2020-06-30": "1502.20100", "2019-06-30": "1389.37300", "2018-06-30": "1539.82500", "2017-06-30": "1278.90000", "2016-06-30": "960.44510", "2015-06-30": "661.34010", "2014-06-30": "772.06980", "2013-06-30": "729.68480", "2012-06-30": "1016.32500", "2011-06-30": "1160.33000", "2010-06-30": "314.16600", "2009-06-30": "-577.94100", "2008-06-30": "499.37610", "2007-06-30": "589.86820", "2006-06-30": "309.79090", "2005-06-30": "545.11990"}, "Total Non-Operating Income/Expense": {"2020-06-30": "-185.49000", "2019-06-30": "-93.14200", "2018-06-30": "-83.89400", "2017-06-30": "-105.65400", "2016-06-30": "-102.25300", "2015-06-30": "-227.20900", "2014-06-30": "-37.60900", "2013-06-30": "-39.06400", "2012-06-30": "-42.23100", "2011-06-30": "-50.26400", "2010-06-30": "-22.98500", "2009-06-30": "-24.59000", "2008-06-30": "60.85800", "2007-06-30": "87.36700", "2006-06-30": "68.06700", "2005-06-30": "37.95600"}, "Pre-Tax Income": {"2020-06-30": "1316.71100", "2019-06-30": "1296.23100", "2018-06-30": "1455.93100", "2017-06-30": "1173.24600", "2016-06-30": "858.19200", "2015-06-30": "434.13100", "2014-06-30": "734.46100", "2013-06-30": "690.62100", "2012-06-30": "974.09400", "2011-06-30": "1110.06600", "2010-06-30": "291.18100", "2009-06-30": "-602.53100", "2008-06-30": "560.23400", "2007-06-30": "677.23500", "2006-06-30": "377.85800", "2005-06-30": "583.07600"}, "Income Taxes": {"2020-06-30": "101.68600", "2019-06-30": "121.21400", "2018-06-30": "653.66600", "2017-06-30": "247.17000", "2016-06-30": "153.77000", "2015-06-30": "67.97300", "2014-06-30": "151.70600", "2013-06-30": "147.47200", "2012-06-30": "218.07900", "2011-06-30": "315.57800", "2010-06-30": "78.88100", "2009-06-30": "-79.16300", "2008-06-30": "201.15100", "2007-06-30": "150.50900", "2006-06-30": "1.50700", "2005-06-30": "141.40500"}, "Income After Taxes": {"2020-06-30": "1215.02500", "2019-06-30": "1175.01700", "2018-06-30": "802.26500", "2017-06-30": "926.07600", "2016-06-30": "704.42200", "2015-06-30": "366.15800", "2014-06-30": "582.75500", "2013-06-30": "543.14900", "2012-06-30": "756.01500", "2011-06-30": "794.48800", "2010-06-30": "212.30000", "2009-06-30": "-523.36800", "2008-06-30": "359.08300", "2007-06-30": "526.72600", "2006-06-30": "376.35100", "2005-06-30": "441.67100"}, "Other Income": {"2020-06-30": "", "2019-06-30": "", "2018-06-30": "", "2017-06-30": "", "2016-06-30": "", "2015-06-30": "", "2014-06-30": "", "2013-06-30": "", "2012-06-30": "", "2011-06-30": "", "2010-06-30": "", "2009-06-30": "", "2008-06-30": "", "2007-06-30": "", "2006-06-30": "", "2005-06-30": ""}, "Income From Continuous Operations": {"2020-06-30": "1215.02500", "2019-06-30": "1175.01700", "2018-06-30": "802.26500", "2017-06-30": "926.07600", "2016-06-30": "704.42200", "2015-06-30": "366.15800", "2014-06-30": "582.75500", "2013-06-30": "543.14900", "2012-06-30": "756.01500", "2011-06-30": "794.48800", "2010-06-30": "212.30000", "2009-06-30": "-523.36800", "2008-06-30": "359.08300", "2007-06-30": "528.09800", "2006-06-30": "380.45200", "2005-06-30": "445.04900"}, "Income From Discontinued Operations": {"2020-06-30": "", "2019-06-30": "", "2018-06-30": "", "2017-06-30": "", "2016-06-30": "", "2015-06-30": "", "2014-06-30": "", "2013-06-30": "", "2012-06-30": "", "2011-06-30": "", "2010-06-30": "", "2009-06-30": "", "2008-06-30": "", "2007-06-30": "", "2006-06-30": "", "2005-06-30": ""}, "Net Income": {"2020-06-30": "1216.78500", "2019-06-30": "1175.61700", "2018-06-30": "802.26500", "2017-06-30": "926.07600", "2016-06-30": "704.42200", "2015-06-30": "366.15800", "2014-06-30": "582.75500", "2013-06-30": "543.14900", "2012-06-30": "756.01500", "2011-06-30": "794.48800", "2010-06-30": "212.30000", "2009-06-30": "-523.36800", "2008-06-30": "359.08300", "2007-06-30": "528.09800", "2006-06-30": "380.45200", "2005-06-30": "445.04900"}, "EBITDA": {"2020-06-30": "2106.89900", "2019-06-30": "1622.59700", "2018-06-30": "1602.50900", "2017-06-30": "1336.73600", "2016-06-30": "1027.37700", "2015-06-30": "741.87610", "2014-06-30": "855.14180", "2013-06-30": "817.21880", "2012-06-30": "1108.45800", "2011-06-30": "1246.37400", "2010-06-30": "416.66300", "2009-06-30": "10.52700", "2008-06-30": "639.43710", "2007-06-30": "766.70810", "2006-06-30": "379.22690", "2005-06-30": "615.27290"}, "EBIT": {"2020-06-30": "1502.20100", "2019-06-30": "1389.37300", "2018-06-30": "1539.82500", "2017-06-30": "1278.90000", "2016-06-30": "960.44510", "2015-06-30": "661.34010", "2014-06-30": "772.06980", "2013-06-30": "729.68480", "2012-06-30": "1016.32500", "2011-06-30": "1160.33000", "2010-06-30": "314.16600", "2009-06-30": "-577.94100", "2008-06-30": "499.37610", "2007-06-30": "589.86820", "2006-06-30": "309.79090", "2005-06-30": "545.11990"}, "Basic Shares Outstanding": {"2020-06-30": "156.79700", "2019-06-30": "156.05300", "2018-06-30": "156.34600", "2017-06-30": "156.46800", "2016-06-30": "155.86900", "2015-06-30": "162.28200", "2014-06-30": "166.01600", "2013-06-30": "166.08900", "2012-06-30": "166.79500", "2011-06-30": "167.26100", "2010-06-30": "170.65200", "2009-06-30": "170.25300", "2008-06-30": "180.59400", "2007-06-30": "197.12600", "2006-06-30": "198.62500", "2005-06-30": "196.34600"}, "Shares Outstanding": {"2020-06-30": "158.00500", "2019-06-30": "156.94900", "2018-06-30": "157.37800", "2017-06-30": "157.48100", "2016-06-30": "156.77900", "2015-06-30": "163.70100", "2014-06-30": "168.11800", "2013-06-30": "169.26000", "2012-06-30": "170.14700", "2011-06-30": "170.35200", "2010-06-30": "173.03400", "2009-06-30": "170.25300", "2008-06-30": "184.25900", "2007-06-30": "202.20400", "2006-06-30": "204.09700", "2005-06-30": "201.12600"}, "Basic EPS": {"2020-06-30": "7.76000", "2019-06-30": "7.53000", "2018-06-30": "5.13000", "2017-06-30": "5.92000", "2016-06-30": "4.52000", "2015-06-30": "2.26000", "2014-06-30": "3.51000", "2013-06-30": "3.27000", "2012-06-30": "4.53000", "2011-06-30": "4.75000", "2010-06-30": "1.24000", "2009-06-30": "-3.07000", "2008-06-30": "1.99000", "2007-06-30": "2.68000", "2006-06-30": "1.92000", "2005-06-30": "2.27000"}, "EPS - Earnings Per Share": {"2020-06-30": "7.70000", "2019-06-30": "7.49000", "2018-06-30": "5.10000", "2017-06-30": "5.88000", "2016-06-30": "4.49000", "2015-06-30": "2.24000", "2014-06-30": "3.47000", "2013-06-30": "3.21000", "2012-06-30": "4.44000", "2011-06-30": "4.66000", "2010-06-30": "1.23000", "2009-06-30": "-3.07000", "2008-06-30": "1.95000", "2007-06-30": "2.61000", "2006-06-30": "1.86000", "2005-06-30": "2.21000"}}, "income statement, quarterly": {"Revenue": {"2020-12-31": "1650.87000", "2020-09-30": "1538.62000", "2020-06-30": "1459.59300", "2020-03-31": "1423.96400", "2019-12-31": "1509.45300", "2019-09-30": "1413.41400", "2019-06-30": "1258.43500", "2019-03-31": "1097.31100", "2018-12-31": "1119.89800", "2018-09-30": "1093.26000", "2018-06-30": "1070.00400", "2018-03-31": "1021.29400", "2017-12-31": "975.82200", "2017-09-30": "969.58100", "2017-06-30": "938.64690", "2017-03-31": "913.80900", "2016-12-31": "876.88500", "2016-09-30": "750.67300", "2016-06-30": "919.17110", "2016-03-31": "712.43300", "2015-12-31": "710.24500", "2015-09-30": "642.64400", "2015-06-30": "756.33220", "2015-03-31": "738.45900", "2014-12-31": "676.35700", "2014-09-30": "642.90100", "2014-06-30": "734.34310", "2014-03-31": "831.59900", "2013-12-31": "705.12900", "2013-09-30": "658.33700", "2013-06-30": "720.03200", "2013-03-31": "729.02900", "2012-12-31": "673.01100", "2012-09-30": "720.70900", "2012-06-30": "892.46510", "2012-03-31": "840.52100", "2011-12-31": "642.48200", "2011-09-30": "796.47600", "2011-06-30": "892.43890", "2011-03-31": "834.05900", "2010-12-31": "766.32700", "2010-09-30": "682.34200", "2010-06-30": "559.41890", "2010-03-31": "478.29900", "2009-12-31": "440.35500", "2009-09-30": "342.68700", "2009-06-30": "281.50200", "2009-03-31": "309.61200", "2008-12-31": "396.58900", "2008-09-30": "532.51300", "2008-06-30": "590.69410", "2008-03-31": "602.21900", "2007-12-31": "635.78300", "2007-09-30": "693.02000", "2007-06-30": "736.38800", "2007-03-31": "716.20800", "2006-12-31": "649.27000", "2006-09-30": "629.36300", "2006-06-30": "579.03600", "2006-03-31": "519.64800", "2005-12-31": "487.68200", "2005-09-30": "484.26100", "2005-06-30": "488.64080", "2005-03-31": "541.61100"}, "Cost Of Goods Sold": {"2020-12-31": "669.73300", "2020-09-30": "620.56200", "2020-06-30": "621.54410", "2020-03-31": "590.15800", "2019-12-31": "633.61800", "2019-09-30": "604.24100", "2019-06-30": "592.78490", "2019-03-31": "486.94500", "2018-12-31": "408.26000", "2018-09-30": "381.38700", "2018-06-30": "377.56600", "2018-03-31": "368.35600", "2017-12-31": "347.00200", "2017-09-30": "353.11700", "2017-06-30": "346.59800", "2017-03-31": "343.27400", "2016-12-31": "318.50700", "2016-09-30": "277.83600", "2016-06-30": "337.56800", "2016-03-31": "274.59900", "2015-12-31": "280.98000", "2015-09-30": "270.24400", "2015-06-30": "323.26700", "2015-03-31": "320.28200", "2014-12-31": "283.21300", "2014-09-30": "288.46700", "2014-06-30": "326.66500", "2014-03-31": "342.82600", "2013-12-31": "285.81400", "2013-09-30": "277.65700", "2013-06-30": "306.80400", "2013-03-31": "309.50800", "2012-12-31": "303.91500", "2012-09-30": "317.22500", "2012-06-30": "361.66300", "2012-03-31": "355.14900", "2011-12-31": "272.85500", "2011-09-30": "340.34900", "2011-06-30": "356.18000", "2011-03-31": "327.69600", "2010-12-31": "311.39800", "2010-09-30": "263.96900", "2010-06-30": "227.91900", "2010-03-31": "208.56500", "2009-12-31": "207.28600", "2009-09-30": "171.89200", "2009-06-30": "164.62100", "2009-03-31": "209.22300", "2008-12-31": "238.16700", "2008-09-30": "252.81300", "2008-06-30": "264.14590", "2008-03-31": "285.65000", "2007-12-31": "279.16700", "2007-09-30": "305.89300", "2007-06-30": "314.95900", "2007-03-31": "306.75100", "2006-12-31": "297.77200", "2006-09-30": "270.11900", "2006-06-30": "284.16400", "2006-03-31": "226.57500", "2005-12-31": "216.21500", "2005-09-30": "215.13700", "2005-06-30": "215.95800", "2005-03-31": "221.83800"}, "Gross Profit": {"2020-12-31": "981.13700", "2020-09-30": "918.05800", "2020-06-30": "838.04880", "2020-03-31": "833.80600", "2019-12-31": "875.83500", "2019-09-30": "809.17290", "2019-06-30": "665.64990", "2019-03-31": "610.36600", "2018-12-31": "711.63790", "2018-09-30": "711.87300", "2018-06-30": "692.43790", "2018-03-31": "652.93800", "2017-12-31": "628.82000", "2017-09-30": "616.46400", "2017-06-30": "592.04890", "2017-03-31": "570.53500", "2016-12-31": "558.37810", "2016-09-30": "472.83700", "2016-06-30": "581.60300", "2016-03-31": "437.83400", "2015-12-31": "429.26500", "2015-09-30": "372.40000", "2015-06-30": "433.06520", "2015-03-31": "418.17700", "2014-12-31": "393.14400", "2014-09-30": "354.43400", "2014-06-30": "407.67810", "2014-03-31": "488.77300", "2013-12-31": "419.31500", "2013-09-30": "380.68000", "2013-06-30": "413.22790", "2013-03-31": "419.52100", "2012-12-31": "369.09600", "2012-09-30": "403.48400", "2012-06-30": "530.80220", "2012-03-31": "485.37200", "2011-12-31": "369.62700", "2011-09-30": "456.12700", "2011-06-30": "536.25890", "2011-03-31": "506.36300", "2010-12-31": "454.92900", "2010-09-30": "418.37300", "2010-06-30": "331.50000", "2010-03-31": "269.73400", "2009-12-31": "233.06900", "2009-09-30": "170.79500", "2009-06-30": "116.88110", "2009-03-31": "100.38900", "2008-12-31": "158.42200", "2008-09-30": "279.70000", "2008-06-30": "326.54820", "2008-03-31": "316.56900", "2007-12-31": "356.61600", "2007-09-30": "387.12700", "2007-06-30": "421.42900", "2007-03-31": "409.45700", "2006-12-31": "351.49800", "2006-09-30": "359.24400", "2006-06-30": "294.87200", "2006-03-31": "293.07300", "2005-12-31": "271.46700", "2005-09-30": "269.12400", "2005-06-30": "272.68280", "2005-03-31": "319.77300"}, "Research And Development Expenses": {"2020-12-31": "229.06400", "2020-09-30": "219.03800", "2020-06-30": "217.10000", "2020-03-31": "215.43300", "2019-12-31": "220.75100", "2019-09-30": "210.58000", "2019-06-30": "206.71010", "2019-03-31": "184.88700", "2018-12-31": "165.90300", "2018-09-30": "153.53000", "2018-06-30": "151.90500", "2018-03-31": "153.23900", "2017-12-31": "156.70000", "2017-09-30": "146.68700", "2017-06-30": "136.37300", "2017-03-31": "130.17000", "2016-12-31": "130.91200", "2016-09-30": "129.23300", "2016-06-30": "127.45400", "2016-03-31": "115.58900", "2015-12-31": "118.27200", "2015-09-30": "119.94300", "2015-06-30": "128.83900", "2015-03-31": "124.58300", "2014-12-31": "133.55700", "2014-09-30": "143.63700", "2014-06-30": "138.44800", "2014-03-31": "134.16100", "2013-12-31": "134.58700", "2013-09-30": "132.27300", "2013-06-30": "127.69400", "2013-03-31": "118.78800", "2012-12-31": "121.60800", "2012-09-30": "119.74200", "2012-06-30": "118.71000", "2012-03-31": "110.10200", "2011-12-31": "116.36300", "2011-09-30": "107.76200", "2011-06-30": "100.92900", "2011-03-31": "95.61700", "2010-12-31": "94.89700", "2010-09-30": "94.72000", "2010-06-30": "83.30900", "2010-03-31": "84.74100", "2009-12-31": "83.30100", "2009-09-30": "78.20900", "2009-06-30": "79.22700", "2009-03-31": "82.60900", "2008-12-31": "95.26600", "2008-09-30": "114.36100", "2008-06-30": "116.47000", "2008-03-31": "96.64600", "2007-12-31": "97.51300", "2007-09-30": "99.34400", "2007-06-30": "113.85600", "2007-03-31": "106.26500", "2006-12-31": "108.10100", "2006-09-30": "99.29300", "2006-06-30": "98.61300", "2006-03-31": "97.63300", "2005-12-31": "98.80700", "2005-09-30": "98.77000", "2005-06-30": "98.86400", "2005-03-31": "88.81200"}, "SG&A Expenses": {"2020-12-31": "181.90900", "2020-09-30": "172.63100", "2020-06-30": "167.79100", "2020-03-31": "185.76000", "2019-12-31": "192.25300", "2019-09-30": "188.34500", "2019-06-30": "190.04000", "2019-03-31": "182.18400", "2018-12-31": "112.46200", "2018-09-30": "114.43800", "2018-06-30": "116.37000", "2018-03-31": "113.23700", "2017-12-31": "105.26500", "2017-09-30": "107.43200", "2017-06-30": "104.03900", "2017-03-31": "96.25200", "2016-12-31": "93.53200", "2016-09-30": "94.38800", "2016-06-30": "103.79700", "2016-03-31": "87.40700", "2015-12-31": "96.53200", "2015-09-30": "91.66300", "2015-06-30": "101.73900", "2015-03-31": "98.60800", "2014-12-31": "104.87300", "2014-09-30": "101.64400", "2014-06-30": "96.21600", "2014-03-31": "93.44900", "2013-12-31": "96.74600", "2013-09-30": "98.49600", "2013-06-30": "97.89900", "2013-03-31": "98.48700", "2012-12-31": "94.24100", "2012-09-30": "97.18500", "2012-06-30": "93.79300", "2012-03-31": "90.99600", "2011-12-31": "93.80100", "2011-09-30": "94.07600", "2011-06-30": "91.26100", "2011-03-31": "98.96700", "2010-12-31": "91.16600", "2010-09-30": "88.03700", "2010-06-30": "87.34900", "2010-03-31": "93.71400", "2009-12-31": "102.67300", "2009-09-30": "77.63600", "2009-06-30": "72.62100", "2009-03-31": "90.06100", "2008-12-31": "133.95400", "2008-09-30": "118.49000", "2008-06-30": "100.20900", "2008-03-31": "94.72300", "2007-12-31": "159.45300", "2007-09-30": "110.50500", "2007-06-30": "121.98900", "2007-03-31": "120.53700", "2006-12-31": "165.03800", "2006-09-30": "105.96100", "2006-06-30": "121.37900", "2006-03-31": "110.51300", "2005-12-31": "97.66600", "2005-09-30": "95.36400", "2005-06-30": "96.02100", "2005-03-31": "76.11400"}, "Other Operating Income Or Expenses": {"2020-12-31": "", "2020-09-30": "", "2020-06-30": "", "2020-03-31": "", "2019-12-31": "", "2019-09-30": "", "2019-06-30": "", "2019-03-31": "", "2018-12-31": "", "2018-09-30": "", "2018-06-30": "", "2018-03-31": "", "2017-12-31": "", "2017-09-30": "", "2017-06-30": "", "2017-03-31": "", "2016-12-31": "", "2016-09-30": "", "2016-06-30": "", "2016-03-31": "", "2015-12-31": "", "2015-09-30": "", "2015-06-30": "", "2015-03-31": "", "2014-12-31": "", "2014-09-30": "", "2014-06-30": "", "2014-03-31": "", "2013-12-31": "", "2013-09-30": "", "2013-06-30": "", "2013-03-31": "", "2012-12-31": "", "2012-09-30": "", "2012-06-30": "", "2012-03-31": "", "2011-12-31": "", "2011-09-30": "", "2011-06-30": "", "2011-03-31": "", "2010-12-31": "", "2010-09-30": "", "2010-06-30": "", "2010-03-31": "", "2009-12-31": "", "2009-09-30": "", "2009-06-30": "", "2009-03-31": "", "2008-12-31": "", "2008-09-30": "", "2008-06-30": "", "2008-03-31": "", "2007-12-31": "", "2007-09-30": "", "2007-06-30": "", "2007-03-31": "", "2006-12-31": "", "2006-09-30": "", "2006-06-30": "", "2006-03-31": "", "2005-12-31": "", "2005-09-30": "", "2005-06-30": "", "2005-03-31": ""}, "Operating Expenses": {"2020-12-31": "1080.70600", "2020-09-30": "1012.23100", "2020-06-30": "1006.43500", "2020-03-31": "1248.00000", "2019-12-31": "1046.62200", "2019-09-30": "1003.16600", "2019-06-30": "989.53490", "2019-03-31": "854.01610", "2018-12-31": "686.62500", "2018-09-30": "649.35500", "2018-06-30": "645.84090", "2018-03-31": "634.83200", "2017-12-31": "608.96700", "2017-09-30": "607.23600", "2017-06-30": "587.01000", "2017-03-31": "569.69600", "2016-12-31": "542.95100", "2016-09-30": "501.45700", "2016-06-30": "568.81900", "2016-03-31": "477.59500", "2015-12-31": "495.78400", "2015-09-30": "481.85000", "2015-06-30": "553.84500", "2015-03-31": "543.47300", "2014-12-31": "521.64300", "2014-09-30": "533.74800", "2014-06-30": "561.32910", "2014-03-31": "570.43600", "2013-12-31": "517.14700", "2013-09-30": "508.42600", "2013-06-30": "532.39720", "2013-03-31": "526.78300", "2012-12-31": "519.76400", "2012-09-30": "534.15200", "2012-06-30": "574.16590", "2012-03-31": "556.24690", "2011-12-31": "483.01900", "2011-09-30": "542.18700", "2011-06-30": "548.37000", "2011-03-31": "522.28000", "2010-12-31": "497.46100", "2010-09-30": "446.72600", "2010-06-30": "398.57700", "2010-03-31": "387.02000", "2009-12-31": "393.26000", "2009-09-30": "327.73700", "2009-06-30": "316.46900", "2009-03-31": "381.89300", "2008-12-31": "902.22000", "2008-09-30": "497.57500", "2008-06-30": "487.28300", "2008-03-31": "477.01900", "2007-12-31": "542.29600", "2007-09-30": "515.74200", "2007-06-30": "561.52390", "2007-03-31": "533.55300", "2006-12-31": "570.91100", "2006-09-30": "475.37300", "2006-06-30": "504.15600", "2006-03-31": "434.72100", "2005-12-31": "412.68800", "2005-09-30": "409.27100", "2005-06-30": "410.84320", "2005-03-31": "386.76400"}, "Operating Income": {"2020-12-31": "570.16390", "2020-09-30": "526.38900", "2020-06-30": "453.15780", "2020-03-31": "175.96400", "2019-12-31": "462.83090", "2019-09-30": "410.24790", "2019-06-30": "268.89990", "2019-03-31": "243.29500", "2018-12-31": "433.27290", "2018-09-30": "443.90500", "2018-06-30": "424.16300", "2018-03-31": "386.46200", "2017-12-31": "366.85500", "2017-09-30": "362.34500", "2017-06-30": "351.63680", "2017-03-31": "344.11300", "2016-12-31": "333.93400", "2016-09-30": "249.21600", "2016-06-30": "350.35210", "2016-03-31": "234.83800", "2015-12-31": "214.46100", "2015-09-30": "160.79400", "2015-06-30": "202.48710", "2015-03-31": "194.98600", "2014-12-31": "154.71400", "2014-09-30": "109.15300", "2014-06-30": "173.01400", "2014-03-31": "261.16300", "2013-12-31": "187.98210", "2013-09-30": "149.91100", "2013-06-30": "187.63480", "2013-03-31": "202.24600", "2012-12-31": "153.24690", "2012-09-30": "186.55700", "2012-06-30": "318.29930", "2012-03-31": "284.27400", "2011-12-31": "159.46300", "2011-09-30": "254.28900", "2011-06-30": "344.06890", "2011-03-31": "311.77900", "2010-12-31": "268.86600", "2010-09-30": "235.61600", "2010-06-30": "160.84200", "2010-03-31": "91.27900", "2009-12-31": "47.09500", "2009-09-30": "14.95000", "2009-06-30": "-34.96700", "2009-03-31": "-72.28100", "2008-12-31": "-505.63100", "2008-09-30": "34.93800", "2008-06-30": "103.41110", "2008-03-31": "125.20000", "2007-12-31": "93.48700", "2007-09-30": "177.27800", "2007-06-30": "174.86410", "2007-03-31": "182.65500", "2006-12-31": "78.35900", "2006-09-30": "153.99000", "2006-06-30": "74.88000", "2006-03-31": "84.92700", "2005-12-31": "74.99400", "2005-09-30": "74.99000", "2005-06-30": "77.79760", "2005-03-31": "154.84700"}, "Total Non-Operating Income/Expense": {"2020-12-31": "-42.76200", "2020-09-30": "-42.58300", "2020-06-30": "-48.08900", "2020-03-31": "-60.76500", "2019-12-31": "-37.90400", "2019-09-30": "-38.73200", "2019-06-30": "-37.59000", "2019-03-31": "-21.90500", "2018-12-31": "-17.31000", "2018-09-30": "-16.33700", "2018-06-30": "-17.67400", "2018-03-31": "-20.47900", "2017-12-31": "-19.54800", "2017-09-30": "-26.19300", "2017-06-30": "-26.60500", "2017-03-31": "-24.96400", "2016-12-31": "-27.08900", "2016-09-30": "-26.99600", "2016-06-30": "-21.86500", "2016-03-31": "-24.90700", "2015-12-31": "-28.98600", "2015-09-30": "-26.49500", "2015-06-30": "-27.54900", "2015-03-31": "-28.53200", "2014-12-31": "-160.98200", "2014-09-30": "-10.14600", "2014-06-30": "-6.40800", "2014-03-31": "-9.91700", "2013-12-31": "-11.23700", "2013-09-30": "-10.04700", "2013-06-30": "-10.54500", "2013-03-31": "-10.13100", "2012-12-31": "-8.37300", "2012-09-30": "-10.01500", "2012-06-30": "-12.40700", "2012-03-31": "-10.24100", "2011-12-31": "-12.55600", "2011-09-30": "-7.02700", "2011-06-30": "-10.02600", "2011-03-31": "-10.25900", "2010-12-31": "-17.67500", "2010-09-30": "-12.30400", "2010-06-30": "-10.74000", "2010-03-31": "-11.00800", "2009-12-31": "-9.07900", "2009-09-30": "7.84200", "2009-06-30": "-11.40900", "2009-03-31": "-4.88600", "2008-12-31": "-12.47200", "2008-09-30": "4.17700", "2008-06-30": "-5.89400", "2008-03-31": "36.00900", "2007-12-31": "13.26900", "2007-09-30": "17.47400", "2007-06-30": "21.43600", "2007-03-31": "20.81700", "2006-12-31": "22.65700", "2006-09-30": "22.45700", "2006-06-30": "20.08100", "2006-03-31": "17.22500", "2005-12-31": "16.68500", "2005-09-30": "14.07600", "2005-06-30": "15.90200", "2005-03-31": "7.29200"}, "Pre-Tax Income": {"2020-12-31": "527.40200", "2020-09-30": "483.80600", "2020-06-30": "405.06910", "2020-03-31": "115.19900", "2019-12-31": "424.92700", "2019-09-30": "371.51600", "2019-06-30": "231.30990", "2019-03-31": "221.39000", "2018-12-31": "415.96300", "2018-09-30": "427.56800", "2018-06-30": "406.48900", "2018-03-31": "365.98300", "2017-12-31": "347.30700", "2017-09-30": "336.15200", "2017-06-30": "325.03200", "2017-03-31": "319.14900", "2016-12-31": "306.84500", "2016-09-30": "222.22000", "2016-06-30": "328.48700", "2016-03-31": "209.93100", "2015-12-31": "185.47500", "2015-09-30": "134.29900", "2015-06-30": "174.93800", "2015-03-31": "166.45400", "2014-12-31": "-6.26800", "2014-09-30": "99.00700", "2014-06-30": "166.60600", "2014-03-31": "251.24600", "2013-12-31": "176.74500", "2013-09-30": "139.86400", "2013-06-30": "177.09000", "2013-03-31": "192.11500", "2012-12-31": "144.87400", "2012-09-30": "176.54200", "2012-06-30": "305.89210", "2012-03-31": "274.03300", "2011-12-31": "146.90700", "2011-09-30": "247.26200", "2011-06-30": "334.04300", "2011-03-31": "301.52000", "2010-12-31": "251.19100", "2010-09-30": "223.31200", "2010-06-30": "150.10200", "2010-03-31": "80.27100", "2009-12-31": "38.01600", "2009-09-30": "22.79200", "2009-06-30": "-46.37600", "2009-03-31": "-77.16700", "2008-12-31": "-518.10300", "2008-09-30": "39.11500", "2008-06-30": "97.51700", "2008-03-31": "161.20900", "2007-12-31": "106.75600", "2007-09-30": "194.75200", "2007-06-30": "196.30000", "2007-03-31": "203.47200", "2006-12-31": "101.01600", "2006-09-30": "176.44700", "2006-06-30": "94.96100", "2006-03-31": "102.15200", "2005-12-31": "91.67900", "2005-09-30": "89.06600", "2005-06-30": "93.70000", "2005-03-31": "162.13900"}, "Income Taxes": {"2020-12-31": "70.41900", "2020-09-30": "63.66400", "2020-06-30": "-5.24600", "2020-03-31": "37.19000", "2019-12-31": "44.62200", "2019-09-30": "25.12000", "2019-06-30": "13.98200", "2019-03-31": "28.74500", "2018-12-31": "46.86300", "2018-09-30": "31.62400", "2018-06-30": "57.72200", "2018-03-31": "59.10200", "2017-12-31": "481.62600", "2017-09-30": "55.21600", "2017-06-30": "68.87000", "2017-03-31": "65.58700", "2016-12-31": "68.59400", "2016-09-30": "44.11900", "2016-06-30": "56.94600", "2016-03-31": "34.15400", "2015-12-31": "33.26800", "2015-09-30": "29.40200", "2015-06-30": "32.91900", "2015-03-31": "34.81600", "2014-12-31": "-26.53600", "2014-09-30": "26.77400", "2014-06-30": "37.87500", "2014-03-31": "47.66500", "2013-12-31": "37.49900", "2013-09-30": "28.66700", "2013-06-30": "42.32000", "2013-03-31": "25.73300", "2012-12-31": "38.24400", "2012-09-30": "41.17500", "2012-06-30": "58.01500", "2012-03-31": "68.68700", "2011-12-31": "36.11000", "2011-09-30": "55.26700", "2011-06-30": "89.02600", "2011-03-31": "91.73700", "2010-12-31": "65.69900", "2010-09-30": "69.11600", "2010-06-30": "37.01700", "2010-03-31": "23.25500", "2009-12-31": "16.22200", "2009-09-30": "2.38700", "2009-06-30": "-20.80000", "2009-03-31": "5.66000", "2008-12-31": "-83.84900", "2008-09-30": "19.82600", "2008-06-30": "21.50700", "2008-03-31": "50.22900", "2007-12-31": "22.82100", "2007-09-30": "106.59400", "2007-06-30": "48.95800", "2007-03-31": "48.54600", "2006-12-31": "11.63700", "2006-09-30": "41.36800", "2006-06-30": "-35.53400", "2006-03-31": "6.38800", "2005-12-31": "16.32900", "2005-09-30": "14.32400", "2005-06-30": "11.35000", "2005-03-31": "40.06500"}, "Income After Taxes": {"2020-12-31": "456.98300", "2020-09-30": "420.14200", "2020-06-30": "410.31500", "2020-03-31": "78.00900", "2019-12-31": "380.30500", "2019-09-30": "346.39600", "2019-06-30": "217.32800", "2019-03-31": "192.64500", "2018-12-31": "369.10000", "2018-09-30": "395.94400", "2018-06-30": "348.76700", "2018-03-31": "306.88100", "2017-12-31": "-134.31900", "2017-09-30": "280.93600", "2017-06-30": "256.16200", "2017-03-31": "253.56200", "2016-12-31": "238.25100", "2016-09-30": "178.10100", "2016-06-30": "271.54100", "2016-03-31": "175.77700", "2015-12-31": "152.20700", "2015-09-30": "104.89700", "2015-06-30": "142.01900", "2015-03-31": "131.63800", "2014-12-31": "20.26800", "2014-09-30": "72.23300", "2014-06-30": "128.73100", "2014-03-31": "203.58100", "2013-12-31": "139.24600", "2013-09-30": "111.19700", "2013-06-30": "134.77000", "2013-03-31": "166.38200", "2012-12-31": "106.63000", "2012-09-30": "135.36700", "2012-06-30": "247.87700", "2012-03-31": "205.34600", "2011-12-31": "110.79700", "2011-09-30": "191.99500", "2011-06-30": "245.01710", "2011-03-31": "209.78300", "2010-12-31": "185.49200", "2010-09-30": "154.19600", "2010-06-30": "113.08500", "2010-03-31": "57.01600", "2009-12-31": "21.79400", "2009-09-30": "20.40500", "2009-06-30": "-25.57600", "2009-03-31": "-82.82700", "2008-12-31": "-434.25400", "2008-09-30": "19.28900", "2008-06-30": "76.01000", "2008-03-31": "110.98000", "2007-12-31": "83.93500", "2007-09-30": "88.15800", "2007-06-30": "147.34190", "2007-03-31": "154.92600", "2006-12-31": "89.37900", "2006-09-30": "135.07900", "2006-06-30": "130.49500", "2006-03-31": "95.76400", "2005-12-31": "75.35000", "2005-09-30": "74.74200", "2005-06-30": "82.35000", "2005-03-31": "122.07400"}, "Other Income": {"2020-12-31": "", "2020-09-30": "", "2020-06-30": "", "2020-03-31": "", "2019-12-31": "", "2019-09-30": "", "2019-06-30": "", "2019-03-31": "", "2018-12-31": "", "2018-09-30": "", "2018-06-30": "", "2018-03-31": "", "2017-12-31": "", "2017-09-30": "", "2017-06-30": "", "2017-03-31": "", "2016-12-31": "", "2016-09-30": "", "2016-06-30": "", "2016-03-31": "", "2015-12-31": "", "2015-09-30": "", "2015-06-30": "", "2015-03-31": "", "2014-12-31": "", "2014-09-30": "", "2014-06-30": "", "2014-03-31": "", "2013-12-31": "", "2013-09-30": "", "2013-06-30": "", "2013-03-31": "", "2012-12-31": "", "2012-09-30": "", "2012-06-30": "", "2012-03-31": "", "2011-12-31": "", "2011-09-30": "", "2011-06-30": "", "2011-03-31": "", "2010-12-31": "", "2010-09-30": "", "2010-06-30": "", "2010-03-31": "", "2009-12-31": "", "2009-09-30": "", "2009-06-30": "", "2009-03-31": "", "2008-12-31": "", "2008-09-30": "", "2008-06-30": "", "2008-03-31": "", "2007-12-31": "", "2007-09-30": "", "2007-06-30": "", "2007-03-31": "", "2006-12-31": "", "2006-09-30": "", "2006-06-30": "", "2006-03-31": "", "2005-12-31": "", "2005-09-30": "", "2005-06-30": "", "2005-03-31": ""}, "Income From Continuous Operations": {"2020-12-31": "456.98300", "2020-09-30": "420.14200", "2020-06-30": "410.31500", "2020-03-31": "78.00900", "2019-12-31": "380.30500", "2019-09-30": "346.39600", "2019-06-30": "217.32800", "2019-03-31": "192.64500", "2018-12-31": "369.10000", "2018-09-30": "395.94400", "2018-06-30": "348.76700", "2018-03-31": "306.88100", "2017-12-31": "-134.31900", "2017-09-30": "280.93600", "2017-06-30": "256.16200", "2017-03-31": "253.56200", "2016-12-31": "238.25100", "2016-09-30": "178.10100", "2016-06-30": "271.54100", "2016-03-31": "175.77700", "2015-12-31": "152.20700", "2015-09-30": "104.89700", "2015-06-30": "142.01900", "2015-03-31": "131.63800", "2014-12-31": "20.26800", "2014-09-30": "72.23300", "2014-06-30": "128.73100", "2014-03-31": "203.58100", "2013-12-31": "139.24600", "2013-09-30": "111.19700", "2013-06-30": "134.77000", "2013-03-31": "166.38200", "2012-12-31": "106.63000", "2012-09-30": "135.36700", "2012-06-30": "247.87700", "2012-03-31": "205.34600", "2011-12-31": "110.79700", "2011-09-30": "191.99500", "2011-06-30": "245.01710", "2011-03-31": "209.78300", "2010-12-31": "185.49200", "2010-09-30": "154.19600", "2010-06-30": "113.08500", "2010-03-31": "57.01600", "2009-12-31": "21.79400", "2009-09-30": "20.40500", "2009-06-30": "-25.57600", "2009-03-31": "-82.82700", "2008-12-31": "-434.25400", "2008-09-30": "19.28900", "2008-06-30": "76.01000", "2008-03-31": "110.98000", "2007-12-31": "83.93500", "2007-09-30": "88.15800", "2007-06-30": "147.34200", "2007-03-31": "154.78500", "2006-12-31": "90.04900", "2006-09-30": "135.92200", "2006-06-30": "131.67600", "2006-03-31": "96.68400", "2005-12-31": "76.60500", "2005-09-30": "75.48700", "2005-06-30": "83.40400", "2005-03-31": "123.16300"}, "Income From Discontinued Operations": {"2020-12-31": "", "2020-09-30": "", "2020-06-30": "", "2020-03-31": "", "2019-12-31": "", "2019-09-30": "", "2019-06-30": "", "2019-03-31": "", "2018-12-31": "", "2018-09-30": "", "2018-06-30": "", "2018-03-31": "", "2017-12-31": "", "2017-09-30": "", "2017-06-30": "", "2017-03-31": "", "2016-12-31": "", "2016-09-30": "", "2016-06-30": "", "2016-03-31": "", "2015-12-31": "", "2015-09-30": "", "2015-06-30": "", "2015-03-31": "", "2014-12-31": "", "2014-09-30": "", "2014-06-30": "", "2014-03-31": "", "2013-12-31": "", "2013-09-30": "", "2013-06-30": "", "2013-03-31": "", "2012-12-31": "", "2012-09-30": "", "2012-06-30": "", "2012-03-31": "", "2011-12-31": "", "2011-09-30": "", "2011-06-30": "", "2011-03-31": "", "2010-12-31": "", "2010-09-30": "", "2010-06-30": "", "2010-03-31": "", "2009-12-31": "", "2009-09-30": "", "2009-06-30": "", "2009-03-31": "", "2008-12-31": "", "2008-09-30": "", "2008-06-30": "", "2008-03-31": "", "2007-12-31": "", "2007-09-30": "", "2007-06-30": "", "2007-03-31": "", "2006-12-31": "", "2006-09-30": "", "2006-06-30": "", "2006-03-31": "", "2005-12-31": "", "2005-09-30": "", "2005-06-30": "", "2005-03-31": ""}, "Net Income": {"2020-12-31": "457.25100", "2020-09-30": "420.56700", "2020-06-30": "411.25300", "2020-03-31": "78.45200", "2019-12-31": "380.55500", "2019-09-30": "346.52500", "2019-06-30": "217.84490", "2019-03-31": "192.72800", "2018-12-31": "369.10000", "2018-09-30": "395.94400", "2018-06-30": "348.76700", "2018-03-31": "306.88100", "2017-12-31": "-134.31900", "2017-09-30": "280.93600", "2017-06-30": "256.16200", "2017-03-31": "253.56200", "2016-12-31": "238.25100", "2016-09-30": "178.10100", "2016-06-30": "271.54100", "2016-03-31": "175.77700", "2015-12-31": "152.20700", "2015-09-30": "104.89700", "2015-06-30": "142.01900", "2015-03-31": "131.63800", "2014-12-31": "20.26800", "2014-09-30": "72.23300", "2014-06-30": "128.73100", "2014-03-31": "203.58100", "2013-12-31": "139.24600", "2013-09-30": "111.19700", "2013-06-30": "134.77000", "2013-03-31": "166.38200", "2012-12-31": "106.63000", "2012-09-30": "135.36700", "2012-06-30": "247.87700", "2012-03-31": "205.34600", "2011-12-31": "110.79700", "2011-09-30": "191.99500", "2011-06-30": "245.01700", "2011-03-31": "209.78300", "2010-12-31": "185.49200", "2010-09-30": "154.19600", "2010-06-30": "113.08500", "2010-03-31": "57.01600", "2009-12-31": "21.79400", "2009-09-30": "20.40500", "2009-06-30": "-25.57600", "2009-03-31": "-82.82700", "2008-12-31": "-434.25400", "2008-09-30": "19.28900", "2008-06-30": "76.01000", "2008-03-31": "110.98000", "2007-12-31": "83.93500", "2007-09-30": "88.15800", "2007-06-30": "147.34200", "2007-03-31": "154.78500", "2006-12-31": "90.04900", "2006-09-30": "135.92200", "2006-06-30": "131.67600", "2006-03-31": "96.68400", "2005-12-31": "76.60500", "2005-09-30": "75.48700", "2005-06-30": "83.40400", "2005-03-31": "123.16300"}, "EBITDA": {"2020-12-31": "654.42100", "2020-09-30": "606.45500", "2020-06-30": "532.09480", "2020-03-31": "514.60300", "2019-12-31": "551.36490", "2019-09-30": "508.83590", "2019-06-30": "396.78590", "2019-03-31": "316.74000", "2018-12-31": "449.07890", "2018-09-30": "459.99200", "2018-06-30": "439.15200", "2018-03-31": "402.74500", "2017-12-31": "382.98500", "2017-09-30": "377.62700", "2017-06-30": "365.96080", "2017-03-31": "358.31100", "2016-12-31": "348.82600", "2016-09-30": "263.63800", "2016-06-30": "365.24010", "2016-03-31": "250.61800", "2015-12-31": "230.99000", "2015-09-30": "180.52900", "2015-06-30": "222.45310", "2015-03-31": "215.49600", "2014-12-31": "173.61500", "2014-09-30": "130.31200", "2014-06-30": "195.02400", "2014-03-31": "280.40300", "2013-12-31": "209.16710", "2013-09-30": "170.54800", "2013-06-30": "206.73280", "2013-03-31": "224.74100", "2012-12-31": "173.84500", "2012-09-30": "211.90000", "2012-06-30": "341.58130", "2012-03-31": "305.29610", "2011-12-31": "184.10800", "2011-09-30": "277.47300", "2011-06-30": "366.60190", "2011-03-31": "326.05400", "2010-12-31": "297.31900", "2010-09-30": "256.39900", "2010-06-30": "195.54500", "2010-03-31": "112.69900", "2009-12-31": "70.33500", "2009-09-30": "38.08400", "2009-06-30": "-8.59700", "2009-03-31": "-37.72800", "2008-12-31": "-33.15200", "2008-09-30": "90.00400", "2008-06-30": "163.56510", "2008-03-31": "151.81000", "2007-12-31": "121.83200", "2007-09-30": "202.23000", "2007-06-30": "278.55210", "2007-03-31": "211.96000", "2006-12-31": "107.40800", "2006-09-30": "168.78800", "2006-06-30": "92.12100", "2006-03-31": "101.55600", "2005-12-31": "92.74600", "2005-09-30": "92.80400", "2005-06-30": "94.55260", "2005-03-31": "171.58600"}, "EBIT": {"2020-12-31": "570.16390", "2020-09-30": "526.38900", "2020-06-30": "453.15780", "2020-03-31": "175.96400", "2019-12-31": "462.83090", "2019-09-30": "410.24790", "2019-06-30": "268.89990", "2019-03-31": "243.29500", "2018-12-31": "433.27290", "2018-09-30": "443.90500", "2018-06-30": "424.16300", "2018-03-31": "386.46200", "2017-12-31": "366.85500", "2017-09-30": "362.34500", "2017-06-30": "351.63690", "2017-03-31": "344.11300", "2016-12-31": "333.93400", "2016-09-30": "249.21600", "2016-06-30": "350.35210", "2016-03-31": "234.83800", "2015-12-31": "214.46100", "2015-09-30": "160.79400", "2015-06-30": "202.48710", "2015-03-31": "194.98600", "2014-12-31": "154.71400", "2014-09-30": "109.15300", "2014-06-30": "173.01380", "2014-03-31": "261.16300", "2013-12-31": "187.98210", "2013-09-30": "149.91100", "2013-06-30": "187.63480", "2013-03-31": "202.24600", "2012-12-31": "153.24690", "2012-09-30": "186.55700", "2012-06-30": "318.29910", "2012-03-31": "284.27400", "2011-12-31": "159.46300", "2011-09-30": "254.28900", "2011-06-30": "344.06900", "2011-03-31": "311.77900", "2010-12-31": "268.86600", "2010-09-30": "235.61600", "2010-06-30": "160.84200", "2010-03-31": "91.27900", "2009-12-31": "47.09500", "2009-09-30": "14.95000", "2009-06-30": "-34.96710", "2009-03-31": "-72.28100", "2008-12-31": "-505.63100", "2008-09-30": "34.93800", "2008-06-30": "103.41110", "2008-03-31": "125.20000", "2007-12-31": "93.48700", "2007-09-30": "177.27800", "2007-06-30": "174.86410", "2007-03-31": "182.65500", "2006-12-31": "78.35900", "2006-09-30": "153.99000", "2006-06-30": "74.87990", "2006-03-31": "84.92700", "2005-12-31": "74.99400", "2005-09-30": "74.99000", "2005-06-30": "77.79780", "2005-03-31": "154.84700"}, "Basic Shares Outstanding": {"2020-12-31": "154.27300", "2020-09-30": "155.28100", "2020-06-30": "156.79700", "2020-03-31": "156.06700", "2019-12-31": "157.29000", "2019-09-30": "158.69700", "2019-06-30": "156.05300", "2019-03-31": "156.34900", "2018-12-31": "152.14800", "2018-09-30": "155.22100", "2018-06-30": "156.34600", "2018-03-31": "156.22100", "2017-12-31": "156.58700", "2017-09-30": "156.82600", "2017-06-30": "156.46800", "2017-03-31": "156.74900", "2016-12-31": "156.33500", "2016-09-30": "156.12900", "2016-06-30": "155.86900", "2016-03-31": "155.69000", "2015-12-31": "155.25200", "2015-09-30": "156.82000", "2015-06-30": "162.28200", "2015-03-31": "161.55900", "2014-12-31": "164.03600", "2014-09-30": "164.84500", "2014-06-30": "166.01600", "2014-03-31": "166.25300", "2013-12-31": "166.41400", "2013-09-30": "165.88600", "2013-06-30": "166.08900", "2013-03-31": "166.23400", "2012-12-31": "166.26800", "2012-09-30": "166.53100", "2012-06-30": "166.79500", "2012-03-31": "167.07000", "2011-12-31": "166.34300", "2011-09-30": "166.68400", "2011-06-30": "167.26100", "2011-03-31": "167.62900", "2010-12-31": "166.88600", "2010-09-30": "167.18700", "2010-06-30": "170.65200", "2010-03-31": "171.50600", "2009-12-31": "171.40800", "2009-09-30": "170.69800", "2009-06-30": "170.25300", "2009-03-31": "169.93400", "2008-12-31": "169.02200", "2008-09-30": "172.08800", "2008-06-30": "180.59400", "2008-03-31": "178.11200", "2007-12-31": "181.24100", "2007-09-30": "187.78900", "2007-06-30": "197.12600", "2007-03-31": "197.93000", "2006-12-31": "199.78900", "2006-09-30": "199.41600", "2006-06-30": "198.62500", "2006-03-31": "199.87600", "2005-12-31": "198.23600", "2005-09-30": "197.40800", "2005-06-30": "196.34600", "2005-03-31": "196.88300"}, "Shares Outstanding": {"2020-12-31": "155.56000", "2020-09-30": "156.44200", "2020-06-30": "158.00500", "2020-03-31": "157.17200", "2019-12-31": "158.62000", "2019-09-30": "160.13100", "2019-06-30": "156.94900", "2019-03-31": "157.18200", "2018-12-31": "152.64800", "2018-09-30": "156.08300", "2018-06-30": "157.37800", "2018-03-31": "157.20100", "2017-12-31": "156.58700", "2017-09-30": "157.84600", "2017-06-30": "157.48100", "2017-03-31": "157.74600", "2016-12-31": "157.12300", "2016-09-30": "157.02100", "2016-06-30": "156.77900", "2016-03-31": "156.42900", "2015-12-31": "155.99600", "2015-09-30": "157.98400", "2015-06-30": "163.70100", "2015-03-31": "162.79400", "2014-12-31": "165.31700", "2014-09-30": "166.58000", "2014-06-30": "168.11800", "2014-03-31": "167.98900", "2013-12-31": "168.20600", "2013-09-30": "168.73400", "2013-06-30": "169.26000", "2013-03-31": "169.18000", "2012-12-31": "169.07600", "2012-09-30": "169.82400", "2012-06-30": "170.14700", "2012-03-31": "170.14600", "2011-12-31": "169.10300", "2011-09-30": "169.83500", "2011-06-30": "170.35200", "2011-03-31": "171.31300", "2010-12-31": "169.51300", "2010-09-30": "169.83900", "2010-06-30": "173.03400", "2010-03-31": "173.35700", "2009-12-31": "173.80800", "2009-09-30": "172.71800", "2009-06-30": "170.25300", "2009-03-31": "169.93400", "2008-12-31": "169.02200", "2008-09-30": "174.38600", "2008-06-30": "184.25900", "2008-03-31": "180.61700", "2007-12-31": "185.19900", "2007-09-30": "193.04300", "2007-06-30": "202.20400", "2007-03-31": "203.47400", "2006-12-31": "204.95500", "2006-09-30": "203.32300", "2006-06-30": "204.09700", "2006-03-31": "205.36100", "2005-12-31": "203.92600", "2005-09-30": "203.29200", "2005-06-30": "201.12600", "2005-03-31": "202.32900"}, "Basic EPS": {"2020-12-31": "2.96000", "2020-09-30": "2.71000", "2020-06-30": "2.66000", "2020-03-31": "0.50000", "2019-12-31": "2.42000", "2019-09-30": "2.18000", "2019-06-30": "1.32000", "2019-03-31": "1.23000", "2018-12-31": "2.43000", "2018-09-30": "2.55000", "2018-06-30": "2.24000", "2018-03-31": "1.96000", "2017-12-31": "-0.86000", "2017-09-30": "1.79000", "2017-06-30": "1.64000", "2017-03-31": "1.62000", "2016-12-31": "1.52000", "2016-09-30": "1.14000", "2016-06-30": "1.74000", "2016-03-31": "1.13000", "2015-12-31": "0.98000", "2015-09-30": "0.67000", "2015-06-30": "0.89000", "2015-03-31": "0.81000", "2014-12-31": "0.12000", "2014-09-30": "0.44000", "2014-06-30": "0.78000", "2014-03-31": "1.22000", "2013-12-31": "0.84000", "2013-09-30": "0.67000", "2013-06-30": "0.82000", "2013-03-31": "1.00000", "2012-12-31": "0.64000", "2012-09-30": "0.81000", "2012-06-30": "1.48000", "2012-03-31": "1.23000", "2011-12-31": "0.67000", "2011-09-30": "1.15000", "2011-06-30": "1.47000", "2011-03-31": "1.25000", "2010-12-31": "1.11000", "2010-09-30": "0.92000", "2010-06-30": "0.66000", "2010-03-31": "0.33000", "2009-12-31": "0.13000", "2009-09-30": "0.12000", "2009-06-30": "-0.12000", "2009-03-31": "-0.49000", "2008-12-31": "-2.57000", "2008-09-30": "0.11000", "2008-06-30": "0.44000", "2008-03-31": "0.62000", "2007-12-31": "0.46000", "2007-09-30": "0.47000", "2007-06-30": "0.77000", "2007-03-31": "0.78000", "2006-12-31": "0.45000", "2006-09-30": "0.68000", "2006-06-30": "0.67000", "2006-03-31": "0.48000", "2005-12-31": "0.39000", "2005-09-30": "0.38000", "2005-06-30": "0.43000", "2005-03-31": "0.63000"}, "EPS - Earnings Per Share": {"2020-12-31": "2.94000", "2020-09-30": "2.69000", "2020-06-30": "2.64000", "2020-03-31": "0.50000", "2019-12-31": "2.40000", "2019-09-30": "2.16000", "2019-06-30": "1.30000", "2019-03-31": "1.23000", "2018-12-31": "2.42000", "2018-09-30": "2.54000", "2018-06-30": "2.23000", "2018-03-31": "1.95000", "2017-12-31": "-0.86000", "2017-09-30": "1.78000", "2017-06-30": "1.62000", "2017-03-31": "1.61000", "2016-12-31": "1.52000", "2016-09-30": "1.13000", "2016-06-30": "1.73000", "2016-03-31": "1.12000", "2015-12-31": "0.98000", "2015-09-30": "0.66000", "2015-06-30": "0.88000", "2015-03-31": "0.81000", "2014-12-31": "0.12000", "2014-09-30": "0.43000", "2014-06-30": "0.77000", "2014-03-31": "1.21000", "2013-12-31": "0.83000", "2013-09-30": "0.66000", "2013-06-30": "0.80000", "2013-03-31": "0.98000", "2012-12-31": "0.63000", "2012-09-30": "0.80000", "2012-06-30": "1.44000", "2012-03-31": "1.21000", "2011-12-31": "0.66000", "2011-09-30": "1.13000", "2011-06-30": "1.44000", "2011-03-31": "1.22000", "2010-12-31": "1.09000", "2010-09-30": "0.91000", "2010-06-30": "0.65000", "2010-03-31": "0.33000", "2009-12-31": "0.13000", "2009-09-30": "0.12000", "2009-06-30": "-0.12000", "2009-03-31": "-0.49000", "2008-12-31": "-2.57000", "2008-09-30": "0.11000", "2008-06-30": "0.43000", "2008-03-31": "0.61000", "2007-12-31": "0.45000", "2007-09-30": "0.46000", "2007-06-30": "0.74000", "2007-03-31": "0.76000", "2006-12-31": "0.44000", "2006-09-30": "0.67000", "2006-06-30": "0.64000", "2006-03-31": "0.47000", "2005-12-31": "0.38000", "2005-09-30": "0.37000", "2005-06-30": "0.41000", "2005-03-31": "0.61000"}}, "balance sheet": {"Cash On Hand": {"2020-06-30": "1980.47200", "2019-06-30": "1739.38500", "2018-06-30": "2880.31800", "2017-06-30": "3016.74000", "2016-06-30": "2491.29400", "2015-06-30": "2387.11100", "2014-06-30": "3152.63700", "2013-06-30": "2918.88100", "2012-06-30": "2534.44400", "2011-06-30": "2038.53500", "2010-06-30": "1534.04400", "2009-06-30": "1329.88400", "2008-06-30": "1537.23600", "2007-06-30": "1710.62900", "2006-06-30": "2325.79600", "2005-06-30": "2195.18600"}, "Receivables": {"2020-06-30": "1107.41300", "2019-06-30": "990.11300", "2018-06-30": "651.67800", "2017-06-30": "571.11700", "2016-06-30": "613.23300", "2015-06-30": "585.49400", "2014-06-30": "492.86300", "2013-06-30": "524.61000", "2012-06-30": "701.28000", "2011-06-30": "583.27000", "2010-06-30": "440.12500", "2009-06-30": "210.14300", "2008-06-30": "492.48800", "2007-06-30": "581.50000", "2006-06-30": "439.89900", "2005-06-30": "333.21800"}, "Inventory": {"2020-06-30": "1310.98500", "2019-06-30": "1262.50000", "2018-06-30": "931.84500", "2017-06-30": "732.98800", "2016-06-30": "698.63500", "2015-06-30": "617.90400", "2014-06-30": "656.45700", "2013-06-30": "634.44800", "2012-06-30": "650.80200", "2011-06-30": "575.73000", "2010-06-30": "401.73000", "2009-06-30": "370.20600", "2008-06-30": "459.44900", "2007-06-30": "535.37000", "2006-06-30": "449.15600", "2005-06-30": "359.84000"}, "Pre-Paid Expenses": {"2020-06-30": "", "2019-06-30": "", "2018-06-30": "", "2017-06-30": "", "2016-06-30": "", "2015-06-30": "", "2014-06-30": "", "2013-06-30": "", "2012-06-30": "", "2011-06-30": "", "2010-06-30": "", "2009-06-30": "", "2008-06-30": "", "2007-06-30": "", "2006-06-30": "", "2005-06-30": ""}, "Other Current Assets": {"2020-06-30": "324.67500", "2019-06-30": "323.07700", "2018-06-30": "85.15900", "2017-06-30": "71.22100", "2016-06-30": "64.87000", "2015-06-30": "77.81400", "2014-06-30": "68.46200", "2013-06-30": "75.03900", "2012-06-30": "92.84700", "2011-06-30": "147.07800", "2010-06-30": "131.04400", "2009-06-30": "227.26300", "2008-06-30": "218.00300", "2007-06-30": "86.13900", "2006-06-30": "74.58100", "2005-06-30": "50.43500"}, "Total Current Assets": {"2020-06-30": "4723.54500", "2019-06-30": "4315.07500", "2018-06-30": "4549.00000", "2017-06-30": "4392.06600", "2016-06-30": "3868.03200", "2015-06-30": "3904.57600", "2014-06-30": "4586.09500", "2013-06-30": "4351.50300", "2012-06-30": "4164.04300", "2011-06-30": "3676.01000", "2010-06-30": "2835.46500", "2009-06-30": "2398.61700", "2008-06-30": "3035.76400", "2007-06-30": "3252.77100", "2006-06-30": "3596.99300", "2005-06-30": "3201.89100"}, "Property, Plant, And Equipment": {"2020-06-30": "519.82400", "2019-06-30": "448.79900", "2018-06-30": "286.30600", "2017-06-30": "283.97500", "2016-06-30": "278.01400", "2015-06-30": "314.59100", "2014-06-30": "330.26300", "2013-06-30": "305.28100", "2012-06-30": "277.68600", "2011-06-30": "257.35800", "2010-06-30": "236.75200", "2009-06-30": "291.87800", "2008-06-30": "355.47400", "2007-06-30": "382.24000", "2006-06-30": "395.41200", "2005-06-30": "385.92100"}, "Long-Term Investments": {"2020-06-30": "", "2019-06-30": "", "2018-06-30": "", "2017-06-30": "", "2016-06-30": "", "2015-06-30": "", "2014-06-30": "", "2013-06-30": "", "2012-06-30": "", "2011-06-30": "", "2010-06-30": "", "2009-06-30": "", "2008-06-30": "42.14700", "2007-06-30": "", "2006-06-30": "", "2005-06-30": ""}, "Goodwill And Intangible Assets": {"2020-06-30": "3436.81500", "2019-06-30": "3772.52800", "2018-06-30": "374.03100", "2017-06-30": "368.48900", "2016-06-30": "339.50800", "2015-06-30": "347.15800", "2014-06-30": "363.05200", "2013-06-30": "361.15000", "2012-06-30": "383.35200", "2011-06-30": "414.05800", "2010-06-30": "445.34200", "2009-06-30": "478.45900", "2008-06-30": "899.66000", "2007-06-30": "487.28800", "2006-06-30": "70.34100", "2005-06-30": ""}, "Other Long-Term Assets": {"2020-06-30": "362.97900", "2019-06-30": "265.97300", "2018-06-30": "236.08200", "2017-06-30": "195.67600", "2016-06-30": "174.65900", "2015-06-30": "181.03900", "2014-06-30": "256.43600", "2013-06-30": "269.42300", "2012-06-30": "275.22700", "2011-06-30": "328.09500", "2010-06-30": "389.49700", "2009-06-30": "440.58400", "2008-06-30": "515.34500", "2007-06-30": "500.95000", "2006-06-30": "513.16500", "2005-06-30": "452.79100"}, "Total Long-Term Assets": {"2020-06-30": "4556.41500", "2019-06-30": "4693.44100", "2018-06-30": "1089.61900", "2017-06-30": "1140.10700", "2016-06-30": "1094.40000", "2015-06-30": "921.43600", "2014-06-30": "949.75100", "2013-06-30": "935.85400", "2012-06-30": "936.26500", "2011-06-30": "999.51100", "2010-06-30": "1071.59100", "2009-06-30": "1210.92100", "2008-06-30": "1812.62600", "2007-06-30": "1370.47800", "2006-06-30": "978.91800", "2005-06-30": "838.71200"}, "Total Assets": {"2020-06-30": "9279.96000", "2019-06-30": "9008.51600", "2018-06-30": "5638.61900", "2017-06-30": "5532.17300", "2016-06-30": "4962.43200", "2015-06-30": "4826.01200", "2014-06-30": "5535.84600", "2013-06-30": "5287.35700", "2012-06-30": "5100.30800", "2011-06-30": "4675.52100", "2010-06-30": "3907.05600", "2009-06-30": "3609.53800", "2008-06-30": "4848.39000", "2007-06-30": "4623.24900", "2006-06-30": "4575.91100", "2005-06-30": "4040.60300"}, "Total Current Liabilities": {"2020-06-30": "1699.78600", "2019-06-30": "1768.48600", "2018-06-30": "1214.27000", "2017-06-30": "1293.16200", "2016-06-30": "1002.42300", "2015-06-30": "1001.76300", "2014-06-30": "895.61100", "2013-06-30": "861.53200", "2012-06-30": "862.90700", "2011-06-30": "878.86100", "2010-06-30": "771.78700", "2009-06-30": "546.98200", "2008-06-30": "950.33200", "2007-06-30": "1005.56200", "2006-06-30": "1002.48100", "2005-06-30": "936.68900"}, "Long Term Debt": {"2020-06-30": "3469.67000", "2019-06-30": "3173.38300", "2018-06-30": "2237.40200", "2017-06-30": "2680.47400", "2016-06-30": "3057.93600", "2015-06-30": "3173.43500", "2014-06-30": "745.10100", "2013-06-30": "747.37600", "2012-06-30": "746.83300", "2011-06-30": "746.29000", "2010-06-30": "745.74700", "2009-06-30": "745.20400", "2008-06-30": "744.66100", "2007-06-30": "", "2006-06-30": "", "2005-06-30": ""}, "Other Non-Current Liabilities": {"2020-06-30": "672.28400", "2019-06-30": "587.89700", "2018-06-30": "493.24200", "2017-06-30": "172.40700", "2016-06-30": "156.62300", "2015-06-30": "182.23000", "2014-06-30": "168.28800", "2013-06-30": "96.11000", "2012-06-30": "121.03000", "2011-06-30": "154.57200", "2010-06-30": "122.55700", "2009-06-30": "132.96000", "2008-06-30": "171.66700", "2007-06-30": "67.64500", "2006-06-30": "", "2005-06-30": ""}, "Total Long Term Liabilities": {"2020-06-30": "4899.16400", "2019-06-30": "4562.33700", "2018-06-30": "2803.83800", "2017-06-30": "2912.59400", "2016-06-30": "3270.89500", "2015-06-30": "3402.81000", "2014-06-30": "970.88900", "2013-06-30": "943.67300", "2012-06-30": "921.80600", "2011-06-30": "935.76700", "2010-06-30": "888.65800", "2009-06-30": "878.16400", "2008-06-30": "916.32800", "2007-06-30": "67.64500", "2006-06-30": "5.43900", "2005-06-30": "7.24400"}, "Total Liabilities": {"2020-06-30": "6598.95000", "2019-06-30": "6330.82300", "2018-06-30": "4018.10800", "2017-06-30": "4205.75600", "2016-06-30": "4273.31800", "2015-06-30": "4404.57300", "2014-06-30": "1866.50000", "2013-06-30": "1805.20500", "2012-06-30": "1784.71300", "2011-06-30": "1814.62800", "2010-06-30": "1660.44500", "2009-06-30": "1425.14600", "2008-06-30": "1866.66000", "2007-06-30": "1073.20700", "2006-06-30": "1007.92000", "2005-06-30": "943.93300"}, "Common Stock Net": {"2020-06-30": "0.15500", "2019-06-30": "0.15900", "2018-06-30": "0.15600", "2017-06-30": "0.15700", "2016-06-30": "0.15600", "2015-06-30": "0.15800", "2014-06-30": "0.16500", "2013-06-30": "0.16500", "2012-06-30": "0.16700", "2011-06-30": "0.16700", "2010-06-30": "0.16800", "2009-06-30": "0.17100", "2008-06-30": "0.17400", "2007-06-30": "0.19100", "2006-06-30": "0.19900", "2005-06-30": "0.19600"}, "Retained Earnings (Accumulated Deficit)": {"2020-06-30": "654.93000", "2019-06-30": "714.82500", "2018-06-30": "1056.44500", "2017-06-30": "848.45700", "2016-06-30": "284.82500", "2015-06-30": "-12.36200", "2014-06-30": "2479.11300", "2013-06-30": "2359.23300", "2012-06-30": "2247.25800", "2011-06-30": "1852.63300", "2010-06-30": "1356.45400", "2009-06-30": "1370.13200", "2008-06-30": "2204.41700", "2007-06-30": "2570.75100", "2006-06-30": "2137.71000", "2005-06-30": "1852.60600"}, "Comprehensive Income": {"2020-06-30": "-79.77400", "2019-06-30": "-73.02900", "2018-06-30": "-53.93300", "2017-06-30": "-51.32300", "2016-06-30": "-48.68500", "2015-06-30": "-40.57300", "2014-06-30": "-30.27100", "2013-06-30": "-36.64600", "2012-06-30": "-21.14300", "2011-06-30": "-2.39900", "2010-06-30": "-31.30300", "2009-06-30": "-21.21700", "2008-06-30": "47.68400", "2007-06-30": "11.40500", "2006-06-30": "8.90800", "2005-06-30": "16.27300"}, "Other Share Holders Equity": {"2020-06-30": "", "2019-06-30": "", "2018-06-30": "", "2017-06-30": "", "2016-06-30": "", "2015-06-30": "", "2014-06-30": "", "2013-06-30": "", "2012-06-30": "", "2011-06-30": "", "2010-06-30": "", "2009-06-30": "", "2008-06-30": "", "2007-06-30": "", "2006-06-30": "", "2005-06-30": ""}, "Share Holder Equity": {"2020-06-30": "2681.01000", "2019-06-30": "2677.69300", "2018-06-30": "1620.51100", "2017-06-30": "1326.41700", "2016-06-30": "689.11400", "2015-06-30": "421.43900", "2014-06-30": "3669.34600", "2013-06-30": "3482.15200", "2012-06-30": "3315.59500", "2011-06-30": "2860.89300", "2010-06-30": "2246.61100", "2009-06-30": "2184.39200", "2008-06-30": "2981.73000", "2007-06-30": "3550.04200", "2006-06-30": "3567.99100", "2005-06-30": "3096.67000"}, "Total Liabilities And Share Holders Equity": {"2020-06-30": "9279.96000", "2019-06-30": "9008.51600", "2018-06-30": "5638.61900", "2017-06-30": "5532.17300", "2016-06-30": "4962.43200", "2015-06-30": "4826.01200", "2014-06-30": "5535.84600", "2013-06-30": "5287.35700", "2012-06-30": "5100.30800", "2011-06-30": "4675.52100", "2010-06-30": "3907.05600", "2009-06-30": "3609.53800", "2008-06-30": "4848.39000", "2007-06-30": "4623.24900", "2006-06-30": "4575.91100", "2005-06-30": "4040.60300"}}, "balance sheet, quarterly": {"Cash On Hand": {"2020-12-31": "2296.53000", "2020-09-30": "2043.45300", "2020-06-30": "1980.47200", "2020-03-31": "1634.53100", "2019-12-31": "1677.52200", "2019-09-30": "1751.52200", "2019-06-30": "1739.38500", "2019-03-31": "1897.26800", "2018-12-31": "2694.09400", "2018-09-30": "2780.30800", "2018-06-30": "2880.31800", "2018-03-31": "2889.98200", "2017-12-31": "2758.19000", "2017-09-30": "3056.48400", "2017-06-30": "3016.74000", "2017-03-31": "2703.51400", "2016-12-31": "2592.97700", "2016-09-30": "2494.62100", "2016-06-30": "2491.29400", "2016-03-31": "2241.31000", "2015-12-31": "2241.42500", "2015-09-30": "2269.44700", "2015-06-30": "2387.11100", "2015-03-31": "2339.78500", "2014-12-31": "2366.83300", "2014-09-30": "2942.49200", "2014-06-30": "3152.63700", "2014-03-31": "3026.82400", "2013-12-31": "2950.66100", "2013-09-30": "2951.87500", "2013-06-30": "2918.88100", "2013-03-31": "2879.50300", "2012-12-31": "2578.25300", "2012-09-30": "2638.07700", "2012-06-30": "2534.44400", "2012-03-31": "2369.73800", "2011-12-31": "2176.64500", "2011-09-30": "2100.15100", "2011-06-30": "2038.53500", "2011-03-31": "1839.57400", "2010-12-31": "1636.40000", "2010-09-30": "1518.99200", "2010-06-30": "1534.04400", "2010-03-31": "1553.52400", "2009-12-31": "1522.34400", "2009-09-30": "1387.23200", "2009-06-30": "1329.88400", "2009-03-31": "1218.64300", "2008-12-31": "1187.93700", "2008-09-30": "1265.09200", "2008-06-30": "1537.23600", "2008-03-31": "1267.76900", "2007-12-31": "1297.20400", "2007-09-30": "1282.93300", "2007-06-30": "1710.62900", "2007-03-31": "1585.23400", "2006-12-31": "2142.89000", "2006-09-30": "2425.78300", "2006-06-30": "2325.79600", "2006-03-31": "2285.29500", "2005-12-31": "2227.23000", "2005-09-30": "2182.74600", "2005-06-30": "2195.18600", "2005-03-31": "2108.34400"}, "Receivables": {"2020-12-31": "1219.18900", "2020-09-30": "1028.88300", "2020-06-30": "1107.41300", "2020-03-31": "1119.26300", "2019-12-31": "1191.03500", "2019-09-30": "1066.18800", "2019-06-30": "990.11300", "2019-03-31": "958.02100", "2018-12-31": "658.08000", "2018-09-30": "602.21000", "2018-06-30": "651.67800", "2018-03-31": "660.45500", "2017-12-31": "740.90300", "2017-09-30": "666.73800", "2017-06-30": "571.11700", "2017-03-31": "734.71700", "2016-12-31": "663.85200", "2016-09-30": "654.69900", "2016-06-30": "613.23300", "2016-03-31": "624.81800", "2015-12-31": "427.11500", "2015-09-30": "460.81300", "2015-06-30": "585.49400", "2015-03-31": "631.60800", "2014-12-31": "632.08900", "2014-09-30": "444.04800", "2014-06-30": "492.86300", "2014-03-31": "557.66100", "2013-12-31": "573.07700", "2013-09-30": "440.67400", "2013-06-30": "524.61000", "2013-03-31": "454.22400", "2012-12-31": "606.11500", "2012-09-30": "537.46000", "2012-06-30": "701.28000", "2012-03-31": "638.37500", "2011-12-31": "544.09800", "2011-09-30": "461.64000", "2011-06-30": "583.27000", "2011-03-31": "566.06900", "2010-12-31": "531.45300", "2010-09-30": "500.02200", "2010-06-30": "440.12500", "2010-03-31": "322.54200", "2009-12-31": "298.07100", "2009-09-30": "243.92400", "2009-06-30": "210.14300", "2009-03-31": "241.42500", "2008-12-31": "332.35300", "2008-09-30": "370.34300", "2008-06-30": "492.48800", "2008-03-31": "573.28400", "2007-12-31": "578.59500", "2007-09-30": "618.95900", "2007-06-30": "581.50000", "2007-03-31": "499.29800", "2006-12-31": "448.52000", "2006-09-30": "415.40300", "2006-06-30": "439.89900", "2006-03-31": "456.28800", "2005-12-31": "371.87300", "2005-09-30": "307.19400", "2005-06-30": "333.21800", "2005-03-31": "445.22700"}, "Inventory": {"2020-12-31": "1420.61800", "2020-09-30": "1394.22500", "2020-06-30": "1310.98500", "2020-03-31": "1264.13000", "2019-12-31": "1251.40000", "2019-09-30": "1254.24000", "2019-06-30": "1262.50000", "2019-03-31": "1317.26000", "2018-12-31": "1005.99000", "2018-09-30": "993.52700", "2018-06-30": "931.84500", "2018-03-31": "858.92400", "2017-12-31": "787.97100", "2017-09-30": "762.40100", "2017-06-30": "732.98800", "2017-03-31": "696.78400", "2016-12-31": "671.17200", "2016-09-30": "703.26200", "2016-06-30": "698.63500", "2016-03-31": "721.49300", "2015-12-31": "691.78600", "2015-09-30": "650.49600", "2015-06-30": "617.90400", "2015-03-31": "632.35300", "2014-12-31": "662.79900", "2014-09-30": "676.24100", "2014-06-30": "656.45700", "2014-03-31": "680.91900", "2013-12-31": "663.04000", "2013-09-30": "660.27600", "2013-06-30": "634.44800", "2013-03-31": "649.82200", "2012-12-31": "662.73500", "2012-09-30": "689.71300", "2012-06-30": "650.80200", "2012-03-31": "650.47600", "2011-12-31": "639.64100", "2011-09-30": "612.60300", "2011-06-30": "575.73000", "2011-03-31": "556.79800", "2010-12-31": "504.69700", "2010-09-30": "464.24200", "2010-06-30": "401.73000", "2010-03-31": "374.43500", "2009-12-31": "352.24100", "2009-09-30": "347.19900", "2009-06-30": "370.20600", "2009-03-31": "411.89400", "2008-12-31": "472.58500", "2008-09-30": "503.67300", "2008-06-30": "459.44900", "2008-03-31": "443.71000", "2007-12-31": "482.94800", "2007-09-30": "500.28600", "2007-06-30": "535.37000", "2007-03-31": "530.14100", "2006-12-31": "564.56600", "2006-09-30": "490.98800", "2006-06-30": "449.15600", "2006-03-31": "438.44300", "2005-12-31": "411.79600", "2005-09-30": "396.00600", "2005-06-30": "359.84000", "2005-03-31": "353.54600"}, "Pre-Paid Expenses": {"2020-12-31": "", "2020-09-30": "", "2020-06-30": "", "2020-03-31": "", "2019-12-31": "", "2019-09-30": "", "2019-06-30": "", "2019-03-31": "", "2018-12-31": "", "2018-09-30": "", "2018-06-30": "", "2018-03-31": "", "2017-12-31": "", "2017-09-30": "", "2017-06-30": "", "2017-03-31": "", "2016-12-31": "", "2016-09-30": "", "2016-06-30": "", "2016-03-31": "", "2015-12-31": "", "2015-09-30": "", "2015-06-30": "", "2015-03-31": "", "2014-12-31": "", "2014-09-30": "", "2014-06-30": "", "2014-03-31": "", "2013-12-31": "", "2013-09-30": "", "2013-06-30": "", "2013-03-31": "", "2012-12-31": "", "2012-09-30": "", "2012-06-30": "", "2012-03-31": "", "2011-12-31": "", "2011-09-30": "", "2011-06-30": "", "2011-03-31": "", "2010-12-31": "", "2010-09-30": "", "2010-06-30": "", "2010-03-31": "", "2009-12-31": "", "2009-09-30": "", "2009-06-30": "", "2009-03-31": "", "2008-12-31": "", "2008-09-30": "", "2008-06-30": "", "2008-03-31": "", "2007-12-31": "", "2007-09-30": "", "2007-06-30": "", "2007-03-31": "", "2006-12-31": "", "2006-09-30": "", "2006-06-30": "", "2006-03-31": "", "2005-12-31": "", "2005-09-30": "", "2005-06-30": "", "2005-03-31": ""}, "Other Current Assets": {"2020-12-31": "286.61700", "2020-09-30": "288.13800", "2020-06-30": "324.67500", "2020-03-31": "300.54100", "2019-12-31": "257.48600", "2019-09-30": "283.79900", "2019-06-30": "323.07700", "2019-03-31": "270.07900", "2018-12-31": "127.35000", "2018-09-30": "144.99900", "2018-06-30": "85.15900", "2018-03-31": "131.15300", "2017-12-31": "66.92900", "2017-09-30": "73.87300", "2017-06-30": "71.22100", "2017-03-31": "118.31500", "2016-12-31": "103.63800", "2016-09-30": "76.58000", "2016-06-30": "64.87000", "2016-03-31": "102.41400", "2015-12-31": "106.90600", "2015-09-30": "62.68000", "2015-06-30": "77.81400", "2015-03-31": "126.80200", "2014-12-31": "126.13500", "2014-09-30": "73.05000", "2014-06-30": "68.46200", "2014-03-31": "94.02600", "2013-12-31": "120.14200", "2013-09-30": "110.46400", "2013-06-30": "75.03900", "2013-03-31": "101.17900", "2012-12-31": "120.82800", "2012-09-30": "107.46600", "2012-06-30": "92.84700", "2012-03-31": "125.35600", "2011-12-31": "92.46900", "2011-09-30": "132.15300", "2011-06-30": "147.07800", "2011-03-31": "161.88700", "2010-12-31": "120.35100", "2010-09-30": "132.86500", "2010-06-30": "131.04400", "2010-03-31": "154.91100", "2009-12-31": "152.12100", "2009-09-30": "251.18900", "2009-06-30": "227.26300", "2009-03-31": "187.41400", "2008-12-31": "205.09100", "2008-09-30": "172.31200", "2008-06-30": "218.00300", "2008-03-31": "135.61600", "2007-12-31": "110.47500", "2007-09-30": "70.32000", "2007-06-30": "86.13900", "2007-03-31": "71.28200", "2006-12-31": "73.32300", "2006-09-30": "63.16600", "2006-06-30": "74.58100", "2006-03-31": "57.01400", "2005-12-31": "49.11900", "2005-09-30": "56.03200", "2005-06-30": "50.43500", "2005-03-31": "48.48500"}, "Total Current Assets": {"2020-12-31": "5222.95400", "2020-09-30": "4754.69900", "2020-06-30": "4723.54500", "2020-03-31": "4318.46500", "2019-12-31": "4377.44300", "2019-09-30": "4355.74900", "2019-06-30": "4315.07500", "2019-03-31": "4442.62800", "2018-12-31": "4485.51400", "2018-09-30": "4521.04400", "2018-06-30": "4549.00000", "2018-03-31": "4540.51400", "2017-12-31": "4353.99300", "2017-09-30": "4559.49600", "2017-06-30": "4392.06600", "2017-03-31": "4253.33000", "2016-12-31": "4031.63900", "2016-09-30": "3929.16200", "2016-06-30": "3868.03200", "2016-03-31": "3906.47300", "2015-12-31": "3684.70500", "2015-09-30": "3675.41800", "2015-06-30": "3904.57600", "2015-03-31": "3967.11100", "2014-12-31": "4046.24800", "2014-09-30": "4368.53700", "2014-06-30": "4586.09500", "2014-03-31": "4542.32900", "2013-12-31": "4507.53400", "2013-09-30": "4354.73800", "2013-06-30": "4351.50300", "2013-03-31": "4263.65600", "2012-12-31": "4136.30000", "2012-09-30": "4140.95700", "2012-06-30": "4164.04300", "2012-03-31": "3987.32700", "2011-12-31": "3749.05900", "2011-09-30": "3596.91900", "2011-06-30": "3676.01000", "2011-03-31": "3430.89100", "2010-12-31": "3126.31100", "2010-09-30": "2933.36100", "2010-06-30": "2835.46500", "2010-03-31": "2675.56700", "2009-12-31": "2587.26100", "2009-09-30": "2481.46100", "2009-06-30": "2398.61700", "2009-03-31": "2391.59100", "2008-12-31": "2516.65000", "2008-09-30": "2627.20200", "2008-06-30": "3035.76400", "2008-03-31": "2776.70200", "2007-12-31": "2812.31000", "2007-09-30": "2817.60600", "2007-06-30": "3252.77100", "2007-03-31": "2947.15500", "2006-12-31": "3491.50500", "2006-09-30": "3649.03100", "2006-06-30": "3596.99300", "2006-03-31": "3528.17300", "2005-12-31": "3348.47400", "2005-09-30": "3222.23100", "2005-06-30": "3201.89100", "2005-03-31": "3267.64400"}, "Property, Plant, And Equipment": {"2020-12-31": "594.18500", "2020-09-30": "561.85200", "2020-06-30": "519.82400", "2020-03-31": "497.74300", "2019-12-31": "489.98000", "2019-09-30": "475.21000", "2019-06-30": "448.79900", "2019-03-31": "411.85200", "2018-12-31": "306.35100", "2018-09-30": "291.23200", "2018-06-30": "286.30600", "2018-03-31": "284.49600", "2017-12-31": "281.63400", "2017-09-30": "279.87200", "2017-06-30": "283.97500", "2017-03-31": "285.74000", "2016-12-31": "279.96600", "2016-09-30": "272.35100", "2016-06-30": "278.01400", "2016-03-31": "287.87400", "2015-12-31": "292.39300", "2015-09-30": "302.86800", "2015-06-30": "314.59100", "2015-03-31": "321.08100", "2014-12-31": "323.35300", "2014-09-30": "329.95900", "2014-06-30": "330.26300", "2014-03-31": "326.04900", "2013-12-31": "325.85600", "2013-09-30": "319.83700", "2013-06-30": "305.28100", "2013-03-31": "298.61700", "2012-12-31": "292.39400", "2012-09-30": "288.87600", "2012-06-30": "277.68600", "2012-03-31": "270.17100", "2011-12-31": "267.62900", "2011-09-30": "264.27900", "2011-06-30": "257.35800", "2011-03-31": "250.57100", "2010-12-31": "249.46800", "2010-09-30": "247.38000", "2010-06-30": "236.75200", "2010-03-31": "243.75800", "2009-12-31": "261.94200", "2009-09-30": "283.16000", "2009-06-30": "291.87800", "2009-03-31": "303.30300", "2008-12-31": "323.02000", "2008-09-30": "350.70000", "2008-06-30": "355.47400", "2008-03-31": "341.18600", "2007-12-31": "361.72500", "2007-09-30": "379.18900", "2007-06-30": "382.24000", "2007-03-31": "363.76700", "2006-12-31": "355.05700", "2006-09-30": "394.23900", "2006-06-30": "395.41200", "2006-03-31": "395.12300", "2005-12-31": "387.83900", "2005-09-30": "382.71300", "2005-06-30": "385.92100", "2005-03-31": "392.77300"}, "Long-Term Investments": {"2020-12-31": "", "2020-09-30": "", "2020-06-30": "", "2020-03-31": "", "2019-12-31": "", "2019-09-30": "", "2019-06-30": "", "2019-03-31": "", "2018-12-31": "", "2018-09-30": "", "2018-06-30": "", "2018-03-31": "", "2017-12-31": "", "2017-09-30": "", "2017-06-30": "", "2017-03-31": "", "2016-12-31": "", "2016-09-30": "", "2016-06-30": "", "2016-03-31": "", "2015-12-31": "", "2015-09-30": "", "2015-06-30": "", "2015-03-31": "", "2014-12-31": "", "2014-09-30": "", "2014-06-30": "", "2014-03-31": "", "2013-12-31": "", "2013-09-30": "", "2013-06-30": "", "2013-03-31": "", "2012-12-31": "", "2012-09-30": "", "2012-06-30": "", "2012-03-31": "", "2011-12-31": "", "2011-09-30": "", "2011-06-30": "", "2011-03-31": "", "2010-12-31": "", "2010-09-30": "", "2010-06-30": "", "2010-03-31": "", "2009-12-31": "", "2009-09-30": "", "2009-06-30": "", "2009-03-31": "38.90300", "2008-12-31": "34.46300", "2008-09-30": "41.41900", "2008-06-30": "42.14700", "2008-03-31": "46.80300", "2007-12-31": "", "2007-09-30": "", "2007-06-30": "", "2007-03-31": "", "2006-12-31": "", "2006-09-30": "", "2006-06-30": "", "2006-03-31": "", "2005-12-31": "", "2005-09-30": "", "2005-06-30": "", "2005-03-31": ""}, "Goodwill And Intangible Assets": {"2020-12-31": "3335.28800", "2020-09-30": "3386.34500", "2020-06-30": "3436.81500", "2020-03-31": "3480.97300", "2019-12-31": "3792.23100", "2019-09-30": "3812.89000", "2019-06-30": "3772.52800", "2019-03-31": "3867.21500", "2018-12-31": "384.29800", "2018-09-30": "385.55700", "2018-06-30": "374.03100", "2018-03-31": "365.37400", "2017-12-31": "366.58600", "2017-09-30": "367.44100", "2017-06-30": "368.48900", "2017-03-31": "337.27400", "2016-12-31": "337.72100", "2016-09-30": "338.26300", "2016-06-30": "339.50800", "2016-03-31": "340.83000", "2015-12-31": "342.13900", "2015-09-30": "343.46000", "2015-06-30": "347.15800", "2015-03-31": "350.83900", "2014-12-31": "354.82400", "2014-09-30": "358.93900", "2014-06-30": "363.05200", "2014-03-31": "367.23400", "2013-12-31": "352.67600", "2013-09-30": "356.57800", "2013-06-30": "361.15000", "2013-03-31": "365.80000", "2012-12-31": "370.29300", "2012-09-30": "374.92900", "2012-06-30": "383.35200", "2012-03-31": "390.78400", "2011-12-31": "398.03100", "2011-09-30": "405.92000", "2011-06-30": "414.05800", "2011-03-31": "422.01400", "2010-12-31": "430.04700", "2010-09-30": "437.03400", "2010-06-30": "445.34200", "2010-03-31": "454.03100", "2009-12-31": "466.44600", "2009-09-30": "479.19700", "2009-06-30": "478.45900", "2009-03-31": "473.53500", "2008-12-31": "499.64700", "2008-09-30": "972.15400", "2008-06-30": "899.66000", "2008-03-31": "460.55400", "2007-12-31": "463.23200", "2007-09-30": "478.95600", "2007-06-30": "487.28800", "2007-03-31": "465.33000", "2006-12-31": "440.95100", "2006-09-30": "", "2006-06-30": "70.34100", "2006-03-31": "", "2005-12-31": "", "2005-09-30": "", "2005-06-30": "", "2005-03-31": ""}, "Other Long-Term Assets": {"2020-12-31": "403.48300", "2020-09-30": "371.58600", "2020-06-30": "362.97900", "2020-03-31": "340.80700", "2019-12-31": "377.81100", "2019-09-30": "368.92100", "2019-06-30": "265.97300", "2019-03-31": "260.09000", "2018-12-31": "204.00000", "2018-09-30": "225.16900", "2018-06-30": "236.08200", "2018-03-31": "213.84700", "2017-12-31": "211.31500", "2017-09-30": "201.28700", "2017-06-30": "195.67600", "2017-03-31": "190.09600", "2016-12-31": "185.62300", "2016-09-30": "188.52900", "2016-06-30": "174.65900", "2016-03-31": "246.92500", "2015-12-31": "253.27900", "2015-09-30": "249.57700", "2015-06-30": "181.03900", "2015-03-31": "263.18900", "2014-12-31": "262.94100", "2014-09-30": "244.13700", "2014-06-30": "256.43600", "2014-03-31": "251.23900", "2013-12-31": "254.66800", "2013-09-30": "252.39900", "2013-06-30": "269.42300", "2013-03-31": "266.40000", "2012-12-31": "269.77600", "2012-09-30": "260.71400", "2012-06-30": "275.22700", "2012-03-31": "284.92200", "2011-12-31": "286.26900", "2011-09-30": "298.19900", "2011-06-30": "328.09500", "2011-03-31": "345.86700", "2010-12-31": "362.63500", "2010-09-30": "385.09000", "2010-06-30": "389.49700", "2010-03-31": "416.48900", "2009-12-31": "410.09200", "2009-09-30": "432.45200", "2009-06-30": "440.58400", "2009-03-31": "429.03400", "2008-12-31": "482.31300", "2008-09-30": "490.77200", "2008-06-30": "515.34500", "2008-03-31": "485.76000", "2007-12-31": "516.55800", "2007-09-30": "516.34900", "2007-06-30": "500.95000", "2007-03-31": "564.54100", "2006-12-31": "555.21500", "2006-09-30": "647.91300", "2006-06-30": "513.16500", "2006-03-31": "438.02200", "2005-12-31": "428.22300", "2005-09-30": "425.65400", "2005-06-30": "452.79100", "2005-03-31": "299.22000"}, "Total Long-Term Assets": {"2020-12-31": "4591.69000", "2020-09-30": "4565.39700", "2020-06-30": "4556.41500", "2020-03-31": "4527.48100", "2019-12-31": "4873.27700", "2019-09-30": "4873.65000", "2019-06-30": "4693.44100", "2019-03-31": "4744.97700", "2018-12-31": "1119.77300", "2018-09-30": "1124.06500", "2018-06-30": "1089.61900", "2018-03-31": "1057.67000", "2017-12-31": "1053.27500", "2017-09-30": "1130.90200", "2017-06-30": "1140.10700", "2017-03-31": "1071.11500", "2016-12-31": "1062.81700", "2016-09-30": "1066.93600", "2016-06-30": "1094.40000", "2016-03-31": "875.62900", "2015-12-31": "887.81100", "2015-09-30": "895.90500", "2015-06-30": "921.43600", "2015-03-31": "935.10900", "2014-12-31": "941.11800", "2014-09-30": "933.03500", "2014-06-30": "949.75100", "2014-03-31": "944.52200", "2013-12-31": "933.20000", "2013-09-30": "928.81400", "2013-06-30": "935.85400", "2013-03-31": "930.81700", "2012-12-31": "932.46300", "2012-09-30": "924.51900", "2012-06-30": "936.26500", "2012-03-31": "945.87700", "2011-12-31": "951.92910", "2011-09-30": "968.39790", "2011-06-30": "999.51100", "2011-03-31": "1018.45200", "2010-12-31": "1042.15000", "2010-09-30": "1069.50400", "2010-06-30": "1071.59100", "2010-03-31": "1114.27800", "2009-12-31": "1138.48000", "2009-09-30": "1194.80900", "2009-06-30": "1210.92100", "2009-03-31": "1244.77500", "2008-12-31": "1339.44300", "2008-09-30": "1855.04500", "2008-06-30": "1812.62600", "2008-03-31": "1334.30300", "2007-12-31": "1341.51500", "2007-09-30": "1374.49400", "2007-06-30": "1370.47800", "2007-03-31": "1393.63800", "2006-12-31": "1351.22300", "2006-09-30": "1042.15200", "2006-06-30": "978.91800", "2006-03-31": "833.14500", "2005-12-31": "816.06200", "2005-09-30": "808.36700", "2005-06-30": "838.71200", "2005-03-31": "691.99300"}, "Total Assets": {"2020-12-31": "9814.64400", "2020-09-30": "9320.09600", "2020-06-30": "9279.96000", "2020-03-31": "8845.94600", "2019-12-31": "9250.72000", "2019-09-30": "9229.39900", "2019-06-30": "9008.51600", "2019-03-31": "9187.60500", "2018-12-31": "5605.28700", "2018-09-30": "5645.10900", "2018-06-30": "5638.61900", "2018-03-31": "5598.18400", "2017-12-31": "5407.26800", "2017-09-30": "5690.39800", "2017-06-30": "5532.17300", "2017-03-31": "5324.44500", "2016-12-31": "5094.45600", "2016-09-30": "4996.09800", "2016-06-30": "4962.43200", "2016-03-31": "4782.10200", "2015-12-31": "4572.51600", "2015-09-30": "4571.32300", "2015-06-30": "4826.01200", "2015-03-31": "4902.22000", "2014-12-31": "4987.36600", "2014-09-30": "5301.57200", "2014-06-30": "5535.84600", "2014-03-31": "5486.85100", "2013-12-31": "5440.73400", "2013-09-30": "5283.55200", "2013-06-30": "5287.35700", "2013-03-31": "5194.47300", "2012-12-31": "5068.76300", "2012-09-30": "5065.47600", "2012-06-30": "5100.30800", "2012-03-31": "4933.20400", "2011-12-31": "4700.98800", "2011-09-30": "4565.31700", "2011-06-30": "4675.52100", "2011-03-31": "4449.34300", "2010-12-31": "4168.46100", "2010-09-30": "4002.86500", "2010-06-30": "3907.05600", "2010-03-31": "3789.84500", "2009-12-31": "3725.74100", "2009-09-30": "3676.27000", "2009-06-30": "3609.53800", "2009-03-31": "3636.36600", "2008-12-31": "3856.09300", "2008-09-30": "4482.24700", "2008-06-30": "4848.39000", "2008-03-31": "4111.00500", "2007-12-31": "4153.82500", "2007-09-30": "4192.10000", "2007-06-30": "4623.24900", "2007-03-31": "4340.79300", "2006-12-31": "4842.72800", "2006-09-30": "4691.18300", "2006-06-30": "4575.91100", "2006-03-31": "4361.31800", "2005-12-31": "4164.53600", "2005-09-30": "4030.59800", "2005-06-30": "4040.60300", "2005-03-31": "3959.63700"}, "Total Current Liabilities": {"2020-12-31": "2020.11200", "2020-09-30": "1748.82800", "2020-06-30": "1699.78600", "2020-03-31": "1653.27400", "2019-12-31": "1718.24300", "2019-09-30": "1943.44700", "2019-06-30": "1768.48600", "2019-03-31": "1700.85600", "2018-12-31": "1482.53800", "2018-09-30": "1310.93000", "2018-06-30": "1214.27000", "2018-03-31": "1200.43500", "2017-12-31": "1166.54800", "2017-09-30": "1466.04000", "2017-06-30": "1293.16200", "2017-03-31": "1249.18600", "2016-12-31": "1187.73600", "2016-09-30": "974.74100", "2016-06-30": "1002.42300", "2016-03-31": "997.69200", "2015-12-31": "858.33000", "2015-09-30": "915.24100", "2015-06-30": "1001.76300", "2015-03-31": "976.61500", "2014-12-31": "942.34000", "2014-09-30": "804.83700", "2014-06-30": "895.61100", "2014-03-31": "887.64700", "2013-12-31": "927.99900", "2013-09-30": "835.11000", "2013-06-30": "861.53200", "2013-03-31": "820.00800", "2012-12-31": "781.73700", "2012-09-30": "787.10100", "2012-06-30": "862.90700", "2012-03-31": "872.35500", "2011-12-31": "829.98000", "2011-09-30": "734.21900", "2011-06-30": "878.86100", "2011-03-31": "856.73700", "2010-12-31": "793.93700", "2010-09-30": "763.61800", "2010-06-30": "771.78700", "2010-03-31": "686.76200", "2009-12-31": "613.10500", "2009-09-30": "605.05400", "2009-06-30": "546.98200", "2009-03-31": "602.82700", "2008-12-31": "679.63200", "2008-09-30": "775.58600", "2008-06-30": "950.33200", "2008-03-31": "983.89800", "2007-12-31": "940.89200", "2007-09-30": "959.82400", "2007-06-30": "1005.56200", "2007-03-31": "1029.53600", "2006-12-31": "1010.16900", "2006-09-30": "941.95700", "2006-06-30": "1002.48100", "2006-03-31": "937.10200", "2005-12-31": "859.72100", "2005-09-30": "856.39000", "2005-06-30": "936.68900", "2005-03-31": "977.08300"}, "Long Term Debt": {"2020-12-31": "3441.46500", "2020-09-30": "3420.40300", "2020-06-30": "3469.67000", "2020-03-31": "3443.93700", "2019-12-31": "3399.87700", "2019-09-30": "3174.13000", "2019-06-30": "3173.38300", "2019-03-31": "3172.64900", "2018-12-31": "1988.38200", "2018-09-30": "2237.89000", "2018-06-30": "2237.40200", "2018-03-31": "2461.91400", "2017-12-31": "2486.42600", "2017-09-30": "2524.84200", "2017-06-30": "2680.47400", "2017-03-31": "2704.85600", "2016-12-31": "2729.23900", "2016-09-30": "3018.56700", "2016-06-30": "3057.93600", "2016-03-31": "3097.30600", "2015-12-31": "3131.67600", "2015-09-30": "3151.04600", "2015-06-30": "3173.43500", "2015-03-31": "3199.29900", "2014-12-31": "3208.57100", "2014-09-30": "748.05400", "2014-06-30": "745.10100", "2014-03-31": "747.78300", "2013-12-31": "747.64700", "2013-09-30": "747.51100", "2013-06-30": "747.37600", "2013-03-31": "747.24000", "2012-12-31": "747.10400", "2012-09-30": "746.96800", "2012-06-30": "746.83300", "2012-03-31": "746.69700", "2011-12-31": "746.56100", "2011-09-30": "746.42500", "2011-06-30": "746.29000", "2011-03-31": "746.15400", "2010-12-31": "746.01800", "2010-09-30": "745.88200", "2010-06-30": "745.74700", "2010-03-31": "745.61100", "2009-12-31": "745.47500", "2009-09-30": "745.33900", "2009-06-30": "745.20400", "2009-03-31": "745.06800", "2008-12-31": "744.93200", "2008-09-30": "744.79600", "2008-06-30": "744.66100", "2008-03-31": "", "2007-12-31": "", "2007-09-30": "", "2007-06-30": "", "2007-03-31": "", "2006-12-31": "", "2006-09-30": "", "2006-06-30": "", "2006-03-31": "", "2005-12-31": "", "2005-09-30": "", "2005-06-30": "", "2005-03-31": ""}, "Other Non-Current Liabilities": {"2020-12-31": "667.96400", "2020-09-30": "646.69100", "2020-06-30": "672.28400", "2020-03-31": "675.94400", "2019-12-31": "663.73200", "2019-09-30": "643.03200", "2019-06-30": "587.89700", "2019-03-31": "575.59900", "2018-12-31": "446.27900", "2018-09-30": "447.98400", "2018-06-30": "493.24200", "2018-03-31": "494.75800", "2017-12-31": "460.74200", "2017-09-30": "175.10400", "2017-06-30": "172.40700", "2017-03-31": "160.57600", "2016-12-31": "149.76600", "2016-09-30": "161.00200", "2016-06-30": "156.62300", "2016-03-31": "159.46700", "2015-12-31": "167.52500", "2015-09-30": "165.62500", "2015-06-30": "182.23000", "2015-03-31": "179.86500", "2014-12-31": "179.41600", "2014-09-30": "162.95800", "2014-06-30": "168.28800", "2014-03-31": "95.26700", "2013-12-31": "98.60700", "2013-09-30": "95.27200", "2013-06-30": "96.11000", "2013-03-31": "148.52100", "2012-12-31": "147.04400", "2012-09-30": "143.28000", "2012-06-30": "121.03000", "2012-03-31": "120.47100", "2011-12-31": "119.09400", "2011-09-30": "111.22100", "2011-06-30": "154.57200", "2011-03-31": "138.37100", "2010-12-31": "133.88900", "2010-09-30": "130.98400", "2010-06-30": "122.55700", "2010-03-31": "116.97700", "2009-12-31": "115.63800", "2009-09-30": "113.64400", "2009-06-30": "132.96000", "2009-03-31": "111.12300", "2008-12-31": "135.17300", "2008-09-30": "177.17700", "2008-06-30": "171.66700", "2008-03-31": "96.13200", "2007-12-31": "121.87500", "2007-09-30": "123.10300", "2007-06-30": "67.64500", "2007-03-31": "", "2006-12-31": "", "2006-09-30": "", "2006-06-30": "", "2006-03-31": "", "2005-12-31": "", "2005-09-30": "", "2005-06-30": "", "2005-03-31": ""}, "Total Long Term Liabilities": {"2020-12-31": "4844.22600", "2020-09-30": "4808.92300", "2020-06-30": "4899.16400", "2020-03-31": "4867.47600", "2019-12-31": "4844.50700", "2019-09-30": "4606.33300", "2019-06-30": "4562.33700", "2019-03-31": "4601.16100", "2018-12-31": "2525.12700", "2018-09-30": "2766.81000", "2018-06-30": "2803.83800", "2018-03-31": "3027.60600", "2017-12-31": "3015.09500", "2017-09-30": "2760.40200", "2017-06-30": "2912.59400", "2017-03-31": "2927.94700", "2016-12-31": "2941.62400", "2016-09-30": "3239.84800", "2016-06-30": "3270.89500", "2016-03-31": "3307.83800", "2015-12-31": "3348.56100", "2015-09-30": "3361.64100", "2015-06-30": "3402.81000", "2015-03-31": "3431.66400", "2014-12-31": "3442.88700", "2014-09-30": "967.01500", "2014-06-30": "970.88900", "2014-03-31": "959.27600", "2013-12-31": "962.52800", "2013-09-30": "957.27890", "2013-06-30": "943.67300", "2013-03-31": "928.08200", "2012-12-31": "925.89000", "2012-09-30": "926.06300", "2012-06-30": "921.80600", "2012-03-31": "902.08400", "2011-12-31": "902.53590", "2011-09-30": "896.50300", "2011-06-30": "935.76700", "2011-03-31": "919.58900", "2010-12-31": "908.29000", "2010-09-30": "897.99010", "2010-06-30": "888.65800", "2010-03-31": "884.05900", "2009-12-31": "885.70200", "2009-09-30": "864.81990", "2009-06-30": "878.16400", "2009-03-31": "863.70700", "2008-12-31": "889.33000", "2008-09-30": "946.06000", "2008-06-30": "916.32800", "2008-03-31": "138.01700", "2007-12-31": "169.15400", "2007-09-30": "174.76800", "2007-06-30": "67.64500", "2007-03-31": "", "2006-12-31": "3.01000", "2006-09-30": "4.08600", "2006-06-30": "5.43900", "2006-03-31": "11.06900", "2005-12-31": "8.83100", "2005-09-30": "10.08600", "2005-06-30": "7.24400", "2005-03-31": "7.67600"}, "Total Liabilities": {"2020-12-31": "6864.33800", "2020-09-30": "6557.75100", "2020-06-30": "6598.95000", "2020-03-31": "6520.75000", "2019-12-31": "6562.75000", "2019-09-30": "6549.78000", "2019-06-30": "6330.82300", "2019-03-31": "6302.01700", "2018-12-31": "4007.66500", "2018-09-30": "4077.74000", "2018-06-30": "4018.10800", "2018-03-31": "4228.04100", "2017-12-31": "4181.64300", "2017-09-30": "4226.44200", "2017-06-30": "4205.75600", "2017-03-31": "4177.13300", "2016-12-31": "4129.36000", "2016-09-30": "4214.58900", "2016-06-30": "4273.31800", "2016-03-31": "4305.53000", "2015-12-31": "4206.89100", "2015-09-30": "4276.88200", "2015-06-30": "4404.57300", "2015-03-31": "4408.27900", "2014-12-31": "4385.22700", "2014-09-30": "1771.85200", "2014-06-30": "1866.50000", "2014-03-31": "1846.92300", "2013-12-31": "1890.52700", "2013-09-30": "1792.38900", "2013-06-30": "1805.20500", "2013-03-31": "1748.09000", "2012-12-31": "1707.62700", "2012-09-30": "1713.16400", "2012-06-30": "1784.71300", "2012-03-31": "1774.43900", "2011-12-31": "1732.51600", "2011-09-30": "1630.72200", "2011-06-30": "1814.62800", "2011-03-31": "1776.32600", "2010-12-31": "1702.22700", "2010-09-30": "1661.60800", "2010-06-30": "1660.44500", "2010-03-31": "1570.82100", "2009-12-31": "1498.80700", "2009-09-30": "1469.87400", "2009-06-30": "1425.14600", "2009-03-31": "1466.53400", "2008-12-31": "1568.96200", "2008-09-30": "1721.64600", "2008-06-30": "1866.66000", "2008-03-31": "1121.91500", "2007-12-31": "1110.04600", "2007-09-30": "1134.59200", "2007-06-30": "1073.20700", "2007-03-31": "1029.53600", "2006-12-31": "1013.17900", "2006-09-30": "946.04300", "2006-06-30": "1007.92000", "2006-03-31": "948.17100", "2005-12-31": "868.55200", "2005-09-30": "866.47600", "2005-06-30": "943.93300", "2005-03-31": "984.75900"}, "Common Stock Net": {"2020-12-31": "2104.19000", "2020-09-30": "2072.71500", "2020-06-30": "2090.26800", "2020-03-31": "2019.07100", "2019-12-31": "2017.52100", "2019-09-30": "1999.84500", "2019-06-30": "0.15900", "2019-03-31": "1989.91400", "2018-12-31": "619.26500", "2018-09-30": "596.16600", "2018-06-30": "0.15600", "2018-03-31": "561.67700", "2017-12-31": "548.69100", "2017-09-30": "518.22300", "2017-06-30": "0.15700", "2017-03-31": "493.89900", "2016-12-31": "483.07700", "2016-09-30": "447.01800", "2016-06-30": "0.15600", "2016-03-31": "424.47400", "2015-12-31": "416.14400", "2015-09-30": "385.63300", "2015-06-30": "0.15800", "2015-03-31": "534.33000", "2014-12-31": "613.12200", "2014-09-30": "1235.98600", "2014-06-30": "0.16500", "2014-03-31": "1206.37700", "2013-12-31": "1193.65400", "2013-09-30": "1178.78400", "2013-06-30": "0.16500", "2013-03-31": "1141.95900", "2012-12-31": "1123.42200", "2012-09-30": "1108.46500", "2012-06-30": "0.16700", "2012-03-31": "1091.50400", "2011-12-31": "1050.78800", "2011-09-30": "1031.15700", "2011-06-30": "0.16700", "2011-03-31": "1006.94900", "2010-12-31": "972.87000", "2010-09-30": "953.43700", "2010-06-30": "0.16800", "2010-03-31": "898.15500", "2009-12-31": "886.86000", "2009-09-30": "855.83000", "2009-06-30": "0.17100", "2009-03-31": "809.22200", "2008-12-31": "786.46400", "2008-09-30": "763.92500", "2008-06-30": "0.17400", "2008-03-31": "700.02800", "2007-12-31": "674.70300", "2007-09-30": "651.72000", "2007-06-30": "0.19100", "2007-03-31": "844.89100", "2006-12-31": "1492.69600", "2006-09-30": "1476.48300", "2006-06-30": "0.19900", "2006-03-31": "1142.01500", "2005-12-31": "1098.26300", "2005-09-30": "1030.41500", "2005-06-30": "0.19600", "2005-03-31": "964.23700"}, "Retained Earnings (Accumulated Deficit)": {"2020-12-31": "903.69600", "2020-09-30": "753.91500", "2020-06-30": "654.93000", "2020-03-31": "376.65600", "2019-12-31": "719.00100", "2019-09-30": "733.17300", "2019-06-30": "714.82500", "2019-03-31": "928.08600", "2018-12-31": "1048.80400", "2018-09-30": "1027.37000", "2018-06-30": "1056.44500", "2018-03-31": "862.74300", "2017-12-31": "729.45600", "2017-09-30": "996.51400", "2017-06-30": "848.45700", "2017-03-31": "702.29700", "2016-12-31": "534.17500", "2016-09-30": "381.12400", "2016-06-30": "284.82500", "2016-03-31": "95.12100", "2015-12-31": "", "2015-09-30": "-45.05500", "2015-06-30": "-12.36200", "2015-03-31": "-2.58200", "2014-12-31": "24.77000", "2014-09-30": "2329.93600", "2014-06-30": "2479.11300", "2014-03-31": "2464.90100", "2013-12-31": "2386.80100", "2013-09-30": "2344.27000", "2013-06-30": "2359.23300", "2013-03-31": "2329.25100", "2012-12-31": "2252.77200", "2012-09-30": "2256.95800", "2012-06-30": "2247.25800", "2012-03-31": "2075.21800", "2011-12-31": "1928.39600", "2011-09-30": "1910.40300", "2011-06-30": "1852.63300", "2011-03-31": "1674.58900", "2010-12-31": "1506.74700", "2010-09-30": "1402.93100", "2010-06-30": "1356.45400", "2010-03-31": "1339.01000", "2009-12-31": "1357.04900", "2009-09-30": "1360.94100", "2009-06-30": "1370.13200", "2009-03-31": "1421.99900", "2008-12-31": "1532.41700", "2008-09-30": "2012.83800", "2008-06-30": "2204.41700", "2008-03-31": "2257.04900", "2007-12-31": "2340.55700", "2007-09-30": "2385.94900", "2007-06-30": "2570.75100", "2007-03-31": "2446.44600", "2006-12-31": "2315.55400", "2006-09-30": "2249.47200", "2006-06-30": "2137.71000", "2006-03-31": "2263.64700", "2005-12-31": "2189.51500", "2005-09-30": "2136.60700", "2005-06-30": "1852.60600", "2005-03-31": "2002.23200"}, "Comprehensive Income": {"2020-12-31": "-72.70400", "2020-09-30": "-79.44600", "2020-06-30": "-79.77400", "2020-03-31": "-88.29400", "2019-12-31": "-66.75800", "2019-09-30": "-71.85500", "2019-06-30": "-73.02900", "2019-03-31": "-68.90700", "2018-12-31": "-70.44700", "2018-09-30": "-56.16700", "2018-06-30": "-53.93300", "2018-03-31": "-54.27700", "2017-12-31": "-52.52200", "2017-09-30": "-50.78100", "2017-06-30": "-51.32300", "2017-03-31": "-48.88400", "2016-12-31": "-52.15600", "2016-09-30": "-46.63300", "2016-06-30": "-48.68500", "2016-03-31": "-43.02300", "2015-12-31": "-50.51900", "2015-09-30": "-46.13700", "2015-06-30": "-40.57300", "2015-03-31": "-37.80700", "2014-12-31": "-35.75300", "2014-09-30": "-36.20200", "2014-06-30": "-30.27100", "2014-03-31": "-31.35000", "2013-12-31": "-30.24800", "2013-09-30": "-31.89100", "2013-06-30": "-36.64600", "2013-03-31": "-24.82700", "2012-12-31": "-15.05800", "2012-09-30": "-13.11100", "2012-06-30": "-21.14300", "2012-03-31": "-7.95700", "2011-12-31": "-10.71200", "2011-09-30": "-6.96500", "2011-06-30": "-2.39900", "2011-03-31": "-8.52100", "2010-12-31": "-13.38300", "2010-09-30": "-15.11100", "2010-06-30": "-31.30300", "2010-03-31": "-18.14100", "2009-12-31": "-16.97500", "2009-09-30": "-10.37500", "2009-06-30": "-21.21700", "2009-03-31": "-61.38900", "2008-12-31": "-31.75000", "2008-09-30": "-16.16200", "2008-06-30": "47.68400", "2008-03-31": "32.01300", "2007-12-31": "28.51900", "2007-09-30": "19.83900", "2007-06-30": "11.40500", "2007-03-31": "19.92000", "2006-12-31": "21.29900", "2006-09-30": "19.18500", "2006-06-30": "8.90800", "2006-03-31": "7.48500", "2005-12-31": "8.20600", "2005-09-30": "11.85500", "2005-06-30": "16.27300", "2005-03-31": "18.25200"}, "Other Share Holders Equity": {"2020-12-31": "", "2020-09-30": "", "2020-06-30": "", "2020-03-31": "", "2019-12-31": "", "2019-09-30": "", "2019-06-30": "", "2019-03-31": "", "2018-12-31": "", "2018-09-30": "", "2018-06-30": "", "2018-03-31": "", "2017-12-31": "", "2017-09-30": "", "2017-06-30": "", "2017-03-31": "", "2016-12-31": "", "2016-09-30": "", "2016-06-30": "", "2016-03-31": "", "2015-12-31": "", "2015-09-30": "", "2015-06-30": "", "2015-03-31": "", "2014-12-31": "", "2014-09-30": "", "2014-06-30": "", "2014-03-31": "", "2013-12-31": "", "2013-09-30": "", "2013-06-30": "", "2013-03-31": "", "2012-12-31": "", "2012-09-30": "", "2012-06-30": "", "2012-03-31": "", "2011-12-31": "", "2011-09-30": "", "2011-06-30": "", "2011-03-31": "", "2010-12-31": "", "2010-09-30": "", "2010-06-30": "", "2010-03-31": "", "2009-12-31": "", "2009-09-30": "", "2009-06-30": "", "2009-03-31": "", "2008-12-31": "", "2008-09-30": "", "2008-06-30": "", "2008-03-31": "", "2007-12-31": "", "2007-09-30": "", "2007-06-30": "", "2007-03-31": "", "2006-12-31": "", "2006-09-30": "", "2006-06-30": "", "2006-03-31": "", "2005-12-31": "", "2005-09-30": "", "2005-06-30": "", "2005-03-31": ""}, "Share Holder Equity": {"2020-12-31": "2950.30600", "2020-09-30": "2762.34500", "2020-06-30": "2681.01000", "2020-03-31": "2325.19600", "2019-12-31": "2687.97000", "2019-09-30": "2679.61900", "2019-06-30": "2677.69300", "2019-03-31": "2885.58800", "2018-12-31": "1597.62200", "2018-09-30": "1567.36900", "2018-06-30": "1620.51100", "2018-03-31": "1370.14300", "2017-12-31": "1225.62500", "2017-09-30": "1463.95600", "2017-06-30": "1326.41700", "2017-03-31": "1147.31200", "2016-12-31": "965.09600", "2016-09-30": "781.50900", "2016-06-30": "689.11400", "2016-03-31": "476.57200", "2015-12-31": "365.62500", "2015-09-30": "294.44100", "2015-06-30": "421.43900", "2015-03-31": "493.94100", "2014-12-31": "602.13900", "2014-09-30": "3529.72000", "2014-06-30": "3669.34600", "2014-03-31": "3639.92800", "2013-12-31": "3550.20700", "2013-09-30": "3491.16300", "2013-06-30": "3482.15200", "2013-03-31": "3446.38300", "2012-12-31": "3361.13600", "2012-09-30": "3352.31200", "2012-06-30": "3315.59500", "2012-03-31": "3158.76500", "2011-12-31": "2968.47200", "2011-09-30": "2934.59500", "2011-06-30": "2860.89300", "2011-03-31": "2673.01700", "2010-12-31": "2466.23400", "2010-09-30": "2341.25700", "2010-06-30": "2246.61100", "2010-03-31": "2219.02400", "2009-12-31": "2226.93400", "2009-09-30": "2206.39600", "2009-06-30": "2184.39200", "2009-03-31": "2169.83200", "2008-12-31": "2287.13100", "2008-09-30": "2760.60100", "2008-06-30": "2981.73000", "2008-03-31": "2989.09000", "2007-12-31": "3043.77900", "2007-09-30": "3057.50800", "2007-06-30": "3550.04200", "2007-03-31": "3311.25700", "2006-12-31": "3829.54900", "2006-09-30": "3745.14000", "2006-06-30": "3567.99100", "2006-03-31": "3413.14700", "2005-12-31": "3295.98400", "2005-09-30": "3164.12200", "2005-06-30": "3096.67000", "2005-03-31": "2974.87800"}, "Total Liabilities And Share Holders Equity": {"2020-12-31": "9814.64400", "2020-09-30": "9320.09600", "2020-06-30": "9279.96000", "2020-03-31": "8845.94600", "2019-12-31": "9250.72000", "2019-09-30": "9229.39900", "2019-06-30": "9008.51600", "2019-03-31": "9187.60500", "2018-12-31": "5605.28700", "2018-09-30": "5645.10900", "2018-06-30": "5638.61900", "2018-03-31": "5598.18400", "2017-12-31": "5407.26800", "2017-09-30": "5690.39800", "2017-06-30": "5532.17300", "2017-03-31": "5324.44500", "2016-12-31": "5094.45600", "2016-09-30": "4996.09800", "2016-06-30": "4962.43200", "2016-03-31": "4782.10200", "2015-12-31": "4572.51600", "2015-09-30": "4571.32300", "2015-06-30": "4826.01200", "2015-03-31": "4902.22000", "2014-12-31": "4987.36600", "2014-09-30": "5301.57200", "2014-06-30": "5535.84600", "2014-03-31": "5486.85100", "2013-12-31": "5440.73400", "2013-09-30": "5283.55200", "2013-06-30": "5287.35700", "2013-03-31": "5194.47300", "2012-12-31": "5068.76300", "2012-09-30": "5065.47600", "2012-06-30": "5100.30800", "2012-03-31": "4933.20400", "2011-12-31": "4700.98800", "2011-09-30": "4565.31700", "2011-06-30": "4675.52100", "2011-03-31": "4449.34300", "2010-12-31": "4168.46100", "2010-09-30": "4002.86500", "2010-06-30": "3907.05600", "2010-03-31": "3789.84500", "2009-12-31": "3725.74100", "2009-09-30": "3676.27000", "2009-06-30": "3609.53800", "2009-03-31": "3636.36600", "2008-12-31": "3856.09300", "2008-09-30": "4482.24700", "2008-06-30": "4848.39000", "2008-03-31": "4111.00500", "2007-12-31": "4153.82500", "2007-09-30": "4192.10000", "2007-06-30": "4623.24900", "2007-03-31": "4340.79300", "2006-12-31": "4842.72800", "2006-09-30": "4691.18300", "2006-06-30": "4575.91100", "2006-03-31": "4361.31800", "2005-12-31": "4164.53600", "2005-09-30": "4030.59800", "2005-06-30": "4040.60300", "2005-03-31": "3959.63700"}}, "cash flow statement": {"Net Income/Loss": {"2020-06-30": "1215.02500", "2019-06-30": "1175.01700", "2018-06-30": "802.26500", "2017-06-30": "926.07600", "2016-06-30": "704.42200", "2015-06-30": "366.15800", "2014-06-30": "582.75500", "2013-06-30": "543.14900", "2012-06-30": "756.01500", "2011-06-30": "794.48800", "2010-06-30": "212.30000", "2009-06-30": "-523.36800", "2008-06-30": "359.08300", "2007-06-30": "528.09800", "2006-06-30": "380.45200", "2005-06-30": "445.04900"}, "Total Depreciation And Amortization - Cash Flow": {"2020-06-30": "604.69800", "2019-06-30": "233.22400", "2018-06-30": "62.68400", "2017-06-30": "57.83600", "2016-06-30": "66.93200", "2015-06-30": "80.53600", "2014-06-30": "83.07200", "2013-06-30": "87.53400", "2012-06-30": "92.13300", "2011-06-30": "86.04400", "2010-06-30": "102.49700", "2009-06-30": "588.46800", "2008-06-30": "140.06100", "2007-06-30": "176.84000", "2006-06-30": "69.43600", "2005-06-30": "70.15300"}, "Other Non-Cash Items": {"2020-06-30": "68.01000", "2019-06-30": "70.73400", "2018-06-30": "171.43000", "2017-06-30": "50.77700", "2016-06-30": "48.42700", "2015-06-30": "147.33000", "2014-06-30": "53.01600", "2013-06-30": "58.29800", "2012-06-30": "274.48800", "2011-06-30": "152.81200", "2010-06-30": "50.03500", "2009-06-30": "165.50400", "2008-06-30": "97.70600", "2007-06-30": "78.84300", "2006-06-30": "51.88500", "2005-06-30": "-1.53500"}, "Total Non-Cash Items": {"2020-06-30": "672.70800", "2019-06-30": "303.95800", "2018-06-30": "234.11400", "2017-06-30": "108.61300", "2016-06-30": "115.35900", "2015-06-30": "227.86600", "2014-06-30": "136.08800", "2013-06-30": "145.83200", "2012-06-30": "366.62100", "2011-06-30": "238.85600", "2010-06-30": "152.53200", "2009-06-30": "753.97210", "2008-06-30": "237.76700", "2007-06-30": "255.68300", "2006-06-30": "121.32100", "2005-06-30": "68.61800"}, "Change In Accounts Receivable": {"2020-06-30": "-118.36200", "2019-06-30": "-146.15100", "2018-06-30": "-76.03300", "2017-06-30": "39.75000", "2016-06-30": "-8.29200", "2015-06-30": "-118.52000", "2014-06-30": "32.59100", "2013-06-30": "159.24500", "2012-06-30": "-113.92200", "2011-06-30": "-128.21900", "2010-06-30": "-220.85700", "2009-06-30": "277.33100", "2008-06-30": "149.30900", "2007-06-30": "-107.34500", "2006-06-30": "-114.92800", "2005-06-30": "36.64500"}, "Change In Inventories": {"2020-06-30": "-74.81700", "2019-06-30": "-59.56100", "2018-06-30": "-179.60500", "2017-06-30": "-46.54900", "2016-06-30": "-67.57900", "2015-06-30": "27.50000", "2014-06-30": "-26.17300", "2013-06-30": "14.78700", "2012-06-30": "-93.14500", "2011-06-30": "-170.14100", "2010-06-30": "-27.71500", "2009-06-30": "120.24900", "2008-06-30": "100.16800", "2007-06-30": "9.01500", "2006-06-30": "-87.67600", "2005-06-30": "-18.29500"}, "Change In Accounts Payable": {"2020-06-30": "61.14400", "2019-06-30": "-21.62700", "2018-06-30": "21.77800", "2017-06-30": "39.96800", "2016-06-30": "3.10900", "2015-06-30": "0.84800", "2014-06-30": "-12.33300", "2013-06-30": "-22.81200", "2012-06-30": "-3.73200", "2011-06-30": "34.25900", "2010-06-30": "44.38100", "2009-06-30": "-46.79600", "2008-06-30": "7.16200", "2007-06-30": "-45.56200", "2006-06-30": "27.05300", "2005-06-30": "2.75100"}, "Change In Assets/Liabilities": {"2020-06-30": "44.67000", "2019-06-30": "-99.00400", "2018-06-30": "426.60100", "2017-06-30": "11.80700", "2016-06-30": "12.67700", "2015-06-30": "102.05400", "2014-06-30": "65.95800", "2013-06-30": "72.98700", "2012-06-30": "29.78000", "2011-06-30": "53.92300", "2010-06-30": "287.15900", "2009-06-30": "-385.70400", "2008-06-30": "-190.87800", "2007-06-30": "-41.83900", "2006-06-30": "-11.05300", "2005-06-30": "-28.03300"}, "Total Change In Assets/Liabilities": {"2020-06-30": "-87.36500", "2019-06-30": "-326.34300", "2018-06-30": "192.74100", "2017-06-30": "44.97600", "2016-06-30": "-60.08500", "2015-06-30": "11.88200", "2014-06-30": "60.04300", "2013-06-30": "224.20700", "2012-06-30": "-181.01900", "2011-06-30": "-210.17800", "2010-06-30": "82.96800", "2009-06-30": "-34.92000", "2008-06-30": "65.76100", "2007-06-30": "-185.73100", "2006-06-30": "-186.60400", "2005-06-30": "-6.93200"}, "Cash Flow From Operating Activities": {"2020-06-30": "1778.85000", "2019-06-30": "1152.63200", "2018-06-30": "1229.12000", "2017-06-30": "1079.66500", "2016-06-30": "759.69600", "2015-06-30": "605.90600", "2014-06-30": "778.88600", "2013-06-30": "913.18800", "2012-06-30": "941.61700", "2011-06-30": "823.16600", "2010-06-30": "447.80000", "2009-06-30": "195.68400", "2008-06-30": "662.61100", "2007-06-30": "598.05000", "2006-06-30": "315.16900", "2005-06-30": "506.73500"}, "Net Change In Property, Plant, And Equipment": {"2020-06-30": "-152.67500", "2019-06-30": "-130.49800", "2018-06-30": "-66.94700", "2017-06-30": "-35.64700", "2016-06-30": "-24.66500", "2015-06-30": "-45.79100", "2014-06-30": "-63.66600", "2013-06-30": "-72.73500", "2012-06-30": "-55.36800", "2011-06-30": "-32.96600", "2010-06-30": "-24.32400", "2009-06-30": "-0.41200", "2008-06-30": "11.46400", "2007-06-30": "-83.78200", "2006-06-30": "-73.81000", "2005-06-30": "-59.67500"}, "Net Change In Intangible Assets": {"2020-06-30": "", "2019-06-30": "", "2018-06-30": "", "2017-06-30": "", "2016-06-30": "", "2015-06-30": "", "2014-06-30": "", "2013-06-30": "", "2012-06-30": "", "2011-06-30": "", "2010-06-30": "", "2009-06-30": "", "2008-06-30": "", "2007-06-30": "", "2006-06-30": "", "2005-06-30": ""}, "Net Acquisitions/Divestitures": {"2020-06-30": "-90.14300", "2019-06-30": "-1818.28300", "2018-06-30": "-17.40300", "2017-06-30": "-28.56000", "2016-06-30": "", "2015-06-30": "", "2014-06-30": "-18.00000", "2013-06-30": "", "2012-06-30": "", "2011-06-30": "", "2010-06-30": "-1.50000", "2009-06-30": "-141.39900", "2008-06-30": "-494.03600", "2007-06-30": "-521.69300", "2006-06-30": "-7.66400", "2005-06-30": "-44.62800"}, "Net Change In Short-term Investments": {"2020-06-30": "6.52500", "2019-06-30": "4.24300", "2018-06-30": "3.97000", "2017-06-30": "-0.43200", "2016-06-30": "4.80900", "2015-06-30": "3.05900", "2014-06-30": "1.73700", "2013-06-30": "1.66100", "2012-06-30": "2.23600", "2011-06-30": "20.18500", "2010-06-30": "23.30200", "2009-06-30": "12.52500", "2008-06-30": "5.56400", "2007-06-30": "12.63600", "2006-06-30": "", "2005-06-30": ""}, "Net Change In Long-Term Investments": {"2020-06-30": "-22.58100", "2019-06-30": "763.55600", "2018-06-30": "371.99800", "2017-06-30": "-496.24710", "2016-06-30": "164.54310", "2015-06-30": "960.95290", "2014-06-30": "-596.17990", "2013-06-30": "-170.37300", "2012-06-30": "-475.75900", "2011-06-30": "-346.72890", "2010-06-30": "-225.44200", "2009-06-30": "-355.61400", "2008-06-30": "535.07100", "2007-06-30": "206.20700", "2006-06-30": "306.54390", "2005-06-30": "-20.29490"}, "Net Change In Investments - Total": {"2020-06-30": "-16.05600", "2019-06-30": "767.79900", "2018-06-30": "375.96800", "2017-06-30": "-496.67910", "2016-06-30": "169.35210", "2015-06-30": "964.01190", "2014-06-30": "-594.44290", "2013-06-30": "-168.71210", "2012-06-30": "-473.52300", "2011-06-30": "-326.54390", "2010-06-30": "-202.14000", "2009-06-30": "-343.08900", "2008-06-30": "540.63510", "2007-06-30": "218.84300", "2006-06-30": "306.54390", "2005-06-30": "-20.29490"}, "Investing Activities - Other": {"2020-06-30": "", "2019-06-30": "", "2018-06-30": "", "2017-06-30": "", "2016-06-30": "", "2015-06-30": "", "2014-06-30": "", "2013-06-30": "", "2012-06-30": "", "2011-06-30": "", "2010-06-30": "", "2009-06-30": "", "2008-06-30": "", "2007-06-30": "", "2006-06-30": "", "2005-06-30": ""}, "Cash Flow From Investing Activities": {"2020-06-30": "-258.87400", "2019-06-30": "-1180.98200", "2018-06-30": "291.61800", "2017-06-30": "-560.88600", "2016-06-30": "144.68700", "2015-06-30": "918.22100", "2014-06-30": "-676.10900", "2013-06-30": "-241.44700", "2012-06-30": "-528.89100", "2011-06-30": "-359.51000", "2010-06-30": "-227.96400", "2009-06-30": "-484.90000", "2008-06-30": "58.06300", "2007-06-30": "-386.63200", "2006-06-30": "225.07000", "2005-06-30": "-124.59800"}, "Net Long-Term Debt": {"2020-06-30": "20.79910", "2019-06-30": "1181.31100", "2018-06-30": "-697.55700", "2017-06-30": "-130.00000", "2016-06-30": "-135.00000", "2015-06-30": "2308.78900", "2014-06-30": "", "2013-06-30": "", "2012-06-30": "", "2011-06-30": "", "2010-06-30": "", "2009-06-30": "", "2008-06-30": "744.57000", "2007-06-30": "", "2006-06-30": "", "2005-06-30": ""}, "Net Current Debt": {"2020-06-30": "", "2019-06-30": "", "2018-06-30": "", "2017-06-30": "", "2016-06-30": "", "2015-06-30": "", "2014-06-30": "", "2013-06-30": "", "2012-06-30": "", "2011-06-30": "", "2010-06-30": "", "2009-06-30": "", "2008-06-30": "", "2007-06-30": "", "2006-06-30": "", "2005-06-30": ""}, "Debt Issuance/Retirement Net - Total": {"2020-06-30": "20.79910", "2019-06-30": "1181.31100", "2018-06-30": "-697.55700", "2017-06-30": "-130.00000", "2016-06-30": "-135.00000", "2015-06-30": "2308.78900", "2014-06-30": "", "2013-06-30": "", "2012-06-30": "", "2011-06-30": "", "2010-06-30": "", "2009-06-30": "", "2008-06-30": "744.57000", "2007-06-30": "", "2006-06-30": "", "2005-06-30": ""}, "Net Common Equity Issued/Repurchased": {"2020-06-30": "-753.45000", "2019-06-30": "-1030.37400", "2018-06-30": "-141.72500", "2017-06-30": "20.35700", "2016-06-30": "-143.41300", "2015-06-30": "-555.88000", "2014-06-30": "-128.62200", "2013-06-30": "-147.13300", "2012-06-30": "-100.29500", "2011-06-30": "-110.27100", "2010-06-30": "-100.40800", "2009-06-30": "-186.40700", "2008-06-30": "-955.53500", "2007-06-30": "-545.21600", "2006-06-30": "-8.76400", "2005-06-30": "-70.05600"}, "Net Total Equity Issued/Repurchased": {"2020-06-30": "-753.45000", "2019-06-30": "-1030.37400", "2018-06-30": "-141.72500", "2017-06-30": "20.35700", "2016-06-30": "-143.41300", "2015-06-30": "-555.88000", "2014-06-30": "-128.62200", "2013-06-30": "-147.13300", "2012-06-30": "-100.29500", "2011-06-30": "-110.27100", "2010-06-30": "-100.40800", "2009-06-30": "-186.40700", "2008-06-30": "-955.53500", "2007-06-30": "-545.21600", "2006-06-30": "-8.76400", "2005-06-30": "-70.05600"}, "Total Common And Preferred Stock Dividends Paid": {"2020-06-30": "-522.42100", "2019-06-30": "-472.26300", "2018-06-30": "-402.06500", "2017-06-30": "-343.99300", "2016-06-30": "-346.28300", "2015-06-30": "-3041.05500", "2014-06-30": "-298.87100", "2013-06-30": "-265.89300", "2012-06-30": "-233.56100", "2011-06-30": "-167.39800", "2010-06-30": "-102.40900", "2009-06-30": "-102.14900", "2008-06-30": "-108.52100", "2007-06-30": "-95.05700", "2006-06-30": "-95.34800", "2005-06-30": "-23.64400"}, "Financial Activities - Other": {"2020-06-30": "-44.56300", "2019-06-30": "-38.67900", "2018-06-30": "-28.75600", "2017-06-30": "-19.16900", "2016-06-30": "-12.00600", "2015-06-30": "-14.82600", "2014-06-30": "-31.39400", "2013-06-30": "-15.48400", "2012-06-30": "-30.24700", "2011-06-30": "-22.48600", "2010-06-30": "-13.51400", "2009-06-30": "-10.56100", "2008-06-30": "0.54800", "2007-06-30": "7.04600", "2006-06-30": "19.15300", "2005-06-30": "12.63100"}, "Cash Flow From Financial Activities": {"2020-06-30": "-1299.63500", "2019-06-30": "-360.00500", "2018-06-30": "-1270.10300", "2017-06-30": "-472.80500", "2016-06-30": "-636.70200", "2015-06-30": "-1302.97200", "2014-06-30": "-458.88700", "2013-06-30": "-428.51000", "2012-06-30": "-364.10300", "2011-06-30": "-300.15500", "2010-06-30": "-216.33100", "2009-06-30": "-299.11700", "2008-06-30": "-318.93800", "2007-06-30": "-633.22700", "2006-06-30": "-84.95900", "2005-06-30": "-81.06900"}, "Net Cash Flow": {"2020-06-30": "218.41500", "2019-06-30": "-388.38800", "2018-06-30": "251.33100", "2017-06-30": "44.56300", "2016-06-30": "270.46300", "2015-06-30": "207.16400", "2014-06-30": "-354.52900", "2013-06-30": "234.09600", "2012-06-30": "39.96500", "2011-06-30": "181.41100", "2010-06-30": "4.95100", "2009-06-30": "-603.13900", "2008-06-30": "405.59500", "2007-06-30": "-406.68000", "2006-06-30": "466.02800", "2005-06-30": "309.28100"}, "Stock-Based Compensation": {"2020-06-30": "111.38100", "2019-06-30": "94.19400", "2018-06-30": "62.78400", "2017-06-30": "50.94300", "2016-06-30": "45.05000", "2015-06-30": "55.30200", "2014-06-30": "60.94000", "2013-06-30": "70.08400", "2012-06-30": "78.83500", "2011-06-30": "81.43000", "2010-06-30": "85.98200", "2009-06-30": "105.53500", "2008-06-30": "106.46800", "2007-06-30": "99.63500", "2006-06-30": "164.74200", "2005-06-30": "37.00200"}, "Common Stock Dividends Paid": {"2020-06-30": "-522.42100", "2019-06-30": "-472.26300", "2018-06-30": "-402.06500", "2017-06-30": "-343.99300", "2016-06-30": "-346.28300", "2015-06-30": "-3041.05500", "2014-06-30": "-298.87100", "2013-06-30": "-265.89300", "2012-06-30": "-233.56100", "2011-06-30": "-167.39800", "2010-06-30": "-102.40900", "2009-06-30": "-102.14900", "2008-06-30": "-108.52100", "2007-06-30": "-95.05700", "2006-06-30": "-95.34800", "2005-06-30": "-23.64400"}}, "cash flow statement, quarterly": {"Net Income/Loss": {"2020-12-31": 456.983, "2020-09-30": "420.14200", "2020-06-30": 410.315, "2020-03-31": 78.009, "2019-12-31": 380.305, "2019-09-30": "346.39600", "2019-06-30": 217.328, "2019-03-31": 192.645, "2018-12-31": 369.1, "2018-09-30": "395.94400", "2018-06-30": 348.767, "2018-03-31": 306.881, "2017-12-31": -134.319, "2017-09-30": "280.93600", "2017-06-30": 256.162, "2017-03-31": 253.562, "2016-12-31": 238.251, "2016-09-30": "178.10100", "2016-06-30": 271.541, "2016-03-31": 175.777, "2015-12-31": 152.207, "2015-09-30": "104.89700", "2015-06-30": 142.019, "2015-03-31": 131.638, "2014-12-31": 20.268, "2014-09-30": "72.23300", "2014-06-30": 128.731, "2014-03-31": 203.581, "2013-12-31": 139.246, "2013-09-30": "111.19700", "2013-06-30": 134.77, "2013-03-31": 166.382, "2012-12-31": 106.63, "2012-09-30": "135.36700", "2012-06-30": 247.877, "2012-03-31": 205.346, "2011-12-31": 110.797, "2011-09-30": "191.99500", "2011-06-30": 245.017, "2011-03-31": 209.783, "2010-12-31": 185.492, "2010-09-30": "154.19600", "2010-06-30": 113.085, "2010-03-31": 57.016, "2009-12-31": 21.794, "2009-09-30": "20.40500", "2009-06-30": -25.576, "2009-03-31": -82.827, "2008-12-31": -434.254, "2008-09-30": "19.28900", "2008-06-30": 76.01, "2008-03-31": 110.98, "2007-12-31": 83.935, "2007-09-30": "88.15800", "2007-06-30": 147.342, "2007-03-31": 154.785, "2006-12-31": 90.049, "2006-09-30": "135.92200", "2006-06-30": 131.676, "2006-03-31": 96.684, "2005-12-31": 76.605, "2005-09-30": "75.48700", "2005-06-30": 83.404, "2005-03-31": 361.645}, "Total Depreciation And Amortization - Cash Flow": {"2020-12-31": 84.257, "2020-09-30": "80.06600", "2020-06-30": 78.937, "2020-03-31": 338.639, "2019-12-31": 88.534, "2019-09-30": "98.58800", "2019-06-30": 127.886, "2019-03-31": 73.445, "2018-12-31": 15.806, "2018-09-30": "16.08700", "2018-06-30": 14.989, "2018-03-31": 16.283, "2017-12-31": 16.13, "2017-09-30": "15.28200", "2017-06-30": 14.324, "2017-03-31": 14.198, "2016-12-31": 14.892, "2016-09-30": "14.42200", "2016-06-30": 14.888, "2016-03-31": 15.78, "2015-12-31": 16.529, "2015-09-30": "19.73500", "2015-06-30": 19.966, "2015-03-31": 20.51, "2014-12-31": 18.901, "2014-09-30": "21.15900", "2014-06-30": 22.01, "2014-03-31": 19.24, "2013-12-31": 21.185, "2013-09-30": "20.63700", "2013-06-30": 19.098, "2013-03-31": 22.495, "2012-12-31": 20.598, "2012-09-30": "25.34300", "2012-06-30": 23.282, "2012-03-31": 21.022, "2011-12-31": 24.645, "2011-09-30": "23.18400", "2011-06-30": 22.533, "2011-03-31": 14.275, "2010-12-31": 28.453, "2010-09-30": "20.78300", "2010-06-30": 34.703, "2010-03-31": 21.42, "2009-12-31": 23.24, "2009-09-30": "23.13400", "2009-06-30": 26.37, "2009-03-31": 34.553, "2008-12-31": 472.479, "2008-09-30": "55.06600", "2008-06-30": 60.154, "2008-03-31": 26.61, "2007-12-31": 28.345, "2007-09-30": "24.95200", "2007-06-30": 103.688, "2007-03-31": 29.305, "2006-12-31": 29.049, "2006-09-30": "14.79800", "2006-06-30": 17.241, "2006-03-31": 16.629, "2005-12-31": 17.752, "2005-09-30": "17.81400", "2005-06-30": 16.755, "2005-03-31": 53.398}, "Other Non-Cash Items": {"2020-12-31": 21.164, "2020-09-30": "14.95000", "2020-06-30": -40.925, "2020-03-31": 47.858, "2019-12-31": 21.339, "2019-09-30": "39.73800", "2019-06-30": -0.155, "2019-03-31": 34.266, "2018-12-31": 16.59, "2018-09-30": "20.03300", "2018-06-30": 128.671, "2018-03-31": 15.872, "2017-12-31": 9.585, "2017-09-30": "17.30200", "2017-06-30": 14.793, "2017-03-31": 12.589, "2016-12-31": 11.763, "2016-09-30": "11.63200", "2016-06-30": 25.895, "2016-03-31": 11.4, "2015-12-31": 10.276, "2015-09-30": "0.85600", "2015-06-30": -11.973, "2015-03-31": 14.007, "2014-12-31": 145.671, "2014-09-30": "-0.37500", "2014-06-30": 26.745, "2014-03-31": 13.159, "2013-12-31": 12.732, "2013-09-30": "0.38000", "2013-06-30": 23.014, "2013-03-31": 15.625, "2012-12-31": 8.01, "2012-09-30": "11.64900", "2012-06-30": 212.706, "2012-03-31": 22.196, "2011-12-31": 19.752, "2011-09-30": "19.83400", "2011-06-30": 86.207, "2011-03-31": 25.81, "2010-12-31": 17.629, "2010-09-30": "23.16600", "2010-06-30": -11.274, "2010-03-31": 20.654, "2009-12-31": 29.705, "2009-09-30": "10.95000", "2009-06-30": 71.555, "2009-03-31": 21.622, "2008-12-31": 41.748, "2008-09-30": "30.57900", "2008-06-30": 48.815, "2008-03-31": -2.146, "2007-12-31": 19.34, "2007-09-30": "31.69700", "2007-06-30": -49.507, "2007-03-31": 19.009, "2006-12-31": 71.518, "2006-09-30": "37.82300", "2006-06-30": -92.972, "2006-03-31": 54.94, "2005-12-31": 48.513, "2005-09-30": "41.40400", "2005-06-30": -4.488, "2005-03-31": 2.953}, "Total Non-Cash Items": {"2020-12-31": 105.421, "2020-09-30": "95.01600", "2020-06-30": 38.012, "2020-03-31": 386.497, "2019-12-31": 109.873, "2019-09-30": "138.32600", "2019-06-30": 127.731, "2019-03-31": 107.711, "2018-12-31": 32.396, "2018-09-30": "36.12000", "2018-06-30": 143.66, "2018-03-31": 32.155, "2017-12-31": 25.715, "2017-09-30": "32.58400", "2017-06-30": 29.117, "2017-03-31": 26.787, "2016-12-31": 26.655, "2016-09-30": "26.05400", "2016-06-30": 40.783, "2016-03-31": 27.18, "2015-12-31": 26.805, "2015-09-30": "20.59100", "2015-06-30": 7.993, "2015-03-31": 34.517, "2014-12-31": 164.572, "2014-09-30": "20.78400", "2014-06-30": 48.755, "2014-03-31": 32.399, "2013-12-31": 33.917, "2013-09-30": "21.01700", "2013-06-30": 42.112, "2013-03-31": 38.12, "2012-12-31": 28.608, "2012-09-30": "36.99200", "2012-06-30": 235.988, "2012-03-31": 43.218, "2011-12-31": 44.397, "2011-09-30": "43.01800", "2011-06-30": 108.74, "2011-03-31": 40.085, "2010-12-31": 46.082, "2010-09-30": "43.94900", "2010-06-30": 23.429, "2010-03-31": 42.074, "2009-12-31": 52.945, "2009-09-30": "34.08400", "2009-06-30": 97.9251, "2009-03-31": 56.175, "2008-12-31": 514.227, "2008-09-30": "85.64500", "2008-06-30": 108.969, "2008-03-31": 24.464, "2007-12-31": 47.685, "2007-09-30": "56.64900", "2007-06-30": 54.181, "2007-03-31": 48.314, "2006-12-31": 100.567, "2006-09-30": "52.62100", "2006-06-30": -75.731, "2006-03-31": 71.569, "2005-12-31": 66.265, "2005-09-30": "59.21800", "2005-06-30": 12.267, "2005-03-31": 56.351}, "Change In Accounts Receivable": {"2020-12-31": -190.189, "2020-09-30": "73.00000", "2020-06-30": 10.431, "2020-03-31": 73.103, "2019-12-31": -126.682, "2019-09-30": "-75.21400", "2019-06-30": -53.565, "2019-03-31": -72.796, "2018-12-31": -55.869, "2018-09-30": "36.07900", "2018-06-30": 2.095, "2018-03-31": 91.37, "2017-12-31": -73.877, "2017-09-30": "-95.62100", "2017-06-30": 166.886, "2017-03-31": -64.509, "2016-12-31": -24.386, "2016-09-30": "-38.24100", "2016-06-30": 21.4, "2016-03-31": -186.715, "2015-12-31": 32.098, "2015-09-30": "124.92500", "2015-06-30": 43.714, "2015-03-31": -1.213, "2014-12-31": -200.282, "2014-09-30": "39.26100", "2014-06-30": 66.784, "2014-03-31": 16.598, "2013-12-31": -136.562, "2013-09-30": "85.77100", "2013-06-30": -73.102, "2013-03-31": 142.764, "2012-12-31": -77.272, "2012-09-30": "166.85500", "2012-06-30": -61.632, "2012-03-31": -97.698, "2011-12-31": -83.819, "2011-09-30": "129.22700", "2011-06-30": -13.918, "2011-03-31": -35.069, "2010-12-31": -28.89, "2010-09-30": "-50.34200", "2010-06-30": -113.496, "2010-03-31": -23.518, "2009-12-31": -55.564, "2009-09-30": "-28.27900", "2009-06-30": 37.261, "2009-03-31": 77.797, "2008-12-31": 30.909, "2008-09-30": "131.36400", "2008-06-30": 93.081, "2008-03-31": 26.078, "2007-12-31": 48.905, "2007-09-30": "-18.75500", "2007-06-30": -67.608, "2007-03-31": -43.308, "2006-12-31": -17.055, "2006-09-30": "20.62600", "2006-06-30": 21.248, "2006-03-31": -83.098, "2005-12-31": -74.062, "2005-09-30": "20.98400", "2005-06-30": 105.536, "2005-03-31": -68.891}, "Change In Inventories": {"2020-12-31": -26.215, "2020-09-30": "-85.99100", "2020-06-30": -56.609, "2020-03-31": -11.64, "2019-12-31": -1.477, "2019-09-30": "-5.09100", "2019-06-30": 13.179, "2019-03-31": -1.893, "2018-12-31": -15.109, "2018-09-30": "-55.73800", "2018-06-30": -74.684, "2018-03-31": -60.487, "2017-12-31": -24.24, "2017-09-30": "-20.19400", "2017-06-30": -32.58, "2017-03-31": -28.288, "2016-12-31": 13.132, "2016-09-30": "1.18700", "2016-06-30": 26.397, "2016-03-31": -26.065, "2015-12-31": -36.668, "2015-09-30": "-31.24300", "2015-06-30": 16.498, "2015-03-31": 23.745, "2014-12-31": 10.702, "2014-09-30": "-23.44500", "2014-06-30": 21.308, "2014-03-31": -14.738, "2013-12-31": -2.938, "2013-09-30": "-29.80500", "2013-06-30": 14.116, "2013-03-31": 11.138, "2012-12-31": 28.822, "2012-09-30": "-39.28900", "2012-06-30": -6.61, "2012-03-31": -9.694, "2011-12-31": -33.142, "2011-09-30": "-43.69900", "2011-06-30": -20.125, "2011-03-31": -46.856, "2010-12-31": -39.71, "2010-09-30": "-63.45000", "2010-06-30": -26.461, "2010-03-31": -25.604, "2009-12-31": -2.621, "2009-09-30": "26.97100", "2009-06-30": 53.111, "2009-03-31": 53.555, "2008-12-31": 30.322, "2008-09-30": "-16.73900", "2008-06-30": 13.059, "2008-03-31": 29.63, "2007-12-31": 17.782, "2007-09-30": "39.69700", "2007-06-30": 40.69, "2007-03-31": 37.223, "2006-12-31": -25.794, "2006-09-30": "-43.10400", "2006-06-30": -9.415, "2006-03-31": -26.893, "2005-12-31": -13.401, "2005-09-30": "-37.96700", "2005-06-30": -4.31, "2005-03-31": -13.985}, "Change In Accounts Payable": {"2020-12-31": 8.039, "2020-09-30": "-9.82200", "2020-06-30": 19.905, "2020-03-31": -12.904, "2019-12-31": 35.258, "2019-09-30": "18.88500", "2019-06-30": -3.832, "2019-03-31": -0.59, "2018-12-31": -2.44, "2018-09-30": "-14.76500", "2018-06-30": 0.403, "2018-03-31": 19.183, "2017-12-31": 11.069, "2017-09-30": "-8.87700", "2017-06-30": 6.712, "2017-03-31": 23.017, "2016-12-31": 11.786, "2016-09-30": "-1.54700", "2016-06-30": -19.847, "2016-03-31": 3.751, "2015-12-31": 15.047, "2015-09-30": "4.15800", "2015-06-30": 0.148, "2015-03-31": -5.054, "2014-12-31": 0.478, "2014-09-30": "5.27600", "2014-06-30": -17.454, "2014-03-31": -20.818, "2013-12-31": 26.997, "2013-09-30": "-1.05800", "2013-06-30": 8.054, "2013-03-31": 4.552, "2012-12-31": -12.314, "2012-09-30": "-23.10400", "2012-06-30": -0.235, "2012-03-31": 10.481, "2011-12-31": 14.58, "2011-09-30": "-28.55800", "2011-06-30": 0.585, "2011-03-31": 18.994, "2010-12-31": -15.416, "2010-09-30": "30.09600", "2010-06-30": 15.922, "2010-03-31": 4.843, "2009-12-31": 12.328, "2009-09-30": "11.28800", "2009-06-30": 6.72, "2009-03-31": -44.371, "2008-12-31": 0.736, "2008-09-30": "-9.88100", "2008-06-30": -5.73, "2008-03-31": -8.885, "2007-12-31": -4.543, "2007-09-30": "26.32000", "2007-06-30": -34.564, "2007-03-31": -12.934, "2006-12-31": -10.273, "2006-09-30": "12.20900", "2006-06-30": -2.558, "2006-03-31": 17.783, "2005-12-31": 21.116, "2005-09-30": "-9.28800", "2005-06-30": 2.766, "2005-03-31": -0.015}, "Change In Assets/Liabilities": {"2020-12-31": 207.042, "2020-09-30": "19.82600", "2020-06-30": 30.792, "2020-03-31": -49.519, "2019-12-31": -9.546, "2019-09-30": "72.94300", "2019-06-30": 24.62, "2019-03-31": -61.483, "2018-12-31": -45.906, "2018-09-30": "-16.23500", "2018-06-30": -46.728, "2018-03-31": -36.495, "2017-12-31": 325.023, "2017-09-30": "184.80100", "2017-06-30": 36.34, "2017-03-31": 14.269, "2016-12-31": -43.025, "2016-09-30": "4.22300", "2016-06-30": 13.819, "2016-03-31": 117.569, "2015-12-31": -89.165, "2015-09-30": "-29.54600", "2015-06-30": 107.107, "2015-03-31": 58.784, "2014-12-31": 15.346, "2014-09-30": "-79.18300", "2014-06-30": 0.516, "2014-03-31": 20.705, "2013-12-31": 54.611, "2013-09-30": "-9.87400", "2013-06-30": 49.619, "2013-03-31": 51.827, "2012-12-31": 2.969, "2012-09-30": "-31.42800", "2012-06-30": -142.082, "2012-03-31": 110.441, "2011-12-31": 134.419, "2011-09-30": "-72.99800", "2011-06-30": -30.497, "2011-03-31": 56.974, "2010-12-31": 46.367, "2010-09-30": "-18.92100", "2010-06-30": 70.799, "2010-03-31": 72.861, "2009-12-31": 134.719, "2009-09-30": "8.78000", "2009-06-30": -96.003, "2009-03-31": 16.16, "2008-12-31": -177.54, "2008-09-30": "-128.32100", "2008-06-30": -98.574, "2008-03-31": -37.464, "2007-12-31": -68.556, "2007-09-30": "13.71600", "2007-06-30": 2.793, "2007-03-31": 14.528, "2006-12-31": 12.146, "2006-09-30": "-71.30600", "2006-06-30": 65.134, "2006-03-31": 35.626, "2005-12-31": -15.868, "2005-09-30": "-95.94500", "2005-06-30": -45.987, "2005-03-31": 17.954}, "Total Change In Assets/Liabilities": {"2020-12-31": -1.323, "2020-09-30": "-2.98700", "2020-06-30": 4.519, "2020-03-31": -0.96, "2019-12-31": -102.447, "2019-09-30": "11.52300", "2019-06-30": -19.598, "2019-03-31": -136.762, "2018-12-31": -119.324, "2018-09-30": "-50.65900", "2018-06-30": -118.914, "2018-03-31": 13.571, "2017-12-31": 237.975, "2017-09-30": "60.10900", "2017-06-30": 177.358, "2017-03-31": -55.511, "2016-12-31": -42.493, "2016-09-30": "-34.37800", "2016-06-30": 41.769, "2016-03-31": -91.46, "2015-12-31": -78.688, "2015-09-30": "68.29400", "2015-06-30": 167.467, "2015-03-31": 76.262, "2014-12-31": -173.756, "2014-09-30": "-58.09100", "2014-06-30": 71.154, "2014-03-31": 1.747, "2013-12-31": -57.892, "2013-09-30": "45.03400", "2013-06-30": -1.313, "2013-03-31": 210.281, "2012-12-31": -57.795, "2012-09-30": "73.03400", "2012-06-30": -210.559, "2012-03-31": 13.53, "2011-12-31": 32.038, "2011-09-30": "-16.02800", "2011-06-30": -63.955, "2011-03-31": -5.957, "2010-12-31": -37.649, "2010-09-30": "-102.61700", "2010-06-30": -53.236, "2010-03-31": 28.582, "2009-12-31": 88.862, "2009-09-30": "18.76000", "2009-06-30": 1.089, "2009-03-31": 103.141, "2008-12-31": -115.573, "2008-09-30": "-23.57700", "2008-06-30": 1.836, "2008-03-31": 9.359, "2007-12-31": -6.412, "2007-09-30": "60.97800", "2007-06-30": -58.689, "2007-03-31": -4.491, "2006-12-31": -40.976, "2006-09-30": "-81.57500", "2006-06-30": 74.409, "2006-03-31": -56.582, "2005-12-31": -82.215, "2005-09-30": "-122.21600", "2005-06-30": 58.005, "2005-03-31": -64.937}, "Cash Flow From Operating Activities": {"2020-12-31": 561.081, "2020-09-30": "512.17100", "2020-06-30": 452.846, "2020-03-31": 442.028, "2019-12-31": 387.731, "2019-09-30": "496.24500", "2019-06-30": 325.461, "2019-03-31": 163.594, "2018-12-31": 282.172, "2018-09-30": "381.40500", "2018-06-30": 373.513, "2018-03-31": 352.607, "2017-12-31": 129.371, "2017-09-30": "373.62900", "2017-06-30": 462.637, "2017-03-31": 224.838, "2016-12-31": 222.413, "2016-09-30": "169.77700", "2016-06-30": 354.093, "2016-03-31": 111.497, "2015-12-31": 100.324, "2015-09-30": "193.78200", "2015-06-30": 317.479, "2015-03-31": 242.417, "2014-12-31": 11.084, "2014-09-30": "34.92600", "2014-06-30": 248.64, "2014-03-31": 237.727, "2013-12-31": 115.271, "2013-09-30": "177.24800", "2013-06-30": 175.569, "2013-03-31": 414.783, "2012-12-31": 77.443, "2012-09-30": "245.39300", "2012-06-30": 273.306, "2012-03-31": 262.094, "2011-12-31": 187.232, "2011-09-30": "218.98500", "2011-06-30": 289.802, "2011-03-31": 243.911, "2010-12-31": 193.925, "2010-09-30": "95.52800", "2010-06-30": 83.278, "2010-03-31": 127.672, "2009-12-31": 163.601, "2009-09-30": "73.24900", "2009-06-30": 73.438, "2009-03-31": 76.489, "2008-12-31": -35.6, "2008-09-30": "81.35700", "2008-06-30": 186.815, "2008-03-31": 144.803, "2007-12-31": 125.208, "2007-09-30": "205.78500", "2007-06-30": 142.834, "2007-03-31": 198.608, "2006-12-31": 149.64, "2006-09-30": "106.96800", "2006-06-30": 130.354, "2006-03-31": 111.671, "2005-12-31": 60.655, "2005-09-30": "12.48900", "2005-06-30": 153.676, "2005-03-31": 353.059}, "Net Change In Property, Plant, And Equipment": {"2020-12-31": -58.403, "2020-09-30": "-54.81100", "2020-06-30": -41.79, "2020-03-31": -43.445, "2019-12-31": -34.874, "2019-09-30": "-32.56600", "2019-06-30": -55.846, "2019-03-31": -25.956, "2018-12-31": -26.366, "2018-09-30": "-22.33000", "2018-06-30": -22.828, "2018-03-31": -14.994, "2017-12-31": -13.369, "2017-09-30": "-15.75600", "2017-06-30": -10.303, "2017-03-31": -9.414, "2016-12-31": -6.047, "2016-09-30": "-9.88300", "2016-06-30": -4.458, "2016-03-31": -6.143, "2015-12-31": -6.723, "2015-09-30": "-7.34100", "2015-06-30": -9.237, "2015-03-31": -10.326, "2014-12-31": -12.783, "2014-09-30": "-13.44500", "2014-06-30": -9.23, "2014-03-31": -18.22, "2013-12-31": -14.465, "2013-09-30": "-21.75100", "2013-06-30": -18.91, "2013-03-31": -18.3, "2012-12-31": -15.253, "2012-09-30": "-20.27200", "2012-06-30": -16.272, "2012-03-31": -14.278, "2011-12-31": -12.69, "2011-09-30": "-12.12800", "2011-06-30": -14.607, "2011-03-31": -13.829, "2010-12-31": 6.633, "2010-09-30": "-11.16300", "2010-06-30": -5.791, "2010-03-31": -10.041, "2009-12-31": -4.857, "2009-09-30": "-3.63500", "2009-06-30": -1.98, "2009-03-31": -3.147, "2008-12-31": 12.381, "2008-09-30": "-7.66600", "2008-06-30": -4.132, "2008-03-31": 18.466, "2007-12-31": 12.013, "2007-09-30": "-14.88300", "2007-06-30": -29.141, "2007-03-31": -22.834, "2006-12-31": -19.494, "2006-09-30": "-12.31300", "2006-06-30": -14.686, "2006-03-31": -20.339, "2005-12-31": -20.736, "2005-09-30": "-18.04900", "2005-06-30": -5.344, "2005-03-31": -54.331}, "Net Change In Intangible Assets": {"2020-12-31": 0, "2020-09-30": "", "2020-06-30": 0, "2020-03-31": 0, "2019-12-31": 0, "2019-09-30": "", "2019-06-30": 0, "2019-03-31": 0, "2018-12-31": 0, "2018-09-30": "", "2018-06-30": 0, "2018-03-31": 3.377, "2017-12-31": -2.667, "2017-09-30": "-0.71000", "2017-06-30": 0, "2017-03-31": 0, "2016-12-31": 0, "2016-09-30": "", "2016-06-30": 0, "2016-03-31": 0, "2015-12-31": 0, "2015-09-30": "", "2015-06-30": 0, "2015-03-31": 0, "2014-12-31": 0, "2014-09-30": "", "2014-06-30": 0, "2014-03-31": 0, "2013-12-31": 0, "2013-09-30": "", "2013-06-30": 0, "2013-03-31": 0, "2012-12-31": 0, "2012-09-30": "", "2012-06-30": 0, "2012-03-31": 0, "2011-12-31": 0, "2011-09-30": "", "2011-06-30": 0, "2011-03-31": 0, "2010-12-31": 0, "2010-09-30": "", "2010-06-30": 0, "2010-03-31": 0, "2009-12-31": 0, "2009-09-30": "", "2009-06-30": 0, "2009-03-31": 0, "2008-12-31": 0, "2008-09-30": "", "2008-06-30": 0, "2008-03-31": 0, "2007-12-31": 0, "2007-09-30": "", "2007-06-30": 0, "2007-03-31": 0, "2006-12-31": 0, "2006-09-30": "", "2006-06-30": 0, "2006-03-31": 0, "2005-12-31": 0, "2005-09-30": "", "2005-06-30": 0, "2005-03-31": 0}, "Net Acquisitions/Divestitures": {"2020-12-31": 0, "2020-09-30": "", "2020-06-30": -11.543, "2020-03-31": -0.07, "2019-12-31": 0, "2019-09-30": "-78.53000", "2019-06-30": 0, "2019-03-31": -1806.496, "2018-12-31": 0, "2018-09-30": "-11.78700", "2018-06-30": -11.913, "2018-03-31": 0, "2017-12-31": -5.49, "2017-09-30": "", "2017-06-30": -28.56, "2017-03-31": 0, "2016-12-31": 0, "2016-09-30": "", "2016-06-30": 0, "2016-03-31": 0, "2015-12-31": 0, "2015-09-30": "", "2015-06-30": 0, "2015-03-31": 0, "2014-12-31": 0, "2014-09-30": "", "2014-06-30": 0, "2014-03-31": -18, "2013-12-31": 0, "2013-09-30": "", "2013-06-30": 0, "2013-03-31": 0, "2012-12-31": 0, "2012-09-30": "", "2012-06-30": 0, "2012-03-31": 0, "2011-12-31": 0, "2011-09-30": "", "2011-06-30": 0, "2011-03-31": 0, "2010-12-31": 0, "2010-09-30": "", "2010-06-30": 0, "2010-03-31": -1.5, "2009-12-31": 0, "2009-09-30": "", "2009-06-30": 0, "2009-03-31": -0.424, "2008-12-31": -13.952, "2008-09-30": "-127.02300", "2008-06-30": -488.545, "2008-03-31": -1.525, "2007-12-31": -3.966, "2007-09-30": "", "2007-06-30": -82.503, "2007-03-31": -49.029, "2006-12-31": -390.161, "2006-09-30": "", "2006-06-30": 0, "2006-03-31": 0, "2005-12-31": -7.664, "2005-09-30": "", "2005-06-30": 0, "2005-03-31": -44.628}, "Net Change In Short-term Investments": {"2020-12-31": 1.683, "2020-09-30": "3.22800", "2020-06-30": 1.477, "2020-03-31": -1.377, "2019-12-31": 2.455, "2019-09-30": "3.97000", "2019-06-30": 2.048, "2019-03-31": -3.039, "2018-12-31": 2.241, "2018-09-30": "2.99300", "2018-06-30": 2.067, "2018-03-31": -2.689, "2017-12-31": 2.148, "2017-09-30": "2.44400", "2017-06-30": 1.935, "2017-03-31": 2.446, "2016-12-31": 2.351, "2016-09-30": "-7.16400", "2016-06-30": 1.319, "2016-03-31": 2.919, "2015-12-31": 3.298, "2015-09-30": "-2.72700", "2015-06-30": 1.45, "2015-03-31": 4.382, "2014-12-31": 0.808, "2014-09-30": "-3.58100", "2014-06-30": 1.383, "2014-03-31": 1.582, "2013-12-31": 1.257, "2013-09-30": "-2.48500", "2013-06-30": 1.086, "2013-03-31": 1.049, "2012-12-31": 1.372, "2012-09-30": "-1.84600", "2012-06-30": 1.64, "2012-03-31": 1.505, "2011-12-31": 1.501, "2011-09-30": "-2.41000", "2011-06-30": 1.923, "2011-03-31": 2.135, "2010-12-31": 1.508, "2010-09-30": "14.61900", "2010-06-30": 12.882, "2010-03-31": 2.373, "2009-12-31": 2.475, "2009-09-30": "5.57200", "2009-06-30": 7.123, "2009-03-31": 3.136, "2008-12-31": -0.499, "2008-09-30": "2.76500", "2008-06-30": 1.559, "2008-03-31": 3.409, "2007-12-31": 1.219, "2007-09-30": "-0.62300", "2007-06-30": 12.636, "2007-03-31": 0, "2006-12-31": 0, "2006-09-30": "", "2006-06-30": 0, "2006-03-31": 0, "2005-12-31": 0, "2005-09-30": "", "2005-06-30": 0, "2005-03-31": 0}, "Net Change In Long-Term Investments": {"2020-12-31": -39.172, "2020-09-30": "-82.73700", "2020-06-30": -53.965, "2020-03-31": 46.68, "2019-12-31": 24.271, "2019-09-30": "-39.56700", "2019-06-30": 84.237, "2019-03-31": 100.588, "2018-12-31": 232.736, "2018-09-30": "345.99500", "2018-06-30": 159.449, "2018-03-31": 40.2, "2017-12-31": 45.333, "2017-09-30": "127.01600", "2017-06-30": -117.4311, "2017-03-31": -91.403, "2016-12-31": -136.637, "2016-09-30": "-150.77600", "2016-06-30": -66.1138, "2016-03-31": 44.0959, "2015-12-31": 144.593, "2015-09-30": "41.96800", "2015-06-30": 165.6279, "2015-03-31": 65.0091, "2014-12-31": 487.7419, "2014-09-30": "242.57400", "2014-06-30": -272.8769, "2014-03-31": -97.959, "2013-12-31": -112.912, "2013-09-30": "-112.43200", "2013-06-30": 1.4161, "2013-03-31": -138.3861, "2012-12-31": 111.6, "2012-09-30": "-145.00300", "2012-06-30": -184.479, "2012-03-31": -256.359, "2011-12-31": -0.751, "2011-09-30": "-34.17000", "2011-06-30": -126.1819, "2011-03-31": -165.562, "2010-12-31": -65.684, "2010-09-30": "10.69900", "2010-06-30": -6.115, "2010-03-31": -23.043, "2009-12-31": -154.226, "2009-09-30": "-42.05800", "2009-06-30": -212.231, "2009-03-31": -23.235, "2008-12-31": 4.995, "2008-09-30": "-125.14300", "2008-06-30": -319.2019, "2008-03-31": 613.6979, "2007-12-31": 21.265, "2007-09-30": "219.31000", "2007-06-30": -9.6638, "2007-03-31": 295.6678, "2006-12-31": -57.943, "2006-09-30": "-21.85400", "2006-06-30": 120.1669, "2006-03-31": -38.921, "2005-12-31": 137.6381, "2005-09-30": "87.65990", "2005-06-30": 223.8111, "2005-03-31": -244.106}, "Net Change In Investments - Total": {"2020-12-31": -37.489, "2020-09-30": "-79.50900", "2020-06-30": -52.488, "2020-03-31": 45.303, "2019-12-31": 26.726, "2019-09-30": "-35.59700", "2019-06-30": 86.285, "2019-03-31": 97.549, "2018-12-31": 234.977, "2018-09-30": "348.98800", "2018-06-30": 161.516, "2018-03-31": 37.511, "2017-12-31": 47.481, "2017-09-30": "129.46000", "2017-06-30": -115.4961, "2017-03-31": -88.957, "2016-12-31": -134.286, "2016-09-30": "-157.94000", "2016-06-30": -64.7948, "2016-03-31": 47.0149, "2015-12-31": 147.891, "2015-09-30": "39.24100", "2015-06-30": 167.0779, "2015-03-31": 69.3911, "2014-12-31": 488.5499, "2014-09-30": "238.99300", "2014-06-30": -271.4939, "2014-03-31": -96.377, "2013-12-31": -111.655, "2013-09-30": "-114.91700", "2013-06-30": 2.502, "2013-03-31": -137.3371, "2012-12-31": 112.972, "2012-09-30": "-146.84900", "2012-06-30": -182.839, "2012-03-31": -254.854, "2011-12-31": 0.75, "2011-09-30": "-36.58000", "2011-06-30": -124.2589, "2011-03-31": -163.427, "2010-12-31": -64.176, "2010-09-30": "25.31800", "2010-06-30": 6.767, "2010-03-31": -20.67, "2009-12-31": -151.751, "2009-09-30": "-36.48600", "2009-06-30": -205.108, "2009-03-31": -20.099, "2008-12-31": 4.496, "2008-09-30": "-122.37800", "2008-06-30": -317.6429, "2008-03-31": 617.107, "2007-12-31": 22.484, "2007-09-30": "218.68700", "2007-06-30": 2.9722, "2007-03-31": 295.6678, "2006-12-31": -57.943, "2006-09-30": "-21.85400", "2006-06-30": 120.1669, "2006-03-31": -38.921, "2005-12-31": 137.6381, "2005-09-30": "87.65990", "2005-06-30": 223.8111, "2005-03-31": -244.106}, "Investing Activities - Other": {"2020-12-31": 0, "2020-09-30": "", "2020-06-30": 0, "2020-03-31": 0, "2019-12-31": 0, "2019-09-30": "", "2019-06-30": 0, "2019-03-31": 0, "2018-12-31": 0, "2018-09-30": "", "2018-06-30": 0, "2018-03-31": 0, "2017-12-31": 0, "2017-09-30": "", "2017-06-30": 0, "2017-03-31": 0, "2016-12-31": 0, "2016-09-30": "", "2016-06-30": 0, "2016-03-31": 0, "2015-12-31": 0, "2015-09-30": "", "2015-06-30": 0, "2015-03-31": 0, "2014-12-31": 0, "2014-09-30": "", "2014-06-30": 0, "2014-03-31": 0, "2013-12-31": 0, "2013-09-30": "", "2013-06-30": 0, "2013-03-31": 0, "2012-12-31": 0, "2012-09-30": "", "2012-06-30": 0, "2012-03-31": 0, "2011-12-31": 0, "2011-09-30": "", "2011-06-30": 0, "2011-03-31": 0, "2010-12-31": 0, "2010-09-30": "", "2010-06-30": 0, "2010-03-31": 0, "2009-12-31": 0, "2009-09-30": "", "2009-06-30": 0, "2009-03-31": 0, "2008-12-31": 0, "2008-09-30": "", "2008-06-30": 581.54, "2008-03-31": -581.54, "2007-12-31": 0, "2007-09-30": "", "2007-06-30": 0, "2007-03-31": 0, "2006-12-31": 0, "2006-09-30": "", "2006-06-30": 0, "2006-03-31": 0, "2005-12-31": 0, "2005-09-30": "", "2005-06-30": 0, "2005-03-31": 0}, "Cash Flow From Investing Activities": {"2020-12-31": -95.892, "2020-09-30": "-134.32000", "2020-06-30": -105.821, "2020-03-31": 1.788, "2019-12-31": -8.148, "2019-09-30": "-146.69300", "2019-06-30": 30.439, "2019-03-31": -1734.903, "2018-12-31": 208.611, "2018-09-30": "314.87100", "2018-06-30": 126.775, "2018-03-31": 25.894, "2017-12-31": 25.955, "2017-09-30": "112.99400", "2017-06-30": -154.359, "2017-03-31": -98.371, "2016-12-31": -140.333, "2016-09-30": "-167.82300", "2016-06-30": -69.253, "2016-03-31": 40.872, "2015-12-31": 141.168, "2015-09-30": "31.90000", "2015-06-30": 157.841, "2015-03-31": 59.065, "2014-12-31": 475.767, "2014-09-30": "225.54800", "2014-06-30": -280.724, "2014-03-31": -132.597, "2013-12-31": -126.12, "2013-09-30": "-136.66800", "2013-06-30": -16.408, "2013-03-31": -155.637, "2012-12-31": 97.719, "2012-09-30": "-167.12100", "2012-06-30": -199.111, "2012-03-31": -269.132, "2011-12-31": -11.94, "2011-09-30": "-48.70800", "2011-06-30": -138.866, "2011-03-31": -177.256, "2010-12-31": -57.543, "2010-09-30": "14.15500", "2010-06-30": 0.976, "2010-03-31": -32.211, "2009-12-31": -156.608, "2009-09-30": "-40.12100", "2009-06-30": -207.088, "2009-03-31": -23.67, "2008-12-31": 2.925, "2008-09-30": "-257.06700", "2008-06-30": -228.78, "2008-03-31": 52.508, "2007-12-31": 30.531, "2007-09-30": "203.80400", "2007-06-30": -108.672, "2007-03-31": 223.805, "2006-12-31": -467.598, "2006-09-30": "-34.16700", "2006-06-30": 105.481, "2006-03-31": -59.26, "2005-12-31": 109.238, "2005-09-30": "69.61100", "2005-06-30": 218.467, "2005-03-31": -343.065}, "Net Long-Term Debt": {"2020-12-31": 40.343, "2020-09-30": "-50.00000", "2020-06-30": 24.8281, "2020-03-31": 20.971, "2019-12-31": -25, "2019-09-30": "", "2019-06-30": -2.478, "2019-03-31": 1183.789, "2018-12-31": 0, "2018-09-30": "", "2018-06-30": -225, "2018-03-31": -25, "2017-12-31": -291.307, "2017-09-30": "-156.25000", "2017-06-30": -25, "2017-03-31": -25, "2016-12-31": -40, "2016-09-30": "-40.00000", "2016-06-30": -40, "2016-03-31": -35, "2015-12-31": -20, "2015-09-30": "-40.00000", "2015-06-30": -29.375, "2015-03-31": -9.375, "2014-12-31": 2347.539, "2014-09-30": "", "2014-06-30": 0, "2014-03-31": 0, "2013-12-31": 0, "2013-09-30": "", "2013-06-30": 0, "2013-03-31": 0, "2012-12-31": 0, "2012-09-30": "", "2012-06-30": 0, "2012-03-31": 0, "2011-12-31": 0, "2011-09-30": "", "2011-06-30": 0, "2011-03-31": 0, "2010-12-31": 0, "2010-09-30": "", "2010-06-30": 0, "2010-03-31": 0, "2009-12-31": 0, "2009-09-30": "", "2009-06-30": 0, "2009-03-31": 0, "2008-12-31": 0, "2008-09-30": "", "2008-06-30": 744.57, "2008-03-31": 0, "2007-12-31": 0, "2007-09-30": "", "2007-06-30": 0, "2007-03-31": 0, "2006-12-31": 0, "2006-09-30": "", "2006-06-30": 0, "2006-03-31": 0, "2005-12-31": 0, "2005-09-30": "", "2005-06-30": 0, "2005-03-31": 0}, "Net Current Debt": {"2020-12-31": 0, "2020-09-30": "", "2020-06-30": 0, "2020-03-31": 0, "2019-12-31": 0, "2019-09-30": "", "2019-06-30": 0, "2019-03-31": 0, "2018-12-31": 0, "2018-09-30": "", "2018-06-30": 0, "2018-03-31": 0, "2017-12-31": 0, "2017-09-30": "", "2017-06-30": 0, "2017-03-31": 0, "2016-12-31": 0, "2016-09-30": "", "2016-06-30": 0, "2016-03-31": 0, "2015-12-31": 0, "2015-09-30": "", "2015-06-30": 0, "2015-03-31": 0, "2014-12-31": 0, "2014-09-30": "", "2014-06-30": 0, "2014-03-31": 0, "2013-12-31": 0, "2013-09-30": "", "2013-06-30": 0, "2013-03-31": 0, "2012-12-31": 0, "2012-09-30": "", "2012-06-30": 0, "2012-03-31": 0, "2011-12-31": 0, "2011-09-30": "", "2011-06-30": 0, "2011-03-31": 0, "2010-12-31": 0, "2010-09-30": "", "2010-06-30": 0, "2010-03-31": 0, "2009-12-31": 0, "2009-09-30": "", "2009-06-30": 0, "2009-03-31": 0, "2008-12-31": 0, "2008-09-30": "", "2008-06-30": 0, "2008-03-31": 0, "2007-12-31": 0, "2007-09-30": "", "2007-06-30": 0, "2007-03-31": 0, "2006-12-31": 0, "2006-09-30": "", "2006-06-30": 0, "2006-03-31": 0, "2005-12-31": 0, "2005-09-30": "", "2005-06-30": 0, "2005-03-31": 0}, "Debt Issuance/Retirement Net - Total": {"2020-12-31": 40.343, "2020-09-30": "-50.00000", "2020-06-30": 24.8281, "2020-03-31": 20.971, "2019-12-31": -25, "2019-09-30": "", "2019-06-30": -2.478, "2019-03-31": 1183.789, "2018-12-31": 0, "2018-09-30": "", "2018-06-30": -225, "2018-03-31": -25, "2017-12-31": -291.307, "2017-09-30": "-156.25000", "2017-06-30": -25, "2017-03-31": -25, "2016-12-31": -40, "2016-09-30": "-40.00000", "2016-06-30": -40, "2016-03-31": -35, "2015-12-31": -20, "2015-09-30": "-40.00000", "2015-06-30": -29.375, "2015-03-31": -9.375, "2014-12-31": 2347.539, "2014-09-30": "", "2014-06-30": 0, "2014-03-31": 0, "2013-12-31": 0, "2013-09-30": "", "2013-06-30": 0, "2013-03-31": 0, "2012-12-31": 0, "2012-09-30": "", "2012-06-30": 0, "2012-03-31": 0, "2011-12-31": 0, "2011-09-30": "", "2011-06-30": 0, "2011-03-31": 0, "2010-12-31": 0, "2010-09-30": "", "2010-06-30": 0, "2010-03-31": 0, "2009-12-31": 0, "2009-09-30": "", "2009-06-30": 0, "2009-03-31": 0, "2008-12-31": 0, "2008-09-30": "", "2008-06-30": 744.57, "2008-03-31": 0, "2007-12-31": 0, "2007-09-30": "", "2007-06-30": 0, "2007-03-31": 0, "2006-12-31": 0, "2006-09-30": "", "2006-06-30": 0, "2006-03-31": 0, "2005-12-31": 0, "2005-09-30": "", "2005-06-30": 0, "2005-03-31": 0}, "Net Common Equity Issued/Repurchased": {"2020-12-31": -151.136, "2020-09-30": "-187.89700", "2020-06-30": 50.349, "2020-03-31": -315.323, "2019-12-31": -260.094, "2019-09-30": "-228.38200", "2019-06-30": -300.714, "2019-03-31": -200.029, "2018-12-31": -229.657, "2018-09-30": "-299.97400", "2018-06-30": 2.782, "2018-03-31": -84.732, "2017-12-31": -19.848, "2017-09-30": "-39.92700", "2017-06-30": -3.337, "2017-03-31": 0, "2016-12-31": 23.694, "2016-09-30": "", "2016-06-30": 16.388, "2016-03-31": 0.002, "2015-12-31": -17.211, "2015-09-30": "-142.59200", "2015-06-30": -150.428, "2015-03-31": -168.495, "2014-12-31": -116.795, "2014-09-30": "-120.16200", "2014-06-30": -40.036, "2014-03-31": -46.546, "2013-12-31": -22.583, "2013-09-30": "-19.45700", "2013-06-30": -37.732, "2013-03-31": -19.658, "2012-12-31": -44.676, "2012-09-30": "-45.06700", "2012-06-30": -27.127, "2012-03-31": 7.706, "2011-12-31": -24.184, "2011-09-30": "-56.69000", "2011-06-30": -40.049, "2011-03-31": 17.228, "2010-12-31": -28.247, "2010-09-30": "-59.20300", "2010-06-30": -69.591, "2010-03-31": -54.279, "2009-12-31": 20.545, "2009-09-30": "2.91700", "2009-06-30": 12.971, "2009-03-31": 0.006, "2008-12-31": -27.882, "2008-09-30": "-171.50200", "2008-06-30": -96.903, "2008-03-31": -177.28, "2007-12-31": -94.473, "2007-09-30": "-586.87900", "2007-06-30": 95.5699, "2007-03-31": -659.3859, "2006-12-31": 0, "2006-09-30": "18.60000", "2006-06-30": -45.939, "2006-03-31": -14.803, "2005-12-31": 31.324, "2005-09-30": "20.65400", "2005-06-30": -37.917, "2005-03-31": -32.139}, "Net Total Equity Issued/Repurchased": {"2020-12-31": -151.136, "2020-09-30": "-187.89700", "2020-06-30": 50.349, "2020-03-31": -315.323, "2019-12-31": -260.094, "2019-09-30": "-228.38200", "2019-06-30": -300.714, "2019-03-31": -200.029, "2018-12-31": -229.657, "2018-09-30": "-299.97400", "2018-06-30": 2.782, "2018-03-31": -84.732, "2017-12-31": -19.848, "2017-09-30": "-39.92700", "2017-06-30": -3.337, "2017-03-31": 0, "2016-12-31": 23.694, "2016-09-30": "", "2016-06-30": 16.388, "2016-03-31": 0.002, "2015-12-31": -17.211, "2015-09-30": "-142.59200", "2015-06-30": -150.428, "2015-03-31": -168.495, "2014-12-31": -116.795, "2014-09-30": "-120.16200", "2014-06-30": -40.036, "2014-03-31": -46.546, "2013-12-31": -22.583, "2013-09-30": "-19.45700", "2013-06-30": -37.732, "2013-03-31": -19.658, "2012-12-31": -44.676, "2012-09-30": "-45.06700", "2012-06-30": -27.127, "2012-03-31": 7.706, "2011-12-31": -24.184, "2011-09-30": "-56.69000", "2011-06-30": -40.049, "2011-03-31": 17.228, "2010-12-31": -28.247, "2010-09-30": "-59.20300", "2010-06-30": -69.591, "2010-03-31": -54.279, "2009-12-31": 20.545, "2009-09-30": "2.91700", "2009-06-30": 12.971, "2009-03-31": 0.006, "2008-12-31": -27.882, "2008-09-30": "-171.50200", "2008-06-30": -96.903, "2008-03-31": -177.28, "2007-12-31": -94.473, "2007-09-30": "-586.87900", "2007-06-30": 95.5699, "2007-03-31": -659.3859, "2006-12-31": 0, "2006-09-30": "18.60000", "2006-06-30": -45.939, "2006-03-31": -14.803, "2005-12-31": 31.324, "2005-09-30": "20.65400", "2005-06-30": -37.917, "2005-03-31": -32.139}, "Total Common And Preferred Stock Dividends Paid": {"2020-12-31": -139.584, "2020-09-30": "-141.16400", "2020-06-30": -132.762, "2020-03-31": -133.327, "2019-12-31": -134.696, "2019-09-30": "-121.63600", "2019-06-30": -121.363, "2019-03-31": -113.581, "2018-12-31": -114.562, "2018-09-30": "-122.75700", "2018-06-30": -117.035, "2018-03-31": -92.128, "2017-12-31": -92.575, "2017-09-30": "-100.32700", "2017-06-30": -84.637, "2017-03-31": -85.514, "2016-12-31": -84.529, "2016-09-30": "-89.31300", "2016-06-30": -81.12, "2016-03-31": -82.109, "2015-12-31": -81.38, "2015-09-30": "-101.67400", "2015-06-30": -79.653, "2015-03-31": -82.25, "2014-12-31": -2796.739, "2014-09-30": "-82.41300", "2014-06-30": -74.466, "2014-03-31": -74.805, "2013-12-31": -74.983, "2013-09-30": "-74.61700", "2013-06-30": -66.181, "2013-03-31": -66.561, "2012-12-31": -66.522, "2012-09-30": "-66.62900", "2012-06-30": -58.476, "2012-03-31": -58.524, "2011-12-31": -58.101, "2011-09-30": "-58.46000", "2011-06-30": -41.862, "2011-03-31": -41.942, "2010-12-31": -41.809, "2010-09-30": "-41.78500", "2010-06-30": -25.386, "2010-03-31": -25.731, "2009-12-31": -25.686, "2009-09-30": "-25.60600", "2009-06-30": -25.49, "2009-03-31": -25.484, "2008-12-31": -25.335, "2008-09-30": "-25.84000", "2008-06-30": -26.354, "2008-03-31": -26.557, "2007-12-31": -27.151, "2007-09-30": "-28.45900", "2007-06-30": -23.037, "2007-03-31": -23.893, "2006-12-31": -23.967, "2006-09-30": "-24.16000", "2006-06-30": -23.887, "2006-03-31": -24.011, "2005-12-31": -23.741, "2005-09-30": "-23.70900", "2005-06-30": -23.644, "2005-03-31": 0}, "Financial Activities - Other": {"2020-12-31": -11, "2020-09-30": "-25.14500", "2020-06-30": -3.77, "2020-03-31": -4.958, "2019-12-31": -12.24, "2019-09-30": "-23.59500", "2019-06-30": -7.591, "2019-03-31": -0.894, "2018-12-31": -3.233, "2018-09-30": "-26.96100", "2018-06-30": -2.133, "2018-03-31": -0.428, "2017-12-31": -2.567, "2017-09-30": "-23.62800", "2017-06-30": 0, "2017-03-31": -1.714, "2016-12-31": -0.079, "2016-09-30": "-17.37600", "2016-06-30": -0.459, "2016-03-31": -1.067, "2015-12-31": 0.887, "2015-09-30": "-11.36700", "2015-06-30": -0.222, "2015-03-31": -1.592, "2014-12-31": -0.067, "2014-09-30": "-12.94500", "2014-06-30": -0.025, "2014-03-31": -1.69, "2013-12-31": -0.02, "2013-09-30": "-29.65900", "2013-06-30": -0.289, "2013-03-31": 0.144, "2012-12-31": -3.404, "2012-09-30": "-11.93500", "2012-06-30": -0.409, "2012-03-31": -0.364, "2011-12-31": -11.544, "2011-09-30": "-17.93000", "2011-06-30": -0.411, "2011-03-31": -1.824, "2010-12-31": -10.734, "2010-09-30": "-9.51700", "2010-06-30": -0.601, "2010-03-31": -0.709, "2009-12-31": -10.371, "2009-09-30": "-1.83300", "2009-06-30": -0.549, "2009-03-31": -1.315, "2008-12-31": -0.044, "2008-09-30": "-8.65300", "2008-06-30": -6.997, "2008-03-31": 4.421, "2007-12-31": 0.284, "2007-09-30": "2.84000", "2007-06-30": 3.224, "2007-03-31": 2.777, "2006-12-31": 0, "2006-09-30": "1.04500", "2006-06-30": 1.173, "2006-03-31": 7.748, "2005-12-31": 4.162, "2005-09-30": "6.07000", "2005-06-30": 2.631, "2005-03-31": 10}, "Cash Flow From Financial Activities": {"2020-12-31": -261.377, "2020-09-30": "-404.20600", "2020-06-30": -61.355, "2020-03-31": -432.637, "2019-12-31": -432.03, "2019-09-30": "-373.61300", "2019-06-30": -432.146, "2019-03-31": 869.285, "2018-12-31": -347.452, "2018-09-30": "-449.69200", "2018-06-30": -341.386, "2018-03-31": -202.288, "2017-12-31": -406.297, "2017-09-30": "-320.13200", "2017-06-30": -112.974, "2017-03-31": -112.228, "2016-12-31": -100.914, "2016-09-30": "-146.68900", "2016-06-30": -105.191, "2016-03-31": -118.174, "2015-12-31": -117.704, "2015-09-30": "-295.63300", "2015-06-30": -259.678, "2015-03-31": -261.712, "2014-12-31": -566.062, "2014-09-30": "-215.52000", "2014-06-30": -114.527, "2014-03-31": -123.041, "2013-12-31": -97.586, "2013-09-30": "-123.73300", "2013-06-30": -104.202, "2013-03-31": -86.075, "2012-12-31": -114.602, "2012-09-30": "-123.63100", "2012-06-30": -86.012, "2012-03-31": -51.182, "2011-12-31": -93.829, "2011-09-30": "-133.08000", "2011-06-30": -82.322, "2011-03-31": -26.538, "2010-12-31": -80.79, "2010-09-30": "-110.50500", "2010-06-30": -95.578, "2010-03-31": -80.719, "2009-12-31": -15.512, "2009-09-30": "-24.52200", "2009-06-30": -13.068, "2009-03-31": -26.793, "2008-12-31": -53.261, "2008-09-30": "-205.99500", "2008-06-30": 614.316, "2008-03-31": -199.416, "2007-12-31": -121.34, "2007-09-30": "-612.49800", "2007-06-30": 75.757, "2007-03-31": -680.502, "2006-12-31": -23.967, "2006-09-30": "-4.51500", "2006-06-30": -68.653, "2006-03-31": -31.066, "2005-12-31": 11.745, "2005-09-30": "3.01500", "2005-06-30": -58.93, "2005-03-31": -22.139}, "Net Cash Flow": {"2020-12-31": 215.646, "2020-09-30": "-18.58900", "2020-06-30": 288.234, "2020-03-31": 6.311, "2019-12-31": -48.484, "2019-09-30": "-27.64600", "2019-06-30": -76.169, "2019-03-31": -701.819, "2018-12-31": 144.468, "2018-09-30": "245.13200", "2018-06-30": 148.7, "2018-03-31": 182.288, "2017-12-31": -247.303, "2017-09-30": "167.64600", "2017-06-30": 197.244, "2017-03-31": 18.774, "2016-12-31": -29.292, "2016-09-30": "-142.16300", "2016-06-30": 182.514, "2016-03-31": 39.383, "2015-12-31": 122.894, "2015-09-30": "-74.32800", "2015-06-30": 216.133, "2015-03-31": 37.027, "2014-12-31": -84.818, "2014-09-30": "38.82200", "2014-06-30": -145.362, "2014-03-31": -17.159, "2013-12-31": -111.567, "2013-09-30": "-80.44100", "2013-06-30": 51.189, "2013-03-31": 166.888, "2012-12-31": 57.371, "2012-09-30": "-41.35200", "2012-06-30": -12.619, "2012-03-31": -61.073, "2011-12-31": 79.039, "2011-09-30": "34.61800", "2011-06-30": 72.571, "2011-03-31": 42.654, "2010-12-31": 57.72, "2010-09-30": "8.46600", "2010-06-30": -13.587, "2010-03-31": 12.061, "2009-12-31": -9.395, "2009-09-30": "15.87200", "2009-06-30": -139.962, "2009-03-31": 8.599, "2008-12-31": -77.129, "2008-09-30": "-394.64700", "2008-06-30": 564.624, "2008-03-31": 15.839, "2007-12-31": 33.592, "2007-09-30": "-208.46000", "2007-06-30": 118.095, "2007-03-31": -258.968, "2006-12-31": -336.585, "2006-09-30": "70.77800", "2006-06-30": 167.196, "2006-03-31": 24.802, "2005-12-31": 188.671, "2005-09-30": "85.35900", "2005-06-30": 312.266, "2005-03-31": -2.985}, "Stock-Based Compensation": {"2020-12-31": 26.827, "2020-09-30": "26.99200", "2020-06-30": 26.378, "2020-03-31": 31.27, "2019-12-31": 26.789, "2019-09-30": "26.94400", "2019-06-30": 28.168, "2019-03-31": 34.193, "2018-12-31": 15.695, "2018-09-30": "16.13800", "2018-06-30": 18.804, "2018-03-31": 16.21, "2017-12-31": 13.739, "2017-09-30": "14.03100", "2017-06-30": 14.485, "2017-03-31": 12.536, "2016-12-31": 12.444, "2016-09-30": "11.47800", "2016-06-30": 12.292, "2016-03-31": 9.185, "2015-12-31": 11.325, "2015-09-30": "12.24800", "2015-06-30": 12.204, "2015-03-31": 12.767, "2014-12-31": 14.848, "2014-09-30": "15.48300", "2014-06-30": 14.128, "2014-03-31": 12.723, "2013-12-31": 14.87, "2013-09-30": "19.21900", "2013-06-30": 17.606, "2013-03-31": 18.536, "2012-12-31": 14.958, "2012-09-30": "18.98400", "2012-06-30": 17.779, "2012-03-31": 20.914, "2011-12-31": 19.646, "2011-09-30": "20.49600", "2011-06-30": 18.939, "2011-03-31": 18.847, "2010-12-31": 19.431, "2010-09-30": "24.21300", "2010-06-30": 23.459, "2010-03-31": 21.469, "2009-12-31": 20.855, "2009-09-30": "20.19900", "2009-06-30": 26.092, "2009-03-31": 22.758, "2008-12-31": 22.303, "2008-09-30": "34.38200", "2008-06-30": 29.279, "2008-03-31": 25.854, "2007-12-31": 23.252, "2007-09-30": "28.08300", "2007-06-30": 26.394, "2007-03-31": 20.126, "2006-12-31": 16.068, "2006-09-30": "37.04700", "2006-06-30": 37.816, "2006-03-31": 48.361, "2005-12-31": 38.838, "2005-09-30": "39.72700", "2005-06-30": 35.085, "2005-03-31": 1.917}, "Common Stock Dividends Paid": {"2020-12-31": -139.584, "2020-09-30": "-141.16400", "2020-06-30": -132.762, "2020-03-31": -133.327, "2019-12-31": -134.696, "2019-09-30": "-121.63600", "2019-06-30": -121.363, "2019-03-31": -113.581, "2018-12-31": -114.562, "2018-09-30": "-122.75700", "2018-06-30": -117.035, "2018-03-31": -92.128, "2017-12-31": -92.575, "2017-09-30": "-100.32700", "2017-06-30": -84.637, "2017-03-31": -85.514, "2016-12-31": -84.529, "2016-09-30": "-89.31300", "2016-06-30": -81.12, "2016-03-31": -82.109, "2015-12-31": -81.38, "2015-09-30": "-101.67400", "2015-06-30": -79.653, "2015-03-31": -82.25, "2014-12-31": -2796.739, "2014-09-30": "-82.41300", "2014-06-30": -74.466, "2014-03-31": -74.805, "2013-12-31": -74.983, "2013-09-30": "-74.61700", "2013-06-30": -66.181, "2013-03-31": -66.561, "2012-12-31": -66.522, "2012-09-30": "-66.62900", "2012-06-30": -58.476, "2012-03-31": -58.524, "2011-12-31": -58.101, "2011-09-30": "-58.46000", "2011-06-30": -41.862, "2011-03-31": -41.942, "2010-12-31": -41.809, "2010-09-30": "-41.78500", "2010-06-30": -25.386, "2010-03-31": -25.731, "2009-12-31": -25.686, "2009-09-30": "-25.60600", "2009-06-30": -25.49, "2009-03-31": -25.484, "2008-12-31": -25.335, "2008-09-30": "-25.84000", "2008-06-30": -26.354, "2008-03-31": -26.557, "2007-12-31": -27.151, "2007-09-30": "-28.45900", "2007-06-30": -23.037, "2007-03-31": -23.893, "2006-12-31": -23.967, "2006-09-30": "-24.16000", "2006-06-30": -23.887, "2006-03-31": -24.011, "2005-12-31": -23.741, "2005-09-30": "-23.70900", "2005-06-30": -23.644, "2005-03-31": 0}}, "financial ratios": {"Current Ratio": {"2020-06-30": "2.77890", "2019-06-30": "2.44000", "2018-06-30": "3.74630", "2017-06-30": "3.39640", "2016-06-30": "3.85870", "2015-06-30": "3.89770", "2014-06-30": "5.12060", "2013-06-30": "5.05090", "2012-06-30": "4.82560", "2011-06-30": "4.18270", "2010-06-30": "3.67390", "2009-06-30": "4.38520", "2008-06-30": "3.19440", "2007-06-30": "3.23480", "2006-06-30": "3.58810", "2005-06-30": "3.41830"}, "Long-term Debt / Capital": {"2020-06-30": "0.56410", "2019-06-30": "0.54240", "2018-06-30": "0.58000", "2017-06-30": "0.66900", "2016-06-30": "0.81610", "2015-06-30": "0.88280", "2014-06-30": "0.16880", "2013-06-30": "0.17670", "2012-06-30": "0.18380", "2011-06-30": "0.20690", "2010-06-30": "0.24920", "2009-06-30": "0.25440", "2008-06-30": "0.19980", "2007-06-30": "", "2006-06-30": "", "2005-06-30": ""}, "Debt/Equity Ratio": {"2020-06-30": "1.29420", "2019-06-30": "1.27850", "2018-06-30": "1.38070", "2017-06-30": "2.20930", "2016-06-30": "4.43750", "2015-06-30": "7.57030", "2014-06-30": "0.20310", "2013-06-30": "0.21460", "2012-06-30": "0.22520", "2011-06-30": "0.26090", "2010-06-30": "0.33190", "2009-06-30": "0.34110", "2008-06-30": "0.24970", "2007-06-30": "", "2006-06-30": "", "2005-06-30": ""}, "Gross Margin": {"2020-06-30": "57.81290", "2019-06-30": "59.08480", "2018-06-30": "64.17770", "2017-06-30": "63.04000", "2016-06-30": "61.01880", "2015-06-30": "56.81560", "2014-06-30": "57.91090", "2013-06-30": "56.47040", "2012-06-30": "58.06940", "2011-06-30": "60.34090", "2010-06-30": "55.20210", "2009-06-30": "43.11180", "2008-06-30": "54.99670", "2007-06-30": "56.44450", "2006-06-30": "54.50210", "2005-06-30": "58.16280"}, "Operating Margin": {"2020-06-30": "25.87140", "2019-06-30": "30.40930", "2018-06-30": "38.14560", "2017-06-30": "36.74990", "2016-06-30": "32.18120", "2015-06-30": "23.50140", "2014-06-30": "26.35580", "2013-06-30": "25.66800", "2012-06-30": "32.04110", "2011-06-30": "36.54390", "2010-06-30": "17.25470", "2009-06-30": "-38.01700", "2008-06-30": "19.80300", "2007-06-30": "21.59720", "2006-06-30": "14.96120", "2005-06-30": "26.18410"}, "EBIT Margin": {"2020-06-30": "25.87140", "2019-06-30": "30.40930", "2018-06-30": "38.14560", "2017-06-30": "36.74990", "2016-06-30": "32.18120", "2015-06-30": "23.50140", "2014-06-30": "26.35580", "2013-06-30": "25.66800", "2012-06-30": "32.04110", "2011-06-30": "36.54390", "2010-06-30": "17.25470", "2009-06-30": "-38.01700", "2008-06-30": "19.80300", "2007-06-30": "21.59720", "2006-06-30": "14.96120", "2005-06-30": "26.18410"}, "EBITDA Margin": {"2020-06-30": "36.28570", "2019-06-30": "35.51390", "2018-06-30": "39.69850", "2017-06-30": "38.41180", "2016-06-30": "34.42380", "2015-06-30": "26.36330", "2014-06-30": "29.19160", "2013-06-30": "28.74720", "2012-06-30": "34.94570", "2011-06-30": "39.25380", "2010-06-30": "22.88400", "2009-06-30": "0.69250", "2008-06-30": "25.35720", "2007-06-30": "28.07190", "2006-06-30": "18.31460", "2005-06-30": "29.55370"}, "Pre-Tax Profit Margin": {"2020-06-30": "22.67680", "2019-06-30": "28.37070", "2018-06-30": "36.06740", "2017-06-30": "33.71380", "2016-06-30": "28.75500", "2015-06-30": "15.42730", "2014-06-30": "25.07200", "2013-06-30": "24.29390", "2012-06-30": "30.70970", "2011-06-30": "34.96090", "2010-06-30": "15.99230", "2009-06-30": "-39.63460", "2008-06-30": "22.21640", "2007-06-30": "24.79600", "2006-06-30": "18.24850", "2005-06-30": "28.00720"}, "Net Profit Margin": {"2020-06-30": "20.95580", "2019-06-30": "25.73080", "2018-06-30": "19.87430", "2017-06-30": "26.61130", "2016-06-30": "23.60270", "2015-06-30": "13.01180", "2014-06-30": "19.89330", "2013-06-30": "19.10630", "2012-06-30": "23.83440", "2011-06-30": "25.02190", "2010-06-30": "11.66000", "2009-06-30": "-34.42720", "2008-06-30": "14.23960", "2007-06-30": "19.33560", "2006-06-30": "18.37380", "2005-06-30": "21.37730"}, "Asset Turnover": {"2020-06-30": "0.62570", "2019-06-30": "0.50720", "2018-06-30": "0.71590", "2017-06-30": "0.62910", "2016-06-30": "0.60140", "2015-06-30": "0.58310", "2014-06-30": "0.52920", "2013-06-30": "0.53770", "2012-06-30": "0.62190", "2011-06-30": "0.67910", "2010-06-30": "0.46600", "2009-06-30": "0.42120", "2008-06-30": "0.52010", "2007-06-30": "0.59080", "2006-06-30": "0.45250", "2005-06-30": "0.51520"}, "Inventory Turnover Ratio": {"2020-06-30": "1.86850", "2019-06-30": "1.48070", "2018-06-30": "1.55180", "2017-06-30": "1.75480", "2016-06-30": "1.66520", "2015-06-30": "1.96670", "2014-06-30": "1.87820", "2013-06-30": "1.95040", "2012-06-30": "2.04370", "2011-06-30": "2.18720", "2010-06-30": "2.03040", "2009-06-30": "2.33610", "2008-06-30": "2.47000", "2007-06-30": "2.22200", "2006-06-30": "2.09750", "2005-06-30": "2.42050"}, "Receiveable Turnover": {"2020-06-30": "5.24320", "2019-06-30": "4.61450", "2018-06-30": "6.19430", "2017-06-30": "6.09330", "2016-06-30": "4.86680", "2015-06-30": "4.80630", "2014-06-30": "5.94370", "2013-06-30": "5.41880", "2012-06-30": "4.52310", "2011-06-30": "5.44370", "2010-06-30": "4.13690", "2009-06-30": "7.23420", "2008-06-30": "5.12040", "2007-06-30": "4.69690", "2006-06-30": "4.70710", "2005-06-30": "6.24780"}, "Days Sales In Receivables": {"2020-06-30": "69.61350", "2019-06-30": "79.09800", "2018-06-30": "58.92500", "2017-06-30": "59.90140", "2016-06-30": "74.99770", "2015-06-30": "75.94230", "2014-06-30": "61.41000", "2013-06-30": "67.35750", "2012-06-30": "80.69730", "2011-06-30": "67.04960", "2010-06-30": "88.23000", "2009-06-30": "50.45480", "2008-06-30": "71.28400", "2007-06-30": "77.71140", "2006-06-30": "77.54320", "2005-06-30": "58.42060"}, "ROE - Return On Equity": {"2020-06-30": "45.31970", "2019-06-30": "43.88170", "2018-06-30": "49.50690", "2017-06-30": "69.81790", "2016-06-30": "102.22140", "2015-06-30": "86.88280", "2014-06-30": "15.88170", "2013-06-30": "15.59810", "2012-06-30": "22.80180", "2011-06-30": "27.77060", "2010-06-30": "9.44980", "2009-06-30": "-23.95940", "2008-06-30": "12.04280", "2007-06-30": "14.87580", "2006-06-30": "10.66290", "2005-06-30": "14.37190"}, "Return On Tangible Equity": {"2020-06-30": "-160.75900", "2019-06-30": "-107.32360", "2018-06-30": "64.36240", "2017-06-30": "96.67490", "2016-06-30": "201.49010", "2015-06-30": "492.93650", "2014-06-30": "17.62560", "2013-06-30": "17.40300", "2012-06-30": "25.78280", "2011-06-30": "32.47000", "2010-06-30": "11.78610", "2009-06-30": "-30.67930", "2008-06-30": "17.24640", "2007-06-30": "17.24260", "2006-06-30": "10.87740", "2005-06-30": "14.37190"}, "ROA - Return On Assets": {"2020-06-30": "13.09300", "2019-06-30": "13.04340", "2018-06-30": "14.22800", "2017-06-30": "16.73980", "2016-06-30": "14.19510", "2015-06-30": "7.58720", "2014-06-30": "10.52690", "2013-06-30": "10.27260", "2012-06-30": "14.82290", "2011-06-30": "16.99250", "2010-06-30": "5.43380", "2009-06-30": "-14.49960", "2008-06-30": "7.40620", "2007-06-30": "11.42270", "2006-06-30": "8.31420", "2005-06-30": "11.01440"}, "ROI - Return On Investment": {"2020-06-30": "19.75430", "2019-06-30": "20.08210", "2018-06-30": "20.79530", "2017-06-30": "23.11210", "2016-06-30": "18.79940", "2015-06-30": "10.18560", "2014-06-30": "13.20110", "2013-06-30": "12.84180", "2012-06-30": "18.60990", "2011-06-30": "22.02520", "2010-06-30": "7.09470", "2009-06-30": "-17.86490", "2008-06-30": "9.63620", "2007-06-30": "14.87580", "2006-06-30": "10.66290", "2005-06-30": "14.37190"}, "Book Value Per Share": {"2020-06-30": "17.24560", "2019-06-30": "16.79070", "2018-06-30": "10.38470", "2017-06-30": "8.45710", "2016-06-30": "4.41870", "2015-06-30": "2.66990", "2014-06-30": "22.17820", "2013-06-30": "21.04850", "2012-06-30": "19.88840", "2011-06-30": "17.11900", "2010-06-30": "13.36930", "2009-06-30": "12.79900", "2008-06-30": "17.13260", "2007-06-30": "18.55130", "2006-06-30": "17.91660", "2005-06-30": "15.74920"}, "Operating Cash Flow Per Share": {"2020-06-30": 3.9142, "2019-06-30": -0.466, "2018-06-30": 0.9542, "2017-06-30": 2.0102, "2016-06-30": 1.1443, "2015-06-30": -0.9317, "2014-06-30": -0.7622, "2013-06-30": -0.1389, "2012-06-30": 0.702, "2011-06-30": 2.2442, "2010-06-30": 1.4385, "2009-06-30": -2.4467, "2008-06-30": 0.6384, "2007-06-30": 1.4135, "2006-06-30": -0.9753, "2005-06-30": 2.5195}, "Free Cash Flow Per Share": {"2020-06-30": 3.7794, "2019-06-30": -0.8721, "2018-06-30": 0.7551, "2017-06-30": 1.9412, "2016-06-30": 1.2667, "2015-06-30": -0.8327, "2014-06-30": -0.7112, "2013-06-30": -0.2432, "2012-06-30": 0.5701, "2011-06-30": 2.1912, "2010-06-30": 1.3004, "2009-06-30": -2.5113, "2008-06-30": 1.115, "2007-06-30": 1.3607, "2006-06-30": -1.0402, "2005-06-30": 2.2228}}, "financial ratios, quarterly": {"Current Ratio": {"2020-12-31": "2.58550", "2020-09-30": "2.71880", "2020-06-30": "2.77890", "2020-03-31": "2.61210", "2019-12-31": "2.54760", "2019-09-30": "2.24120", "2019-06-30": "2.44000", "2019-03-31": "2.61200", "2018-12-31": "3.02560", "2018-09-30": "3.44870", "2018-06-30": "3.74630", "2018-03-31": "3.78240", "2017-12-31": "3.73240", "2017-09-30": "3.11010", "2017-06-30": "3.39640", "2017-03-31": "3.40490", "2016-12-31": "3.39440", "2016-09-30": "4.03100", "2016-06-30": "3.85870", "2016-03-31": "3.91550", "2015-12-31": "4.29290", "2015-09-30": "4.01580", "2015-06-30": "3.89770", "2015-03-31": "4.06210", "2014-12-31": "4.29380", "2014-09-30": "5.42790", "2014-06-30": "5.12060", "2014-03-31": "5.11730", "2013-12-31": "4.85730", "2013-09-30": "5.21460", "2013-06-30": "5.05090", "2013-03-31": "5.19950", "2012-12-31": "5.29120", "2012-09-30": "5.26100", "2012-06-30": "4.82560", "2012-03-31": "4.57080", "2011-12-31": "4.51700", "2011-09-30": "4.89900", "2011-06-30": "4.18270", "2011-03-31": "4.00460", "2010-12-31": "3.93770", "2010-09-30": "3.84140", "2010-06-30": "3.67390", "2010-03-31": "3.89590", "2009-12-31": "4.21990", "2009-09-30": "4.10120", "2009-06-30": "4.38520", "2009-03-31": "3.96730", "2008-12-31": "3.70300", "2008-09-30": "3.38740", "2008-06-30": "3.19440", "2008-03-31": "2.82210", "2007-12-31": "2.98900", "2007-09-30": "2.93550", "2007-06-30": "3.23480", "2007-03-31": "2.86260", "2006-12-31": "3.45640", "2006-09-30": "3.87390", "2006-06-30": "3.58810", "2006-03-31": "3.76500", "2005-12-31": "3.89480", "2005-09-30": "3.76260", "2005-06-30": "3.41830", "2005-03-31": "3.34430"}, "Long-term Debt / Capital": {"2020-12-31": "0.53840", "2020-09-30": "0.55320", "2020-06-30": "0.56410", "2020-03-31": "0.59700", "2019-12-31": "0.55850", "2019-09-30": "0.54220", "2019-06-30": "0.54240", "2019-03-31": "0.52370", "2018-12-31": "0.55450", "2018-09-30": "0.58810", "2018-06-30": "0.58000", "2018-03-31": "0.64250", "2017-12-31": "0.66980", "2017-09-30": "0.63300", "2017-06-30": "0.66900", "2017-03-31": "0.70220", "2016-12-31": "0.73880", "2016-09-30": "0.79430", "2016-06-30": "0.81610", "2016-03-31": "0.86670", "2015-12-31": "0.89550", "2015-09-30": "0.91450", "2015-06-30": "0.88280", "2015-03-31": "0.86630", "2014-12-31": "0.84200", "2014-09-30": "0.17490", "2014-06-30": "0.16880", "2014-03-31": "0.17040", "2013-12-31": "0.17400", "2013-09-30": "0.17640", "2013-06-30": "0.17670", "2013-03-31": "0.17820", "2012-12-31": "0.18190", "2012-09-30": "0.18220", "2012-06-30": "0.18380", "2012-03-31": "0.19120", "2011-12-31": "0.20100", "2011-09-30": "0.20280", "2011-06-30": "0.20690", "2011-03-31": "0.21820", "2010-12-31": "0.23220", "2010-09-30": "0.24160", "2010-06-30": "0.24920", "2010-03-31": "0.25150", "2009-12-31": "0.25080", "2009-09-30": "0.25250", "2009-06-30": "0.25440", "2009-03-31": "0.25560", "2008-12-31": "0.24570", "2008-09-30": "0.21250", "2008-06-30": "0.19980", "2008-03-31": "", "2007-12-31": "", "2007-09-30": "", "2007-06-30": "", "2007-03-31": "", "2006-12-31": "", "2006-09-30": "", "2006-06-30": "", "2006-03-31": "", "2005-12-31": "", "2005-09-30": "", "2005-06-30": "", "2005-03-31": ""}, "Debt/Equity Ratio": {"2020-12-31": "1.17330", "2020-09-30": "1.23820", "2020-06-30": "1.29420", "2020-03-31": "1.48110", "2019-12-31": "1.26480", "2019-09-30": "1.27780", "2019-06-30": "1.27850", "2019-03-31": "1.18610", "2018-12-31": "1.40110", "2018-09-30": "1.42780", "2018-06-30": "1.38070", "2018-03-31": "1.79680", "2017-12-31": "2.02870", "2017-09-30": "1.89540", "2017-06-30": "2.20930", "2017-03-31": "2.57540", "2016-12-31": "3.08690", "2016-09-30": "3.86250", "2016-06-30": "4.43750", "2016-03-31": "6.49910", "2015-12-31": "8.56530", "2015-09-30": "10.70180", "2015-06-30": "7.57030", "2015-03-31": "6.55300", "2014-12-31": "5.39090", "2014-09-30": "0.21190", "2014-06-30": "0.20310", "2014-03-31": "0.20540", "2013-12-31": "0.21060", "2013-09-30": "0.21410", "2013-06-30": "0.21460", "2013-03-31": "0.21680", "2012-12-31": "0.22230", "2012-09-30": "0.22280", "2012-06-30": "0.22520", "2012-03-31": "0.23640", "2011-12-31": "0.25150", "2011-09-30": "0.25440", "2011-06-30": "0.26090", "2011-03-31": "0.27910", "2010-12-31": "0.30250", "2010-09-30": "0.31860", "2010-06-30": "0.33190", "2010-03-31": "0.33600", "2009-12-31": "0.33480", "2009-09-30": "0.33780", "2009-06-30": "0.34110", "2009-03-31": "0.34340", "2008-12-31": "0.32570", "2008-09-30": "0.26980", "2008-06-30": "0.24970", "2008-03-31": "", "2007-12-31": "", "2007-09-30": "", "2007-06-30": "", "2007-03-31": "", "2006-12-31": "", "2006-09-30": "", "2006-06-30": "", "2006-03-31": "", "2005-12-31": "", "2005-09-30": "", "2005-06-30": "", "2005-03-31": ""}, "Gross Margin": {"2020-12-31": "59.43150", "2020-09-30": "59.66760", "2020-06-30": "57.41660", "2020-03-31": "58.55530", "2019-12-31": "58.02330", "2019-09-30": "57.24950", "2019-06-30": "52.89510", "2019-03-31": "55.62380", "2018-12-31": "63.54490", "2018-09-30": "65.11470", "2018-06-30": "64.71360", "2018-03-31": "63.93240", "2017-12-31": "64.44000", "2017-09-30": "63.58050", "2017-06-30": "63.07480", "2017-03-31": "62.43480", "2016-12-31": "63.67750", "2016-09-30": "62.98840", "2016-06-30": "63.27470", "2016-03-31": "61.45620", "2015-12-31": "60.43900", "2015-09-30": "57.94810", "2015-06-30": "57.25860", "2015-03-31": "56.62830", "2014-12-31": "58.12670", "2014-09-30": "55.13040", "2014-06-30": "55.51600", "2014-03-31": "58.77510", "2013-12-31": "59.46640", "2013-09-30": "57.82450", "2013-06-30": "57.38970", "2013-03-31": "57.54520", "2012-12-31": "54.84300", "2012-09-30": "55.98430", "2012-06-30": "59.47590", "2012-03-31": "57.74660", "2011-12-31": "57.53110", "2011-09-30": "57.26810", "2011-06-30": "60.08920", "2011-03-31": "60.71070", "2010-12-31": "59.36490", "2010-09-30": "61.31430", "2010-06-30": "59.25790", "2010-03-31": "56.39440", "2009-12-31": "52.92750", "2009-09-30": "49.83990", "2009-06-30": "41.52050", "2009-03-31": "32.42410", "2008-12-31": "39.94610", "2008-09-30": "52.52450", "2008-06-30": "55.28210", "2008-03-31": "52.56710", "2007-12-31": "56.09080", "2007-09-30": "55.86090", "2007-06-30": "57.22920", "2007-03-31": "57.17010", "2006-12-31": "54.13740", "2006-09-30": "57.08060", "2006-06-30": "50.92460", "2006-03-31": "56.39840", "2005-12-31": "55.66480", "2005-09-30": "55.57420", "2005-06-30": "55.80440", "2005-03-31": "59.04110"}, "Operating Margin": {"2020-12-31": "34.53720", "2020-09-30": "34.21180", "2020-06-30": "31.04690", "2020-03-31": "12.35730", "2019-12-31": "30.66220", "2019-09-30": "29.02530", "2019-06-30": "21.36780", "2019-03-31": "22.17190", "2018-12-31": "38.68860", "2018-09-30": "40.60380", "2018-06-30": "39.64130", "2018-03-31": "37.84040", "2017-12-31": "37.59450", "2017-09-30": "37.37130", "2017-06-30": "37.46210", "2017-03-31": "37.65700", "2016-12-31": "38.08190", "2016-09-30": "33.19900", "2016-06-30": "38.11610", "2016-03-31": "32.96280", "2015-12-31": "30.19540", "2015-09-30": "25.02070", "2015-06-30": "26.77230", "2015-03-31": "26.40440", "2014-12-31": "22.87460", "2014-09-30": "16.97820", "2014-06-30": "23.56040", "2014-03-31": "31.40490", "2013-12-31": "26.65920", "2013-09-30": "22.77120", "2013-06-30": "26.05920", "2013-03-31": "27.74180", "2012-12-31": "22.77040", "2012-09-30": "25.88520", "2012-06-30": "35.66520", "2012-03-31": "33.82120", "2011-12-31": "24.81980", "2011-09-30": "31.92680", "2011-06-30": "38.55380", "2011-03-31": "37.38090", "2010-12-31": "35.08500", "2010-09-30": "34.53050", "2010-06-30": "28.75160", "2010-03-31": "19.08410", "2009-12-31": "10.69480", "2009-09-30": "4.36260", "2009-06-30": "-12.42160", "2009-03-31": "-23.34570", "2008-12-31": "-127.49500", "2008-09-30": "6.56100", "2008-06-30": "17.50670", "2008-03-31": "20.78980", "2007-12-31": "14.70420", "2007-09-30": "25.58050", "2007-06-30": "23.74620", "2007-03-31": "25.50310", "2006-12-31": "12.06880", "2006-09-30": "24.46760", "2006-06-30": "12.93180", "2006-03-31": "16.34320", "2005-12-31": "15.37770", "2005-09-30": "15.48550", "2005-06-30": "15.92120", "2005-03-31": "28.59010"}, "EBIT Margin": {"2020-12-31": "34.53720", "2020-09-30": "34.21180", "2020-06-30": "31.04690", "2020-03-31": "12.35730", "2019-12-31": "30.66220", "2019-09-30": "29.02530", "2019-06-30": "21.36780", "2019-03-31": "22.17190", "2018-12-31": "38.68860", "2018-09-30": "40.60380", "2018-06-30": "39.64130", "2018-03-31": "37.84040", "2017-12-31": "37.59450", "2017-09-30": "37.37130", "2017-06-30": "37.46210", "2017-03-31": "37.65700", "2016-12-31": "38.08190", "2016-09-30": "33.19900", "2016-06-30": "38.11610", "2016-03-31": "32.96280", "2015-12-31": "30.19540", "2015-09-30": "25.02070", "2015-06-30": "26.77230", "2015-03-31": "26.40440", "2014-12-31": "22.87460", "2014-09-30": "16.97820", "2014-06-30": "23.56030", "2014-03-31": "31.40490", "2013-12-31": "26.65920", "2013-09-30": "22.77120", "2013-06-30": "26.05920", "2013-03-31": "27.74180", "2012-12-31": "22.77040", "2012-09-30": "25.88520", "2012-06-30": "35.66520", "2012-03-31": "33.82120", "2011-12-31": "24.81980", "2011-09-30": "31.92680", "2011-06-30": "38.55380", "2011-03-31": "37.38090", "2010-12-31": "35.08500", "2010-09-30": "34.53050", "2010-06-30": "28.75160", "2010-03-31": "19.08410", "2009-12-31": "10.69480", "2009-09-30": "4.36260", "2009-06-30": "-12.42160", "2009-03-31": "-23.34570", "2008-12-31": "-127.49500", "2008-09-30": "6.56100", "2008-06-30": "17.50670", "2008-03-31": "20.78980", "2007-12-31": "14.70420", "2007-09-30": "25.58050", "2007-06-30": "23.74620", "2007-03-31": "25.50310", "2006-12-31": "12.06880", "2006-09-30": "24.46760", "2006-06-30": "12.93180", "2006-03-31": "16.34320", "2005-12-31": "15.37770", "2005-09-30": "15.48550", "2005-06-30": "15.92130", "2005-03-31": "28.59010"}, "EBITDA Margin": {"2020-12-31": "", "2020-09-30": "", "2020-06-30": "", "2020-03-31": "", "2019-12-31": "", "2019-09-30": "", "2019-06-30": "", "2019-03-31": "", "2018-12-31": "", "2018-09-30": "", "2018-06-30": "", "2018-03-31": "", "2017-12-31": "", "2017-09-30": "", "2017-06-30": "", "2017-03-31": "", "2016-12-31": "", "2016-09-30": "", "2016-06-30": "", "2016-03-31": "", "2015-12-31": "", "2015-09-30": "", "2015-06-30": "", "2015-03-31": "", "2014-12-31": "", "2014-09-30": "", "2014-06-30": "", "2014-03-31": "", "2013-12-31": "", "2013-09-30": "", "2013-06-30": "", "2013-03-31": "", "2012-12-31": "", "2012-09-30": "", "2012-06-30": "", "2012-03-31": "", "2011-12-31": "", "2011-09-30": "", "2011-06-30": "", "2011-03-31": "", "2010-12-31": "", "2010-09-30": "", "2010-06-30": "", "2010-03-31": "", "2009-12-31": "", "2009-09-30": "", "2009-06-30": "", "2009-03-31": "", "2008-12-31": "", "2008-09-30": "", "2008-06-30": "", "2008-03-31": "", "2007-12-31": "", "2007-09-30": "", "2007-06-30": "", "2007-03-31": "", "2006-12-31": "", "2006-09-30": "", "2006-06-30": "", "2006-03-31": "", "2005-12-31": "", "2005-09-30": "", "2005-06-30": "", "2005-03-31": ""}, "Pre-Tax Profit Margin": {"2020-12-31": "31.94690", "2020-09-30": "31.44420", "2020-06-30": "27.75220", "2020-03-31": "8.09000", "2019-12-31": "28.15110", "2019-09-30": "26.28500", "2019-06-30": "18.38080", "2019-03-31": "20.17570", "2018-12-31": "37.14290", "2018-09-30": "39.10950", "2018-06-30": "37.98950", "2018-03-31": "35.83520", "2017-12-31": "35.59120", "2017-09-30": "34.66980", "2017-06-30": "34.62770", "2017-03-31": "34.92510", "2016-12-31": "34.99260", "2016-09-30": "29.60280", "2016-06-30": "35.73730", "2016-03-31": "29.46680", "2015-12-31": "26.11420", "2015-09-30": "20.89790", "2015-06-30": "23.12980", "2015-03-31": "22.54070", "2014-12-31": "-0.92670", "2014-09-30": "15.40000", "2014-06-30": "22.68780", "2014-03-31": "30.21240", "2013-12-31": "25.06560", "2013-09-30": "21.24510", "2013-06-30": "24.59470", "2013-03-31": "26.35220", "2012-12-31": "21.52630", "2012-09-30": "24.49560", "2012-06-30": "34.27500", "2012-03-31": "32.60280", "2011-12-31": "22.86550", "2011-09-30": "31.04450", "2011-06-30": "37.43040", "2011-03-31": "36.15090", "2010-12-31": "32.77860", "2010-09-30": "32.72730", "2010-06-30": "26.83180", "2010-03-31": "16.78260", "2009-12-31": "8.63300", "2009-09-30": "6.65100", "2009-06-30": "-16.47450", "2009-03-31": "-24.92380", "2008-12-31": "-130.63980", "2008-09-30": "7.34540", "2008-06-30": "16.50890", "2008-03-31": "26.76920", "2007-12-31": "16.79130", "2007-09-30": "28.10190", "2007-06-30": "26.65710", "2007-03-31": "28.40960", "2006-12-31": "15.55840", "2006-09-30": "28.03580", "2006-06-30": "16.39980", "2006-03-31": "19.65790", "2005-12-31": "18.79890", "2005-09-30": "18.39220", "2005-06-30": "19.17560", "2005-03-31": "29.93640"}, "Net Profit Margin": {"2020-12-31": "27.69760", "2020-09-30": "27.33400", "2020-06-30": "28.17590", "2020-03-31": "5.50940", "2019-12-31": "25.21150", "2019-09-30": "24.51690", "2019-06-30": "17.31080", "2019-03-31": "17.56370", "2018-12-31": "32.95840", "2018-09-30": "36.21680", "2018-06-30": "32.59490", "2018-03-31": "30.04830", "2017-12-31": "-13.76470", "2017-09-30": "28.97500", "2017-06-30": "27.29060", "2017-03-31": "27.74780", "2016-12-31": "27.17020", "2016-09-30": "23.72550", "2016-06-30": "29.54200", "2016-03-31": "24.67280", "2015-12-31": "21.43020", "2015-09-30": "16.32270", "2015-06-30": "18.77730", "2015-03-31": "17.82600", "2014-12-31": "2.99660", "2014-09-30": "11.23550", "2014-06-30": "17.53010", "2014-03-31": "24.48070", "2013-12-31": "19.74760", "2013-09-30": "16.89060", "2013-06-30": "18.71720", "2013-03-31": "22.82240", "2012-12-31": "15.84370", "2012-09-30": "18.78250", "2012-06-30": "27.77440", "2012-03-31": "24.43080", "2011-12-31": "17.24520", "2011-09-30": "24.10560", "2011-06-30": "27.45480", "2011-03-31": "25.15210", "2010-12-31": "24.20530", "2010-09-30": "22.59810", "2010-06-30": "20.21470", "2010-03-31": "11.92060", "2009-12-31": "4.94920", "2009-09-30": "5.95440", "2009-06-30": "-9.08550", "2009-03-31": "-26.75190", "2008-12-31": "-109.49720", "2008-09-30": "3.62230", "2008-06-30": "12.86790", "2008-03-31": "18.42850", "2007-12-31": "13.20180", "2007-09-30": "12.72080", "2007-06-30": "20.00880", "2007-03-31": "21.61170", "2006-12-31": "13.86930", "2006-09-30": "21.59680", "2006-06-30": "22.74060", "2006-03-31": "18.60570", "2005-12-31": "15.70800", "2005-09-30": "15.58810", "2005-06-30": "17.06860", "2005-03-31": "22.74010"}, "Asset Turnover": {"2020-12-31": "0.16820", "2020-09-30": "0.16510", "2020-06-30": "0.15730", "2020-03-31": "0.16100", "2019-12-31": "0.16320", "2019-09-30": "0.15310", "2019-06-30": "0.13970", "2019-03-31": "0.11940", "2018-12-31": "0.19980", "2018-09-30": "0.19370", "2018-06-30": "0.18980", "2018-03-31": "0.18240", "2017-12-31": "0.18050", "2017-09-30": "0.17040", "2017-06-30": "0.16970", "2017-03-31": "0.17160", "2016-12-31": "0.17210", "2016-09-30": "0.15030", "2016-06-30": "0.18520", "2016-03-31": "0.14900", "2015-12-31": "0.15530", "2015-09-30": "0.14060", "2015-06-30": "0.15670", "2015-03-31": "0.15060", "2014-12-31": "0.13560", "2014-09-30": "0.12130", "2014-06-30": "0.13270", "2014-03-31": "0.15160", "2013-12-31": "0.12960", "2013-09-30": "0.12460", "2013-06-30": "0.13620", "2013-03-31": "0.14030", "2012-12-31": "0.13280", "2012-09-30": "0.14230", "2012-06-30": "0.17500", "2012-03-31": "0.17040", "2011-12-31": "0.13670", "2011-09-30": "0.17450", "2011-06-30": "0.19090", "2011-03-31": "0.18750", "2010-12-31": "0.18380", "2010-09-30": "0.17050", "2010-06-30": "0.14320", "2010-03-31": "0.12620", "2009-12-31": "0.11820", "2009-09-30": "0.09320", "2009-06-30": "0.07800", "2009-03-31": "0.08510", "2008-12-31": "0.10280", "2008-09-30": "0.11880", "2008-06-30": "0.12180", "2008-03-31": "0.14650", "2007-12-31": "0.15310", "2007-09-30": "0.16530", "2007-06-30": "0.15930", "2007-03-31": "0.16500", "2006-12-31": "0.13410", "2006-09-30": "0.13420", "2006-06-30": "0.12650", "2006-03-31": "0.11910", "2005-12-31": "0.11710", "2005-09-30": "0.12010", "2005-06-30": "0.12090", "2005-03-31": "0.13680"}, "Inventory Turnover Ratio": {"2020-12-31": "0.47140", "2020-09-30": "0.44510", "2020-06-30": "0.47410", "2020-03-31": "0.46680", "2019-12-31": "0.50630", "2019-09-30": "0.48180", "2019-06-30": "0.46950", "2019-03-31": "0.36970", "2018-12-31": "0.40580", "2018-09-30": "0.38390", "2018-06-30": "0.40520", "2018-03-31": "0.42890", "2017-12-31": "0.44040", "2017-09-30": "0.46320", "2017-06-30": "0.47290", "2017-03-31": "0.49270", "2016-12-31": "0.47460", "2016-09-30": "0.39510", "2016-06-30": "0.48320", "2016-03-31": "0.38060", "2015-12-31": "0.40620", "2015-09-30": "0.41540", "2015-06-30": "0.52320", "2015-03-31": "0.50650", "2014-12-31": "0.42730", "2014-09-30": "0.42660", "2014-06-30": "0.49760", "2014-03-31": "0.50350", "2013-12-31": "0.43110", "2013-09-30": "0.42050", "2013-06-30": "0.48360", "2013-03-31": "0.47630", "2012-12-31": "0.45860", "2012-09-30": "0.45990", "2012-06-30": "0.55570", "2012-03-31": "0.54600", "2011-12-31": "0.42660", "2011-09-30": "0.55560", "2011-06-30": "0.61870", "2011-03-31": "0.58850", "2010-12-31": "0.61700", "2010-09-30": "0.56860", "2010-06-30": "0.56730", "2010-03-31": "0.55700", "2009-12-31": "0.58850", "2009-09-30": "0.49510", "2009-06-30": "0.44470", "2009-03-31": "0.50800", "2008-12-31": "0.50400", "2008-09-30": "0.50190", "2008-06-30": "0.57490", "2008-03-31": "0.64380", "2007-12-31": "0.57800", "2007-09-30": "0.61140", "2007-06-30": "0.58830", "2007-03-31": "0.57860", "2006-12-31": "0.52740", "2006-09-30": "0.55020", "2006-06-30": "0.63270", "2006-03-31": "0.51680", "2005-12-31": "0.52510", "2005-09-30": "0.54330", "2005-06-30": "0.60020", "2005-03-31": "0.62750"}, "Receiveable Turnover": {"2020-12-31": "1.35410", "2020-09-30": "1.49540", "2020-06-30": "1.31800", "2020-03-31": "1.27220", "2019-12-31": "1.26730", "2019-09-30": "1.32570", "2019-06-30": "1.27100", "2019-03-31": "1.14540", "2018-12-31": "1.70180", "2018-09-30": "1.81540", "2018-06-30": "1.64190", "2018-03-31": "1.54630", "2017-12-31": "1.31710", "2017-09-30": "1.45420", "2017-06-30": "1.64350", "2017-03-31": "1.24380", "2016-12-31": "1.32090", "2016-09-30": "1.14660", "2016-06-30": "1.49890", "2016-03-31": "1.14020", "2015-12-31": "1.66290", "2015-09-30": "1.39460", "2015-06-30": "1.29180", "2015-03-31": "1.16920", "2014-12-31": "1.07000", "2014-09-30": "1.44780", "2014-06-30": "1.49000", "2014-03-31": "1.49120", "2013-12-31": "1.23040", "2013-09-30": "1.49390", "2013-06-30": "1.37250", "2013-03-31": "1.60500", "2012-12-31": "1.11040", "2012-09-30": "1.34100", "2012-06-30": "1.27260", "2012-03-31": "1.31670", "2011-12-31": "1.18080", "2011-09-30": "1.72530", "2011-06-30": "1.53010", "2011-03-31": "1.47340", "2010-12-31": "1.44190", "2010-09-30": "1.36460", "2010-06-30": "1.27100", "2010-03-31": "1.48290", "2009-12-31": "1.47730", "2009-09-30": "1.40490", "2009-06-30": "1.33960", "2009-03-31": "1.28240", "2008-12-31": "1.19330", "2008-09-30": "1.43790", "2008-06-30": "1.19940", "2008-03-31": "1.05050", "2007-12-31": "1.09880", "2007-09-30": "1.11970", "2007-06-30": "1.26640", "2007-03-31": "1.43440", "2006-12-31": "1.44760", "2006-09-30": "1.51510", "2006-06-30": "1.31630", "2006-03-31": "1.13890", "2005-12-31": "1.31140", "2005-09-30": "1.57640", "2005-06-30": "1.46640", "2005-03-31": "1.21650"}, "Days Sales In Receivables": {"2020-12-31": "66.46620", "2020-09-30": "60.18350", "2020-06-30": "68.28420", "2020-03-31": "70.74170", "2019-12-31": "71.01460", "2019-09-30": "67.89020", "2019-06-30": "70.81030", "2019-03-31": "78.57560", "2018-12-31": "52.88630", "2018-09-30": "49.57550", "2018-06-30": "54.81380", "2018-03-31": "58.20160", "2017-12-31": "68.33340", "2017-09-30": "61.88900", "2017-06-30": "54.76020", "2017-03-31": "72.36140", "2016-12-31": "68.13510", "2016-09-30": "78.49340", "2016-06-30": "60.04430", "2016-03-31": "78.93180", "2015-12-31": "54.12270", "2015-09-30": "64.53520", "2015-06-30": "69.67110", "2015-03-31": "76.97750", "2014-12-31": "84.10940", "2014-09-30": "62.16250", "2014-06-30": "60.40460", "2014-03-31": "60.35300", "2013-12-31": "73.14540", "2013-09-30": "60.24370", "2013-06-30": "65.57330", "2013-03-31": "56.07480", "2012-12-31": "81.05420", "2012-09-30": "67.11640", "2012-06-30": "70.72010", "2012-03-31": "68.35490", "2011-12-31": "76.21820", "2011-09-30": "52.16430", "2011-06-30": "58.82120", "2011-03-31": "61.08230", "2010-12-31": "62.41560", "2010-09-30": "65.95220", "2010-06-30": "70.80790", "2010-03-31": "60.69170", "2009-12-31": "60.91990", "2009-09-30": "64.06180", "2009-06-30": "67.18560", "2009-03-31": "70.17900", "2008-12-31": "75.42260", "2008-09-30": "62.59170", "2008-06-30": "75.03700", "2008-03-31": "85.67570", "2007-12-31": "81.90460", "2007-09-30": "80.38200", "2007-06-30": "71.06990", "2007-03-31": "62.74270", "2006-12-31": "62.17260", "2006-09-30": "59.40340", "2006-06-30": "68.37380", "2006-03-31": "79.02640", "2005-12-31": "68.62790", "2005-09-30": "57.09210", "2005-06-30": "61.37360", "2005-03-31": "73.98380"}, "ROE - Return On Equity": {"2020-12-31": "15.48930", "2020-09-30": "15.20960", "2020-06-30": "15.30450", "2020-03-31": "3.35490", "2019-12-31": "14.14840", "2019-09-30": "12.92710", "2019-06-30": "8.11620", "2019-03-31": "6.67610", "2018-12-31": "23.10310", "2018-09-30": "25.26170", "2018-06-30": "21.52200", "2018-03-31": "22.39770", "2017-12-31": "-10.95920", "2017-09-30": "19.19020", "2017-06-30": "19.31230", "2017-03-31": "22.10050", "2016-12-31": "24.68680", "2016-09-30": "22.78940", "2016-06-30": "39.40440", "2016-03-31": "36.88360", "2015-12-31": "41.62930", "2015-09-30": "35.62580", "2015-06-30": "33.69860", "2015-03-31": "26.65060", "2014-12-31": "3.36600", "2014-09-30": "2.04640", "2014-06-30": "3.50830", "2014-03-31": "5.59300", "2013-12-31": "3.92220", "2013-09-30": "3.18510", "2013-06-30": "3.87030", "2013-03-31": "4.82770", "2012-12-31": "3.17240", "2012-09-30": "4.03800", "2012-06-30": "7.47610", "2012-03-31": "6.50080", "2011-12-31": "3.73250", "2011-09-30": "6.54250", "2011-06-30": "8.56440", "2011-03-31": "7.84820", "2010-12-31": "7.52130", "2010-09-30": "6.58600", "2010-06-30": "5.03360", "2010-03-31": "2.56940", "2009-12-31": "0.97870", "2009-09-30": "0.92480", "2009-06-30": "-1.17090", "2009-03-31": "-3.81720", "2008-12-31": "-18.98690", "2008-09-30": "0.69870", "2008-06-30": "2.54920", "2008-03-31": "3.71280", "2007-12-31": "2.75760", "2007-09-30": "2.88330", "2007-06-30": "4.15040", "2007-03-31": "4.67450", "2006-12-31": "2.35140", "2006-09-30": "3.62930", "2006-06-30": "3.69050", "2006-03-31": "2.83270", "2005-12-31": "2.32420", "2005-09-30": "2.38570", "2005-06-30": "2.69330", "2005-03-31": "4.14010"}, "Return On Tangible Equity": {"2020-12-31": "-118.70230", "2020-09-30": "-67.33040", "2020-06-30": "-54.28850", "2020-03-31": "-6.74950", "2019-12-31": "-34.43980", "2019-09-30": "-30.56610", "2019-06-30": "-19.85030", "2019-03-31": "-19.62510", "2018-12-31": "30.42060", "2018-09-30": "33.50310", "2018-06-30": "27.98020", "2018-03-31": "30.54240", "2017-12-31": "-15.63600", "2017-09-30": "25.62080", "2017-06-30": "26.74130", "2017-03-31": "31.30250", "2016-12-31": "37.97580", "2016-09-30": "40.18110", "2016-06-30": "77.67050", "2016-03-31": "129.49320", "2015-12-31": "648.07480", "2015-09-30": "-213.99430", "2015-06-30": "191.19160", "2015-03-31": "91.98870", "2014-12-31": "8.19520", "2014-09-30": "2.27810", "2014-06-30": "3.89350", "2014-03-31": "6.22060", "2013-12-31": "4.35480", "2013-09-30": "3.54740", "2013-06-30": "4.31820", "2013-03-31": "5.40100", "2012-12-31": "3.56520", "2012-09-30": "4.54650", "2012-06-30": "8.45350", "2012-03-31": "7.41860", "2011-12-31": "4.31040", "2011-09-30": "7.59270", "2011-06-30": "10.01360", "2011-03-31": "9.31950", "2010-12-31": "9.10980", "2010-09-30": "8.09760", "2010-06-30": "6.27810", "2010-03-31": "3.23040", "2009-12-31": "1.23800", "2009-09-30": "1.18140", "2009-06-30": "-1.49920", "2009-03-31": "-4.88280", "2008-12-31": "-24.29420", "2008-09-30": "1.07850", "2008-06-30": "3.65070", "2008-03-31": "4.38910", "2007-12-31": "3.25260", "2007-09-30": "3.41890", "2007-06-30": "4.81080", "2007-03-31": "5.43880", "2006-12-31": "2.65740", "2006-09-30": "3.62930", "2006-06-30": "3.76470", "2006-03-31": "2.83270", "2005-12-31": "2.32420", "2005-09-30": "2.38570", "2005-06-30": "2.69330", "2005-03-31": "4.14010"}, "ROA - Return On Assets": {"2020-12-31": "4.65610", "2020-09-30": "4.50790", "2020-06-30": "4.42150", "2020-03-31": "0.88190", "2019-12-31": "4.11110", "2019-09-30": "3.75320", "2019-06-30": "2.41250", "2019-03-31": "2.09680", "2018-12-31": "6.58490", "2018-09-30": "7.01390", "2018-06-30": "6.18530", "2018-03-31": "5.48180", "2017-12-31": "-2.48400", "2017-09-30": "4.93700", "2017-06-30": "4.63040", "2017-03-31": "4.76220", "2016-12-31": "4.67670", "2016-09-30": "3.56480", "2016-06-30": "5.47190", "2016-03-31": "3.67570", "2015-12-31": "3.32870", "2015-09-30": "2.29470", "2015-06-30": "2.94280", "2015-03-31": "2.68530", "2014-12-31": "0.40640", "2014-09-30": "1.36250", "2014-06-30": "2.32540", "2014-03-31": "3.71030", "2013-12-31": "2.55930", "2013-09-30": "2.10460", "2013-06-30": "2.54890", "2013-03-31": "3.20310", "2012-12-31": "2.10370", "2012-09-30": "2.67230", "2012-06-30": "4.86000", "2012-03-31": "4.16250", "2011-12-31": "2.35690", "2011-09-30": "4.20550", "2011-06-30": "5.24040", "2011-03-31": "4.71490", "2010-12-31": "4.44990", "2010-09-30": "3.85210", "2010-06-30": "2.89440", "2010-03-31": "1.50440", "2009-12-31": "0.58500", "2009-09-30": "0.55500", "2009-06-30": "-0.70860", "2009-03-31": "-2.27770", "2008-12-31": "-11.26150", "2008-09-30": "0.43030", "2008-06-30": "1.56770", "2008-03-31": "2.69960", "2007-12-31": "2.02070", "2007-09-30": "2.10300", "2007-06-30": "3.18700", "2007-03-31": "3.56580", "2006-12-31": "1.85950", "2006-09-30": "2.89740", "2006-06-30": "2.87760", "2006-03-31": "2.21690", "2005-12-31": "1.83950", "2005-09-30": "1.87280", "2005-06-30": "2.06410", "2005-03-31": "3.11050"}, "ROI - Return On Investment": {"2020-12-31": "7.14960", "2020-09-30": "6.79540", "2020-06-30": "6.67110", "2020-03-31": "1.35220", "2019-12-31": "6.24700", "2019-09-30": "5.91750", "2019-06-30": "3.71430", "2019-03-31": "3.17990", "2018-12-31": "10.29280", "2018-09-30": "10.40520", "2018-06-30": "9.04030", "2018-03-31": "8.00830", "2017-12-31": "-3.61850", "2017-09-30": "7.04310", "2017-06-30": "6.39300", "2017-03-31": "6.58230", "2016-12-31": "6.44910", "2016-09-30": "4.68680", "2016-06-30": "7.24680", "2016-03-31": "4.91840", "2015-12-31": "4.35210", "2015-09-30": "3.04450", "2015-06-30": "3.95060", "2015-03-31": "3.56430", "2014-12-31": "0.53190", "2014-09-30": "1.68860", "2014-06-30": "2.91610", "2014-03-31": "4.63980", "2013-12-31": "3.23990", "2013-09-30": "2.62340", "2013-06-30": "3.18640", "2013-03-31": "3.96750", "2012-12-31": "2.59550", "2012-09-30": "3.30220", "2012-06-30": "6.10170", "2012-03-31": "5.25790", "2011-12-31": "2.98240", "2011-09-30": "5.21580", "2011-06-30": "6.79250", "2011-03-31": "6.13550", "2010-12-31": "5.77450", "2010-09-30": "4.99480", "2010-06-30": "3.77910", "2010-03-31": "1.92320", "2009-12-31": "0.73320", "2009-09-30": "0.69130", "2009-06-30": "-0.87300", "2009-03-31": "-2.84150", "2008-12-31": "-14.32210", "2008-09-30": "0.55030", "2008-06-30": "2.03980", "2008-03-31": "3.71280", "2007-12-31": "2.75760", "2007-09-30": "2.88330", "2007-06-30": "4.15040", "2007-03-31": "4.67450", "2006-12-31": "2.35140", "2006-09-30": "3.62930", "2006-06-30": "3.69050", "2006-03-31": "2.83270", "2005-12-31": "2.32420", "2005-09-30": "2.38570", "2005-06-30": "2.69330", "2005-03-31": "4.14010"}, "Book Value Per Share": {"2020-12-31": "19.13780", "2020-09-30": "17.86700", "2020-06-30": "17.24560", "2020-03-31": "14.99650", "2019-12-31": "17.13730", "2019-09-30": "16.98180", "2019-06-30": "16.79070", "2019-03-31": "17.85420", "2018-12-31": "10.55480", "2018-09-30": "10.23920", "2018-06-30": "10.38470", "2018-03-31": "8.79020", "2017-12-31": "7.82550", "2017-09-30": "9.34190", "2017-06-30": "8.45710", "2017-03-31": "7.31880", "2016-12-31": "6.15770", "2016-09-30": "4.99950", "2016-06-30": "4.41870", "2016-03-31": "3.06070", "2015-12-31": "2.34880", "2015-09-30": "1.88810", "2015-06-30": "2.66990", "2015-03-31": "3.08870", "2014-12-31": "3.70170", "2014-09-30": "21.46030", "2014-06-30": "22.17820", "2014-03-31": "21.95020", "2013-12-31": "21.31270", "2013-09-30": "20.94920", "2013-06-30": "21.04850", "2013-03-31": "20.77540", "2012-12-31": "20.23010", "2012-09-30": "20.13210", "2012-06-30": "19.88840", "2012-03-31": "18.87770", "2011-12-31": "17.80380", "2011-09-30": "17.60790", "2011-06-30": "17.11900", "2011-03-31": "15.92000", "2010-12-31": "14.74840", "2010-09-30": "13.93250", "2010-06-30": "13.36930", "2010-03-31": "13.05350", "2009-12-31": "12.94180", "2009-09-30": "12.91110", "2009-06-30": "12.79900", "2009-03-31": "12.77230", "2008-12-31": "13.46540", "2008-09-30": "16.34860", "2008-06-30": "17.13260", "2008-03-31": "17.57660", "2007-12-31": "16.90510", "2007-09-30": "16.78590", "2007-06-30": "18.55130", "2007-03-31": "17.28010", "2006-12-31": "19.17430", "2006-09-30": "18.75140", "2006-06-30": "17.91660", "2006-03-31": "17.14410", "2005-12-31": "16.51890", "2005-09-30": "16.02800", "2005-06-30": "15.74920", "2005-03-31": "15.11040"}, "Operating Cash Flow Per Share": {"2020-12-31": 3.6254, "2020-09-30": "3.27390", "2020-06-30": 2.8216, "2020-03-31": 2.8637, "2019-12-31": 2.4739, "2019-09-30": "3.09900", "2019-06-30": 2.0815, "2019-03-31": 0.9154, "2018-12-31": 1.9035, "2018-09-30": "2.44360", "2018-06-30": 2.3672, "2018-03-31": 2.2305, "2017-12-31": 0.8453, "2017-09-30": "2.36700", "2017-06-30": 2.9443, "2017-03-31": 1.4154, "2016-12-31": 1.4149, "2016-09-30": "1.08120", "2016-06-30": 2.2527, "2016-03-31": 0.7076, "2015-12-31": 0.6587, "2015-09-30": "1.22660", "2015-06-30": 1.9296, "2015-03-31": 1.4934, "2014-12-31": 0.0686, "2014-09-30": "0.20970", "2014-06-30": 1.4766, "2014-03-31": 1.4173, "2013-12-31": 0.6886, "2013-09-30": "1.05050", "2013-06-30": 1.0352, "2013-03-31": 2.4506, "2012-12-31": 0.4644, "2012-09-30": "1.44500", "2012-06-30": 1.6062, "2012-03-31": 1.5257, "2011-12-31": 1.1128, "2011-09-30": "1.28940", "2011-06-30": 1.7187, "2011-03-31": 1.4058, "2010-12-31": 1.1451, "2010-09-30": "0.56250", "2010-06-30": 0.4852, "2010-03-31": 0.74, "2009-12-31": 0.9386, "2009-09-30": "0.42410", "2009-06-30": 0.43, "2009-03-31": 0.4487, "2008-12-31": -0.1958, "2008-09-30": "0.46650", "2008-06-30": 0.9618, "2008-03-31": 0.8471, "2007-12-31": 0.7212, "2007-09-30": "1.06600", "2007-06-30": 0.7205, "2007-03-31": 0.9852, "2006-12-31": 0.7259, "2006-09-30": "0.52610", "2006-06-30": 0.6442, "2006-03-31": 0.5413, "2005-12-31": 0.2973, "2005-09-30": "0.06140", "2005-06-30": 0.7745, "2005-03-31": 1.745}, "Free Cash Flow Per Share": {"2020-12-31": 3.248, "2020-09-30": "2.92350", "2020-06-30": 2.5608, "2020-03-31": 2.5834, "2019-12-31": 2.2521, "2019-09-30": "2.89560", "2019-06-30": 1.7249, "2019-03-31": 0.7595, "2018-12-31": 1.7276, "2018-09-30": "2.30050", "2018-06-30": 2.2225, "2018-03-31": 2.1358, "2017-12-31": 0.7591, "2017-09-30": "2.26720", "2017-06-30": 2.8786, "2017-03-31": 1.3562, "2016-12-31": 1.3764, "2016-09-30": "1.01830", "2016-06-30": 2.2246, "2016-03-31": 0.6685, "2015-12-31": 0.6151, "2015-09-30": "1.18010", "2015-06-30": 1.8744, "2015-03-31": 1.4275, "2014-12-31": -0.0093, "2014-09-30": "0.12900", "2014-06-30": 1.4219, "2014-03-31": 1.3087, "2013-12-31": 0.6021, "2013-09-30": "0.92160", "2013-06-30": 0.9237, "2013-03-31": 2.3425, "2012-12-31": 0.3737, "2012-09-30": "1.32560", "2012-06-30": 1.5106, "2012-03-31": 1.4427, "2011-12-31": 1.0374, "2011-09-30": "1.21800", "2011-06-30": 1.6324, "2011-03-31": 1.3254, "2010-12-31": 1.1841, "2010-09-30": "0.49670", "2010-06-30": 0.4516, "2010-03-31": 0.6819, "2009-12-31": 0.9108, "2009-09-30": "0.40310", "2009-06-30": 0.4184, "2009-03-31": 0.43, "2008-12-31": -0.124, "2008-09-30": "0.42260", "2008-06-30": 0.9377, "2008-03-31": 0.9489, "2007-12-31": 0.7828, "2007-09-30": "0.98890", "2007-06-30": 0.5746, "2007-03-31": 0.8719, "2006-12-31": 0.6313, "2006-09-30": "0.46550", "2006-06-30": 0.5706, "2006-03-31": 0.4435, "2005-12-31": 0.1958, "2005-09-30": "-0.02730", "2005-06-30": 0.7464, "2005-03-31": 1.4764}}, "revenue": {"KLA Annual Revenue (Millions of US $)": {"2020": "$5,806", "2019": "$4,569", "2018": "$4,037", "2017": "$3,480", "2016": "$2,984", "2015": "$2,814", "2014": "$2,929", "2013": "$2,843", "2012": "$3,172", "2011": "$3,175", "2010": "$1,821", "2009": "$1,520", "2008": "$2,522", "2007": "$2,731", "2006": "$2,071", "2005": "$2,082"}, "KLA Quarterly Revenue (Millions of US $)": {"2020-12-31": "$1,651", "2020-09-30": "$1,539", "2020-06-30": "$1,460", "2020-03-31": "$1,424", "2019-12-31": "$1,509", "2019-09-30": "$1,413", "2019-06-30": "$1,258", "2019-03-31": "$1,097", "2018-12-31": "$1,120", "2018-09-30": "$1,093", "2018-06-30": "$1,070", "2018-03-31": "$1,021", "2017-12-31": "$976", "2017-09-30": "$970", "2017-06-30": "$939", "2017-03-31": "$914", "2016-12-31": "$877", "2016-09-30": "$751", "2016-06-30": "$919", "2016-03-31": "$712", "2015-12-31": "$710", "2015-09-30": "$643", "2015-06-30": "$756", "2015-03-31": "$738", "2014-12-31": "$676", "2014-09-30": "$643", "2014-06-30": "$734", "2014-03-31": "$832", "2013-12-31": "$705", "2013-09-30": "$658", "2013-06-30": "$720", "2013-03-31": "$729", "2012-12-31": "$673", "2012-09-30": "$721", "2012-06-30": "$892", "2012-03-31": "$841", "2011-12-31": "$642", "2011-09-30": "$796", "2011-06-30": "$892", "2011-03-31": "$834", "2010-12-31": "$766", "2010-09-30": "$682", "2010-06-30": "$559", "2010-03-31": "$478", "2009-12-31": "$440", "2009-09-30": "$343", "2009-06-30": "$282", "2009-03-31": "$310", "2008-12-31": "$397", "2008-09-30": "$533", "2008-06-30": "$591", "2008-03-31": "$602", "2007-12-31": "$636", "2007-09-30": "$693", "2007-06-30": "$736", "2007-03-31": "$716", "2006-12-31": "$649", "2006-09-30": "$629", "2006-06-30": "$579", "2006-03-31": "$520", "2005-12-31": "$488", "2005-09-30": "$484", "2005-06-30": "$489", "2005-03-31": "$542"}}, "gross-profit": {"KLA Annual Gross Profit (Millions of US $)": {"2020": "$3,357", "2019": "$2,700", "2018": "$2,591", "2017": "$2,194", "2016": "$1,821", "2015": "$1,599", "2014": "$1,696", "2013": "$1,605", "2012": "$1,842", "2011": "$1,916", "2010": "$1,005", "2009": "$655", "2008": "$1,387", "2007": "$1,542", "2006": "$1,129", "2005": "$1,211"}, "KLA Quarterly Gross Profit (Millions of US $)": {"2020-12-31": "$981", "2020-09-30": "$918", "2020-06-30": "$838", "2020-03-31": "$834", "2019-12-31": "$876", "2019-09-30": "$809", "2019-06-30": "$666", "2019-03-31": "$610", "2018-12-31": "$712", "2018-09-30": "$712", "2018-06-30": "$692", "2018-03-31": "$653", "2017-12-31": "$629", "2017-09-30": "$616", "2017-06-30": "$592", "2017-03-31": "$571", "2016-12-31": "$558", "2016-09-30": "$473", "2016-06-30": "$582", "2016-03-31": "$438", "2015-12-31": "$429", "2015-09-30": "$372", "2015-06-30": "$433", "2015-03-31": "$418", "2014-12-31": "$393", "2014-09-30": "$354", "2014-06-30": "$408", "2014-03-31": "$489", "2013-12-31": "$419", "2013-09-30": "$381", "2013-06-30": "$413", "2013-03-31": "$420", "2012-12-31": "$369", "2012-09-30": "$403", "2012-06-30": "$531", "2012-03-31": "$485", "2011-12-31": "$370", "2011-09-30": "$456", "2011-06-30": "$536", "2011-03-31": "$506", "2010-12-31": "$455", "2010-09-30": "$418", "2010-06-30": "$332", "2010-03-31": "$270", "2009-12-31": "$233", "2009-09-30": "$171", "2009-06-30": "$117", "2009-03-31": "$100", "2008-12-31": "$158", "2008-09-30": "$280", "2008-06-30": "$327", "2008-03-31": "$317", "2007-12-31": "$357", "2007-09-30": "$387", "2007-06-30": "$421", "2007-03-31": "$409", "2006-12-31": "$351", "2006-09-30": "$359", "2006-06-30": "$295", "2006-03-31": "$293", "2005-12-31": "$271", "2005-09-30": "$269", "2005-06-30": "$273", "2005-03-31": "$320"}}, "operating-income": {"KLA Annual Operating Income (Millions of US $)": {"2020": "$1,502", "2019": "$1,389", "2018": "$1,540", "2017": "$1,279", "2016": "$960", "2015": "$661", "2014": "$772", "2013": "$730", "2012": "$1,016", "2011": "$1,160", "2010": "$314", "2009": "$-578", "2008": "$499", "2007": "$590", "2006": "$310", "2005": "$545"}, "KLA Quarterly Operating Income (Millions of US $)": {"2020-12-31": "$570", "2020-09-30": "$526", "2020-06-30": "$453", "2020-03-31": "$176", "2019-12-31": "$463", "2019-09-30": "$410", "2019-06-30": "$269", "2019-03-31": "$243", "2018-12-31": "$433", "2018-09-30": "$444", "2018-06-30": "$424", "2018-03-31": "$386", "2017-12-31": "$367", "2017-09-30": "$362", "2017-06-30": "$352", "2017-03-31": "$344", "2016-12-31": "$334", "2016-09-30": "$249", "2016-06-30": "$350", "2016-03-31": "$235", "2015-12-31": "$214", "2015-09-30": "$161", "2015-06-30": "$202", "2015-03-31": "$195", "2014-12-31": "$155", "2014-09-30": "$109", "2014-06-30": "$173", "2014-03-31": "$261", "2013-12-31": "$188", "2013-09-30": "$150", "2013-06-30": "$188", "2013-03-31": "$202", "2012-12-31": "$153", "2012-09-30": "$187", "2012-06-30": "$318", "2012-03-31": "$284", "2011-12-31": "$159", "2011-09-30": "$254", "2011-06-30": "$344", "2011-03-31": "$312", "2010-12-31": "$269", "2010-09-30": "$236", "2010-06-30": "$161", "2010-03-31": "$91", "2009-12-31": "$47", "2009-09-30": "$15", "2009-06-30": "$-35", "2009-03-31": "$-72", "2008-12-31": "$-506", "2008-09-30": "$35", "2008-06-30": "$103", "2008-03-31": "$125", "2007-12-31": "$93", "2007-09-30": "$177", "2007-06-30": "$175", "2007-03-31": "$183", "2006-12-31": "$78", "2006-09-30": "$154", "2006-06-30": "$75", "2006-03-31": "$85", "2005-12-31": "$75", "2005-09-30": "$75", "2005-06-30": "$78", "2005-03-31": "$155"}}, "ebitda": {"KLA Annual EBITDA (Millions of US $)": {"2020": "$2,107", "2019": "$1,623", "2018": "$1,603", "2017": "$1,337", "2016": "$1,027", "2015": "$742", "2014": "$855", "2013": "$817", "2012": "$1,108", "2011": "$1,246", "2010": "$417", "2009": "$11", "2008": "$639", "2007": "$767", "2006": "$379", "2005": "$615"}, "KLA Quarterly EBITDA (Millions of US $)": {"2020-12-31": "$654", "2020-09-30": "$606", "2020-06-30": "$532", "2020-03-31": "$515", "2019-12-31": "$551", "2019-09-30": "$509", "2019-06-30": "$397", "2019-03-31": "$317", "2018-12-31": "$449", "2018-09-30": "$460", "2018-06-30": "$439", "2018-03-31": "$403", "2017-12-31": "$383", "2017-09-30": "$378", "2017-06-30": "$366", "2017-03-31": "$358", "2016-12-31": "$349", "2016-09-30": "$264", "2016-06-30": "$365", "2016-03-31": "$251", "2015-12-31": "$231", "2015-09-30": "$181", "2015-06-30": "$222", "2015-03-31": "$215", "2014-12-31": "$174", "2014-09-30": "$130", "2014-06-30": "$195", "2014-03-31": "$280", "2013-12-31": "$209", "2013-09-30": "$171", "2013-06-30": "$207", "2013-03-31": "$225", "2012-12-31": "$174", "2012-09-30": "$212", "2012-06-30": "$342", "2012-03-31": "$305", "2011-12-31": "$184", "2011-09-30": "$277", "2011-06-30": "$367", "2011-03-31": "$326", "2010-12-31": "$297", "2010-09-30": "$256", "2010-06-30": "$196", "2010-03-31": "$113", "2009-12-31": "$70", "2009-09-30": "$38", "2009-06-30": "$-9", "2009-03-31": "$-38", "2008-12-31": "$-33", "2008-09-30": "$90", "2008-06-30": "$164", "2008-03-31": "$152", "2007-12-31": "$122", "2007-09-30": "$202", "2007-06-30": "$279", "2007-03-31": "$212", "2006-12-31": "$107", "2006-09-30": "$169", "2006-06-30": "$92", "2006-03-31": "$102", "2005-12-31": "$93", "2005-09-30": "$93", "2005-06-30": "$95", "2005-03-31": "$172"}}, "net-income": {"KLA Annual Net Income (Millions of US $)": {"2020": "$1,217", "2019": "$1,176", "2018": "$802", "2017": "$926", "2016": "$704", "2015": "$366", "2014": "$583", "2013": "$543", "2012": "$756", "2011": "$794", "2010": "$212", "2009": "$-523", "2008": "$359", "2007": "$528", "2006": "$380", "2005": "$445"}, "KLA Quarterly Net Income (Millions of US $)": {"2020-12-31": "$457", "2020-09-30": "$421", "2020-06-30": "$411", "2020-03-31": "$78", "2019-12-31": "$381", "2019-09-30": "$347", "2019-06-30": "$218", "2019-03-31": "$193", "2018-12-31": "$369", "2018-09-30": "$396", "2018-06-30": "$349", "2018-03-31": "$307", "2017-12-31": "$-134", "2017-09-30": "$281", "2017-06-30": "$256", "2017-03-31": "$254", "2016-12-31": "$238", "2016-09-30": "$178", "2016-06-30": "$272", "2016-03-31": "$176", "2015-12-31": "$152", "2015-09-30": "$105", "2015-06-30": "$142", "2015-03-31": "$132", "2014-12-31": "$20", "2014-09-30": "$72", "2014-06-30": "$129", "2014-03-31": "$204", "2013-12-31": "$139", "2013-09-30": "$111", "2013-06-30": "$135", "2013-03-31": "$166", "2012-12-31": "$107", "2012-09-30": "$135", "2012-06-30": "$248", "2012-03-31": "$205", "2011-12-31": "$111", "2011-09-30": "$192", "2011-06-30": "$245", "2011-03-31": "$210", "2010-12-31": "$185", "2010-09-30": "$154", "2010-06-30": "$113", "2010-03-31": "$57", "2009-12-31": "$22", "2009-09-30": "$20", "2009-06-30": "$-26", "2009-03-31": "$-83", "2008-12-31": "$-434", "2008-09-30": "$19", "2008-06-30": "$76", "2008-03-31": "$111", "2007-12-31": "$84", "2007-09-30": "$88", "2007-06-30": "$147", "2007-03-31": "$155", "2006-12-31": "$90", "2006-09-30": "$136", "2006-06-30": "$132", "2006-03-31": "$97", "2005-12-31": "$77", "2005-09-30": "$75", "2005-06-30": "$83", "2005-03-31": "$123"}}, "eps-earnings-per-share-diluted": {"KLA Annual EPS": {"2020": "$7.70", "2019": "$7.49", "2018": "$5.10", "2017": "$5.88", "2016": "$4.49", "2015": "$2.24", "2014": "$3.47", "2013": "$3.21", "2012": "$4.44", "2011": "$4.66", "2010": "$1.23", "2009": "$-3.07", "2008": "$1.95", "2007": "$2.61", "2006": "$1.86", "2005": "$2.21"}, "KLA Quarterly EPS": {"2020-12-31": "$2.94", "2020-09-30": "$2.69", "2020-06-30": "$2.64", "2020-03-31": "$0.50", "2019-12-31": "$2.40", "2019-09-30": "$2.16", "2019-06-30": "$1.30", "2019-03-31": "$1.23", "2018-12-31": "$2.42", "2018-09-30": "$2.54", "2018-06-30": "$2.23", "2018-03-31": "$1.95", "2017-12-31": "$-0.86", "2017-09-30": "$1.78", "2017-06-30": "$1.62", "2017-03-31": "$1.61", "2016-12-31": "$1.52", "2016-09-30": "$1.13", "2016-06-30": "$1.73", "2016-03-31": "$1.12", "2015-12-31": "$0.98", "2015-09-30": "$0.66", "2015-06-30": "$0.88", "2015-03-31": "$0.81", "2014-12-31": "$0.12", "2014-09-30": "$0.43", "2014-06-30": "$0.77", "2014-03-31": "$1.21", "2013-12-31": "$0.83", "2013-09-30": "$0.66", "2013-06-30": "$0.80", "2013-03-31": "$0.98", "2012-12-31": "$0.63", "2012-09-30": "$0.80", "2012-06-30": "$1.44", "2012-03-31": "$1.21", "2011-12-31": "$0.66", "2011-09-30": "$1.13", "2011-06-30": "$1.44", "2011-03-31": "$1.22", "2010-12-31": "$1.09", "2010-09-30": "$0.91", "2010-06-30": "$0.65", "2010-03-31": "$0.33", "2009-12-31": "$0.13", "2009-09-30": "$0.12", "2009-06-30": "$-0.12", "2009-03-31": "$-0.49", "2008-12-31": "$-2.57", "2008-09-30": "$0.11", "2008-06-30": "$0.43", "2008-03-31": "$0.61", "2007-12-31": "$0.45", "2007-09-30": "$0.46", "2007-06-30": "$0.74", "2007-03-31": "$0.76", "2006-12-31": "$0.44", "2006-09-30": "$0.67", "2006-06-30": "$0.64", "2006-03-31": "$0.47", "2005-12-31": "$0.38", "2005-09-30": "$0.37", "2005-06-30": "$0.41", "2005-03-31": "$0.61"}}, "shares-outstanding": {"KLA Annual Shares Outstanding (Millions of Shares)": {"2020": "158", "2019": "157", "2018": "157", "2017": "157", "2016": "157", "2015": "164", "2014": "168", "2013": "169", "2012": "170", "2011": "170", "2010": "173", "2009": "170", "2008": "184", "2007": "202", "2006": "204", "2005": "201"}, "KLA Quarterly Shares Outstanding (Millions of Shares)": {"2020-12-31": "156", "2020-09-30": "156", "2020-06-30": "158", "2020-03-31": "157", "2019-12-31": "159", "2019-09-30": "160", "2019-06-30": "157", "2019-03-31": "157", "2018-12-31": "153", "2018-09-30": "156", "2018-06-30": "157", "2018-03-31": "157", "2017-12-31": "157", "2017-09-30": "158", "2017-06-30": "157", "2017-03-31": "158", "2016-12-31": "157", "2016-09-30": "157", "2016-06-30": "157", "2016-03-31": "156", "2015-12-31": "156", "2015-09-30": "158", "2015-06-30": "164", "2015-03-31": "163", "2014-12-31": "165", "2014-09-30": "167", "2014-06-30": "168", "2014-03-31": "168", "2013-12-31": "168", "2013-09-30": "169", "2013-06-30": "169", "2013-03-31": "169", "2012-12-31": "169", "2012-09-30": "170", "2012-06-30": "170", "2012-03-31": "170", "2011-12-31": "169", "2011-09-30": "170", "2011-06-30": "170", "2011-03-31": "171", "2010-12-31": "170", "2010-09-30": "170", "2010-06-30": "173", "2010-03-31": "173", "2009-12-31": "174", "2009-09-30": "173", "2009-06-30": "170", "2009-03-31": "170", "2008-12-31": "169", "2008-09-30": "174", "2008-06-30": "184", "2008-03-31": "181", "2007-12-31": "185", "2007-09-30": "193", "2007-06-30": "202", "2007-03-31": "203", "2006-12-31": "205", "2006-09-30": "203", "2006-06-30": "204", "2006-03-31": "205", "2005-12-31": "204", "2005-09-30": "203", "2005-06-30": "201", "2005-03-31": "202"}}, "total-assets": {"KLA Annual Total Assets (Millions of US $)": {"2020": "$9,280", "2019": "$9,009", "2018": "$5,639", "2017": "$5,532", "2016": "$4,962", "2015": "$4,826", "2014": "$5,536", "2013": "$5,287", "2012": "$5,100", "2011": "$4,676", "2010": "$3,907", "2009": "$3,610", "2008": "$4,848", "2007": "$4,623", "2006": "$4,576", "2005": "$4,041"}, "KLA Quarterly Total Assets (Millions of US $)": {"2020-12-31": "$9,815", "2020-09-30": "$9,320", "2020-06-30": "$9,280", "2020-03-31": "$8,846", "2019-12-31": "$9,251", "2019-09-30": "$9,229", "2019-06-30": "$9,009", "2019-03-31": "$9,188", "2018-12-31": "$5,605", "2018-09-30": "$5,645", "2018-06-30": "$5,639", "2018-03-31": "$5,598", "2017-12-31": "$5,407", "2017-09-30": "$5,690", "2017-06-30": "$5,532", "2017-03-31": "$5,324", "2016-12-31": "$5,094", "2016-09-30": "$4,996", "2016-06-30": "$4,962", "2016-03-31": "$4,782", "2015-12-31": "$4,573", "2015-09-30": "$4,571", "2015-06-30": "$4,826", "2015-03-31": "$4,902", "2014-12-31": "$4,987", "2014-09-30": "$5,302", "2014-06-30": "$5,536", "2014-03-31": "$5,487", "2013-12-31": "$5,441", "2013-09-30": "$5,284", "2013-06-30": "$5,287", "2013-03-31": "$5,194", "2012-12-31": "$5,069", "2012-09-30": "$5,065", "2012-06-30": "$5,100", "2012-03-31": "$4,933", "2011-12-31": "$4,701", "2011-09-30": "$4,565", "2011-06-30": "$4,676", "2011-03-31": "$4,449", "2010-12-31": "$4,168", "2010-09-30": "$4,003", "2010-06-30": "$3,907", "2010-03-31": "$3,790", "2009-12-31": "$3,726", "2009-09-30": "$3,676", "2009-06-30": "$3,610", "2009-03-31": "$3,636", "2008-12-31": "$3,856", "2008-09-30": "$4,482", "2008-06-30": "$4,848", "2008-03-31": "$4,111", "2007-12-31": "$4,154", "2007-09-30": "$4,192", "2007-06-30": "$4,623", "2007-03-31": "$4,341", "2006-12-31": "$4,843", "2006-09-30": "$4,691", "2006-06-30": "$4,576", "2006-03-31": "$4,361", "2005-12-31": "$4,165", "2005-09-30": "$4,031", "2005-06-30": "$4,041", "2005-03-31": "$3,960"}}, "cash-on-hand": {"KLA Annual Cash on Hand (Millions of US $)": {"2020": "$1,980", "2019": "$1,739", "2018": "$2,880", "2017": "$3,017", "2016": "$2,491", "2015": "$2,387", "2014": "$3,153", "2013": "$2,919", "2012": "$2,534", "2011": "$2,039", "2010": "$1,534", "2009": "$1,330", "2008": "$1,537", "2007": "$1,711", "2006": "$2,326", "2005": "$2,195"}, "KLA Quarterly Cash on Hand (Millions of US $)": {"2020-12-31": "$2,297", "2020-09-30": "$2,043", "2020-06-30": "$1,980", "2020-03-31": "$1,635", "2019-12-31": "$1,678", "2019-09-30": "$1,752", "2019-06-30": "$1,739", "2019-03-31": "$1,897", "2018-12-31": "$2,694", "2018-09-30": "$2,780", "2018-06-30": "$2,880", "2018-03-31": "$2,890", "2017-12-31": "$2,758", "2017-09-30": "$3,056", "2017-06-30": "$3,017", "2017-03-31": "$2,704", "2016-12-31": "$2,593", "2016-09-30": "$2,495", "2016-06-30": "$2,491", "2016-03-31": "$2,241", "2015-12-31": "$2,241", "2015-09-30": "$2,269", "2015-06-30": "$2,387", "2015-03-31": "$2,340", "2014-12-31": "$2,367", "2014-09-30": "$2,942", "2014-06-30": "$3,153", "2014-03-31": "$3,027", "2013-12-31": "$2,951", "2013-09-30": "$2,952", "2013-06-30": "$2,919", "2013-03-31": "$2,880", "2012-12-31": "$2,578", "2012-09-30": "$2,638", "2012-06-30": "$2,534", "2012-03-31": "$2,370", "2011-12-31": "$2,177", "2011-09-30": "$2,100", "2011-06-30": "$2,039", "2011-03-31": "$1,840", "2010-12-31": "$1,636", "2010-09-30": "$1,519", "2010-06-30": "$1,534", "2010-03-31": "$1,554", "2009-12-31": "$1,522", "2009-09-30": "$1,387", "2009-06-30": "$1,330", "2009-03-31": "$1,219", "2008-12-31": "$1,188", "2008-09-30": "$1,265", "2008-06-30": "$1,537", "2008-03-31": "$1,268", "2007-12-31": "$1,297", "2007-09-30": "$1,283", "2007-06-30": "$1,711", "2007-03-31": "$1,585", "2006-12-31": "$2,143", "2006-09-30": "$2,426", "2006-06-30": "$2,326", "2006-03-31": "$2,285", "2005-12-31": "$2,227", "2005-09-30": "$2,183", "2005-06-30": "$2,195", "2005-03-31": "$2,108"}}, "long-term-debt": {"KLA Annual Long Term Debt (Millions of US $)": {"2020": "$3,470", "2019": "$3,173", "2018": "$2,237", "2017": "$2,680", "2016": "$3,058", "2015": "$3,173", "2014": "$745", "2013": "$747", "2012": "$747", "2011": "$746", "2010": "$746", "2009": "$745", "2008": "$745", "2007": "$", "2006": "$", "2005": "$"}, "KLA Quarterly Long Term Debt (Millions of US $)": {"2020-12-31": "$3,441", "2020-09-30": "$3,420", "2020-06-30": "$3,470", "2020-03-31": "$3,444", "2019-12-31": "$3,400", "2019-09-30": "$3,174", "2019-06-30": "$3,173", "2019-03-31": "$3,173", "2018-12-31": "$1,988", "2018-09-30": "$2,238", "2018-06-30": "$2,237", "2018-03-31": "$2,462", "2017-12-31": "$2,486", "2017-09-30": "$2,525", "2017-06-30": "$2,680", "2017-03-31": "$2,705", "2016-12-31": "$2,729", "2016-09-30": "$3,019", "2016-06-30": "$3,058", "2016-03-31": "$3,097", "2015-12-31": "$3,132", "2015-09-30": "$3,151", "2015-06-30": "$3,173", "2015-03-31": "$3,199", "2014-12-31": "$3,209", "2014-09-30": "$748", "2014-06-30": "$745", "2014-03-31": "$748", "2013-12-31": "$748", "2013-09-30": "$748", "2013-06-30": "$747", "2013-03-31": "$747", "2012-12-31": "$747", "2012-09-30": "$747", "2012-06-30": "$747", "2012-03-31": "$747", "2011-12-31": "$747", "2011-09-30": "$746", "2011-06-30": "$746", "2011-03-31": "$746", "2010-12-31": "$746", "2010-09-30": "$746", "2010-06-30": "$746", "2010-03-31": "$746", "2009-12-31": "$745", "2009-09-30": "$745", "2009-06-30": "$745", "2009-03-31": "$745", "2008-12-31": "$745", "2008-09-30": "$745", "2008-06-30": "$745", "2008-03-31": "", "2007-12-31": "", "2007-09-30": "", "2007-06-30": "", "2007-03-31": "", "2006-12-31": "", "2006-09-30": "", "2006-06-30": "", "2006-03-31": "", "2005-12-31": "", "2005-09-30": "", "2005-06-30": "", "2005-03-31": ""}}, "total-liabilities": {"KLA Annual Total Liabilities (Millions of US $)": {"2020": "$6,599", "2019": "$6,331", "2018": "$4,018", "2017": "$4,206", "2016": "$4,273", "2015": "$4,405", "2014": "$1,867", "2013": "$1,805", "2012": "$1,785", "2011": "$1,815", "2010": "$1,660", "2009": "$1,425", "2008": "$1,867", "2007": "$1,073", "2006": "$1,008", "2005": "$944"}, "KLA Quarterly Total Liabilities (Millions of US $)": {"2020-12-31": "$6,864", "2020-09-30": "$6,558", "2020-06-30": "$6,599", "2020-03-31": "$6,521", "2019-12-31": "$6,563", "2019-09-30": "$6,550", "2019-06-30": "$6,331", "2019-03-31": "$6,302", "2018-12-31": "$4,008", "2018-09-30": "$4,078", "2018-06-30": "$4,018", "2018-03-31": "$4,228", "2017-12-31": "$4,182", "2017-09-30": "$4,226", "2017-06-30": "$4,206", "2017-03-31": "$4,177", "2016-12-31": "$4,129", "2016-09-30": "$4,215", "2016-06-30": "$4,273", "2016-03-31": "$4,306", "2015-12-31": "$4,207", "2015-09-30": "$4,277", "2015-06-30": "$4,405", "2015-03-31": "$4,408", "2014-12-31": "$4,385", "2014-09-30": "$1,772", "2014-06-30": "$1,867", "2014-03-31": "$1,847", "2013-12-31": "$1,891", "2013-09-30": "$1,792", "2013-06-30": "$1,805", "2013-03-31": "$1,748", "2012-12-31": "$1,708", "2012-09-30": "$1,713", "2012-06-30": "$1,785", "2012-03-31": "$1,774", "2011-12-31": "$1,733", "2011-09-30": "$1,631", "2011-06-30": "$1,815", "2011-03-31": "$1,776", "2010-12-31": "$1,702", "2010-09-30": "$1,662", "2010-06-30": "$1,660", "2010-03-31": "$1,571", "2009-12-31": "$1,499", "2009-09-30": "$1,470", "2009-06-30": "$1,425", "2009-03-31": "$1,467", "2008-12-31": "$1,569", "2008-09-30": "$1,722", "2008-06-30": "$1,867", "2008-03-31": "$1,122", "2007-12-31": "$1,110", "2007-09-30": "$1,135", "2007-06-30": "$1,073", "2007-03-31": "$1,030", "2006-12-31": "$1,013", "2006-09-30": "$946", "2006-06-30": "$1,008", "2006-03-31": "$948", "2005-12-31": "$869", "2005-09-30": "$866", "2005-06-30": "$944", "2005-03-31": "$985"}}, "total-share-holder-equity": {"KLA Annual Share Holder Equity (Millions of US $)": {"2020": "$2,681", "2019": "$2,678", "2018": "$1,621", "2017": "$1,326", "2016": "$689", "2015": "$421", "2014": "$3,669", "2013": "$3,482", "2012": "$3,316", "2011": "$2,861", "2010": "$2,247", "2009": "$2,184", "2008": "$2,982", "2007": "$3,550", "2006": "$3,568", "2005": "$3,097"}, "KLA Quarterly Share Holder Equity (Millions of US $)": {"2020-12-31": "$2,950", "2020-09-30": "$2,762", "2020-06-30": "$2,681", "2020-03-31": "$2,325", "2019-12-31": "$2,688", "2019-09-30": "$2,680", "2019-06-30": "$2,678", "2019-03-31": "$2,886", "2018-12-31": "$1,598", "2018-09-30": "$1,567", "2018-06-30": "$1,621", "2018-03-31": "$1,370", "2017-12-31": "$1,226", "2017-09-30": "$1,464", "2017-06-30": "$1,326", "2017-03-31": "$1,147", "2016-12-31": "$965", "2016-09-30": "$782", "2016-06-30": "$689", "2016-03-31": "$477", "2015-12-31": "$366", "2015-09-30": "$294", "2015-06-30": "$421", "2015-03-31": "$494", "2014-12-31": "$602", "2014-09-30": "$3,530", "2014-06-30": "$3,669", "2014-03-31": "$3,640", "2013-12-31": "$3,550", "2013-09-30": "$3,491", "2013-06-30": "$3,482", "2013-03-31": "$3,446", "2012-12-31": "$3,361", "2012-09-30": "$3,352", "2012-06-30": "$3,316", "2012-03-31": "$3,159", "2011-12-31": "$2,968", "2011-09-30": "$2,935", "2011-06-30": "$2,861", "2011-03-31": "$2,673", "2010-12-31": "$2,466", "2010-09-30": "$2,341", "2010-06-30": "$2,247", "2010-03-31": "$2,219", "2009-12-31": "$2,227", "2009-09-30": "$2,206", "2009-06-30": "$2,184", "2009-03-31": "$2,170", "2008-12-31": "$2,287", "2008-09-30": "$2,761", "2008-06-30": "$2,982", "2008-03-31": "$2,989", "2007-12-31": "$3,044", "2007-09-30": "$3,058", "2007-06-30": "$3,550", "2007-03-31": "$3,311", "2006-12-31": "$3,830", "2006-09-30": "$3,745", "2006-06-30": "$3,568", "2006-03-31": "$3,413", "2005-12-31": "$3,296", "2005-09-30": "$3,164", "2005-06-30": "$3,097", "2005-03-31": "$2,975"}}, "profit-margins": {"current": "22.52%"}, "gross margin": {"2020-12-31": "58.79%", "2020-09-30": "58.43%", "2020-06-30": "57.82%", "2020-03-31": "56.83%", "2019-12-31": "56.11%", "2019-09-30": "57.22%", "2019-06-30": "59.11%", "2019-03-31": "62.24%", "2018-12-31": "64.34%", "2018-09-30": "64.57%", "2018-06-30": "64.16%", "2018-03-31": "63.75%", "2017-12-31": "63.39%", "2017-09-30": "63.16%", "2017-06-30": "63.03%", "2017-03-31": "63.10%", "2016-12-31": "62.93%", "2016-09-30": "62.16%", "2016-06-30": "61.03%", "2016-03-31": "59.27%", "2015-12-31": "58.03%", "2015-09-30": "57.45%", "2015-06-30": "56.81%", "2015-03-31": "56.36%", "2014-12-31": "56.98%", "2014-09-30": "57.31%", "2014-06-30": "57.94%", "2014-03-31": "58.39%", "2013-12-31": "58.07%", "2013-09-30": "56.94%", "2013-06-30": "56.45%", "2013-03-31": "57.15%", "2012-12-31": "57.18%", "2012-09-30": "57.78%", "2012-06-30": "58.09%", "2012-03-31": "58.25%", "2011-12-31": "59.04%", "2011-09-30": "59.40%", "2011-06-30": "60.33%", "2011-03-31": "60.23%", "2010-12-31": "59.36%", "2010-09-30": "58.04%", "2010-06-30": "55.27%", "2010-03-31": "51.26%", "2009-12-31": "45.16%", "2009-09-30": "40.99%", "2009-06-30": "43.04%", "2009-03-31": "47.24%", "2008-12-31": "50.97%", "2008-09-30": "54.23%", "2008-06-30": "55.04%", "2008-03-31": "55.57%", "2007-12-31": "56.60%", "2007-09-30": "56.12%", "2007-06-30": "56.41%", "2007-03-31": "54.96%", "2006-12-31": "54.61%", "2006-09-30": "54.96%", "2006-06-30": "54.47%", "2006-03-31": "55.83%", "2005-12-31": "56.57%"}, "operating margin": {"2020-12-31": "28.40%", "2020-09-30": "27.28%", "2020-06-30": "25.87%", "2020-03-31": "23.52%", "2019-12-31": "26.25%", "2019-09-30": "27.72%", "2019-06-30": "30.41%", "2019-03-31": "35.25%", "2018-12-31": "39.20%", "2018-09-30": "38.97%", "2018-06-30": "38.12%", "2018-03-31": "37.56%", "2017-12-31": "37.51%", "2017-09-30": "37.62%", "2017-06-30": "36.74%", "2017-03-31": "36.90%", "2016-12-31": "35.84%", "2016-09-30": "33.89%", "2016-06-30": "32.17%", "2016-03-31": "28.78%", "2015-12-31": "27.12%", "2015-09-30": "25.35%", "2015-06-30": "23.50%", "2015-03-31": "22.64%", "2014-12-31": "24.19%", "2014-09-30": "25.09%", "2014-06-30": "26.36%", "2014-03-31": "27.00%", "2013-12-31": "25.89%", "2013-09-30": "24.93%", "2013-06-30": "25.68%", "2013-03-31": "28.52%", "2012-12-31": "30.12%", "2012-09-30": "30.62%", "2012-06-30": "32.01%", "2012-03-31": "32.83%", "2011-12-31": "33.79%", "2011-09-30": "35.86%", "2011-06-30": "36.58%", "2011-03-31": "34.42%", "2010-12-31": "30.46%", "2010-09-30": "24.78%", "2010-06-30": "17.25%", "2010-03-31": "7.65%", "2009-12-31": "-3.27%", "2009-09-30": "-44.89%", "2009-06-30": "-37.98%", "2009-03-31": "-24.03%", "2008-12-31": "-11.45%", "2008-09-30": "15.07%", "2008-06-30": "19.75%", "2008-03-31": "21.37%", "2007-12-31": "22.58%", "2007-09-30": "21.94%", "2007-06-30": "21.61%", "2007-03-31": "19.04%", "2006-12-31": "16.49%", "2006-09-30": "17.55%", "2006-06-30": "14.97%", "2006-03-31": "15.80%", "2005-12-31": "19.12%"}, "ebitda margin": {"2020-12-31": "37.98%", "2020-09-30": "37.15%", "2020-06-30": "36.29%", "2020-03-31": "35.19%", "2019-12-31": "33.62%", "2019-09-30": "34.21%", "2019-06-30": "35.53%", "2019-03-31": "38.01%", "2018-12-31": "40.68%", "2018-09-30": "40.50%", "2018-06-30": "39.71%", "2018-03-31": "39.17%", "2017-12-31": "39.09%", "2017-09-30": "39.22%", "2017-06-30": "38.41%", "2017-03-31": "38.60%", "2016-12-31": "37.71%", "2016-09-30": "35.93%", "2016-06-30": "34.45%", "2016-03-31": "31.37%", "2015-12-31": "29.82%", "2015-09-30": "28.15%", "2015-06-30": "26.34%", "2015-03-31": "25.58%", "2014-12-31": "27.00%", "2014-09-30": "27.93%", "2014-06-30": "29.19%", "2014-03-31": "29.74%", "2013-12-31": "28.88%", "2013-09-30": "27.95%", "2013-06-30": "28.77%", "2013-03-31": "31.61%", "2012-12-31": "33.03%", "2012-09-30": "33.69%", "2012-06-30": "34.94%", "2012-03-31": "35.73%", "2011-12-31": "36.47%", "2011-09-30": "38.53%", "2011-06-30": "39.26%", "2011-03-31": "37.84%", "2010-12-31": "34.69%", "2010-09-30": "29.41%", "2010-06-30": "22.91%", "2010-03-31": "13.74%", "2009-12-31": "4.44%", "2009-09-30": "-3.15%", "2009-06-30": "0.66%", "2009-03-31": "9.99%", "2008-12-31": "17.57%", "2008-09-30": "22.35%", "2008-06-30": "25.38%", "2008-03-31": "28.31%", "2007-12-31": "29.31%", "2007-09-30": "28.63%", "2007-06-30": "28.10%", "2007-03-31": "22.54%", "2006-12-31": "19.77%", "2006-09-30": "20.58%", "2006-06-30": "18.35%", "2006-03-31": "19.33%", "2005-12-31": "22.62%"}, "pre tax profit margin": {"2020-12-31": "25.21%", "2020-09-30": "24.09%", "2020-06-30": "22.68%", "2020-03-31": "20.40%", "2019-12-31": "23.67%", "2019-09-30": "25.37%", "2019-06-30": "28.37%", "2019-03-31": "33.58%", "2018-12-31": "37.55%", "2018-09-30": "37.19%", "2018-06-30": "36.04%", "2018-03-31": "35.18%", "2017-12-31": "34.93%", "2017-09-30": "34.78%", "2017-06-30": "33.70%", "2017-03-31": "33.98%", "2016-12-31": "32.74%", "2016-09-30": "30.56%", "2016-06-30": "28.72%", "2016-03-31": "24.96%", "2015-12-31": "23.18%", "2015-09-30": "16.67%", "2015-06-30": "15.43%", "2015-03-31": "15.26%", "2014-12-31": "17.71%", "2014-09-30": "23.82%", "2014-06-30": "25.09%", "2014-03-31": "25.56%", "2013-12-31": "24.40%", "2013-09-30": "23.53%", "2013-06-30": "24.31%", "2013-03-31": "27.20%", "2012-12-31": "28.85%", "2012-09-30": "29.20%", "2012-06-30": "30.72%", "2012-03-31": "31.60%", "2011-12-31": "32.55%", "2011-09-30": "34.49%", "2011-06-30": "34.97%", "2011-03-31": "32.59%", "2010-12-31": "28.33%", "2010-09-30": "22.74%", "2010-06-30": "15.99%", "2010-03-31": "6.16%", "2009-12-31": "-4.51%", "2009-09-30": "-46.40%", "2009-06-30": "-39.55%", "2009-03-31": "-25.01%", "2008-12-31": "-10.36%", "2008-09-30": "17.15%", "2008-06-30": "22.24%", "2008-03-31": "24.71%", "2007-12-31": "25.21%", "2007-09-30": "24.87%", "2007-06-30": "24.76%", "2007-03-31": "22.35%", "2006-12-31": "19.94%", "2006-09-30": "20.98%", "2006-06-30": "18.25%", "2006-03-31": "19.03%", "2005-12-31": "21.82%"}, "net profit margin": {"2020-12-31": "22.51%", "2020-09-30": "21.76%", "2020-06-30": "20.96%", "2020-03-31": "18.27%", "2019-12-31": "21.58%", "2019-09-30": "23.06%", "2019-06-30": "25.74%", "2019-03-31": "29.84%", "2018-12-31": "33.02%", "2018-09-30": "22.07%", "2018-06-30": "19.89%", "2018-03-31": "18.18%", "2017-12-31": "17.29%", "2017-09-30": "27.81%", "2017-06-30": "26.60%", "2017-03-31": "27.22%", "2016-12-31": "26.51%", "2016-09-30": "25.16%", "2016-06-30": "23.63%", "2016-03-31": "20.38%", "2015-12-31": "18.65%", "2015-09-30": "14.18%", "2015-06-30": "13.01%", "2015-03-31": "12.65%", "2014-12-31": "14.73%", "2014-09-30": "18.67%", "2014-06-30": "19.90%", "2014-03-31": "20.21%", "2013-12-31": "19.59%", "2013-09-30": "18.67%", "2013-06-30": "19.10%", "2013-03-31": "21.76%", "2012-12-31": "22.23%", "2012-09-30": "22.58%", "2012-06-30": "23.84%", "2012-03-31": "23.75%", "2011-12-31": "23.96%", "2011-09-30": "25.30%", "2011-06-30": "25.02%", "2011-03-31": "23.30%", "2010-12-31": "20.48%", "2010-09-30": "16.03%", "2010-06-30": "11.65%", "2010-03-31": "4.73%", "2009-12-31": "-4.87%", "2009-09-30": "-39.26%", "2009-06-30": "-34.43%", "2009-03-31": "-23.05%", "2008-12-31": "-10.74%", "2008-09-30": "12.28%", "2008-06-30": "14.23%", "2008-03-31": "16.12%", "2007-12-31": "17.04%", "2007-09-30": "17.18%", "2007-06-30": "19.34%", "2007-03-31": "19.94%", "2006-12-31": "19.14%", "2006-09-30": "19.95%", "2006-06-30": "18.40%", "2006-03-31": "16.76%", "2005-12-31": "17.87%"}, "pe ratio": {"current": "25.11", "2021-02-05": "49.49", "2020-12-31": "44.49", "2020-09-30": "23.48", "2020-06-30": "25.09", "2020-03-31": "22.13", "2019-12-31": "24.50", "2019-09-30": "21.76", "2019-06-30": "15.23", "2019-03-31": "13.70", "2018-12-31": "9.39", "2018-09-30": "16.53", "2018-06-30": "19.03", "2018-03-31": "22.79", "2017-12-31": "23.63", "2017-09-30": "15.06", "2017-06-30": "14.35", "2017-03-31": "14.55", "2016-12-31": "13.04", "2016-09-30": "12.72", "2016-06-30": "14.65", "2016-03-31": "17.78", "2015-12-31": "18.35", "2015-09-30": "17.68", "2015-06-30": "21.69", "2015-03-31": "23.56", "2014-12-31": "23.74", "2014-09-30": "16.58", "2014-06-30": "14.18", "2014-03-31": "13.28", "2013-12-31": "13.16", "2013-09-30": "13.14", "2013-06-30": "11.42", "2013-03-31": "8.90", "2012-12-31": "7.55", "2012-09-30": "7.42", "2012-06-30": "7.04", "2012-03-31": "7.78", "2011-12-31": "6.84", "2011-09-30": "4.91", "2011-06-30": "5.38", "2011-03-31": "7.50", "2010-12-31": "7.91", "2010-09-30": "10.55", "2010-06-30": "13.55", "2010-03-31": "43.13", "2009-12-31": "0.00", "2009-09-30": "0.00", "2009-06-30": "0.00", "2009-03-31": "0.00", "2008-12-31": "0.00", "2008-09-30": "11.41", "2008-06-30": "12.00", "2008-03-31": "9.36", "2007-12-31": "11.36", "2007-09-30": "13.17", "2007-06-30": "11.91", "2007-03-31": "12.08", "2006-12-31": "12.66"}, "price sales": {"2021-02-05": "7.43", "2020-12-31": "6.68", "2020-09-30": "5.13", "2020-06-30": "5.27", "2020-03-31": "4.01", "2019-12-31": "5.25", "2019-09-30": "5.00", "2019-06-30": "3.91", "2019-03-31": "4.10", "2018-12-31": "3.10", "2018-09-30": "3.65", "2018-06-30": "3.77", "2018-03-31": "4.12", "2017-12-31": "4.06", "2017-09-30": "4.19", "2017-06-30": "3.82", "2017-03-31": "3.96", "2016-12-31": "3.45", "2016-09-30": "3.19", "2016-06-30": "3.45", "2016-03-31": "3.65", "2015-12-31": "3.45", "2015-09-30": "2.53", "2015-06-30": "2.85", "2015-03-31": "2.98", "2014-12-31": "3.48", "2014-09-30": "3.09", "2014-06-30": "2.83", "2014-03-31": "2.69", "2013-12-31": "2.58", "2013-09-30": "2.45", "2013-06-30": "2.18", "2013-03-31": "1.94", "2012-12-31": "1.68", "2012-09-30": "1.68", "2012-06-30": "1.68", "2012-03-31": "1.85", "2011-12-31": "1.63", "2011-09-30": "1.24", "2011-06-30": "1.34", "2011-03-31": "1.75", "2010-12-31": "1.63", "2010-09-30": "1.71", "2010-06-30": "1.60", "2010-03-31": "2.08", "2009-12-31": "2.70", "2009-09-30": "2.73", "2009-06-30": "1.68", "2009-03-31": "1.13", "2008-12-31": "1.06", "2008-09-30": "1.40", "2008-06-30": "1.73", "2008-03-31": "1.52", "2007-12-31": "1.94", "2007-09-30": "2.28", "2007-06-30": "2.32", "2007-03-31": "2.39", "2006-12-31": "2.42"}, "price book": {"current": "15.08", "2021-02-05": "15.05", "2020-12-31": "13.53", "2020-09-30": "10.80", "2020-06-30": "11.19", "2020-03-31": "9.46", "2019-12-31": "10.21", "2019-09-30": "9.18", "2019-06-30": "6.84", "2019-03-31": "6.45", "2018-12-31": "8.13", "2018-09-30": "9.45", "2018-06-30": "9.33", "2018-03-31": "11.64", "2017-12-31": "12.53", "2017-09-30": "10.53", "2017-06-30": "9.98", "2017-03-31": "11.91", "2016-12-31": "11.65", "2016-09-30": "12.62", "2016-06-30": "14.89", "2016-03-31": "21.20", "2015-12-31": "26.10", "2015-09-30": "23.22", "2015-06-30": "18.28", "2015-03-31": "16.25", "2014-12-31": "16.23", "2014-09-30": "2.50", "2014-06-30": "2.22", "2014-03-31": "2.12", "2013-12-31": "2.02", "2013-09-30": "1.93", "2013-06-30": "1.74", "2013-03-31": "1.66", "2012-12-31": "1.53", "2012-09-30": "1.52", "2012-06-30": "1.58", "2012-03-31": "1.83", "2011-12-31": "1.70", "2011-09-30": "1.36", "2011-06-30": "1.46", "2011-03-31": "1.83", "2010-12-31": "1.60", "2010-09-30": "1.54", "2010-06-30": "1.26", "2010-03-31": "1.42", "2009-12-31": "1.67", "2009-09-30": "1.65", "2009-06-30": "1.17", "2009-03-31": "0.92", "2008-12-31": "0.94", "2008-09-30": "1.12", "2008-06-30": "1.37", "2008-03-31": "1.21", "2007-12-31": "1.63", "2007-09-30": "1.89", "2007-06-30": "1.68", "2007-03-31": "1.75", "2006-12-31": "1.47", "2006-09-30": "1.34", "2006-06-30": "1.30", "2006-03-31": "1.58"}, "price fcf": {"2021-02-05": "", "2020-12-31": "$11.32", "2020-09-30": "$10.32", "2020-06-30": "$10.29", "2020-03-31": "$9.46", "2019-12-31": "$7.63", "2019-09-30": "$7.11", "2019-06-30": "$6.51", "2019-03-31": "$7.01", "2018-12-31": "$8.39", "2018-09-30": "$7.42", "2018-06-30": "$7.38", "2018-03-31": "$8.04", "2017-12-31": "$7.26", "2017-09-30": "$7.88", "2017-06-30": "$6.63", "2017-03-31": "$5.98", "2016-12-31": "$5.29", "2016-09-30": "$4.53", "2016-06-30": "$4.69", "2016-03-31": "$4.34", "2015-12-31": "$5.10", "2015-09-30": "$4.47", "2015-06-30": "$3.42", "2015-03-31": "$2.97", "2014-12-31": "$2.85", "2014-09-30": "$3.46", "2014-06-30": "$4.25", "2014-03-31": "$3.76", "2013-12-31": "$4.79", "2013-09-30": "$4.56", "2013-06-30": "$4.97", "2013-03-31": "$5.55", "2012-12-31": "$4.65", "2012-09-30": "$5.32", "2012-06-30": "$5.21", "2012-03-31": "$5.33", "2011-12-31": "$5.21", "2011-09-30": "$5.36", "2011-06-30": "$4.64", "2011-03-31": "$3.46", "2010-12-31": "$2.81", "2010-09-30": "$2.54", "2010-06-30": "$2.45", "2010-03-31": "$2.41", "2009-12-31": "$2.16", "2009-09-30": "$1.13", "2009-06-30": "$1.15", "2009-03-31": "$1.67", "2008-12-31": "$2.19", "2008-09-30": "$3.09", "2008-06-30": "$3.66", "2008-03-31": "$3.30", "2007-12-31": "$3.22", "2007-09-30": "$3.07", "2007-06-30": "$2.54", "2007-03-31": "$2.54", "2006-12-31": "$2.28"}, "net worth": {"value": "$44.49B"}, "current ratio": {"current": "2.59", "2020-12-31": "2.59", "2020-09-30": "2.72", "2020-06-30": "2.78", "2020-03-31": "2.61", "2019-12-31": "2.55", "2019-09-30": "2.24", "2019-06-30": "2.44", "2019-03-31": "2.61", "2018-12-31": "3.03", "2018-09-30": "3.45", "2018-06-30": "3.75", "2018-03-31": "3.78", "2017-12-31": "3.73", "2017-09-30": "3.11", "2017-06-30": "3.40", "2017-03-31": "3.41", "2016-12-31": "3.39", "2016-09-30": "4.03", "2016-06-30": "3.86", "2016-03-31": "3.92", "2015-12-31": "4.29", "2015-09-30": "4.02", "2015-06-30": "3.90", "2015-03-31": "4.06", "2014-12-31": "4.29", "2014-09-30": "5.43", "2014-06-30": "5.12", "2014-03-31": "5.12", "2013-12-31": "4.86", "2013-09-30": "5.22", "2013-06-30": "5.05", "2013-03-31": "5.20", "2012-12-31": "5.29", "2012-09-30": "5.26", "2012-06-30": "4.83", "2012-03-31": "4.57", "2011-12-31": "4.52", "2011-09-30": "4.90", "2011-06-30": "4.18", "2011-03-31": "4.01", "2010-12-31": "3.94", "2010-09-30": "3.84", "2010-06-30": "3.67", "2010-03-31": "3.90", "2009-12-31": "4.22", "2009-09-30": "4.10", "2009-06-30": "4.39", "2009-03-31": "3.97", "2008-12-31": "3.70", "2008-09-30": "3.39", "2008-06-30": "3.19", "2008-03-31": "2.82", "2007-12-31": "2.99", "2007-09-30": "2.94", "2007-06-30": "3.24", "2007-03-31": "2.86", "2006-12-31": "3.46", "2006-09-30": "3.87", "2006-06-30": "3.59", "2006-03-31": "3.77", "2005-12-31": "3.90", "2005-09-30": "3.76", "2005-06-30": "3.42", "2005-03-31": "3.34"}, "quick ratio": {"2020-12-31": "1.88", "2020-09-30": "1.92", "2020-06-30": "2.01", "2020-03-31": "1.85", "2019-12-31": "1.82", "2019-09-30": "1.60", "2019-06-30": "1.73", "2019-03-31": "1.84", "2018-12-31": "2.35", "2018-09-30": "2.69", "2018-06-30": "2.98", "2018-03-31": "3.07", "2017-12-31": "3.06", "2017-09-30": "2.59", "2017-06-30": "2.83", "2017-03-31": "2.85", "2016-12-31": "2.83", "2016-09-30": "3.31", "2016-06-30": "3.16", "2016-03-31": "3.19", "2015-12-31": "3.49", "2015-09-30": "3.31", "2015-06-30": "3.28", "2015-03-31": "3.42", "2014-12-31": "3.59", "2014-09-30": "4.59", "2014-06-30": "4.39", "2014-03-31": "4.35", "2013-12-31": "4.14", "2013-09-30": "4.42", "2013-06-30": "4.31", "2013-03-31": "4.41", "2012-12-31": "4.44", "2012-09-30": "4.39", "2012-06-30": "4.07", "2012-03-31": "3.83", "2011-12-31": "3.75", "2011-09-30": "4.07", "2011-06-30": "3.53", "2011-03-31": "3.36", "2010-12-31": "3.30", "2010-09-30": "3.23", "2010-06-30": "3.15", "2010-03-31": "3.35", "2009-12-31": "3.65", "2009-09-30": "3.53", "2009-06-30": "3.71", "2009-03-31": "3.28", "2008-12-31": "3.01", "2008-09-30": "2.74", "2008-06-30": "2.71", "2008-03-31": "2.37", "2007-12-31": "2.48", "2007-09-30": "2.41", "2007-06-30": "2.70", "2007-03-31": "2.35", "2006-12-31": "2.90", "2006-09-30": "3.35", "2006-06-30": "3.14", "2006-03-31": "3.30", "2005-12-31": "3.42", "2005-09-30": "3.30", "2005-06-30": "3.03", "2005-03-31": "2.98"}, "debt equity ratio": {"current": "1.17", "2020-12-31": "2.33", "2020-09-30": "2.37", "2020-06-30": "2.46", "2020-03-31": "2.80", "2019-12-31": "2.44", "2019-09-30": "2.44", "2019-06-30": "2.36", "2019-03-31": "2.18", "2018-12-31": "2.51", "2018-09-30": "2.60", "2018-06-30": "2.48", "2018-03-31": "3.09", "2017-12-31": "3.41", "2017-09-30": "2.89", "2017-06-30": "3.17", "2017-03-31": "3.64", "2016-12-31": "4.28", "2016-09-30": "5.39", "2016-06-30": "6.20", "2016-03-31": "9.03", "2015-12-31": "11.51", "2015-09-30": "14.53", "2015-06-30": "10.45", "2015-03-31": "8.93", "2014-12-31": "7.28", "2014-09-30": "0.50", "2014-06-30": "0.51", "2014-03-31": "0.51", "2013-12-31": "0.53", "2013-09-30": "0.51", "2013-06-30": "0.52", "2013-03-31": "0.51", "2012-12-31": "0.51", "2012-09-30": "0.51", "2012-06-30": "0.54", "2012-03-31": "0.56", "2011-12-31": "0.58", "2011-09-30": "0.56", "2011-06-30": "0.63", "2011-03-31": "0.67", "2010-12-31": "0.69", "2010-09-30": "0.71", "2010-06-30": "0.74", "2010-03-31": "0.71", "2009-12-31": "0.67", "2009-09-30": "0.67", "2009-06-30": "0.65", "2009-03-31": "0.68", "2008-12-31": "0.69", "2008-09-30": "0.62", "2008-06-30": "0.63", "2008-03-31": "0.38", "2007-12-31": "0.37", "2007-09-30": "0.37", "2007-06-30": "0.30", "2007-03-31": "0.31", "2006-12-31": "0.27", "2006-09-30": "0.25", "2006-06-30": "0.28", "2006-03-31": "0.28", "2005-12-31": "0.26", "2005-09-30": "0.27", "2005-06-30": "0.31", "2005-03-31": "0.33"}, "return on equity": {"2020-12-31": "51.02%", "2020-09-30": "49.39%", "2020-06-30": "46.93%", "2020-03-31": "39.49%", "2019-12-31": "41.68%", "2019-09-30": "45.80%", "2019-06-30": "53.89%", "2019-03-31": "68.14%", "2018-12-31": "92.33%", "2018-09-30": "63.49%", "2018-06-30": "56.54%", "2018-03-31": "52.73%", "2017-12-31": "50.90%", "2017-09-30": "83.97%", "2017-06-30": "87.77%", "2017-03-31": "105.16%", "2016-12-31": "118.64%", "2016-09-30": "134.49%", "2016-06-30": "154.44%", "2016-03-31": "147.63%", "2015-12-31": "134.86%", "2015-09-30": "88.13%", "2015-06-30": "29.01%", "2015-03-31": "17.02%", "2014-12-31": "14.86%", "2014-09-30": "15.12%", "2014-06-30": "16.25%", "2014-03-31": "16.63%", "2013-12-31": "15.78%", "2013-09-30": "15.07%", "2013-06-30": "15.92%", "2013-03-31": "19.47%", "2012-12-31": "21.08%", "2012-09-30": "21.85%", "2012-06-30": "24.43%", "2012-03-31": "25.26%", "2011-12-31": "26.51%", "2011-09-30": "30.43%", "2011-06-30": "30.71%", "2011-03-31": "27.22%", "2010-12-31": "21.96%", "2010-09-30": "15.32%", "2010-06-30": "9.53%", "2010-03-31": "3.30%", "2009-12-31": "-3.05%", "2009-09-30": "-23.65%", "2009-06-30": "-22.29%", "2009-03-31": "-16.55%", "2008-12-31": "-8.28%", "2008-09-30": "9.85%", "2008-06-30": "11.89%", "2008-03-31": "13.61%", "2007-12-31": "14.63%", "2007-09-30": "13.96%", "2007-06-30": "14.63%", "2007-03-31": "14.20%", "2006-12-31": "12.50%", "2006-09-30": "12.61%", "2006-06-30": "11.34%", "2006-03-31": "10.24%", "2005-12-31": "11.43%"}, "return on assets": {"2020-12-31": "14.67%", "2020-09-30": "14.07%", "2020-06-30": "13.30%", "2020-03-31": "11.27%", "2019-12-31": "12.42%", "2019-09-30": "13.65%", "2019-06-30": "15.97%", "2019-03-31": "20.05%", "2018-12-31": "25.28%", "2018-09-30": "16.47%", "2018-06-30": "14.38%", "2018-03-31": "12.78%", "2017-12-31": "11.97%", "2017-09-30": "19.02%", "2017-06-30": "17.68%", "2017-03-31": "18.49%", "2016-12-31": "17.42%", "2016-09-30": "16.11%", "2016-06-30": "14.93%", "2016-03-31": "12.27%", "2015-12-31": "11.25%", "2015-09-30": "8.28%", "2015-06-30": "7.31%", "2015-03-31": "6.81%", "2014-12-31": "7.98%", "2014-09-30": "10.00%", "2014-06-30": "10.72%", "2014-03-31": "10.96%", "2013-12-31": "10.39%", "2013-09-30": "9.96%", "2013-06-30": "10.54%", "2013-03-31": "12.85%", "2012-12-31": "13.78%", "2012-09-30": "14.12%", "2012-06-30": "15.67%", "2012-03-31": "15.96%", "2011-12-31": "16.49%", "2011-09-30": "18.64%", "2011-06-30": "18.36%", "2011-03-31": "16.02%", "2010-12-31": "12.83%", "2010-09-30": "8.97%", "2010-06-30": "5.62%", "2010-03-31": "1.97%", "2009-12-31": "-1.83%", "2009-09-30": "-14.16%", "2009-06-30": "-13.45%", "2009-03-31": "-10.03%", "2008-12-31": "-5.27%", "2008-09-30": "6.59%", "2008-06-30": "8.30%", "2008-03-31": "10.07%", "2007-12-31": "10.95%", "2007-09-30": "10.67%", "2007-06-30": "11.42%", "2007-03-31": "11.12%", "2006-12-31": "9.85%", "2006-09-30": "9.94%", "2006-06-30": "8.90%", "2006-03-31": "8.00%", "2005-12-31": "8.84%"}, "return on investments": {"2020-12-31": "28.17%", "2020-09-30": "26.75%", "2020-06-30": "25.18%", "2020-03-31": "22.38%", "2019-12-31": "23.23%", "2019-09-30": "25.39%", "2019-06-30": "28.79%", "2019-03-31": "35.68%", "2018-12-31": "44.75%", "2018-09-30": "42.64%", "2018-06-30": "40.00%", "2018-03-31": "37.76%", "2017-12-31": "36.63%", "2017-09-30": "35.83%", "2017-06-30": "33.32%", "2017-03-31": "33.84%", "2016-12-31": "31.54%", "2016-09-30": "28.68%", "2016-06-30": "26.92%", "2016-03-31": "23.02%", "2015-12-31": "21.70%", "2015-09-30": "19.61%", "2015-06-30": "17.19%", "2015-03-31": "15.61%", "2014-12-31": "16.53%", "2014-09-30": "16.83%", "2014-06-30": "17.81%", "2014-03-31": "18.35%", "2013-12-31": "17.17%", "2013-09-30": "16.53%", "2013-06-30": "17.56%", "2013-03-31": "20.90%", "2012-12-31": "23.30%", "2012-09-30": "24.03%", "2012-06-30": "26.43%", "2012-03-31": "27.93%", "2011-12-31": "29.65%", "2011-09-30": "33.88%", "2011-06-30": "34.85%", "2011-03-31": "30.78%", "2010-12-31": "24.71%", "2010-09-30": "17.81%", "2010-06-30": "10.57%", "2010-03-31": "3.99%", "2009-12-31": "-1.53%", "2009-09-30": "-20.22%", "2009-06-30": "-18.67%", "2009-03-31": "-13.36%", "2008-12-31": "-9.47%", "2008-09-30": "19.69%", "2008-06-30": "53.46%", "2008-03-31": "inf%", "2007-12-31": "inf%", "2007-09-30": "inf%", "2007-06-30": "inf%", "2007-03-31": "inf%", "2006-12-31": "inf%", "2006-09-30": "inf%", "2006-06-30": "inf%", "2006-03-31": "inf%", "2005-12-31": "inf%"}, "return on tangible equity": {"2020-12-31": "-187.20%", "2020-09-30": "-141.87%", "2020-06-30": "-117.33%", "2020-03-31": "-91.27%", "2019-12-31": "-105.61%", "2019-09-30": "-225.74%", "2019-06-30": "1479.25%", "2019-03-31": "196.62%", "2018-12-31": "122.34%", "2018-09-30": "85.55%", "2018-06-30": "76.35%", "2018-03-31": "72.47%", "2017-12-31": "70.57%", "2017-09-30": "117.87%", "2017-06-30": "130.51%", "2017-03-31": "168.97%", "2016-12-31": "222.11%", "2016-09-30": "326.89%", "2016-06-30": "613.04%", "2016-03-31": "1250.00%", "2015-12-31": "1112.04%", "2015-09-30": "384.58%", "2015-06-30": "40.28%", "2015-03-31": "20.56%", "2014-12-31": "17.01%", "2014-09-30": "16.81%", "2014-06-30": "18.06%", "2014-03-31": "18.51%", "2013-12-31": "17.58%", "2013-09-30": "16.84%", "2013-06-30": "17.85%", "2013-03-31": "21.90%", "2012-12-31": "23.83%", "2012-09-30": "24.86%", "2012-06-30": "28.00%", "2012-03-31": "29.20%", "2011-12-31": "30.95%", "2011-09-30": "35.93%", "2011-06-30": "36.77%", "2011-03-31": "33.13%", "2010-12-31": "27.12%", "2010-09-30": "19.14%", "2010-06-30": "12.02%", "2010-03-31": "4.20%", "2009-12-31": "-3.89%", "2009-09-30": "-30.25%", "2009-06-30": "-30.04%", "2009-03-31": "-22.96%", "2008-12-31": "-11.14%", "2008-09-30": "12.92%", "2008-06-30": "14.70%", "2008-03-31": "16.00%", "2007-12-31": "17.13%", "2007-09-30": "16.17%", "2007-06-30": "16.19%", "2007-03-31": "15.22%", "2006-12-31": "12.96%", "2006-09-30": "12.67%", "2006-06-30": "11.40%", "2006-03-31": "10.24%", "2005-12-31": "11.43%"}, "dividend yield history": {"last payout": "$3.60", "last yield": "1.25%"}}