{"ticker": "KNX", "price": {"title": "Knight-Swift Transportation Holdings Historical Annual Stock Price Data", "value": 41.22, "historical": {"2021": {"Average Stock Price": "42.5542", "Year Open": "40.9000", "Year High": "45.0600", "Year Low": "40.0000", "Year Close": "41.2200", "Annual % Change": "-1.43%"}, "2020": {"Average Stock Price": "39.5806", "Year Open": "36.9900", "Year High": "46.8000", "Year Low": "28.5900", "Year Close": "41.8200", "Annual % Change": "16.69%"}, "2019": {"Average Stock Price": "33.8347", "Year Open": "25.8400", "Year High": "38.6600", "Year Low": "25.2100", "Year Close": "35.8400", "Annual % Change": "42.96%"}, "2018": {"Average Stock Price": "38.5712", "Year Open": "44.5900", "Year High": "49.7900", "Year Low": "23.9800", "Year Close": "25.0700", "Annual % Change": "-42.66%"}, "2017": {"Average Stock Price": "36.4371", "Year Open": "33.5500", "Year High": "44.3500", "Year Low": "30.4000", "Year Close": "43.7200", "Annual % Change": "32.28%"}, "2016": {"Average Stock Price": "27.8669", "Year Open": "23.8900", "Year High": "38.4000", "Year Low": "20.9900", "Year Close": "33.0500", "Annual % Change": "36.40%"}, "2015": {"Average Stock Price": "28.4797", "Year Open": "33.7400", "Year High": "34.5000", "Year Low": "23.0700", "Year Close": "24.2300", "Annual % Change": "-28.02%"}, "2014": {"Average Stock Price": "25.1508", "Year Open": "18.0800", "Year High": "34.4900", "Year Low": "18.0800", "Year Close": "33.6600", "Annual % Change": "83.53%"}, "2013": {"Average Stock Price": "16.6071", "Year Open": "15.1600", "Year High": "18.4600", "Year Low": "15.1100", "Year Close": "18.3400", "Annual % Change": "25.36%"}, "2012": {"Average Stock Price": "15.9166", "Year Open": "15.7400", "Year High": "18.2700", "Year Low": "14.0100", "Year Close": "14.6300", "Annual % Change": "-6.46%"}, "2011": {"Average Stock Price": "16.6242", "Year Open": "19.4100", "Year High": "19.9300", "Year Low": "12.8700", "Year Close": "15.6400", "Annual % Change": "-17.68%"}, "2010": {"Average Stock Price": "19.8335", "Year Open": "19.2000", "Year High": "22.1800", "Year Low": "17.7700", "Year Close": "19.0000", "Annual % Change": "-1.50%"}, "2009": {"Average Stock Price": "16.3656", "Year Open": "16.2300", "Year High": "19.9500", "Year Low": "12.3700", "Year Close": "19.2900", "Annual % Change": "19.67%"}, "2008": {"Average Stock Price": "16.6255", "Year Open": "14.6300", "Year High": "21.0000", "Year Low": "12.7100", "Year Close": "16.1200", "Annual % Change": "8.85%"}, "2007": {"Average Stock Price": "17.9676", "Year Open": "17.4400", "Year High": "20.3400", "Year Low": "14.5300", "Year Close": "14.8100", "Annual % Change": "-13.14%"}, "2006": {"Average Stock Price": "18.8830", "Year Open": "20.9100", "Year High": "21.8300", "Year Low": "15.9800", "Year Close": "17.0500", "Annual % Change": "-17.75%"}, "2005": {"Average Stock Price": "16.8803", "Year Open": "16.3333", "Year High": "22.0867", "Year Low": "14.0867", "Year Close": "20.7300", "Annual % Change": "25.38%"}, "2004": {"Average Stock Price": "12.8343", "Year Open": "11.6000", "Year High": "17.1667", "Year Low": "9.9022", "Year Close": "16.5333", "Annual % Change": "45.03%"}, "2003": {"Average Stock Price": "10.6778", "Year Open": "9.3867", "Year High": "12.5289", "Year Low": "8.4844", "Year Close": "11.4000", "Annual % Change": "22.14%"}, "2002": {"Average Stock Price": "8.7210", "Year Open": "8.4400", "Year High": "10.6089", "Year Low": "6.7067", "Year Close": "9.3333", "Annual % Change": "11.82%"}, "2001": {"Average Stock Price": "5.9333", "Year Open": "3.8519", "Year High": "8.8889", "Year Low": "3.6800", "Year Close": "8.3467", "Annual % Change": "119.51%"}, "2000": {"Average Stock Price": "3.2922", "Year Open": "3.2968", "Year High": "3.8519", "Year Low": "2.8148", "Year Close": "3.8025", "Annual % Change": "12.38%"}, "1999": {"Average Stock Price": "3.5422", "Year Open": "4.4701", "Year High": "4.8158", "Year Low": "2.1235", "Year Close": "3.3837", "Annual % Change": "-35.82%"}, "1998": {"Average Stock Price": "3.6749", "Year Open": "3.5226", "Year High": "5.4321", "Year Low": "2.6173", "Year Close": "5.2721", "Annual % Change": "44.27%"}, "1997": {"Average Stock Price": "3.2598", "Year Open": "2.5100", "Year High": "4.0994", "Year Low": "2.5100", "Year Close": "3.6543", "Annual % Change": "46.05%"}, "1996": {"Average Stock Price": "2.4779", "Year Open": "1.8107", "Year High": "3.1934", "Year Low": "1.7291", "Year Close": "2.5021", "Annual % Change": "38.18%"}, "1995": {"Average Stock Price": "1.8835", "Year Open": "1.8923", "Year High": "2.2216", "Year Low": "1.5302", "Year Close": "1.8107", "Annual % Change": "-3.51%"}}}, "market cap": {"value": "$7B"}, "income statement": {"Revenue": {"2020-12-31": "4673.86300", "2019-12-31": "4843.95000", "2018-12-31": "5344.06600", "2017-12-31": "2425.45300", "2016-12-31": "1118.03400", "2015-12-31": "1182.96400", "2014-12-31": "4298.72400", "2013-12-31": "4118.19500", "2012-12-31": "3976.08500", "2011-12-31": "3778.96300", "2010-12-31": "2929.72300", "2009-12-31": "2571.35300", "2008-12-31": "3399.81000", "2007-12-31": "2180.29300"}, "Cost Of Goods Sold": {"2020-12-31": "1352.95600", "2019-12-31": "1619.09200", "2018-12-31": "1940.30000", "2017-12-31": "869.06900", "2016-12-31": "363.55900", "2015-12-31": "399.61600", "2014-12-31": "1913.12300", "2013-12-31": "1895.64600", "2012-12-31": "1863.74000", "2011-12-31": "1753.94600", "2010-12-31": "1239.83700", "2009-12-31": "1005.82500", "2008-12-31": "1509.93300", "2007-12-31": "910.24600"}, "Gross Profit": {"2020-12-31": "3320.90700", "2019-12-31": "3224.85800", "2018-12-31": "3403.76600", "2017-12-31": "1556.38400", "2016-12-31": "754.47500", "2015-12-31": "783.34800", "2014-12-31": "2385.60100", "2013-12-31": "2222.54900", "2012-12-31": "2112.34500", "2011-12-31": "2025.01700", "2010-12-31": "1689.88600", "2009-12-31": "1565.52800", "2008-12-31": "1889.87700", "2007-12-31": "1270.04700"}, "Research And Development Expenses": {"2020-12-31": "", "2019-12-31": "", "2018-12-31": "", "2017-12-31": "", "2016-12-31": "", "2015-12-31": "", "2014-12-31": "", "2013-12-31": "", "2012-12-31": "", "2011-12-31": "", "2010-12-31": "", "2009-12-31": "", "2008-12-31": "", "2007-12-31": ""}, "SG&A Expenses": {"2020-12-31": "2038.74000", "2019-12-31": "2079.07800", "2018-12-31": "2141.89300", "2017-12-31": "988.59300", "2016-12-31": "463.34400", "2015-12-31": "467.46700", "2014-12-31": "1543.80800", "2013-12-31": "1439.51100", "2012-12-31": "1363.83200", "2011-12-31": "1325.49100", "2010-12-31": "1125.52600", "2009-12-31": "1077.29700", "2008-12-31": "1374.50200", "2007-12-31": "911.45890"}, "Other Operating Income Or Expenses": {"2020-12-31": "-211.05900", "2019-12-31": "-255.38400", "2018-12-31": "-262.74100", "2017-12-31": "-160.05600", "2016-12-31": "-26.49200", "2015-12-31": "-26.85800", "2014-12-31": "-233.78700", "2013-12-31": "-183.25700", "2012-12-31": "-160.93300", "2011-12-31": "-141.13400", "2010-12-31": "-94.55400", "2009-12-31": "-102.69900", "2008-12-31": "-124.60700", "2007-12-31": "-326.23600"}, "Operating Expenses": {"2020-12-31": "4109.42500", "2019-12-31": "4416.51200", "2018-12-31": "4775.02300", "2017-12-31": "2224.82300", "2016-12-31": "969.55510", "2015-12-31": "1004.96400", "2014-12-31": "3928.65400", "2013-12-31": "3761.23600", "2012-12-31": "3624.26900", "2011-12-31": "3456.92700", "2010-12-31": "2686.66800", "2009-12-31": "2439.35200", "2008-12-31": "3284.87400", "2007-12-31": "2334.98400"}, "Operating Income": {"2020-12-31": "564.43800", "2019-12-31": "427.43850", "2018-12-31": "569.04300", "2017-12-31": "200.63010", "2016-12-31": "148.47900", "2015-12-31": "178.00000", "2014-12-31": "370.07030", "2013-12-31": "356.95870", "2012-12-31": "351.81590", "2011-12-31": "322.03590", "2010-12-31": "243.05490", "2009-12-31": "132.00100", "2008-12-31": "114.93630", "2007-12-31": "-154.69090"}, "Total Non-Operating Income/Expense": {"2020-12-31": "-4.12700", "2019-12-31": "-13.46200", "2018-12-31": "-17.00500", "2017-12-31": "-6.92100", "2016-12-31": "4.35100", "2015-12-31": "8.50400", "2014-12-31": "-119.44400", "2013-12-31": "-100.55500", "2012-12-31": "-150.11500", "2011-12-31": "-160.79700", "2010-12-31": "-411.90000", "2009-12-31": "-240.99600", "2008-12-31": "-250.12300", "2007-12-31": "-175.81300"}, "Pre-Tax Income": {"2020-12-31": "560.31100", "2019-12-31": "413.97600", "2018-12-31": "552.03800", "2017-12-31": "193.70900", "2016-12-31": "152.83000", "2015-12-31": "186.50400", "2014-12-31": "250.62600", "2013-12-31": "256.40400", "2012-12-31": "201.70100", "2011-12-31": "161.23900", "2010-12-31": "-168.84500", "2009-12-31": "-108.99500", "2008-12-31": "-135.18700", "2007-12-31": "-330.50400"}, "Income Taxes": {"2020-12-31": "149.67600", "2019-12-31": "103.79800", "2018-12-31": "131.38900", "2017-12-31": "-291.71600", "2016-12-31": "57.59200", "2015-12-31": "68.04700", "2014-12-31": "89.47400", "2013-12-31": "100.98200", "2012-12-31": "61.61400", "2011-12-31": "58.49200", "2010-12-31": "-43.43200", "2009-12-31": "326.65000", "2008-12-31": "11.36800", "2007-12-31": "-234.31600"}, "Income After Taxes": {"2020-12-31": "410.63500", "2019-12-31": "310.17800", "2018-12-31": "420.64900", "2017-12-31": "485.42500", "2016-12-31": "95.23800", "2015-12-31": "118.45700", "2014-12-31": "161.15200", "2013-12-31": "155.42200", "2012-12-31": "140.08700", "2011-12-31": "102.74700", "2010-12-31": "-125.41300", "2009-12-31": "-435.64500", "2008-12-31": "-146.55500", "2007-12-31": "-96.18800"}, "Other Income": {"2020-12-31": "", "2019-12-31": "", "2018-12-31": "", "2017-12-31": "", "2016-12-31": "", "2015-12-31": "", "2014-12-31": "", "2013-12-31": "", "2012-12-31": "", "2011-12-31": "", "2010-12-31": "", "2009-12-31": "", "2008-12-31": "", "2007-12-31": ""}, "Income From Continuous Operations": {"2020-12-31": "410.63500", "2019-12-31": "310.17800", "2018-12-31": "420.64900", "2017-12-31": "485.42500", "2016-12-31": "95.23800", "2015-12-31": "118.45700", "2014-12-31": "161.15200", "2013-12-31": "155.42200", "2012-12-31": "140.08700", "2011-12-31": "102.74700", "2010-12-31": "-125.41300", "2009-12-31": "-435.64500", "2008-12-31": "-146.55500", "2007-12-31": "-96.18800"}, "Income From Discontinued Operations": {"2020-12-31": "", "2019-12-31": "", "2018-12-31": "", "2017-12-31": "", "2016-12-31": "", "2015-12-31": "", "2014-12-31": "", "2013-12-31": "", "2012-12-31": "", "2011-12-31": "", "2010-12-31": "", "2009-12-31": "", "2008-12-31": "", "2007-12-31": ""}, "Net Income": {"2020-12-31": "410.00200", "2019-12-31": "309.20600", "2018-12-31": "419.26400", "2017-12-31": "484.29200", "2016-12-31": "93.86300", "2015-12-31": "116.71800", "2014-12-31": "161.15200", "2013-12-31": "155.42200", "2012-12-31": "140.08700", "2011-12-31": "102.74700", "2010-12-31": "-125.41300", "2009-12-31": "-435.64500", "2008-12-31": "-146.55500", "2007-12-31": "-96.18800"}, "EBITDA": {"2020-12-31": "564.43800", "2019-12-31": "890.39650", "2018-12-31": "999.13200", "2017-12-31": "407.73510", "2016-12-31": "264.63900", "2015-12-31": "289.02300", "2014-12-31": "618.41330", "2013-12-31": "607.02770", "2012-12-31": "607.59090", "2011-12-31": "580.99890", "2010-12-31": "484.48100", "2009-12-31": "396.12700", "2008-12-31": "421.30330", "2007-12-31": "292.58910"}, "EBIT": {"2020-12-31": "564.43800", "2019-12-31": "427.43850", "2018-12-31": "569.04300", "2017-12-31": "200.63010", "2016-12-31": "148.47900", "2015-12-31": "178.00000", "2014-12-31": "370.07030", "2013-12-31": "356.95870", "2012-12-31": "351.81590", "2011-12-31": "322.03590", "2010-12-31": "243.05490", "2009-12-31": "132.00100", "2008-12-31": "114.93630", "2007-12-31": "-154.69090"}, "Basic Shares Outstanding": {"2020-12-31": "169.71100", "2019-12-31": "171.54100", "2018-12-31": "177.01800", "2017-12-31": "110.65700", "2016-12-31": "80.36200", "2015-12-31": "81.49100", "2014-12-31": "101.83030", "2013-12-31": "100.92890", "2012-12-31": "100.46300", "2011-12-31": "100.19160", "2010-12-31": "45.60410", "2009-12-31": "43.28420", "2008-12-31": "43.28420", "2007-12-31": "35.65510"}, "Shares Outstanding": {"2020-12-31": "170.54900", "2019-12-31": "172.14200", "2018-12-31": "177.99900", "2017-12-31": "111.69700", "2016-12-31": "81.22800", "2015-12-31": "82.46700", "2014-12-31": "103.30200", "2013-12-31": "102.39910", "2012-12-31": "100.52570", "2011-12-31": "100.55740", "2010-12-31": "45.60410", "2009-12-31": "43.28420", "2008-12-31": "43.28420", "2007-12-31": "35.65510"}, "Basic EPS": {"2020-12-31": "2.42000", "2019-12-31": "1.80000", "2018-12-31": "2.37000", "2017-12-31": "4.38000", "2016-12-31": "1.17000", "2015-12-31": "1.43000", "2014-12-31": "1.58330", "2013-12-31": "1.54170", "2012-12-31": "1.38890", "2011-12-31": "1.02780", "2010-12-31": "-2.75000", "2009-12-31": "-10.06940", "2008-12-31": "-3.38890", "2007-12-31": "-2.69440"}, "EPS - Earnings Per Share": {"2020-12-31": "2.40000", "2019-12-31": "1.80000", "2018-12-31": "2.36000", "2017-12-31": "4.34000", "2016-12-31": "1.16000", "2015-12-31": "1.42000", "2014-12-31": "1.55560", "2013-12-31": "1.51390", "2012-12-31": "1.38890", "2011-12-31": "1.02780", "2010-12-31": "-2.75000", "2009-12-31": "-10.06940", "2008-12-31": "-3.38890", "2007-12-31": "-2.69440"}}, "income statement, quarterly": {"Revenue": {"2020-12-31": "1277.96100", "2020-09-30": "1210.40600", "2020-06-30": "1060.69800", "2020-03-31": "1124.79800", "2019-12-31": "1196.81000", "2019-09-30": "1200.52200", "2019-06-30": "1242.08300", "2019-03-31": "1204.53500", "2018-12-31": "1394.64000", "2018-09-30": "1346.61100", "2018-06-30": "1331.68300", "2018-03-31": "1271.13200", "2017-12-31": "1359.42000", "2017-09-30": "521.60800", "2017-06-30": "273.24300", "2017-03-31": "271.18200", "2016-12-31": "289.09800", "2016-09-30": "280.53000", "2016-06-30": "1011.85400", "2016-03-31": "967.82300", "2015-12-31": "1089.80100", "2015-09-30": "1064.97300", "2015-06-30": "1059.40400", "2015-03-31": "1015.14400", "2014-12-31": "1139.50000", "2014-09-30": "1074.88000", "2014-06-30": "1075.89800", "2014-03-31": "1008.44600", "2013-12-31": "1075.38900", "2013-09-30": "1032.12700", "2013-06-30": "1029.07100", "2013-03-31": "981.60800", "2012-12-31": "1283.99200", "2012-09-30": "992.62400", "2012-06-30": "872.58400", "2012-03-31": "826.88500", "2011-12-31": "1305.77800", "2011-09-30": "863.82600", "2011-06-30": "850.47000", "2011-03-31": "758.88900", "2010-12-31": "780.42680", "2010-09-30": "758.28100", "2010-06-30": "736.18500", "2010-03-31": "654.83000", "2009-12-31": "668.30200", "2009-09-30": "659.72300", "2009-06-30": "628.57200", "2009-03-31": "614.75600", "2008-12-31": ""}, "Cost Of Goods Sold": {"2020-12-31": "369.53200", "2020-09-30": "349.80500", "2020-06-30": "286.48800", "2020-03-31": "347.13100", "2019-12-31": "398.68600", "2019-09-30": "400.03600", "2019-06-30": "412.58200", "2019-03-31": "407.78800", "2018-12-31": "480.35000", "2018-09-30": "492.17000", "2018-06-30": "498.68100", "2018-03-31": "469.09900", "2017-12-31": "493.45900", "2017-09-30": "189.73400", "2017-06-30": "92.01800", "2017-03-31": "93.85700", "2016-12-31": "99.97200", "2016-09-30": "91.68500", "2016-06-30": "370.97300", "2016-03-31": "342.29600", "2015-12-31": "387.23300", "2015-09-30": "402.88900", "2015-06-30": "411.34500", "2015-03-31": "395.71800", "2014-12-31": "466.79480", "2014-09-30": "477.21100", "2014-06-30": "493.92600", "2014-03-31": "475.19100", "2013-12-31": "487.48890", "2013-09-30": "478.88200", "2013-06-30": "469.00300", "2013-03-31": "460.27200", "2012-12-31": "604.04000", "2012-09-30": "474.98400", "2012-06-30": "398.51100", "2012-03-31": "386.20500", "2011-12-31": "622.94920", "2011-09-30": "394.46200", "2011-06-30": "392.21700", "2011-03-31": "344.31800", "2010-12-31": "328.96100", "2010-09-30": "315.80900", "2010-06-30": "313.28300", "2010-03-31": "281.78400", "2009-12-31": "332.14000", "2009-09-30": "260.83700", "2009-06-30": "241.55700", "2009-03-31": "221.62100", "2008-12-31": ""}, "Gross Profit": {"2020-12-31": "908.42910", "2020-09-30": "860.60100", "2020-06-30": "774.21000", "2020-03-31": "777.66700", "2019-12-31": "798.12410", "2019-09-30": "800.48600", "2019-06-30": "829.50100", "2019-03-31": "796.74710", "2018-12-31": "914.29000", "2018-09-30": "854.44090", "2018-06-30": "833.00200", "2018-03-31": "802.03300", "2017-12-31": "865.96110", "2017-09-30": "331.87400", "2017-06-30": "181.22500", "2017-03-31": "177.32500", "2016-12-31": "189.12600", "2016-09-30": "188.84500", "2016-06-30": "640.88100", "2016-03-31": "625.52700", "2015-12-31": "702.56800", "2015-09-30": "662.08400", "2015-06-30": "648.05910", "2015-03-31": "619.42600", "2014-12-31": "672.70540", "2014-09-30": "597.66900", "2014-06-30": "581.97190", "2014-03-31": "533.25500", "2013-12-31": "587.90000", "2013-09-30": "553.24490", "2013-06-30": "560.06810", "2013-03-31": "521.33590", "2012-12-31": "679.95200", "2012-09-30": "517.64000", "2012-06-30": "474.07300", "2012-03-31": "440.68000", "2011-12-31": "682.82890", "2011-09-30": "469.36400", "2011-06-30": "458.25300", "2011-03-31": "414.57100", "2010-12-31": "451.46580", "2010-09-30": "442.47200", "2010-06-30": "422.90200", "2010-03-31": "373.04600", "2009-12-31": "336.16200", "2009-09-30": "398.88600", "2009-06-30": "387.01500", "2009-03-31": "393.13500", "2008-12-31": ""}, "Research And Development Expenses": {"2020-12-31": "", "2020-09-30": "", "2020-06-30": "", "2020-03-31": "", "2019-12-31": "", "2019-09-30": "", "2019-06-30": "", "2019-03-31": "", "2018-12-31": "", "2018-09-30": "", "2018-06-30": "", "2018-03-31": "", "2017-12-31": "", "2017-09-30": "", "2017-06-30": "", "2017-03-31": "", "2016-12-31": "", "2016-09-30": "", "2016-06-30": "", "2016-03-31": "", "2015-12-31": "", "2015-09-30": "", "2015-06-30": "", "2015-03-31": "", "2014-12-31": "", "2014-09-30": "", "2014-06-30": "", "2014-03-31": "", "2013-12-31": "", "2013-09-30": "", "2013-06-30": "", "2013-03-31": "", "2012-12-31": "", "2012-09-30": "", "2012-06-30": "", "2012-03-31": "", "2011-12-31": "", "2011-09-30": "", "2011-06-30": "", "2011-03-31": "", "2010-12-31": "", "2010-09-30": "", "2010-06-30": "", "2010-03-31": "", "2009-12-31": "0.00000", "2009-09-30": "", "2009-06-30": "", "2009-03-31": "", "2008-12-31": ""}, "SG&A Expenses": {"2020-12-31": "434.19300", "2020-09-30": "513.54800", "2020-06-30": "497.56300", "2020-03-31": "499.68600", "2019-12-31": "502.00990", "2019-09-30": "528.36100", "2019-06-30": "533.15300", "2019-03-31": "515.55400", "2018-12-31": "534.19900", "2018-09-30": "543.22300", "2018-06-30": "535.48000", "2018-03-31": "528.99100", "2017-12-31": "537.41200", "2017-09-30": "221.56700", "2017-06-30": "113.44900", "2017-03-31": "116.16500", "2016-12-31": "114.75100", "2016-09-30": "116.26600", "2016-06-30": "438.73100", "2016-03-31": "445.06300", "2015-12-31": "449.51900", "2015-09-30": "458.60800", "2015-06-30": "427.95000", "2015-03-31": "417.75300", "2014-12-31": "415.38600", "2014-09-30": "384.02900", "2014-06-30": "373.41700", "2014-03-31": "370.97600", "2013-12-31": "377.29690", "2013-09-30": "359.04500", "2013-06-30": "354.96500", "2013-03-31": "348.20400", "2012-12-31": "417.72300", "2012-09-30": "340.72900", "2012-06-30": "303.71900", "2012-03-31": "301.66100", "2011-12-31": "433.72890", "2011-09-30": "296.54200", "2011-06-30": "304.65700", "2011-03-31": "290.56300", "2010-12-31": "298.47500", "2010-09-30": "283.60300", "2010-06-30": "284.24300", "2010-03-31": "259.20500", "2009-12-31": "293.37000", "2009-09-30": "267.25000", "2009-06-30": "268.70900", "2009-03-31": "285.96200", "2008-12-31": ""}, "Other Operating Income Or Expenses": {"2020-12-31": "-54.03200", "2020-09-30": "-54.45500", "2020-06-30": "-48.40500", "2020-03-31": "-54.16700", "2019-12-31": "-76.46600", "2019-09-30": "-51.52900", "2019-06-30": "-74.12500", "2019-03-31": "-53.26400", "2018-12-31": "-62.43500", "2018-09-30": "-58.53500", "2018-06-30": "-66.84500", "2018-03-31": "-74.92600", "2017-12-31": "-82.66100", "2017-09-30": "-58.36500", "2017-06-30": "-9.99500", "2017-03-31": "-8.84000", "2016-12-31": "-9.96400", "2016-09-30": "-6.51600", "2016-06-30": "-59.05400", "2016-03-31": "-56.82600", "2015-12-31": "-59.59800", "2015-09-30": "-57.49900", "2015-06-30": "-57.01500", "2015-03-31": "-65.54200", "2014-12-31": "-64.86200", "2014-09-30": "-57.65600", "2014-06-30": "-55.53900", "2014-03-31": "-55.73000", "2013-12-31": "-47.84100", "2013-09-30": "-47.32200", "2013-06-30": "-43.75400", "2013-03-31": "-44.34000", "2012-12-31": "-63.91600", "2012-09-30": "-41.52400", "2012-06-30": "-29.07300", "2012-03-31": "-26.42000", "2011-12-31": "-66.52300", "2011-09-30": "-27.55800", "2011-06-30": "-24.85900", "2011-03-31": "-22.19400", "2010-12-31": "-21.74800", "2010-09-30": "-23.78700", "2010-06-30": "-23.86800", "2010-03-31": "-25.15100", "2009-12-31": "-24.68400", "2009-09-30": "-24.41100", "2009-06-30": "-26.14100", "2009-03-31": "-27.46300", "2008-12-31": ""}, "Operating Expenses": {"2020-12-31": "1083.27000", "2020-09-30": "1044.94500", "2020-06-30": "958.53100", "2020-03-31": "1022.67900", "2019-12-31": "1097.21700", "2019-09-30": "1097.56900", "2019-06-30": "1133.49000", "2019-03-31": "1088.23600", "2018-12-31": "1187.86300", "2018-09-30": "1202.33100", "2018-06-30": "1207.44100", "2018-03-31": "1177.38800", "2017-12-31": "1215.45300", "2017-09-30": "515.79700", "2017-06-30": "244.83300", "2017-03-31": "248.54400", "2016-12-31": "254.36200", "2016-09-30": "243.59600", "2016-06-30": "937.64900", "2016-03-31": "915.34000", "2015-12-31": "968.09410", "2015-09-30": "990.05200", "2015-06-30": "960.92800", "2015-03-31": "940.14400", "2014-12-31": "1007.03300", "2014-09-30": "977.46910", "2014-06-30": "981.87600", "2014-03-31": "962.27590", "2013-12-31": "972.83400", "2013-09-30": "947.70700", "2013-06-30": "928.80510", "2013-03-31": "911.89000", "2012-12-31": "1153.94500", "2012-09-30": "915.43400", "2012-06-30": "785.90700", "2012-03-31": "768.98300", "2011-12-31": "1192.73500", "2011-09-30": "774.12900", "2011-06-30": "777.90300", "2011-03-31": "712.16000", "2010-12-31": "703.85390", "2010-09-30": "676.18100", "2010-06-30": "674.99600", "2010-03-31": "631.63700", "2009-12-31": "621.44000", "2009-09-30": "613.96400", "2009-06-30": "601.46300", "2009-03-31": "602.51700", "2008-12-31": ""}, "Operating Income": {"2020-12-31": "194.69100", "2020-09-30": "165.46110", "2020-06-30": "102.16700", "2020-03-31": "102.11900", "2019-12-31": "99.59360", "2019-09-30": "102.95300", "2019-06-30": "108.59290", "2019-03-31": "116.29900", "2018-12-31": "206.77710", "2018-09-30": "144.27990", "2018-06-30": "124.24190", "2018-03-31": "93.74390", "2017-12-31": "143.96700", "2017-09-30": "5.81100", "2017-06-30": "28.41000", "2017-03-31": "22.63800", "2016-12-31": "34.73600", "2016-09-30": "36.93400", "2016-06-30": "74.20500", "2016-03-31": "52.48300", "2015-12-31": "121.70700", "2015-09-30": "74.92100", "2015-06-30": "98.47610", "2015-03-31": "74.99990", "2014-12-31": "132.46730", "2014-09-30": "97.41100", "2014-06-30": "94.02190", "2014-03-31": "46.17000", "2013-12-31": "102.55490", "2013-09-30": "84.41990", "2013-06-30": "100.26600", "2013-03-31": "69.71800", "2012-12-31": "130.04690", "2012-09-30": "77.19010", "2012-06-30": "86.67700", "2012-03-31": "57.90200", "2011-12-31": "113.04300", "2011-09-30": "89.69700", "2011-06-30": "72.56700", "2011-03-31": "46.72890", "2010-12-31": "76.57290", "2010-09-30": "82.10000", "2010-06-30": "61.18900", "2010-03-31": "23.19300", "2009-12-31": "46.86200", "2009-09-30": "45.75900", "2009-06-30": "27.10900", "2009-03-31": "12.23900", "2008-12-31": ""}, "Total Non-Operating Income/Expense": {"2020-12-31": "-1.83800", "2020-09-30": "4.57800", "2020-06-30": "4.91500", "2020-03-31": "-11.78200", "2019-12-31": "-6.74300", "2019-09-30": "-3.44800", "2019-06-30": "-3.07800", "2019-03-31": "-0.19300", "2018-12-31": "-4.25900", "2018-09-30": "-3.31200", "2018-06-30": "-5.39700", "2018-03-31": "-4.03700", "2017-12-31": "-5.41200", "2017-09-30": "-2.88400", "2017-06-30": "0.67700", "2017-03-31": "0.69800", "2016-12-31": "0.23200", "2016-09-30": "1.29000", "2016-06-30": "-8.83700", "2016-03-31": "-7.06700", "2015-12-31": "-6.84800", "2015-09-30": "-17.36600", "2015-06-30": "-15.64500", "2015-03-31": "-13.46900", "2014-12-31": "-41.26100", "2014-09-30": "-23.36300", "2014-06-30": "-28.65900", "2014-03-31": "-26.16100", "2013-12-31": "-24.08100", "2013-09-30": "-28.31100", "2013-06-30": "-23.42400", "2013-03-31": "-24.73900", "2012-12-31": "-35.20300", "2012-09-30": "-28.44800", "2012-06-30": "-31.20200", "2012-03-31": "-55.26200", "2011-12-31": "-41.02400", "2011-09-30": "-39.07100", "2011-06-30": "-39.49900", "2011-03-31": "-41.20300", "2010-12-31": "-166.72400", "2010-09-30": "-80.14900", "2010-06-30": "-79.30800", "2010-03-31": "-85.71900", "2009-12-31": "-83.06000", "2009-09-30": "-46.07700", "2009-06-30": "-56.37200", "2009-03-31": "-55.49800", "2008-12-31": ""}, "Pre-Tax Income": {"2020-12-31": "192.85300", "2020-09-30": "170.03900", "2020-06-30": "107.08200", "2020-03-31": "90.33700", "2019-12-31": "92.85000", "2019-09-30": "99.50500", "2019-06-30": "105.51500", "2019-03-31": "116.10600", "2018-12-31": "202.51800", "2018-09-30": "140.96800", "2018-06-30": "118.84500", "2018-03-31": "89.70700", "2017-12-31": "138.35900", "2017-09-30": "2.92700", "2017-06-30": "29.08700", "2017-03-31": "23.33600", "2016-12-31": "34.96800", "2016-09-30": "38.22400", "2016-06-30": "65.36800", "2016-03-31": "45.41600", "2015-12-31": "114.86900", "2015-09-30": "57.55500", "2015-06-30": "82.83100", "2015-03-31": "61.53100", "2014-12-31": "91.20600", "2014-09-30": "74.04800", "2014-06-30": "65.36300", "2014-03-31": "20.00900", "2013-12-31": "78.47400", "2013-09-30": "56.10900", "2013-06-30": "76.84200", "2013-03-31": "44.97900", "2012-12-31": "94.84400", "2012-09-30": "48.74200", "2012-06-30": "55.47500", "2012-03-31": "2.64000", "2011-12-31": "72.01900", "2011-09-30": "50.62600", "2011-06-30": "33.06800", "2011-03-31": "5.52600", "2010-12-31": "-90.15100", "2010-09-30": "1.95100", "2010-06-30": "-18.11900", "2010-03-31": "-62.52600", "2009-12-31": "-36.17000", "2009-09-30": "-0.31800", "2009-06-30": "-29.26300", "2009-03-31": "-43.25900", "2008-12-31": ""}, "Income Taxes": {"2020-12-31": "50.47200", "2020-09-30": "47.83500", "2020-06-30": "26.81500", "2020-03-31": "24.55400", "2019-12-31": "25.27500", "2019-09-30": "24.52400", "2019-06-30": "26.07600", "2019-03-31": "27.92300", "2018-12-31": "50.57300", "2018-09-30": "34.62400", "2018-06-30": "27.21700", "2018-03-31": "18.97500", "2017-12-31": "-309.50200", "2017-09-30": "-1.27200", "2017-06-30": "10.82800", "2017-03-31": "8.23000", "2016-12-31": "12.49600", "2016-09-30": "14.14100", "2016-06-30": "22.47200", "2016-03-31": "13.51100", "2015-12-31": "42.36700", "2015-09-30": "21.27400", "2015-06-30": "31.87700", "2015-03-31": "23.69100", "2014-12-31": "32.71500", "2014-09-30": "23.89000", "2014-06-30": "25.16500", "2014-03-31": "7.70400", "2013-12-31": "33.17600", "2013-09-30": "26.15600", "2013-06-30": "26.96300", "2013-03-31": "14.68700", "2012-12-31": "28.30000", "2012-09-30": "15.08600", "2012-06-30": "21.77600", "2012-03-31": "-3.54800", "2011-12-31": "23.01000", "2011-09-30": "19.67600", "2011-06-30": "13.48500", "2011-03-31": "2.32100", "2010-12-31": "-41.83700", "2010-09-30": "2.97000", "2010-06-30": "4.96000", "2010-03-31": "-9.52500", "2009-12-31": "320.98000", "2009-09-30": "3.71000", "2009-06-30": "1.66300", "2009-03-31": "0.30100", "2008-12-31": ""}, "Income After Taxes": {"2020-12-31": "142.38100", "2020-09-30": "122.20400", "2020-06-30": "80.26700", "2020-03-31": "65.78300", "2019-12-31": "67.57500", "2019-09-30": "74.98100", "2019-06-30": "79.43900", "2019-03-31": "88.18300", "2018-12-31": "151.94500", "2018-09-30": "106.34400", "2018-06-30": "91.62800", "2018-03-31": "70.73200", "2017-12-31": "447.86100", "2017-09-30": "4.19900", "2017-06-30": "18.25900", "2017-03-31": "15.10600", "2016-12-31": "22.47200", "2016-09-30": "24.08300", "2016-06-30": "42.89600", "2016-03-31": "31.90500", "2015-12-31": "72.50200", "2015-09-30": "36.28100", "2015-06-30": "50.95400", "2015-03-31": "37.84000", "2014-12-31": "58.49100", "2014-09-30": "50.15800", "2014-06-30": "40.19800", "2014-03-31": "12.30500", "2013-12-31": "45.29800", "2013-09-30": "29.95300", "2013-06-30": "49.87900", "2013-03-31": "30.29200", "2012-12-31": "66.54400", "2012-09-30": "33.65600", "2012-06-30": "33.69900", "2012-03-31": "6.18800", "2011-12-31": "49.00900", "2011-09-30": "30.95000", "2011-06-30": "19.58300", "2011-03-31": "3.20500", "2010-12-31": "-48.31400", "2010-09-30": "-1.01900", "2010-06-30": "-23.07900", "2010-03-31": "-53.00100", "2009-12-31": "-357.15000", "2009-09-30": "-4.02800", "2009-06-30": "-30.92600", "2009-03-31": "-43.56000", "2008-12-31": ""}, "Other Income": {"2020-12-31": "", "2020-09-30": "", "2020-06-30": "", "2020-03-31": "", "2019-12-31": "", "2019-09-30": "", "2019-06-30": "", "2019-03-31": "", "2018-12-31": "", "2018-09-30": "", "2018-06-30": "", "2018-03-31": "", "2017-12-31": "", "2017-09-30": "", "2017-06-30": "", "2017-03-31": "", "2016-12-31": "", "2016-09-30": "", "2016-06-30": "", "2016-03-31": "", "2015-12-31": "", "2015-09-30": "", "2015-06-30": "", "2015-03-31": "", "2014-12-31": "", "2014-09-30": "", "2014-06-30": "", "2014-03-31": "", "2013-12-31": "", "2013-09-30": "", "2013-06-30": "", "2013-03-31": "", "2012-12-31": "", "2012-09-30": "", "2012-06-30": "", "2012-03-31": "", "2011-12-31": "", "2011-09-30": "", "2011-06-30": "", "2011-03-31": "", "2010-12-31": "", "2010-09-30": "", "2010-06-30": "", "2010-03-31": "", "2009-12-31": "", "2009-09-30": "", "2009-06-30": "", "2009-03-31": "", "2008-12-31": ""}, "Income From Continuous Operations": {"2020-12-31": "142.38100", "2020-09-30": "122.20400", "2020-06-30": "80.26700", "2020-03-31": "65.78300", "2019-12-31": "67.57500", "2019-09-30": "74.98100", "2019-06-30": "79.43900", "2019-03-31": "88.18300", "2018-12-31": "151.94500", "2018-09-30": "106.34400", "2018-06-30": "91.62800", "2018-03-31": "70.73200", "2017-12-31": "447.86100", "2017-09-30": "4.19900", "2017-06-30": "18.25900", "2017-03-31": "15.10600", "2016-12-31": "22.47200", "2016-09-30": "24.08300", "2016-06-30": "42.89600", "2016-03-31": "31.90500", "2015-12-31": "72.50200", "2015-09-30": "36.28100", "2015-06-30": "50.95400", "2015-03-31": "37.84000", "2014-12-31": "58.49100", "2014-09-30": "50.15800", "2014-06-30": "40.19800", "2014-03-31": "12.30500", "2013-12-31": "45.29800", "2013-09-30": "29.95300", "2013-06-30": "49.87900", "2013-03-31": "30.29200", "2012-12-31": "66.54400", "2012-09-30": "33.65600", "2012-06-30": "33.69900", "2012-03-31": "6.18800", "2011-12-31": "49.00900", "2011-09-30": "30.95000", "2011-06-30": "19.58300", "2011-03-31": "3.20500", "2010-12-31": "-48.31400", "2010-09-30": "-1.01900", "2010-06-30": "-23.07900", "2010-03-31": "-53.00100", "2009-12-31": "-37.17200", "2009-09-30": "-4.02800", "2009-06-30": "-30.92600", "2009-03-31": "-43.56000", "2008-12-31": ""}, "Income From Discontinued Operations": {"2020-12-31": "", "2020-09-30": "", "2020-06-30": "", "2020-03-31": "", "2019-12-31": "", "2019-09-30": "", "2019-06-30": "", "2019-03-31": "", "2018-12-31": "", "2018-09-30": "", "2018-06-30": "", "2018-03-31": "", "2017-12-31": "", "2017-09-30": "", "2017-06-30": "", "2017-03-31": "", "2016-12-31": "", "2016-09-30": "", "2016-06-30": "", "2016-03-31": "", "2015-12-31": "", "2015-09-30": "", "2015-06-30": "", "2015-03-31": "", "2014-12-31": "", "2014-09-30": "", "2014-06-30": "", "2014-03-31": "", "2013-12-31": "", "2013-09-30": "", "2013-06-30": "", "2013-03-31": "", "2012-12-31": "", "2012-09-30": "", "2012-06-30": "", "2012-03-31": "", "2011-12-31": "", "2011-09-30": "", "2011-06-30": "", "2011-03-31": "", "2010-12-31": "", "2010-09-30": "", "2010-06-30": "", "2010-03-31": "", "2009-12-31": "0.00000", "2009-09-30": "", "2009-06-30": "", "2009-03-31": "", "2008-12-31": ""}, "Net Income": {"2020-12-31": "142.32900", "2020-09-30": "122.05800", "2020-06-30": "80.18900", "2020-03-31": "65.42600", "2019-12-31": "67.44400", "2019-09-30": "74.61900", "2019-06-30": "79.20500", "2019-03-31": "87.93800", "2018-12-31": "151.69600", "2018-09-30": "105.88100", "2018-06-30": "91.32300", "2018-03-31": "70.36400", "2017-12-31": "447.56400", "2017-09-30": "3.88100", "2017-06-30": "17.97000", "2017-03-31": "14.87600", "2016-12-31": "22.16100", "2016-09-30": "23.76700", "2016-06-30": "42.89600", "2016-03-31": "31.90500", "2015-12-31": "72.50200", "2015-09-30": "36.28100", "2015-06-30": "50.95400", "2015-03-31": "37.84000", "2014-12-31": "58.49100", "2014-09-30": "50.15800", "2014-06-30": "40.19800", "2014-03-31": "12.30500", "2013-12-31": "45.29800", "2013-09-30": "29.95300", "2013-06-30": "49.87900", "2013-03-31": "30.29200", "2012-12-31": "66.54400", "2012-09-30": "33.65600", "2012-06-30": "33.69900", "2012-03-31": "6.18800", "2011-12-31": "49.00900", "2011-09-30": "30.95000", "2011-06-30": "19.58300", "2011-03-31": "3.20500", "2010-12-31": "-48.31400", "2010-09-30": "-1.01900", "2010-06-30": "-23.07900", "2010-03-31": "-53.00100", "2009-12-31": "-37.17200", "2009-09-30": "-4.02800", "2009-06-30": "-30.92600", "2009-03-31": "-43.56000", "2008-12-31": ""}, "EBITDA": {"2020-12-31": "", "2020-09-30": "292.59810", "2020-06-30": "102.16700", "2020-03-31": "102.11900", "2019-12-31": "219.64860", "2019-09-30": "220.59600", "2019-06-30": "108.59290", "2019-03-31": "116.29900", "2018-12-31": "317.65610", "2018-09-30": "252.68290", "2018-06-30": "230.67690", "2018-03-31": "198.11590", "2017-12-31": "245.88800", "2017-09-30": "51.94200", "2017-06-30": "57.78100", "2017-03-31": "52.32000", "2016-12-31": "64.41000", "2016-09-30": "-17.29300", "2016-06-30": "143.41200", "2016-03-31": "123.98900", "2015-12-31": "28.87100", "2015-09-30": "146.32300", "2015-06-30": "165.71610", "2015-03-31": "140.21690", "2014-12-31": "195.07030", "2014-09-30": "158.70100", "2014-06-30": "155.57790", "2014-03-31": "109.06400", "2013-12-31": "164.90190", "2013-09-30": "150.11690", "2013-06-30": "161.98900", "2013-03-31": "130.02000", "2012-12-31": "198.31390", "2012-09-30": "146.68710", "2012-06-30": "144.66600", "2012-03-31": "117.92400", "2011-12-31": "187.51900", "2011-09-30": "150.61900", "2011-06-30": "134.93000", "2011-03-31": "107.93090", "2010-12-31": "134.52990", "2010-09-30": "138.59900", "2010-06-30": "118.13100", "2010-03-31": "93.22100", "2009-12-31": "109.90000", "2009-09-30": "109.79900", "2009-06-30": "94.67100", "2009-03-31": "81.71900", "2008-12-31": ""}, "EBIT": {"2020-12-31": "194.69100", "2020-09-30": "165.46110", "2020-06-30": "102.16700", "2020-03-31": "102.11900", "2019-12-31": "99.59360", "2019-09-30": "102.95300", "2019-06-30": "108.59290", "2019-03-31": "116.29900", "2018-12-31": "206.77720", "2018-09-30": "144.27990", "2018-06-30": "124.24190", "2018-03-31": "93.74390", "2017-12-31": "143.96700", "2017-09-30": "5.81100", "2017-06-30": "28.41000", "2017-03-31": "22.63800", "2016-12-31": "34.73600", "2016-09-30": "36.93400", "2016-06-30": "74.20500", "2016-03-31": "52.48300", "2015-12-31": "121.70700", "2015-09-30": "74.92100", "2015-06-30": "98.47610", "2015-03-31": "74.99990", "2014-12-31": "132.46740", "2014-09-30": "97.41100", "2014-06-30": "94.02190", "2014-03-31": "46.17000", "2013-12-31": "102.55490", "2013-09-30": "84.41990", "2013-06-30": "100.26600", "2013-03-31": "69.71800", "2012-12-31": "130.04680", "2012-09-30": "77.19010", "2012-06-30": "86.67700", "2012-03-31": "57.90200", "2011-12-31": "113.04290", "2011-09-30": "89.69700", "2011-06-30": "72.56700", "2011-03-31": "46.72890", "2010-12-31": "76.57300", "2010-09-30": "82.10000", "2010-06-30": "61.18900", "2010-03-31": "23.19300", "2009-12-31": "46.86200", "2009-09-30": "45.75900", "2009-06-30": "27.10900", "2009-03-31": "12.23900", "2008-12-31": ""}, "Basic Shares Outstanding": {"2020-12-31": "168.08600", "2020-09-30": "170.20500", "2020-06-30": "169.94800", "2020-03-31": "170.61700", "2019-12-31": "171.54100", "2019-09-30": "170.50400", "2019-06-30": "172.07800", "2019-03-31": "172.97100", "2018-12-31": "177.01800", "2018-09-30": "176.84900", "2018-06-30": "178.45100", "2018-03-31": "178.16000", "2017-12-31": "177.92000", "2017-09-30": "102.84600", "2017-06-30": "80.52000", "2017-03-31": "80.31000", "2016-12-31": "80.12700", "2016-09-30": "80.04000", "2016-06-30": "96.79610", "2016-03-31": "98.29370", "2015-12-31": "101.18300", "2015-09-30": "102.81670", "2015-06-30": "102.62880", "2015-03-31": "102.38330", "2014-12-31": "101.83030", "2014-09-30": "101.92110", "2014-06-30": "101.74180", "2014-03-31": "101.50630", "2013-12-31": "100.92890", "2013-09-30": "101.03540", "2013-06-30": "100.79210", "2013-03-31": "100.57390", "2012-12-31": "100.46300", "2012-09-30": "100.46520", "2012-06-30": "100.45580", "2012-03-31": "100.44650", "2011-12-31": "100.19160", "2011-09-30": "100.43860", "2011-06-30": "100.42490", "2011-03-31": "99.45150", "2010-12-31": "45.60410", "2010-09-30": "43.28420", "2010-06-30": "43.28420", "2010-03-31": "43.28420", "2009-12-31": "43.28400", "2009-09-30": "54.10510", "2009-06-30": "54.10510", "2009-03-31": "54.10510", "2008-12-31": ""}, "Shares Outstanding": {"2020-12-31": "168.97900", "2020-09-30": "171.02800", "2020-06-30": "170.62400", "2020-03-31": "171.28200", "2019-12-31": "172.14200", "2019-09-30": "171.29000", "2019-06-30": "172.72400", "2019-03-31": "173.60800", "2018-12-31": "177.99900", "2018-09-30": "177.75000", "2018-06-30": "179.39800", "2018-03-31": "179.24100", "2017-12-31": "179.10600", "2017-09-30": "103.75200", "2017-06-30": "81.34900", "2017-03-31": "81.25500", "2016-12-31": "81.14000", "2016-09-30": "80.94900", "2016-06-30": "97.66870", "2016-03-31": "99.11160", "2015-12-31": "101.97430", "2015-09-30": "103.77500", "2015-06-30": "103.83260", "2015-03-31": "103.64760", "2014-12-31": "103.30200", "2014-09-30": "103.19180", "2014-06-30": "103.24300", "2014-03-31": "102.97300", "2013-12-31": "102.39910", "2013-09-30": "102.46680", "2013-06-30": "102.12340", "2013-03-31": "101.70650", "2012-12-31": "100.52570", "2012-09-30": "100.47310", "2012-06-30": "100.54080", "2012-03-31": "101.08220", "2011-12-31": "100.55740", "2011-09-30": "100.44220", "2011-06-30": "101.31550", "2011-03-31": "100.00800", "2010-12-31": "45.60410", "2010-09-30": "43.28420", "2010-06-30": "43.28420", "2010-03-31": "43.28420", "2009-12-31": "43.28400", "2009-09-30": "54.10510", "2009-06-30": "54.10510", "2009-03-31": "54.10510", "2008-12-31": ""}, "Basic EPS": {"2020-12-31": "0.85000", "2020-09-30": "0.72000", "2020-06-30": "0.47000", "2020-03-31": "0.38000", "2019-12-31": "0.39000", "2019-09-30": "0.44000", "2019-06-30": "0.46000", "2019-03-31": "0.51000", "2018-12-31": "0.87000", "2018-09-30": "0.60000", "2018-06-30": "0.51000", "2018-03-31": "0.39000", "2017-12-31": "2.52000", "2017-09-30": "0.04000", "2017-06-30": "0.22000", "2017-03-31": "0.19000", "2016-12-31": "0.28000", "2016-09-30": "0.30000", "2016-06-30": "0.44440", "2016-03-31": "0.31940", "2015-12-31": "0.72220", "2015-09-30": "0.34720", "2015-06-30": "0.50000", "2015-03-31": "0.37500", "2014-12-31": "0.58330", "2014-09-30": "0.48610", "2014-06-30": "0.38890", "2014-03-31": "0.12500", "2013-12-31": "0.44440", "2013-09-30": "0.29170", "2013-06-30": "0.50000", "2013-03-31": "0.30560", "2012-12-31": "0.66670", "2012-09-30": "0.33330", "2012-06-30": "0.33330", "2012-03-31": "0.05560", "2011-12-31": "0.50000", "2011-09-30": "0.30560", "2011-06-30": "0.19440", "2011-03-31": "0.02780", "2010-12-31": "-0.97220", "2010-09-30": "-0.02780", "2010-06-30": "-0.52780", "2010-03-31": "-1.22220", "2009-12-31": "-0.86110", "2009-09-30": "-0.06940", "2009-06-30": "-0.56940", "2009-03-31": "-0.80560", "2008-12-31": ""}, "EPS - Earnings Per Share": {"2020-12-31": "0.84000", "2020-09-30": "0.71000", "2020-06-30": "0.47000", "2020-03-31": "0.38000", "2019-12-31": "0.39000", "2019-09-30": "0.44000", "2019-06-30": "0.46000", "2019-03-31": "0.51000", "2018-12-31": "0.86000", "2018-09-30": "0.60000", "2018-06-30": "0.51000", "2018-03-31": "0.39000", "2017-12-31": "2.50000", "2017-09-30": "0.04000", "2017-06-30": "0.22000", "2017-03-31": "0.18000", "2016-12-31": "0.27000", "2016-09-30": "0.29000", "2016-06-30": "0.44440", "2016-03-31": "0.31940", "2015-12-31": "0.70830", "2015-09-30": "0.34720", "2015-06-30": "0.48610", "2015-03-31": "0.36110", "2014-12-31": "0.55560", "2014-09-30": "0.48610", "2014-06-30": "0.38890", "2014-03-31": "0.12500", "2013-12-31": "0.44440", "2013-09-30": "0.29170", "2013-06-30": "0.48610", "2013-03-31": "0.29170", "2012-12-31": "0.66670", "2012-09-30": "0.33330", "2012-06-30": "0.33330", "2012-03-31": "0.05560", "2011-12-31": "0.50000", "2011-09-30": "0.30560", "2011-06-30": "0.19440", "2011-03-31": "0.02780", "2010-12-31": "-0.97220", "2010-09-30": "-0.02780", "2010-06-30": "-0.52780", "2010-03-31": "-1.22220", "2009-12-31": "-0.86110", "2009-09-30": "-0.06940", "2009-06-30": "-0.56940", "2009-03-31": "-0.80560", "2008-12-31": "0.00000"}}, "balance sheet": {"Cash On Hand": {"2020-12-31": "205.02800", "2019-12-31": "209.96500", "2018-12-31": "146.78700", "2017-12-31": "172.53800", "2016-12-31": "8.02100", "2015-12-31": "186.04600", "2014-12-31": "175.26300", "2013-12-31": "135.82500", "2012-12-31": "127.54900", "2011-12-31": "153.80800", "2010-12-31": "132.06200", "2009-12-31": "140.73100", "2008-12-31": "76.35500", "2007-12-31": "31.30800"}, "Receivables": {"2020-12-31": "581.38200", "2019-12-31": "535.57300", "2018-12-31": "608.17100", "2017-12-31": "629.37900", "2016-12-31": "150.57300", "2015-12-31": "434.08500", "2014-12-31": "497.74200", "2013-12-31": "442.50800", "2012-12-31": "403.37900", "2011-12-31": "332.93100", "2010-12-31": "281.93800", "2009-12-31": "103.25700", "2008-12-31": "120.37900", "2007-12-31": "92.09300"}, "Inventory": {"2020-12-31": "", "2019-12-31": "", "2018-12-31": "", "2017-12-31": "", "2016-12-31": "", "2015-12-31": "18.42600", "2014-12-31": "18.99200", "2013-12-31": "18.43000", "2012-12-31": "17.52400", "2011-12-31": "17.44100", "2010-12-31": "9.88200", "2009-12-31": "10.19300", "2008-12-31": "10.16700", "2007-12-31": ""}, "Pre-Paid Expenses": {"2020-12-31": "71.64900", "2019-12-31": "62.16000", "2018-12-31": "67.01100", "2017-12-31": "58.52500", "2016-12-31": "13.24400", "2015-12-31": "48.14900", "2014-12-31": "51.44100", "2013-12-31": "63.95800", "2012-12-31": "58.90300", "2011-12-31": "46.55900", "2010-12-31": "40.70900", "2009-12-31": "42.36500", "2008-12-31": "40.98800", "2007-12-31": ""}, "Other Current Assets": {"2020-12-31": "65.30400", "2019-12-31": "82.33000", "2018-12-31": "85.26300", "2017-12-31": "62.76500", "2016-12-31": "17.79300", "2015-12-31": "9.08400", "2014-12-31": "2.90700", "2013-12-31": "19.26800", "2012-12-31": "31.54400", "2011-12-31": "13.57100", "2010-12-31": "8.86200", "2009-12-31": "3.57100", "2008-12-31": "8.14400", "2007-12-31": ""}, "Total Current Assets": {"2020-12-31": "923.36300", "2019-12-31": "890.02800", "2018-12-31": "907.23200", "2017-12-31": "923.20700", "2016-12-31": "190.19100", "2015-12-31": "705.60700", "2014-12-31": "755.54700", "2013-12-31": "734.03200", "2012-12-31": "742.09100", "2011-12-31": "667.65000", "2010-12-31": "512.31600", "2009-12-31": "353.87100", "2008-12-31": "256.05700", "2007-12-31": "167.34700"}, "Property, Plant, And Equipment": {"2020-12-31": "2992.65200", "2019-12-31": "2850.72000", "2018-12-31": "2612.83700", "2017-12-31": "2384.22100", "2016-12-31": "802.85800", "2015-12-31": "1651.10000", "2014-12-31": "1542.13000", "2013-12-31": "1447.80700", "2012-12-31": "1397.53600", "2011-12-31": "1299.99700", "2010-12-31": "1339.63800", "2009-12-31": "1364.54500", "2008-12-31": "1583.29600", "2007-12-31": "459.54800"}, "Long-Term Investments": {"2020-12-31": "", "2019-12-31": "", "2018-12-31": "", "2017-12-31": "", "2016-12-31": "", "2015-12-31": "", "2014-12-31": "", "2013-12-31": "", "2012-12-31": "", "2011-12-31": "", "2010-12-31": "", "2009-12-31": "", "2008-12-31": "", "2007-12-31": ""}, "Goodwill And Intangible Assets": {"2020-12-31": "4312.20900", "2019-12-31": "4298.45100", "2018-12-31": "4340.09500", "2017-12-31": "4328.77000", "2016-12-31": "49.60600", "2015-12-31": "536.37500", "2014-12-31": "553.18900", "2013-12-31": "570.00300", "2012-12-31": "586.81700", "2011-12-31": "603.74200", "2010-12-31": "622.00000", "2009-12-31": "642.47200", "2008-12-31": "665.66400", "2007-12-31": ""}, "Other Long-Term Assets": {"2020-12-31": "126.48200", "2019-12-31": "73.10800", "2018-12-31": "51.72100", "2017-12-31": "47.24400", "2016-12-31": "32.82300", "2015-12-31": "26.58500", "2014-12-31": "41.85500", "2013-12-31": "57.16600", "2012-12-31": "65.53700", "2011-12-31": "68.79100", "2010-12-31": "59.04900", "2009-12-31": "107.21100", "2008-12-31": "100.56500", "2007-12-31": ""}, "Total Long-Term Assets": {"2020-12-31": "7431.34300", "2019-12-31": "7222.27900", "2018-12-31": "7004.65300", "2017-12-31": "6760.23500", "2016-12-31": "888.33400", "2015-12-31": "2214.06000", "2014-12-31": "2137.17400", "2013-12-31": "2074.97600", "2012-12-31": "2049.89000", "2011-12-31": "1972.53000", "2010-12-31": "2055.57900", "2009-12-31": "2160.00300", "2008-12-31": "2392.45000", "2007-12-31": "459.54800"}, "Total Assets": {"2020-12-31": "8468.00200", "2019-12-31": "8281.73200", "2018-12-31": "7911.88500", "2017-12-31": "7683.44200", "2016-12-31": "1078.52500", "2015-12-31": "2919.66700", "2014-12-31": "2892.72100", "2013-12-31": "2809.00800", "2012-12-31": "2791.98100", "2011-12-31": "2640.18000", "2010-12-31": "2567.89500", "2009-12-31": "2513.87400", "2008-12-31": "2648.50700", "2007-12-31": "643.36400"}, "Total Current Liabilities": {"2020-12-31": "839.70800", "2019-12-31": "993.03800", "2018-12-31": "614.56300", "2017-12-31": "609.55000", "2016-12-31": "78.65000", "2015-12-31": "398.87700", "2014-12-31": "420.61200", "2013-12-31": "384.36800", "2012-12-31": "383.44900", "2011-12-31": "316.81500", "2010-12-31": "326.18400", "2009-12-31": "370.39300", "2008-12-31": "426.61000", "2007-12-31": "62.44600"}, "Long Term Debt": {"2020-12-31": "647.15000", "2019-12-31": "336.38300", "2018-12-31": "630.83800", "2017-12-31": "616.90300", "2016-12-31": "19.85400", "2015-12-31": "1289.59100", "2014-12-31": "1420.71900", "2013-12-31": "1527.76400", "2012-12-31": "1563.63200", "2011-12-31": "1710.10400", "2010-12-31": "1879.53000", "2009-12-31": "2420.18000", "2008-12-31": "2466.35000", "2007-12-31": ""}, "Other Non-Current Liabilities": {"2020-12-31": "223.31100", "2019-12-31": "416.12900", "2018-12-31": "464.22700", "2017-12-31": "537.54200", "2016-12-31": "13.29000", "2015-12-31": "150.24000", "2014-12-31": "143.70700", "2013-12-31": "129.08900", "2012-12-31": "113.31500", "2011-12-31": "110.46900", "2010-12-31": "141.80300", "2009-12-31": "205.28700", "2008-12-31": "175.17300", "2007-12-31": ""}, "Total Long Term Liabilities": {"2020-12-31": "1756.25400", "2019-12-31": "1620.39100", "2018-12-31": "1834.60300", "2017-12-31": "1833.52200", "2016-12-31": "211.14400", "2015-12-31": "1903.66300", "2014-12-31": "2001.81500", "2013-12-31": "2141.05300", "2012-12-31": "2118.32800", "2011-12-31": "2215.81200", "2010-12-31": "2324.88200", "2009-12-31": "3009.26200", "2008-12-31": "2666.09000", "2007-12-31": ""}, "Total Liabilities": {"2020-12-31": "2595.96200", "2019-12-31": "2613.42900", "2018-12-31": "2449.16600", "2017-12-31": "2443.07200", "2016-12-31": "289.79400", "2015-12-31": "2302.54000", "2014-12-31": "2422.42700", "2013-12-31": "2525.42100", "2012-12-31": "2501.77700", "2011-12-31": "2532.62700", "2010-12-31": "2651.06600", "2009-12-31": "3379.65500", "2008-12-31": "3092.70000", "2007-12-31": "155.81400"}, "Common Stock Net": {"2020-12-31": "1.66500", "2019-12-31": "1.70700", "2018-12-31": "1.72800", "2017-12-31": "1.78000", "2016-12-31": "0.80200", "2015-12-31": "1.38800", "2014-12-31": "1.42100", "2013-12-31": "1.40800", "2012-12-31": "1.39600", "2011-12-31": "1.39500", "2010-12-31": "1.33400", "2009-12-31": "0.06000", "2008-12-31": "0.07500", "2007-12-31": ""}, "Retained Earnings (Accumulated Deficit)": {"2020-12-31": "1566.75900", "2019-12-31": "1395.46500", "2018-12-31": "1216.85200", "2017-12-31": "1016.73800", "2016-12-31": "562.40400", "2015-12-31": "-139.03300", "2014-12-31": "-310.01700", "2013-12-31": "-471.16900", "2012-12-31": "-601.77700", "2011-12-31": "-774.75700", "2010-12-31": "-886.67100", "2009-12-31": "-759.93600", "2008-12-31": "-307.90800", "2007-12-31": "384.23300"}, "Comprehensive Income": {"2020-12-31": "", "2019-12-31": "", "2018-12-31": "", "2017-12-31": "", "2016-12-31": "", "2015-12-31": "0.08100", "2014-12-31": "-2.33600", "2013-12-31": "-6.16200", "2012-12-31": "-8.20200", "2011-12-31": "-11.18600", "2010-12-31": "-20.07600", "2009-12-31": "-54.01400", "2008-12-31": "-31.21500", "2007-12-31": ""}, "Other Share Holders Equity": {"2020-12-31": "", "2019-12-31": "", "2018-12-31": "", "2017-12-31": "", "2016-12-31": "", "2015-12-31": "", "2014-12-31": "", "2013-12-31": "", "2012-12-31": "-22.14200", "2011-12-31": "", "2010-12-31": "", "2009-12-31": "-471.11300", "2008-12-31": "-562.05400", "2007-12-31": ""}, "Share Holder Equity": {"2020-12-31": "5872.04000", "2019-12-31": "5668.30300", "2018-12-31": "5462.71900", "2017-12-31": "5240.37000", "2016-12-31": "788.73100", "2015-12-31": "617.12700", "2014-12-31": "470.29400", "2013-12-31": "283.58700", "2012-12-31": "290.20400", "2011-12-31": "107.55300", "2010-12-31": "-83.17100", "2009-12-31": "-865.78100", "2008-12-31": "-444.19300", "2007-12-31": "487.55000"}, "Total Liabilities And Share Holders Equity": {"2020-12-31": "8468.00200", "2019-12-31": "8281.73200", "2018-12-31": "7911.88500", "2017-12-31": "7683.44200", "2016-12-31": "1078.52500", "2015-12-31": "2919.66700", "2014-12-31": "2892.72100", "2013-12-31": "2809.00800", "2012-12-31": "2791.98100", "2011-12-31": "2640.18000", "2010-12-31": "2567.89500", "2009-12-31": "2513.87400", "2008-12-31": "2648.50700", "2007-12-31": "643.36400"}}, "balance sheet, quarterly": {"Cash On Hand": {"2020-12-31": "205.02800", "2020-09-30": "285.97700", "2020-06-30": "165.61500", "2020-03-31": "167.78000", "2019-12-31": "209.96500", "2019-09-30": "144.86100", "2019-06-30": "116.94200", "2019-03-31": "122.54400", "2018-12-31": "146.78700", "2018-09-30": "160.30600", "2018-06-30": "187.70600", "2018-03-31": "157.08100", "2017-12-31": "172.53800", "2017-09-30": "221.41000", "2017-06-30": "123.90300", "2017-03-31": "139.57400", "2016-12-31": "8.02100", "2016-09-30": "153.60900", "2016-06-30": "196.00700", "2016-03-31": "223.25100", "2015-12-31": "186.04600", "2015-09-30": "135.29300", "2015-06-30": "136.24400", "2015-03-31": "148.71400", "2014-12-31": "175.26300", "2014-09-30": "146.89800", "2014-06-30": "152.00900", "2014-03-31": "118.94200", "2013-12-31": "135.82500", "2013-09-30": "125.98000", "2013-06-30": "113.15900", "2013-03-31": "113.54100", "2012-12-31": "127.54900", "2012-09-30": "116.36900", "2012-06-30": "107.29500", "2012-03-31": "119.77600", "2011-12-31": "153.80800", "2011-09-30": "114.75100", "2011-06-30": "140.95000", "2011-03-31": "106.62700", "2010-12-31": "132.06200", "2010-09-30": "130.42100", "2010-06-30": "87.50000", "2010-03-31": "136.19800", "2009-12-31": "140.73100", "2009-09-30": "", "2009-06-30": "", "2009-03-31": "", "2008-12-31": "76.35000"}, "Receivables": {"2020-12-31": "581.38200", "2020-09-30": "568.01500", "2020-06-30": "527.97700", "2020-03-31": "534.62200", "2019-12-31": "535.57300", "2019-09-30": "556.44400", "2019-06-30": "585.10500", "2019-03-31": "557.32900", "2018-12-31": "608.17100", "2018-09-30": "666.52910", "2018-06-30": "628.88600", "2018-03-31": "618.02100", "2017-12-31": "629.37900", "2017-09-30": "586.14700", "2017-06-30": "404.47100", "2017-03-31": "398.76600", "2016-12-31": "150.57300", "2016-09-30": "413.88200", "2016-06-30": "418.78600", "2016-03-31": "419.03200", "2015-12-31": "434.08500", "2015-09-30": "465.69200", "2015-06-30": "456.19800", "2015-03-31": "457.67900", "2014-12-31": "497.74200", "2014-09-30": "460.40600", "2014-06-30": "465.10800", "2014-03-31": "473.83900", "2013-12-31": "442.50800", "2013-09-30": "438.83100", "2013-06-30": "369.96900", "2013-03-31": "373.19300", "2012-12-31": "403.37900", "2012-09-30": "380.05400", "2012-06-30": "352.96100", "2012-03-31": "341.65100", "2011-12-31": "332.93100", "2011-09-30": "340.77100", "2011-06-30": "340.94500", "2011-03-31": "320.65400", "2010-12-31": "281.93800", "2010-09-30": "308.64000", "2010-06-30": "290.79000", "2010-03-31": "273.73300", "2009-12-31": "103.25700", "2009-09-30": "", "2009-06-30": "", "2009-03-31": "", "2008-12-31": "120.37000"}, "Inventory": {"2020-12-31": "", "2020-09-30": "", "2020-06-30": "", "2020-03-31": "", "2019-12-31": "", "2019-09-30": "", "2019-06-30": "", "2019-03-31": "", "2018-12-31": "", "2018-09-30": "", "2018-06-30": "", "2018-03-31": "", "2017-12-31": "", "2017-09-30": "", "2017-06-30": "16.69900", "2017-03-31": "16.66300", "2016-12-31": "", "2016-09-30": "16.26400", "2016-06-30": "15.83800", "2016-03-31": "18.47800", "2015-12-31": "18.42600", "2015-09-30": "19.09400", "2015-06-30": "18.63300", "2015-03-31": "18.07400", "2014-12-31": "18.99200", "2014-09-30": "20.73600", "2014-06-30": "20.76400", "2014-03-31": "17.77600", "2013-12-31": "18.43000", "2013-09-30": "18.14900", "2013-06-30": "15.74400", "2013-03-31": "16.09500", "2012-12-31": "17.52400", "2012-09-30": "18.35600", "2012-06-30": "17.81200", "2012-03-31": "22.44100", "2011-12-31": "17.44100", "2011-09-30": "17.55200", "2011-06-30": "17.91600", "2011-03-31": "11.73100", "2010-12-31": "9.88200", "2010-09-30": "9.94700", "2010-06-30": "9.35700", "2010-03-31": "9.41400", "2009-12-31": "10.19300", "2009-09-30": "", "2009-06-30": "", "2009-03-31": "", "2008-12-31": "10.16000"}, "Pre-Paid Expenses": {"2020-12-31": "71.64900", "2020-09-30": "61.68600", "2020-06-30": "54.51500", "2020-03-31": "59.13400", "2019-12-31": "62.16000", "2019-09-30": "73.05200", "2019-06-30": "67.90400", "2019-03-31": "74.70700", "2018-12-31": "67.01100", "2018-09-30": "66.81400", "2018-06-30": "58.43800", "2018-03-31": "62.21200", "2017-12-31": "58.52500", "2017-09-30": "65.00400", "2017-06-30": "45.79600", "2017-03-31": "48.55700", "2016-12-31": "13.24400", "2016-09-30": "50.66900", "2016-06-30": "46.99600", "2016-03-31": "48.03400", "2015-12-31": "48.14900", "2015-09-30": "53.72400", "2015-06-30": "47.13700", "2015-03-31": "48.87400", "2014-12-31": "51.44100", "2014-09-30": "58.64700", "2014-06-30": "55.25600", "2014-03-31": "57.39700", "2013-12-31": "63.95800", "2013-09-30": "65.10600", "2013-06-30": "47.14300", "2013-03-31": "49.03400", "2012-12-31": "58.90300", "2012-09-30": "48.23100", "2012-06-30": "44.35000", "2012-03-31": "50.03600", "2011-12-31": "46.55900", "2011-09-30": "44.24300", "2011-06-30": "43.18400", "2011-03-31": "44.12800", "2010-12-31": "40.70900", "2010-09-30": "46.26900", "2010-06-30": "40.69100", "2010-03-31": "46.34900", "2009-12-31": "42.36500", "2009-09-30": "", "2009-06-30": "", "2009-03-31": "", "2008-12-31": ""}, "Other Current Assets": {"2020-12-31": "65.30400", "2020-09-30": "82.87500", "2020-06-30": "81.39300", "2020-03-31": "76.90600", "2019-12-31": "82.33000", "2019-09-30": "126.61100", "2019-06-30": "98.36100", "2019-03-31": "58.88200", "2018-12-31": "85.26300", "2018-09-30": "78.19400", "2018-06-30": "66.30200", "2018-03-31": "54.12800", "2017-12-31": "62.76500", "2017-09-30": "49.31000", "2017-06-30": "1.65200", "2017-03-31": "5.33300", "2016-12-31": "17.79300", "2016-09-30": "11.83000", "2016-06-30": "7.56100", "2016-03-31": "9.69200", "2015-12-31": "9.08400", "2015-09-30": "11.09600", "2015-06-30": "8.04900", "2015-03-31": "3.43800", "2014-12-31": "2.90700", "2014-09-30": "5.75200", "2014-06-30": "8.69400", "2014-03-31": "18.38900", "2013-12-31": "19.26800", "2013-09-30": "9.89700", "2013-06-30": "16.75200", "2013-03-31": "16.01100", "2012-12-31": "31.54400", "2012-09-30": "14.98200", "2012-06-30": "13.30700", "2012-03-31": "21.32900", "2011-12-31": "13.57100", "2011-09-30": "26.79600", "2011-06-30": "23.82900", "2011-03-31": "12.23400", "2010-12-31": "8.86200", "2010-09-30": "15.62300", "2010-06-30": "12.40000", "2010-03-31": "12.53500", "2009-12-31": "3.57100", "2009-09-30": "", "2009-06-30": "", "2009-03-31": "", "2008-12-31": "49.15000"}, "Total Current Assets": {"2020-12-31": "923.36300", "2020-09-30": "998.55300", "2020-06-30": "829.50000", "2020-03-31": "838.44200", "2019-12-31": "890.02800", "2019-09-30": "900.96800", "2019-06-30": "868.31200", "2019-03-31": "813.46200", "2018-12-31": "907.23200", "2018-09-30": "971.84300", "2018-06-30": "941.33200", "2018-03-31": "895.50100", "2017-12-31": "923.20700", "2017-09-30": "927.85500", "2017-06-30": "598.32600", "2017-03-31": "615.30700", "2016-12-31": "190.19100", "2016-09-30": "653.92200", "2016-06-30": "693.50400", "2016-03-31": "727.91200", "2015-12-31": "705.60700", "2015-09-30": "725.41500", "2015-06-30": "714.70200", "2015-03-31": "720.78500", "2014-12-31": "755.54700", "2014-09-30": "743.86400", "2014-06-30": "752.42300", "2014-03-31": "734.52000", "2013-12-31": "734.03200", "2013-09-30": "728.10100", "2013-06-30": "613.14700", "2013-03-31": "666.90100", "2012-12-31": "742.09100", "2012-09-30": "644.82300", "2012-06-30": "605.22300", "2012-03-31": "645.96000", "2011-12-31": "667.65000", "2011-09-30": "573.58800", "2011-06-30": "594.62200", "2011-03-31": "534.49800", "2010-12-31": "512.31600", "2010-09-30": "560.11200", "2010-06-30": "489.45400", "2010-03-31": "527.04900", "2009-12-31": "353.87100", "2009-09-30": "", "2009-06-30": "", "2009-03-31": "", "2008-12-31": "256.05000"}, "Property, Plant, And Equipment": {"2020-12-31": "2992.65200", "2020-09-30": "2970.56500", "2020-06-30": "2894.57000", "2020-03-31": "2873.17000", "2019-12-31": "2850.72000", "2019-09-30": "2846.92900", "2019-06-30": "2745.64300", "2019-03-31": "2623.72300", "2018-12-31": "2612.83700", "2018-09-30": "2557.79600", "2018-06-30": "2403.49100", "2018-03-31": "2345.86300", "2017-12-31": "2384.22100", "2017-09-30": "2296.58700", "2017-06-30": "1458.57200", "2017-03-31": "1483.03100", "2016-12-31": "802.85800", "2016-09-30": "1553.87400", "2016-06-30": "1528.55800", "2016-03-31": "1582.84500", "2015-12-31": "1651.10000", "2015-09-30": "1678.58400", "2015-06-30": "1614.60000", "2015-03-31": "1569.19600", "2014-12-31": "1542.13000", "2014-09-30": "1483.94300", "2014-06-30": "1450.35200", "2014-03-31": "1468.77100", "2013-12-31": "1447.80700", "2013-09-30": "1505.08700", "2013-06-30": "1400.46800", "2013-03-31": "1338.20500", "2012-12-31": "1397.53600", "2012-09-30": "1311.06200", "2012-06-30": "1301.66000", "2012-03-31": "1287.69500", "2011-12-31": "1299.99700", "2011-09-30": "1291.98700", "2011-06-30": "1317.83500", "2011-03-31": "1315.39900", "2010-12-31": "1339.63800", "2010-09-30": "1346.86300", "2010-06-30": "1326.35400", "2010-03-31": "1327.21000", "2009-12-31": "1364.54500", "2009-09-30": "", "2009-06-30": "", "2009-03-31": "", "2008-12-31": "1931.77000"}, "Long-Term Investments": {"2020-12-31": "", "2020-09-30": "", "2020-06-30": "", "2020-03-31": "", "2019-12-31": "", "2019-09-30": "", "2019-06-30": "", "2019-03-31": "", "2018-12-31": "", "2018-09-30": "", "2018-06-30": "", "2018-03-31": "", "2017-12-31": "", "2017-09-30": "", "2017-06-30": "", "2017-03-31": "", "2016-12-31": "", "2016-09-30": "", "2016-06-30": "", "2016-03-31": "", "2015-12-31": "", "2015-09-30": "", "2015-06-30": "", "2015-03-31": "", "2014-12-31": "", "2014-09-30": "", "2014-06-30": "", "2014-03-31": "", "2013-12-31": "", "2013-09-30": "", "2013-06-30": "", "2013-03-31": "", "2012-12-31": "", "2012-09-30": "", "2012-06-30": "", "2012-03-31": "", "2011-12-31": "", "2011-09-30": "", "2011-06-30": "", "2011-03-31": "", "2010-12-31": "", "2010-09-30": "", "2010-06-30": "", "2010-03-31": "", "2009-12-31": "", "2009-09-30": "", "2009-06-30": "", "2009-03-31": "", "2008-12-31": ""}, "Goodwill And Intangible Assets": {"2020-12-31": "4312.20900", "2020-09-30": "4323.68600", "2020-06-30": "4335.16200", "2020-03-31": "4347.04800", "2019-12-31": "4298.45100", "2019-09-30": "4310.15200", "2019-06-30": "4318.75300", "2019-03-31": "4329.44900", "2018-12-31": "4340.09500", "2018-09-30": "4351.14000", "2018-06-30": "4360.29100", "2018-03-31": "4363.49600", "2017-12-31": "4328.77000", "2017-09-30": "4274.84100", "2017-06-30": "511.15400", "2017-03-31": "515.35700", "2016-12-31": "49.60600", "2016-09-30": "523.76400", "2016-06-30": "527.96800", "2016-03-31": "532.17100", "2015-12-31": "536.37500", "2015-09-30": "540.57800", "2015-06-30": "544.78200", "2015-03-31": "548.98500", "2014-12-31": "553.18900", "2014-09-30": "557.39200", "2014-06-30": "561.59600", "2014-03-31": "565.79900", "2013-12-31": "570.00300", "2013-09-30": "574.20600", "2013-06-30": "578.41000", "2013-03-31": "582.61300", "2012-12-31": "586.81700", "2012-09-30": "591.02100", "2012-06-30": "595.22400", "2012-03-31": "599.43900", "2011-12-31": "603.74200", "2011-09-30": "608.14700", "2011-06-30": "612.65600", "2011-03-31": "617.27300", "2010-12-31": "622.00000", "2010-09-30": "626.84000", "2010-06-30": "631.79500", "2010-03-31": "636.99300", "2009-12-31": "642.47200", "2009-09-30": "0.00000", "2009-06-30": "0.00000", "2009-03-31": "0.00000", "2008-12-31": "665.66000"}, "Other Long-Term Assets": {"2020-12-31": "126.48200", "2020-09-30": "89.20700", "2020-06-30": "82.84300", "2020-03-31": "70.38000", "2019-12-31": "73.10800", "2019-09-30": "71.67200", "2019-06-30": "59.85000", "2019-03-31": "61.60800", "2018-12-31": "51.72100", "2018-09-30": "51.28700", "2018-06-30": "48.62700", "2018-03-31": "39.73000", "2017-12-31": "47.24400", "2017-09-30": "35.86600", "2017-06-30": "22.63600", "2017-03-31": "23.51100", "2016-12-31": "32.82300", "2016-09-30": "22.66400", "2016-06-30": "22.83600", "2016-03-31": "24.57300", "2015-12-31": "26.58500", "2015-09-30": "29.59700", "2015-06-30": "34.92800", "2015-03-31": "37.95700", "2014-12-31": "41.85500", "2014-09-30": "47.03800", "2014-06-30": "50.73500", "2014-03-31": "50.92600", "2013-12-31": "57.16600", "2013-09-30": "57.03100", "2013-06-30": "50.70000", "2013-03-31": "52.18800", "2012-12-31": "65.53700", "2012-09-30": "68.81400", "2012-06-30": "70.76500", "2012-03-31": "66.39800", "2011-12-31": "68.79100", "2011-09-30": "70.44500", "2011-06-30": "66.49700", "2011-03-31": "53.61800", "2010-12-31": "59.04900", "2010-09-30": "97.35500", "2010-06-30": "103.24800", "2010-03-31": "106.71200", "2009-12-31": "107.21100", "2009-09-30": "", "2009-06-30": "", "2009-03-31": "", "2008-12-31": "143.48000"}, "Total Long-Term Assets": {"2020-12-31": "7431.34300", "2020-09-30": "7383.45800", "2020-06-30": "7312.57500", "2020-03-31": "7290.59800", "2019-12-31": "7222.27900", "2019-09-30": "7228.75300", "2019-06-30": "7124.24600", "2019-03-31": "7014.78000", "2018-12-31": "7004.65300", "2018-09-30": "6960.22300", "2018-06-30": "6812.40900", "2018-03-31": "6760.58500", "2017-12-31": "6760.23500", "2017-09-30": "6619.95300", "2017-06-30": "1992.36200", "2017-03-31": "2021.89900", "2016-12-31": "888.33400", "2016-09-30": "2100.30200", "2016-06-30": "2079.36200", "2016-03-31": "2139.58900", "2015-12-31": "2214.06000", "2015-09-30": "2248.75900", "2015-06-30": "2194.31000", "2015-03-31": "2156.13800", "2014-12-31": "2137.17400", "2014-09-30": "2088.37300", "2014-06-30": "2062.68300", "2014-03-31": "2085.49600", "2013-12-31": "2074.97600", "2013-09-30": "2136.32400", "2013-06-30": "2029.57800", "2013-03-31": "1973.00600", "2012-12-31": "2049.89000", "2012-09-30": "1970.89700", "2012-06-30": "1967.64900", "2012-03-31": "1953.53200", "2011-12-31": "1972.53000", "2011-09-30": "1970.57900", "2011-06-30": "1996.98800", "2011-03-31": "2021.18200", "2010-12-31": "2055.57900", "2010-09-30": "2105.95000", "2010-06-30": "2102.17200", "2010-03-31": "2111.69000", "2009-12-31": "2160.00300", "2009-09-30": "", "2009-06-30": "", "2009-03-31": "", "2008-12-31": "2740.91000"}, "Total Assets": {"2020-12-31": "8468.00200", "2020-09-30": "8501.36100", "2020-06-30": "8279.02800", "2020-03-31": "8288.32300", "2019-12-31": "8281.73200", "2019-09-30": "8322.22500", "2019-06-30": "8213.58400", "2019-03-31": "8081.14200", "2018-12-31": "7911.88500", "2018-09-30": "7932.06600", "2018-06-30": "7753.74100", "2018-03-31": "7656.08600", "2017-12-31": "7683.44200", "2017-09-30": "7547.80800", "2017-06-30": "2590.68800", "2017-03-31": "2637.20600", "2016-12-31": "1078.52500", "2016-09-30": "2754.22400", "2016-06-30": "2772.86600", "2016-03-31": "2867.50100", "2015-12-31": "2919.66700", "2015-09-30": "2974.17400", "2015-06-30": "2909.01200", "2015-03-31": "2876.92300", "2014-12-31": "2892.72100", "2014-09-30": "2832.23700", "2014-06-30": "2815.10600", "2014-03-31": "2820.01600", "2013-12-31": "2809.00800", "2013-09-30": "2864.42500", "2013-06-30": "2642.72500", "2013-03-31": "2639.90700", "2012-12-31": "2791.98100", "2012-09-30": "2615.72000", "2012-06-30": "2572.87200", "2012-03-31": "2599.49200", "2011-12-31": "2640.18000", "2011-09-30": "2544.16700", "2011-06-30": "2591.61000", "2011-03-31": "2555.68000", "2010-12-31": "2567.89500", "2010-09-30": "2666.06200", "2010-06-30": "2591.62600", "2010-03-31": "2638.73900", "2009-12-31": "2513.87400", "2009-09-30": "0.00000", "2009-06-30": "0.00000", "2009-03-31": "0.00000", "2008-12-31": "2648.50000"}, "Total Current Liabilities": {"2020-12-31": "839.70800", "2020-09-30": "1262.19900", "2020-06-30": "971.48300", "2020-03-31": "979.28100", "2019-12-31": "993.03800", "2019-09-30": "696.75800", "2019-06-30": "743.58700", "2019-03-31": "761.96700", "2018-12-31": "614.56300", "2018-09-30": "680.35700", "2018-06-30": "641.22100", "2018-03-31": "618.35600", "2017-12-31": "609.55000", "2017-09-30": "700.50600", "2017-06-30": "412.02400", "2017-03-31": "429.37700", "2016-12-31": "78.65000", "2016-09-30": "422.27000", "2016-06-30": "400.35600", "2016-03-31": "374.75000", "2015-12-31": "398.87700", "2015-09-30": "663.99400", "2015-06-30": "397.64600", "2015-03-31": "429.30700", "2014-12-31": "420.61200", "2014-09-30": "452.51400", "2014-06-30": "436.29800", "2014-03-31": "459.93900", "2013-12-31": "384.36800", "2013-09-30": "432.86300", "2013-06-30": "370.29000", "2013-03-31": "370.67000", "2012-12-31": "383.44900", "2012-09-30": "337.20600", "2012-06-30": "319.12900", "2012-03-31": "382.94400", "2011-12-31": "316.81500", "2011-09-30": "330.86300", "2011-06-30": "335.53400", "2011-03-31": "329.94400", "2010-12-31": "326.18400", "2010-09-30": "458.80800", "2010-06-30": "394.92800", "2010-03-31": "425.92400", "2009-12-31": "370.39300", "2009-09-30": "", "2009-06-30": "", "2009-03-31": "", "2008-12-31": "426.61000"}, "Long Term Debt": {"2020-12-31": "647.15000", "2020-09-30": "257.25300", "2020-06-30": "283.17900", "2020-03-31": "349.67900", "2019-12-31": "336.38300", "2019-09-30": "713.81400", "2019-06-30": "700.73400", "2019-03-31": "492.86400", "2018-12-31": "630.83800", "2018-09-30": "673.21700", "2018-06-30": "577.77500", "2018-03-31": "564.62300", "2017-12-31": "616.90300", "2017-09-30": "649.90200", "2017-06-30": "887.38000", "2017-03-31": "936.77400", "2016-12-31": "19.85400", "2016-09-30": "1119.33000", "2016-06-30": "1155.74900", "2016-03-31": "1266.24900", "2015-12-31": "1289.59100", "2015-09-30": "1084.89600", "2015-06-30": "1326.32600", "2015-03-31": "1314.82800", "2014-12-31": "1420.71900", "2014-09-30": "1385.72400", "2014-06-30": "1434.62500", "2014-03-31": "1454.30500", "2013-12-31": "1527.76400", "2013-09-30": "1608.30700", "2013-06-30": "1428.68200", "2013-03-31": "1446.83200", "2012-12-31": "1563.63200", "2012-09-30": "1593.76800", "2012-06-30": "1611.12300", "2012-03-31": "1609.38700", "2011-12-31": "1710.10400", "2011-09-30": "1713.71100", "2011-06-30": "1808.73200", "2011-03-31": "1788.09500", "2010-12-31": "1879.53000", "2010-09-30": "2479.47500", "2010-06-30": "2465.74000", "2010-03-31": "2475.81200", "2009-12-31": "2420.18000", "2009-09-30": "", "2009-06-30": "", "2009-03-31": "", "2008-12-31": "2466.35000"}, "Other Non-Current Liabilities": {"2020-12-31": "223.31100", "2020-09-30": "231.30200", "2020-06-30": "389.67200", "2020-03-31": "393.76800", "2019-12-31": "416.12900", "2019-09-30": "420.10900", "2019-06-30": "358.48600", "2019-03-31": "399.53800", "2018-12-31": "464.22700", "2018-09-30": "455.89700", "2018-06-30": "453.76600", "2018-03-31": "492.80400", "2017-12-31": "537.54200", "2017-09-30": "489.20300", "2017-06-30": "178.06100", "2017-03-31": "180.46600", "2016-12-31": "13.29000", "2016-09-30": "162.01600", "2016-06-30": "162.43200", "2016-03-31": "160.12800", "2015-12-31": "150.24000", "2015-09-30": "152.51000", "2015-06-30": "148.74000", "2015-03-31": "152.76400", "2014-12-31": "143.70700", "2014-09-30": "143.27500", "2014-06-30": "141.87600", "2014-03-31": "133.82900", "2013-12-31": "129.08900", "2013-09-30": "116.15700", "2013-06-30": "114.03600", "2013-03-31": "114.28400", "2012-12-31": "113.31500", "2012-09-30": "117.06900", "2012-06-30": "116.39300", "2012-03-31": "114.30700", "2011-12-31": "110.46900", "2011-09-30": "121.99800", "2011-06-30": "117.97800", "2011-03-31": "143.45400", "2010-12-31": "141.80300", "2010-09-30": "190.67500", "2010-06-30": "200.52100", "2010-03-31": "195.02400", "2009-12-31": "205.28700", "2009-09-30": "", "2009-06-30": "", "2009-03-31": "", "2008-12-31": "175.17000"}, "Total Long Term Liabilities": {"2020-12-31": "1756.25400", "2020-09-30": "1357.91400", "2020-06-30": "1541.95600", "2020-03-31": "1618.71800", "2019-12-31": "1620.39100", "2019-09-30": "2020.17400", "2019-06-30": "1937.97700", "2019-03-31": "1774.55200", "2018-12-31": "1834.60300", "2018-09-30": "1855.52300", "2018-06-30": "1716.13600", "2018-03-31": "1728.53800", "2017-12-31": "1833.52200", "2017-09-30": "2049.04600", "2017-06-30": "1463.52400", "2017-03-31": "1526.03500", "2016-12-31": "211.14400", "2016-09-30": "1719.71500", "2016-06-30": "1763.92300", "2016-03-31": "1885.81400", "2015-12-31": "1903.66300", "2015-09-30": "1697.91000", "2015-06-30": "1939.27200", "2015-03-31": "1933.01100", "2014-12-31": "2001.81500", "2014-09-30": "1977.23900", "2014-06-30": "2031.00000", "2014-03-31": "2057.82400", "2013-12-31": "2141.05300", "2013-09-30": "2196.72800", "2013-06-30": "1968.43400", "2013-03-31": "2012.52700", "2012-12-31": "2118.32800", "2012-09-30": "2095.70700", "2012-06-30": "2121.45000", "2012-03-31": "2120.78200", "2011-12-31": "2215.81200", "2011-09-30": "2167.31500", "2011-06-30": "2241.77600", "2011-03-31": "2235.50400", "2010-12-31": "2324.88200", "2010-09-30": "3033.47700", "2010-06-30": "3028.07600", "2010-03-31": "3031.16900", "2009-12-31": "3009.26200", "2009-09-30": "", "2009-06-30": "", "2009-03-31": "", "2008-12-31": "2666.08000"}, "Total Liabilities": {"2020-12-31": "2595.96200", "2020-09-30": "2620.11300", "2020-06-30": "2513.43900", "2020-03-31": "2597.99900", "2019-12-31": "2613.42900", "2019-09-30": "2716.93200", "2019-06-30": "2681.56400", "2019-03-31": "2536.51900", "2018-12-31": "2449.16600", "2018-09-30": "2535.88000", "2018-06-30": "2357.35700", "2018-03-31": "2346.89400", "2017-12-31": "2443.07200", "2017-09-30": "2749.55200", "2017-06-30": "1875.54800", "2017-03-31": "1955.41200", "2016-12-31": "289.79400", "2016-09-30": "2141.98500", "2016-06-30": "2164.27900", "2016-03-31": "2260.56400", "2015-12-31": "2302.54000", "2015-09-30": "2361.90400", "2015-06-30": "2336.91800", "2015-03-31": "2362.31800", "2014-12-31": "2422.42700", "2014-09-30": "2429.75300", "2014-06-30": "2467.29800", "2014-03-31": "2517.76300", "2013-12-31": "2525.42100", "2013-09-30": "2629.59100", "2013-06-30": "2338.72400", "2013-03-31": "2383.19700", "2012-12-31": "2501.77700", "2012-09-30": "2432.91300", "2012-06-30": "2440.57900", "2012-03-31": "2503.72600", "2011-12-31": "2532.62700", "2011-09-30": "2498.17800", "2011-06-30": "2577.31000", "2011-03-31": "2565.44800", "2010-12-31": "2651.06600", "2010-09-30": "3492.28500", "2010-06-30": "3423.00400", "2010-03-31": "3457.09300", "2009-12-31": "3379.65500", "2009-09-30": "0.00000", "2009-06-30": "0.00000", "2009-03-31": "0.00000", "2008-12-31": "3092.70000"}, "Common Stock Net": {"2020-12-31": "1.66500", "2020-09-30": "1.70200", "2020-06-30": "1.70100", "2020-03-31": "1.69800", "2019-12-31": "1.70700", "2019-09-30": "1.70500", "2019-06-30": "1.70300", "2019-03-31": "1.73000", "2018-12-31": "1.72800", "2018-09-30": "1.75600", "2018-06-30": "1.78600", "2018-03-31": "1.78300", "2017-12-31": "1.78000", "2017-09-30": "1.77900", "2017-06-30": "1.33900", "2017-03-31": "1.33200", "2016-12-31": "0.80200", "2016-09-30": "1.32300", "2016-06-30": "1.33400", "2016-03-31": "1.35900", "2015-12-31": "1.38800", "2015-09-30": "1.42900", "2015-06-30": "1.42700", "2015-03-31": "1.42400", "2014-12-31": "1.42100", "2014-09-30": "1.41600", "2014-06-30": "1.41500", "2014-03-31": "1.41100", "2013-12-31": "1.40800", "2013-09-30": "1.40500", "2013-06-30": "1.40100", "2013-03-31": "1.39800", "2012-12-31": "1.39600", "2012-09-30": "1.39500", "2012-06-30": "1.39500", "2012-03-31": "1.39500", "2011-12-31": "1.39500", "2011-09-30": "1.39500", "2011-06-30": "1.39500", "2011-03-31": "1.39500", "2010-12-31": "1.33400", "2010-09-30": "0.07500", "2010-06-30": "0.07500", "2010-03-31": "0.07500", "2009-12-31": "0.06000", "2009-09-30": "0.00000", "2009-06-30": "0.00000", "2009-03-31": "0.00000", "2008-12-31": "0.07000"}, "Retained Earnings (Accumulated Deficit)": {"2020-12-31": "1566.75900", "2020-09-30": "1582.81400", "2020-06-30": "1474.46600", "2020-03-31": "1410.52700", "2019-12-31": "1395.46500", "2019-09-30": "1338.37400", "2019-06-30": "1274.06700", "2019-03-31": "1292.83800", "2018-12-31": "1216.85200", "2018-09-30": "1154.98800", "2018-06-30": "1159.68700", "2018-03-31": "1079.54300", "2017-12-31": "1016.73800", "2017-09-30": "581.38200", "2017-06-30": "18.42300", "2017-03-31": "-7.87400", "2016-12-31": "562.40400", "2016-09-30": "-79.50300", "2016-06-30": "-92.42500", "2016-03-31": "-119.65400", "2015-12-31": "-139.03300", "2015-09-30": "-184.94200", "2015-06-30": "-221.22300", "2015-03-31": "-272.17700", "2014-12-31": "-310.01700", "2014-09-30": "-368.50800", "2014-06-30": "-418.66600", "2014-03-31": "-458.86400", "2013-12-31": "-471.16900", "2013-09-30": "-516.46700", "2013-06-30": "-593.88600", "2013-03-31": "-636.82700", "2012-12-31": "-601.77700", "2012-09-30": "-707.01800", "2012-06-30": "-756.23400", "2012-03-31": "-789.93300", "2011-12-31": "-774.75700", "2011-09-30": "-832.93300", "2011-06-30": "-863.88300", "2011-03-31": "-883.46600", "2010-12-31": "-886.67100", "2010-09-30": "-838.35700", "2010-06-30": "-836.01600", "2010-03-31": "-812.93700", "2009-12-31": "-759.93600", "2009-09-30": "", "2009-06-30": "", "2009-03-31": "", "2008-12-31": "-307.90000"}, "Comprehensive Income": {"2020-12-31": "", "2020-09-30": "", "2020-06-30": "", "2020-03-31": "", "2019-12-31": "", "2019-09-30": "", "2019-06-30": "", "2019-03-31": "", "2018-12-31": "", "2018-09-30": "", "2018-06-30": "", "2018-03-31": "", "2017-12-31": "", "2017-09-30": "", "2017-06-30": "", "2017-03-31": "", "2016-12-31": "", "2016-09-30": "0.00000", "2016-06-30": "0.00000", "2016-03-31": "0.08100", "2015-12-31": "0.08100", "2015-09-30": "0.08100", "2015-06-30": "0.01200", "2015-03-31": "-1.19900", "2014-12-31": "-2.33600", "2014-09-30": "-3.43400", "2014-06-30": "-4.44300", "2014-03-31": "-5.35400", "2013-12-31": "-6.16200", "2013-09-30": "-6.82600", "2013-06-30": "-7.34200", "2013-03-31": "-7.56600", "2012-12-31": "-8.20200", "2012-09-30": "-7.74800", "2012-06-30": "-7.82400", "2012-03-31": "-9.21600", "2011-12-31": "-11.18600", "2011-09-30": "-13.41000", "2011-06-30": "-13.48000", "2011-03-31": "-15.39600", "2010-12-31": "-20.07600", "2010-09-30": "-25.72900", "2010-06-30": "-33.11100", "2010-03-31": "-43.05200", "2009-12-31": "-54.01400", "2009-09-30": "", "2009-06-30": "", "2009-03-31": "", "2008-12-31": ""}, "Other Share Holders Equity": {"2020-12-31": "", "2020-09-30": "", "2020-06-30": "", "2020-03-31": "", "2019-12-31": "", "2019-09-30": "", "2019-06-30": "", "2019-03-31": "", "2018-12-31": "", "2018-09-30": "", "2018-06-30": "", "2018-03-31": "", "2017-12-31": "", "2017-09-30": "", "2017-06-30": "", "2017-03-31": "", "2016-12-31": "", "2016-09-30": "", "2016-06-30": "", "2016-03-31": "", "2015-12-31": "", "2015-09-30": "", "2015-06-30": "", "2015-03-31": "", "2014-12-31": "", "2014-09-30": "", "2014-06-30": "", "2014-03-31": "", "2013-12-31": "", "2013-09-30": "", "2013-06-30": "", "2013-03-31": "", "2012-12-31": "-22.14200", "2012-09-30": "", "2012-06-30": "", "2012-03-31": "", "2011-12-31": "", "2011-09-30": "", "2011-06-30": "", "2011-03-31": "", "2010-12-31": "", "2010-09-30": "-244.70200", "2010-06-30": "-243.18800", "2010-03-31": "-241.67800", "2009-12-31": "-471.11300", "2009-09-30": "0.00000", "2009-06-30": "0.00000", "2009-03-31": "0.00000", "2008-12-31": "-593.16000"}, "Share Holder Equity": {"2020-12-31": "5872.04000", "2020-09-30": "5881.24800", "2020-06-30": "5765.58900", "2020-03-31": "5690.32400", "2019-12-31": "5668.30300", "2019-09-30": "5605.29300", "2019-06-30": "5532.02000", "2019-03-31": "5544.62300", "2018-12-31": "5462.71900", "2018-09-30": "5396.18600", "2018-06-30": "5396.38400", "2018-03-31": "5309.19200", "2017-12-31": "5240.37000", "2017-09-30": "4798.25600", "2017-06-30": "715.14000", "2017-03-31": "681.79400", "2016-12-31": "788.73100", "2016-09-30": "612.23900", "2016-06-30": "608.58700", "2016-03-31": "606.93700", "2015-12-31": "617.12700", "2015-09-30": "612.27000", "2015-06-30": "572.09400", "2015-03-31": "514.60500", "2014-12-31": "470.29400", "2014-09-30": "402.48400", "2014-06-30": "347.80800", "2014-03-31": "302.25300", "2013-12-31": "283.58700", "2013-09-30": "234.83400", "2013-06-30": "304.00100", "2013-03-31": "256.71000", "2012-12-31": "290.20400", "2012-09-30": "182.80700", "2012-06-30": "132.29300", "2012-03-31": "95.76600", "2011-12-31": "107.55300", "2011-09-30": "45.98900", "2011-06-30": "14.30000", "2011-03-31": "-9.76800", "2010-12-31": "-83.17100", "2010-09-30": "-826.22300", "2010-06-30": "-831.37800", "2010-03-31": "-818.35400", "2009-12-31": "-865.78100", "2009-09-30": "0.00000", "2009-06-30": "0.00000", "2009-03-31": "0.00000", "2008-12-31": "-444.19000"}, "Total Liabilities And Share Holders Equity": {"2020-12-31": "8468.00200", "2020-09-30": "8501.36100", "2020-06-30": "8279.02800", "2020-03-31": "8288.32300", "2019-12-31": "8281.73200", "2019-09-30": "8322.22500", "2019-06-30": "8213.58400", "2019-03-31": "8081.14200", "2018-12-31": "7911.88500", "2018-09-30": "7932.06600", "2018-06-30": "7753.74100", "2018-03-31": "7656.08600", "2017-12-31": "7683.44200", "2017-09-30": "7547.80800", "2017-06-30": "2590.68800", "2017-03-31": "2637.20600", "2016-12-31": "1078.52500", "2016-09-30": "2754.22400", "2016-06-30": "2772.86600", "2016-03-31": "2867.50100", "2015-12-31": "2919.66700", "2015-09-30": "2974.17400", "2015-06-30": "2909.01200", "2015-03-31": "2876.92300", "2014-12-31": "2892.72100", "2014-09-30": "2832.23700", "2014-06-30": "2815.10600", "2014-03-31": "2820.01600", "2013-12-31": "2809.00800", "2013-09-30": "2864.42500", "2013-06-30": "2642.72500", "2013-03-31": "2639.90700", "2012-12-31": "2791.98100", "2012-09-30": "2615.72000", "2012-06-30": "2572.87200", "2012-03-31": "2599.49200", "2011-12-31": "2640.18000", "2011-09-30": "2544.16700", "2011-06-30": "2591.61000", "2011-03-31": "2555.68000", "2010-12-31": "2567.89500", "2010-09-30": "2666.06200", "2010-06-30": "2591.62600", "2010-03-31": "2638.73900", "2009-12-31": "2513.87400", "2009-09-30": "0.00000", "2009-06-30": "0.00000", "2009-03-31": "0.00000", "2008-12-31": "2648.50000"}}, "cash flow statement": {"Net Income/Loss": {"2020-12-31": "0.00000", "2019-12-31": "310.17800", "2018-12-31": "420.64900", "2017-12-31": "485.42500", "2016-12-31": "95.23800", "2015-12-31": "118.45700", "2014-12-31": "161.15200", "2013-12-31": "155.42200", "2012-12-31": "140.08700", "2011-12-31": "102.74700", "2010-12-31": "-125.41300", "2009-12-31": "-435.64500", "2008-12-31": "-146.55500", "2007-12-31": "-96.18800"}, "Total Depreciation And Amortization - Cash Flow": {"2020-12-31": "", "2019-12-31": "462.95800", "2018-12-31": "430.08900", "2017-12-31": "207.10500", "2016-12-31": "116.16000", "2015-12-31": "111.02300", "2014-12-31": "248.34300", "2013-12-31": "250.06900", "2012-12-31": "255.77500", "2011-12-31": "258.96300", "2010-12-31": "241.42600", "2009-12-31": "264.12600", "2008-12-31": "306.36700", "2007-12-31": "447.28000"}, "Other Non-Cash Items": {"2020-12-31": "", "2019-12-31": "146.20700", "2018-12-31": "33.64800", "2017-12-31": "-282.92100", "2016-12-31": "-1.86800", "2015-12-31": "2.69200", "2014-12-31": "-11.57700", "2013-12-31": "86.49700", "2012-12-31": "58.11900", "2011-12-31": "48.75000", "2010-12-31": "73.08100", "2009-12-31": "321.44400", "2008-12-31": "-3.32200", "2007-12-31": "-222.15400"}, "Total Non-Cash Items": {"2020-12-31": "", "2019-12-31": "609.16500", "2018-12-31": "463.73700", "2017-12-31": "-75.81600", "2016-12-31": "114.29200", "2015-12-31": "113.71500", "2014-12-31": "236.76600", "2013-12-31": "336.56600", "2012-12-31": "313.89400", "2011-12-31": "307.71300", "2010-12-31": "314.50700", "2009-12-31": "585.57000", "2008-12-31": "303.04500", "2007-12-31": "225.12600"}, "Change In Accounts Receivable": {"2020-12-31": "", "2019-12-31": "70.10600", "2018-12-31": "-9.37500", "2017-12-31": "-48.45400", "2016-12-31": "-11.09900", "2015-12-31": "10.26600", "2014-12-31": "-63.40700", "2013-12-31": "-16.61300", "2012-12-31": "-17.53400", "2011-12-31": "-55.15900", "2010-12-31": "-26.56600", "2009-12-31": "6.59900", "2008-12-31": "-6.40100", "2007-12-31": "-24.27700"}, "Change In Inventories": {"2020-12-31": "", "2019-12-31": "", "2018-12-31": "", "2017-12-31": "", "2016-12-31": "", "2015-12-31": "", "2014-12-31": "-0.56200", "2013-12-31": "-0.91200", "2012-12-31": "1.48400", "2011-12-31": "-7.99100", "2010-12-31": "0.31100", "2009-12-31": "-0.02600", "2008-12-31": "1.37000", "2007-12-31": "-2.36000"}, "Change In Accounts Payable": {"2020-12-31": "", "2019-12-31": "", "2018-12-31": "", "2017-12-31": "", "2016-12-31": "", "2015-12-31": "", "2014-12-31": "", "2013-12-31": "", "2012-12-31": "", "2011-12-31": "", "2010-12-31": "", "2009-12-31": "", "2008-12-31": "", "2007-12-31": ""}, "Change In Assets/Liabilities": {"2020-12-31": "", "2019-12-31": "-125.68700", "2018-12-31": "-8.80500", "2017-12-31": "-5.37300", "2016-12-31": "10.82700", "2015-12-31": "-2.00300", "2014-12-31": "32.54700", "2013-12-31": "-5.71700", "2012-12-31": "2.23600", "2011-12-31": "-13.66900", "2010-12-31": "-49.72500", "2009-12-31": "6.82900", "2008-12-31": "2.38000", "2007-12-31": "-38.05900"}, "Total Change In Assets/Liabilities": {"2020-12-31": "", "2019-12-31": "-79.74900", "2018-12-31": "-2.40900", "2017-12-31": "-87.01900", "2016-12-31": "34.24600", "2015-12-31": "-26.40700", "2014-12-31": "-2.13700", "2013-12-31": "-18.48400", "2012-12-31": "-6.86300", "2011-12-31": "-70.27600", "2010-12-31": "-130.65500", "2009-12-31": "-34.59000", "2008-12-31": "-36.75000", "2007-12-31": "-0.29200"}, "Cash Flow From Operating Activities": {"2020-12-31": "", "2019-12-31": "839.59400", "2018-12-31": "881.97700", "2017-12-31": "322.59000", "2016-12-31": "243.77600", "2015-12-31": "205.76500", "2014-12-31": "395.78100", "2013-12-31": "473.50400", "2012-12-31": "447.11800", "2011-12-31": "340.18400", "2010-12-31": "58.43900", "2009-12-31": "115.33500", "2008-12-31": "119.74000", "2007-12-31": "128.64600"}, "Net Change In Property, Plant, And Equipment": {"2020-12-31": "", "2019-12-31": "-569.83700", "2018-12-31": "-530.17600", "2017-12-31": "-304.46000", "2016-12-31": "-89.00100", "2015-12-31": "-149.41400", "2014-12-31": "-172.94600", "2013-12-31": "-199.11300", "2012-12-31": "-171.45800", "2011-12-31": "-172.42400", "2010-12-31": "-126.10700", "2009-12-31": "-1.49200", "2008-12-31": "-136.57400", "2007-12-31": "-175.35100"}, "Net Change In Intangible Assets": {"2020-12-31": "", "2019-12-31": "", "2018-12-31": "", "2017-12-31": "", "2016-12-31": "", "2015-12-31": "-3.50000", "2014-12-31": "", "2013-12-31": "", "2012-12-31": "", "2011-12-31": "", "2010-12-31": "", "2009-12-31": "", "2008-12-31": "", "2007-12-31": ""}, "Net Acquisitions/Divestitures": {"2020-12-31": "", "2019-12-31": "", "2018-12-31": "", "2017-12-31": "", "2016-12-31": "", "2015-12-31": "", "2014-12-31": "", "2013-12-31": "-150.30200", "2012-12-31": "-22.27500", "2011-12-31": "", "2010-12-31": "", "2009-12-31": "", "2008-12-31": "", "2007-12-31": "-1470.38900"}, "Net Change In Short-term Investments": {"2020-12-31": "", "2019-12-31": "-14.30200", "2018-12-31": "-22.15600", "2017-12-31": "-10.89300", "2016-12-31": "", "2015-12-31": "12.81800", "2014-12-31": "", "2013-12-31": "", "2012-12-31": "", "2011-12-31": "", "2010-12-31": "", "2009-12-31": "", "2008-12-31": "", "2007-12-31": ""}, "Net Change In Long-Term Investments": {"2020-12-31": "", "2019-12-31": "22.69500", "2018-12-31": "26.97000", "2017-12-31": "10.73000", "2016-12-31": "", "2015-12-31": "", "2014-12-31": "0.86200", "2013-12-31": "-3.53900", "2012-12-31": "", "2011-12-31": "", "2010-12-31": "", "2009-12-31": "", "2008-12-31": "", "2007-12-31": ""}, "Net Change In Investments - Total": {"2020-12-31": "", "2019-12-31": "8.39300", "2018-12-31": "4.81400", "2017-12-31": "-0.16300", "2016-12-31": "", "2015-12-31": "12.81800", "2014-12-31": "0.86200", "2013-12-31": "-3.53900", "2012-12-31": "", "2011-12-31": "", "2010-12-31": "", "2009-12-31": "", "2008-12-31": "", "2007-12-31": ""}, "Investing Activities - Other": {"2020-12-31": "", "2019-12-31": "-22.26200", "2018-12-31": "-121.93000", "2017-12-31": "100.36000", "2016-12-31": "-12.05900", "2015-12-31": "1.76100", "2014-12-31": "32.33400", "2013-12-31": "41.23400", "2012-12-31": "24.60400", "2011-12-31": "22.50600", "2010-12-31": "-52.41400", "2009-12-31": "0.36500", "2008-12-31": "18.05700", "2007-12-31": "33.42600"}, "Cash Flow From Investing Activities": {"2020-12-31": "", "2019-12-31": "-583.70600", "2018-12-31": "-647.29200", "2017-12-31": "-204.26300", "2016-12-31": "-101.06000", "2015-12-31": "-138.33500", "2014-12-31": "-139.75000", "2013-12-31": "-311.72000", "2012-12-31": "-169.12900", "2011-12-31": "-149.91800", "2010-12-31": "-178.52100", "2009-12-31": "-1.12700", "2008-12-31": "-118.51700", "2007-12-31": "-1612.31400"}, "Net Long-Term Debt": {"2020-12-31": "", "2019-12-31": "-66.64200", "2018-12-31": "-41.63000", "2017-12-31": "43.84700", "2016-12-31": "-94.00000", "2015-12-31": "", "2014-12-31": "-214.62810", "2013-12-31": "-135.65200", "2012-12-31": "-283.13700", "2011-12-31": "-199.46900", "2010-12-31": "-648.00590", "2009-12-31": "-30.82000", "2008-12-31": "-14.05500", "2007-12-31": "2177.61900"}, "Net Current Debt": {"2020-12-31": "", "2019-12-31": "", "2018-12-31": "", "2017-12-31": "", "2016-12-31": "", "2015-12-31": "-22.40000", "2014-12-31": "", "2013-12-31": "", "2012-12-31": "", "2011-12-31": "", "2010-12-31": "", "2009-12-31": "-6.20400", "2008-12-31": "", "2007-12-31": ""}, "Debt Issuance/Retirement Net - Total": {"2020-12-31": "", "2019-12-31": "-66.64200", "2018-12-31": "-41.63000", "2017-12-31": "43.84700", "2016-12-31": "-94.00000", "2015-12-31": "-22.40000", "2014-12-31": "-214.62810", "2013-12-31": "-135.65200", "2012-12-31": "-283.13700", "2011-12-31": "-199.46900", "2010-12-31": "-648.00590", "2009-12-31": "-37.02400", "2008-12-31": "-14.05500", "2007-12-31": "2177.61900"}, "Net Common Equity Issued/Repurchased": {"2020-12-31": "", "2019-12-31": "-73.58500", "2018-12-31": "-165.77100", "2017-12-31": "13.48300", "2016-12-31": "-26.68500", "2015-12-31": "-35.41500", "2014-12-31": "12.60400", "2013-12-31": "13.94500", "2012-12-31": "0.40100", "2011-12-31": "63.24100", "2010-12-31": "764.28400", "2009-12-31": "", "2008-12-31": "", "2007-12-31": ""}, "Net Total Equity Issued/Repurchased": {"2020-12-31": "", "2019-12-31": "-73.58500", "2018-12-31": "-165.77100", "2017-12-31": "13.48300", "2016-12-31": "-26.68500", "2015-12-31": "-35.41500", "2014-12-31": "12.60400", "2013-12-31": "13.94500", "2012-12-31": "0.40100", "2011-12-31": "63.24100", "2010-12-31": "764.28400", "2009-12-31": "", "2008-12-31": "", "2007-12-31": ""}, "Total Common And Preferred Stock Dividends Paid": {"2020-12-31": "", "2019-12-31": "-41.42500", "2018-12-31": "-42.77000", "2017-12-31": "-25.45400", "2016-12-31": "-19.59700", "2015-12-31": "-19.88500", "2014-12-31": "", "2013-12-31": "", "2012-12-31": "", "2011-12-31": "", "2010-12-31": "", "2009-12-31": "", "2008-12-31": "", "2007-12-31": ""}, "Financial Activities - Other": {"2020-12-31": "", "2019-12-31": "-2.98400", "2018-12-31": "-5.27100", "2017-12-31": "-7.87600", "2016-12-31": "-2.72200", "2015-12-31": "1.89500", "2014-12-31": "-8.05300", "2013-12-31": "-34.49500", "2012-12-31": "-23.74100", "2011-12-31": "-21.08400", "2010-12-31": "-64.56400", "2009-12-31": "-19.23800", "2008-12-31": "-8.22700", "2007-12-31": "-615.05700"}, "Cash Flow From Financial Activities": {"2020-12-31": "", "2019-12-31": "-184.63600", "2018-12-31": "-255.44200", "2017-12-31": "24.00000", "2016-12-31": "-143.00400", "2015-12-31": "-75.80500", "2014-12-31": "-210.07700", "2013-12-31": "-156.20200", "2012-12-31": "-306.47700", "2011-12-31": "-157.31200", "2010-12-31": "51.71400", "2009-12-31": "-56.26200", "2008-12-31": "-22.28200", "2007-12-31": "1562.56200"}, "Net Cash Flow": {"2020-12-31": "", "2019-12-31": "71.25200", "2018-12-31": "-20.75700", "2017-12-31": "142.32700", "2016-12-31": "-0.28800", "2015-12-31": "-8.37500", "2014-12-31": "45.95400", "2013-12-31": "5.58200", "2012-12-31": "-28.48800", "2011-12-31": "32.95400", "2010-12-31": "-68.36800", "2009-12-31": "57.94600", "2008-12-31": "-20.91000", "2007-12-31": "78.82600"}, "Stock-Based Compensation": {"2020-12-31": "", "2019-12-31": "", "2018-12-31": "", "2017-12-31": "", "2016-12-31": "", "2015-12-31": "7.01200", "2014-12-31": "5.39600", "2013-12-31": "4.64500", "2012-12-31": "4.89000", "2011-12-31": "7.00100", "2010-12-31": "22.88300", "2009-12-31": "", "2008-12-31": "", "2007-12-31": ""}, "Common Stock Dividends Paid": {"2020-12-31": "", "2019-12-31": "-41.42500", "2018-12-31": "-42.77000", "2017-12-31": "-25.45400", "2016-12-31": "-19.59700", "2015-12-31": "-19.88500", "2014-12-31": "", "2013-12-31": "", "2012-12-31": "", "2011-12-31": "", "2010-12-31": "", "2009-12-31": "", "2008-12-31": "", "2007-12-31": ""}}, "cash flow statement, quarterly": {"Net Income/Loss": {"2020-12-31": -268.254, "2020-09-30": 122.204, "2020-06-30": 80.267, "2020-03-31": "65.78300", "2019-12-31": 67.575, "2019-09-30": 74.981, "2019-06-30": 79.439, "2019-03-31": "88.18300", "2018-12-31": 151.945, "2018-09-30": 106.344, "2018-06-30": 91.628, "2018-03-31": "70.73200", "2017-12-31": 447.861, "2017-09-30": 4.199, "2017-06-30": 18.259, "2017-03-31": "15.10600", "2016-12-31": 22.472, "2016-09-30": -2.035, "2016-06-30": 42.896, "2016-03-31": "31.90500", "2015-12-31": -6.618, "2015-09-30": 36.281, "2015-06-30": 50.954, "2015-03-31": "37.84000", "2014-12-31": 58.491, "2014-09-30": 50.158, "2014-06-30": 40.198, "2014-03-31": "12.30500", "2013-12-31": 45.298, "2013-09-30": 29.953, "2013-06-30": 49.879, "2013-03-31": "30.29200", "2012-12-31": 54.684, "2012-09-30": 45.516, "2012-06-30": 33.699, "2012-03-31": "6.18800", "2011-12-31": 49.009, "2011-09-30": 30.95, "2011-06-30": 19.583, "2011-03-31": "3.20500", "2010-12-31": -48.314, "2010-09-30": -1.019, "2010-06-30": -23.079, "2010-03-31": "-53.00100", "2009-12-31": -357.125, "2009-09-30": -4.028, "2009-06-30": -30.927, "2009-03-31": "-43.56000", "2008-12-31": -146.55}, "Total Depreciation And Amortization - Cash Flow": {"2020-12-31": -374.907, "2020-09-30": 127.137, "2020-06-30": 247.77, "2020-03-31": "", "2019-12-31": 120.055, "2019-09-30": 117.643, "2019-06-30": 225.26, "2019-03-31": "", "2018-12-31": 110.879, "2018-09-30": 108.403, "2018-06-30": 106.435, "2018-03-31": "104.37200", "2017-12-31": 101.921, "2017-09-30": 46.131, "2017-06-30": 29.371, "2017-03-31": "29.68200", "2016-12-31": 29.674, "2016-09-30": -54.227, "2016-06-30": 69.207, "2016-03-31": "71.50600", "2015-12-31": -92.836, "2015-09-30": 71.402, "2015-06-30": 67.24, "2015-03-31": "65.21700", "2014-12-31": 62.603, "2014-09-30": 61.29, "2014-06-30": 61.556, "2014-03-31": "62.89400", "2013-12-31": 62.347, "2013-09-30": 65.697, "2013-06-30": 61.723, "2013-03-31": "60.30200", "2012-12-31": 68.267, "2012-09-30": 69.497, "2012-06-30": 57.989, "2012-03-31": "60.02200", "2011-12-31": 74.476, "2011-09-30": 60.922, "2011-06-30": 62.363, "2011-03-31": "61.20200", "2010-12-31": 57.957, "2010-09-30": 56.499, "2010-06-30": 56.942, "2010-03-31": "70.02800", "2009-12-31": 63.038, "2009-09-30": 64.04, "2009-06-30": 67.562, "2009-03-31": "69.48000", "2008-12-31": 306.36}, "Other Non-Cash Items": {"2020-12-31": -116.166, "2020-09-30": 30.801, "2020-06-30": -87.824, "2020-03-31": "173.18900", "2019-12-31": 45.083, "2019-09-30": 51.471, "2019-06-30": -65.452, "2019-03-31": "115.10500", "2018-12-31": 11.53, "2018-09-30": 32.032, "2018-06-30": 7.857, "2018-03-31": "-17.77100", "2017-12-31": -294.789, "2017-09-30": 4.103, "2017-06-30": 5.028, "2017-03-31": "2.73700", "2016-12-31": 1.414, "2016-09-30": 22.293, "2016-06-30": -15.523, "2016-03-31": "-10.05200", "2015-12-31": 15.352, "2015-09-30": 9.773, "2015-06-30": -14.494, "2015-03-31": "-7.93900", "2014-12-31": 24.432, "2014-09-30": -11.931, "2014-06-30": -16.834, "2014-03-31": "-7.24400", "2013-12-31": 30.874, "2013-09-30": 23.719, "2013-06-30": 20.468, "2013-03-31": "11.43600", "2012-12-31": 16.12, "2012-09-30": 11.702, "2012-06-30": 17.866, "2012-03-31": "12.43100", "2011-12-31": 14.926, "2011-09-30": 15.472, "2011-06-30": 15.415, "2011-03-31": "2.93700", "2010-12-31": 76.122, "2010-09-30": 6.611, "2010-06-30": 4.912, "2010-03-31": "-14.56400", "2009-12-31": 319.226, "2009-09-30": 0.007, "2009-06-30": 4.121, "2009-03-31": "-1.91000", "2008-12-31": 0}, "Total Non-Cash Items": {"2020-12-31": -491.073, "2020-09-30": 157.938, "2020-06-30": 159.946, "2020-03-31": "173.18900", "2019-12-31": 165.138, "2019-09-30": 169.114, "2019-06-30": 159.808, "2019-03-31": "115.10500", "2018-12-31": 122.409, "2018-09-30": 140.435, "2018-06-30": 114.292, "2018-03-31": "86.60100", "2017-12-31": -192.868, "2017-09-30": 50.234, "2017-06-30": 34.399, "2017-03-31": "32.41900", "2016-12-31": 31.088, "2016-09-30": -31.934, "2016-06-30": 53.684, "2016-03-31": "61.45400", "2015-12-31": -77.484, "2015-09-30": 81.175, "2015-06-30": 52.746, "2015-03-31": "57.27800", "2014-12-31": 87.035, "2014-09-30": 49.359, "2014-06-30": 44.722, "2014-03-31": "55.65000", "2013-12-31": 93.221, "2013-09-30": 89.416, "2013-06-30": 82.191, "2013-03-31": "71.73800", "2012-12-31": 84.387, "2012-09-30": 81.199, "2012-06-30": 75.855, "2012-03-31": "72.45300", "2011-12-31": 89.402, "2011-09-30": 76.394, "2011-06-30": 77.778, "2011-03-31": "64.13900", "2010-12-31": 134.079, "2010-09-30": 63.11, "2010-06-30": 61.854, "2010-03-31": "55.46400", "2009-12-31": 60.82, "2009-09-30": 64.047, "2009-06-30": 71.683, "2009-03-31": "67.57000", "2008-12-31": 306.36}, "Change In Accounts Receivable": {"2020-12-31": 58.246, "2020-09-30": -46.806, "2020-06-30": -6.172, "2020-03-31": "-5.26800", "2019-12-31": -23.764, "2019-09-30": 43.375, "2019-06-30": -11.867, "2019-03-31": "62.36200", "2018-12-31": 7.816, "2018-09-30": -26.215, "2018-06-30": -13.261, "2018-03-31": "22.28500", "2017-12-31": -42.427, "2017-09-30": -20.927, "2017-06-30": 0.3, "2017-03-31": "14.60000", "2016-12-31": -10.966, "2016-09-30": -6.377, "2016-06-30": -8.641, "2016-03-31": "14.88500", "2015-12-31": -15.062, "2015-09-30": 1.74, "2015-06-30": -0.741, "2015-03-31": "24.32900", "2014-12-31": -25.614, "2014-09-30": 5.733, "2014-06-30": -6.462, "2014-03-31": "-37.06400", "2013-12-31": 2.326, "2013-09-30": 12.267, "2013-06-30": -9.139, "2013-03-31": "-22.06700", "2012-12-31": 24, "2012-09-30": -15.665, "2012-06-30": -10.576, "2012-03-31": "-15.29300", "2011-12-31": 1.936, "2011-09-30": -1.641, "2011-06-30": -17.582, "2011-03-31": "-37.87200", "2010-12-31": 28.422, "2010-09-30": -20.449, "2010-06-30": -16.139, "2010-03-31": "-18.40000", "2009-12-31": 1.379, "2009-09-30": -1.092, "2009-06-30": 2.465, "2009-03-31": "3.84700", "2008-12-31": 0}, "Change In Inventories": {"2020-12-31": 0, "2020-09-30": 0, "2020-06-30": 0, "2020-03-31": "", "2019-12-31": 0, "2019-09-30": 0, "2019-06-30": 0, "2019-03-31": "", "2018-12-31": 0, "2018-09-30": 0, "2018-06-30": 0, "2018-03-31": "", "2017-12-31": 0, "2017-09-30": 0, "2017-06-30": 0, "2017-03-31": "", "2016-12-31": 0, "2016-09-30": -2.588, "2016-06-30": 2.64, "2016-03-31": "-0.05200", "2015-12-31": 0.102, "2015-09-30": -0.461, "2015-06-30": -0.559, "2015-03-31": "0.91800", "2014-12-31": 1.745, "2014-09-30": 0.027, "2014-06-30": -2.987, "2014-03-31": "0.65300", "2013-12-31": -0.283, "2013-09-30": -0.823, "2013-06-30": 0.316, "2013-03-31": "-0.12200", "2012-12-31": 2.783, "2012-09-30": -0.928, "2012-06-30": 4.629, "2012-03-31": "-5.00000", "2011-12-31": -0.321, "2011-09-30": 0.364, "2011-06-30": -6.185, "2011-03-31": "-1.84900", "2010-12-31": 0.065, "2010-09-30": -0.59, "2010-06-30": 0.058, "2010-03-31": "0.77800", "2009-12-31": -0.613, "2009-09-30": 0.31, "2009-06-30": -0.643, "2009-03-31": "0.92000", "2008-12-31": 0}, "Change In Accounts Payable": {"2020-12-31": 0, "2020-09-30": 0, "2020-06-30": 0, "2020-03-31": "", "2019-12-31": 0, "2019-09-30": 0, "2019-06-30": 0, "2019-03-31": "", "2018-12-31": 0, "2018-09-30": 0, "2018-06-30": 0, "2018-03-31": "", "2017-12-31": 0, "2017-09-30": 0, "2017-06-30": 0, "2017-03-31": "", "2016-12-31": 0, "2016-09-30": 0, "2016-06-30": 0, "2016-03-31": "", "2015-12-31": 0, "2015-09-30": 0, "2015-06-30": 0, "2015-03-31": "", "2014-12-31": 0, "2014-09-30": 0, "2014-06-30": 0, "2014-03-31": "", "2013-12-31": 0, "2013-09-30": 0, "2013-06-30": 0, "2013-03-31": "", "2012-12-31": 0, "2012-09-30": 0, "2012-06-30": 0, "2012-03-31": "", "2011-12-31": 0, "2011-09-30": 0, "2011-06-30": 0, "2011-03-31": "", "2010-12-31": 0, "2010-09-30": 0, "2010-06-30": 0, "2010-03-31": "", "2009-12-31": 0, "2009-09-30": 0, "2009-06-30": 0, "2009-03-31": "", "2008-12-31": 0}, "Change In Assets/Liabilities": {"2020-12-31": 43.75, "2020-09-30": -14.893, "2020-06-30": -8.225, "2020-03-31": "-20.63200", "2019-12-31": -11.747, "2019-09-30": -54.291, "2019-06-30": -19.468, "2019-03-31": "-40.18100", "2018-12-31": 1.307, "2018-09-30": -9.445, "2018-06-30": 2.323, "2018-03-31": "-2.99000", "2017-12-31": 2.357, "2017-09-30": -9.362, "2017-06-30": 2.578, "2017-03-31": "-0.94600", "2016-12-31": 3.924, "2016-09-30": -8.309, "2016-06-30": 4.654, "2016-03-31": "10.55800", "2015-12-31": -7.389, "2015-09-30": -17.525, "2015-06-30": 4.672, "2015-03-31": "18.23900", "2014-12-31": 2.822, "2014-09-30": -4.959, "2014-06-30": 13.367, "2014-03-31": "21.31700", "2013-12-31": 11.253, "2013-09-30": -25.828, "2013-06-30": 6.059, "2013-03-31": "2.79900", "2012-12-31": 21.993, "2012-09-30": -19.145, "2012-06-30": 2.587, "2012-03-31": "-3.19900", "2011-12-31": 3.383, "2011-09-30": -4.688, "2011-06-30": -13.376, "2011-03-31": "1.01200", "2010-12-31": -58.292, "2010-09-30": 3.836, "2010-06-30": 6.423, "2010-03-31": "-1.69200", "2009-12-31": 14.953, "2009-09-30": 9.241, "2009-06-30": 2.971, "2009-03-31": "-20.33600", "2008-12-31": 0}, "Total Change In Assets/Liabilities": {"2020-12-31": 104.308, "2020-09-30": -8.483, "2020-06-30": -12.196, "2020-03-31": "-83.62900", "2019-12-31": -5.531, "2019-09-30": 5.505, "2019-06-30": -119.887, "2019-03-31": "40.16400", "2018-12-31": 26.978, "2018-09-30": -42.046, "2018-06-30": -38.872, "2018-03-31": "51.53100", "2017-12-31": -68.747, "2017-09-30": -39.003, "2017-06-30": 2.772, "2017-03-31": "17.95900", "2016-12-31": -1.475, "2016-09-30": -18.31, "2016-06-30": 15.275, "2016-03-31": "38.75600", "2015-12-31": -67.355, "2015-09-30": -8.437, "2015-06-30": 16.346, "2015-03-31": "33.03900", "2014-12-31": -42.558, "2014-09-30": 9.813, "2014-06-30": 22.406, "2014-03-31": "8.20200", "2013-12-31": -20.878, "2013-09-30": -9.152, "2013-06-30": 2.774, "2013-03-31": "8.77200", "2012-12-31": 23.465, "2012-09-30": -7.983, "2012-06-30": -13.876, "2012-03-31": "-8.46900", "2011-12-31": -15.448, "2011-09-30": -12.336, "2011-06-30": -35.023, "2011-03-31": "-7.46900", "2010-12-31": -141.411, "2010-09-30": 18.742, "2010-06-30": -20.63, "2010-03-31": "12.64400", "2009-12-31": -10.431, "2009-09-30": 34.157, "2009-06-30": -41.682, "2009-03-31": "-16.63400", "2008-12-31": -36.75}, "Cash Flow From Operating Activities": {"2020-12-31": -655.019, "2020-09-30": 271.659, "2020-06-30": 228.017, "2020-03-31": "155.34300", "2019-12-31": 227.182, "2019-09-30": 249.6, "2019-06-30": 119.36, "2019-03-31": "243.45200", "2018-12-31": 301.332, "2018-09-30": 204.733, "2018-06-30": 167.048, "2018-03-31": "208.86400", "2017-12-31": 186.246, "2017-09-30": 15.43, "2017-06-30": 55.43, "2017-03-31": "65.48400", "2016-12-31": 52.085, "2016-09-30": -52.279, "2016-06-30": 111.855, "2016-03-31": "132.11500", "2015-12-31": -151.457, "2015-09-30": 109.019, "2015-06-30": 120.046, "2015-03-31": "128.15700", "2014-12-31": 102.968, "2014-09-30": 109.33, "2014-06-30": 107.326, "2014-03-31": "76.15700", "2013-12-31": 117.641, "2013-09-30": 110.217, "2013-06-30": 134.844, "2013-03-31": "110.80200", "2012-12-31": 162.536, "2012-09-30": 118.732, "2012-06-30": 95.678, "2012-03-31": "70.17200", "2011-12-31": 122.963, "2011-09-30": 95.008, "2011-06-30": 62.338, "2011-03-31": "59.87500", "2010-12-31": -55.646, "2010-09-30": 80.833, "2010-06-30": 18.145, "2010-03-31": "15.10700", "2009-12-31": 14.704, "2009-09-30": 94.176, "2009-06-30": -0.926, "2009-03-31": "7.37600", "2008-12-31": 119.74}, "Net Change In Property, Plant, And Equipment": {"2020-12-31": 276.144, "2020-09-30": -80.966, "2020-06-30": -119.151, "2020-03-31": "-76.02700", "2019-12-31": -111.987, "2019-09-30": -237.946, "2019-06-30": -166.514, "2019-03-31": "-53.39000", "2018-12-31": -178.034, "2018-09-30": -230.756, "2018-06-30": -114.343, "2018-03-31": "-7.04300", "2017-12-31": -242.025, "2017-09-30": -39.848, "2017-06-30": -11.012, "2017-03-31": "-11.57500", "2016-12-31": -12.945, "2016-09-30": -78.409, "2016-06-30": 2.532, "2016-03-31": "-0.17900", "2015-12-31": 34.899, "2015-09-30": -64.279, "2015-06-30": -71.398, "2015-03-31": "-48.63600", "2014-12-31": -78.505, "2014-09-30": -36.461, "2014-06-30": -26.35, "2014-03-31": "-31.63000", "2013-12-31": -37.935, "2013-09-30": -44.119, "2013-06-30": -69.59, "2013-03-31": "-47.46900", "2012-12-31": -56.757, "2012-09-30": -40.839, "2012-06-30": -63.474, "2012-03-31": "-10.38800", "2011-12-31": -51.247, "2011-09-30": -26.376, "2011-06-30": -61.147, "2011-03-31": "-33.65400", "2010-12-31": -48.468, "2010-09-30": -34.425, "2010-06-30": -30.743, "2010-03-31": "-12.47100", "2009-12-31": -33.388, "2009-09-30": 26.078, "2009-06-30": 15.99, "2009-03-31": "-10.17000", "2008-12-31": -136.57}, "Net Change In Intangible Assets": {"2020-12-31": 0, "2020-09-30": 0, "2020-06-30": 0, "2020-03-31": "", "2019-12-31": 0, "2019-09-30": 0, "2019-06-30": 0, "2019-03-31": "", "2018-12-31": 0, "2018-09-30": 0, "2018-06-30": 0, "2018-03-31": "", "2017-12-31": 0, "2017-09-30": 0, "2017-06-30": 0, "2017-03-31": "", "2016-12-31": 0, "2016-09-30": 0, "2016-06-30": 0, "2016-03-31": "", "2015-12-31": -3.5, "2015-09-30": 0, "2015-06-30": 0, "2015-03-31": "", "2014-12-31": 0, "2014-09-30": 0, "2014-06-30": 0, "2014-03-31": "", "2013-12-31": 0, "2013-09-30": 0, "2013-06-30": 0, "2013-03-31": "", "2012-12-31": 0, "2012-09-30": 0, "2012-06-30": 0, "2012-03-31": "", "2011-12-31": 0, "2011-09-30": 0, "2011-06-30": 0, "2011-03-31": "", "2010-12-31": 0, "2010-09-30": 0, "2010-06-30": 0, "2010-03-31": "", "2009-12-31": 0, "2009-09-30": 0, "2009-06-30": 0, "2009-03-31": "", "2008-12-31": 0}, "Net Acquisitions/Divestitures": {"2020-12-31": 0, "2020-09-30": 46.811, "2020-06-30": -46.811, "2020-03-31": "", "2019-12-31": 0, "2019-09-30": 0, "2019-06-30": 0, "2019-03-31": "", "2018-12-31": 0, "2018-09-30": 101.693, "2018-06-30": -101.693, "2018-03-31": "", "2017-12-31": 0, "2017-09-30": 0, "2017-06-30": 0, "2017-03-31": "", "2016-12-31": 0, "2016-09-30": 0, "2016-06-30": 0, "2016-03-31": "", "2015-12-31": 0, "2015-09-30": 0, "2015-06-30": 0, "2015-03-31": "", "2014-12-31": 0, "2014-09-30": 0, "2014-06-30": 0, "2014-03-31": "", "2013-12-31": -0.58, "2013-09-30": -149.722, "2013-06-30": 7.073, "2013-03-31": "-7.07300", "2012-12-31": -4.059, "2012-09-30": -3.604, "2012-06-30": -14.612, "2012-03-31": "", "2011-12-31": 0, "2011-09-30": 0, "2011-06-30": 0, "2011-03-31": "", "2010-12-31": 0, "2010-09-30": 0, "2010-06-30": 0, "2010-03-31": "", "2009-12-31": 0, "2009-09-30": 0, "2009-06-30": 0, "2009-03-31": "", "2008-12-31": 0}, "Net Change In Short-term Investments": {"2020-12-31": 12.644, "2020-09-30": -12.644, "2020-06-30": 4.301, "2020-03-31": "-4.30100", "2019-12-31": -2.892, "2019-09-30": -11.41, "2019-06-30": 2.571, "2019-03-31": "-2.57100", "2018-12-31": -3.223, "2018-09-30": -1.479, "2018-06-30": -17.454, "2018-03-31": "", "2017-12-31": -7.878, "2017-09-30": -3.015, "2017-06-30": 0, "2017-03-31": "", "2016-12-31": 13.952, "2016-09-30": -13.952, "2016-06-30": 0, "2016-03-31": "", "2015-12-31": 12.818, "2015-09-30": 0, "2015-06-30": 0, "2015-03-31": "", "2014-12-31": 0, "2014-09-30": 0, "2014-06-30": 0, "2014-03-31": "", "2013-12-31": 0, "2013-09-30": 0, "2013-06-30": 0, "2013-03-31": "", "2012-12-31": 0, "2012-09-30": 0, "2012-06-30": 0, "2012-03-31": "", "2011-12-31": 0, "2011-09-30": 0, "2011-06-30": 0, "2011-03-31": "", "2010-12-31": 0, "2010-09-30": 0, "2010-06-30": 0, "2010-03-31": "", "2009-12-31": 0, "2009-09-30": 0, "2009-06-30": 0, "2009-03-31": "", "2008-12-31": 0}, "Net Change In Long-Term Investments": {"2020-12-31": -9.4, "2020-09-30": 10.302, "2020-06-30": -5.252, "2020-03-31": "4.35000", "2019-12-31": 4, "2019-09-30": 11.597, "2019-06-30": -1.217, "2019-03-31": "8.31500", "2018-12-31": 6.345, "2018-09-30": 2.407, "2018-06-30": 18.108, "2018-03-31": "0.11000", "2017-12-31": 7.895, "2017-09-30": 2.835, "2017-06-30": 0, "2017-03-31": "", "2016-12-31": 0, "2016-09-30": -0.292, "2016-06-30": 0.335, "2016-03-31": "-0.04300", "2015-12-31": -1.255, "2015-09-30": -4.895, "2015-06-30": -0.024, "2015-03-31": "6.17400", "2014-12-31": 0.498, "2014-09-30": 0.477, "2014-06-30": 0.051, "2014-03-31": "-0.16400", "2013-12-31": -3.539, "2013-09-30": 4.68, "2013-06-30": -4.68, "2013-03-31": "", "2012-12-31": 0, "2012-09-30": 0, "2012-06-30": 11.086, "2012-03-31": "-11.08600", "2011-12-31": 0, "2011-09-30": 0, "2011-06-30": 0, "2011-03-31": "", "2010-12-31": 0, "2010-09-30": 0, "2010-06-30": 0, "2010-03-31": "", "2009-12-31": 0, "2009-09-30": 0, "2009-06-30": 0, "2009-03-31": "", "2008-12-31": 0}, "Net Change In Investments - Total": {"2020-12-31": 3.244, "2020-09-30": -2.342, "2020-06-30": -0.951, "2020-03-31": "0.04900", "2019-12-31": 1.108, "2019-09-30": 0.187, "2019-06-30": 1.354, "2019-03-31": "5.74400", "2018-12-31": 3.122, "2018-09-30": 0.928, "2018-06-30": 0.654, "2018-03-31": "0.11000", "2017-12-31": 0.017, "2017-09-30": -0.18, "2017-06-30": 0, "2017-03-31": "", "2016-12-31": 13.952, "2016-09-30": -14.244, "2016-06-30": 0.335, "2016-03-31": "-0.04300", "2015-12-31": 11.563, "2015-09-30": -4.895, "2015-06-30": -0.024, "2015-03-31": "6.17400", "2014-12-31": 0.498, "2014-09-30": 0.477, "2014-06-30": 0.051, "2014-03-31": "-0.16400", "2013-12-31": -3.539, "2013-09-30": 4.68, "2013-06-30": -4.68, "2013-03-31": "", "2012-12-31": 0, "2012-09-30": 0, "2012-06-30": 11.086, "2012-03-31": "-11.08600", "2011-12-31": 0, "2011-09-30": 0, "2011-06-30": 0, "2011-03-31": "", "2010-12-31": 0, "2010-09-30": 0, "2010-06-30": 0, "2010-03-31": "", "2009-12-31": 0, "2009-09-30": 0, "2009-06-30": 0, "2009-03-31": "", "2008-12-31": 0}, "Investing Activities - Other": {"2020-12-31": 56.214, "2020-09-30": -46.039, "2020-06-30": 39.429, "2020-03-31": "-49.60400", "2019-12-31": -4.407, "2019-09-30": -6.779, "2019-06-30": -14.001, "2019-03-31": "2.92500", "2018-12-31": -4.885, "2018-09-30": -106.796, "2018-06-30": 93.469, "2018-03-31": "-103.71800", "2017-12-31": 1.464, "2017-09-30": 92.654, "2017-06-30": 0.286, "2017-03-31": "5.95600", "2016-12-31": -13.388, "2016-09-30": -1.881, "2016-06-30": 5.538, "2016-03-31": "-2.32800", "2015-12-31": 22.921, "2015-09-30": 1.142, "2015-06-30": -8.15, "2015-03-31": "-14.15200", "2014-12-31": 11.696, "2014-09-30": 8.397, "2014-06-30": 5.65, "2014-03-31": "6.59100", "2013-12-31": 5.968, "2013-09-30": 2.405, "2013-06-30": 4.025, "2013-03-31": "28.83600", "2012-12-31": 0.373, "2012-09-30": 0.86, "2012-06-30": 13.166, "2012-03-31": "10.20500", "2011-12-31": 4.398, "2011-09-30": 24.805, "2011-06-30": -8.802, "2011-03-31": "2.10500", "2010-12-31": -9.621, "2010-09-30": -10.659, "2010-06-30": -9.474, "2010-03-31": "-22.66000", "2009-12-31": -1.447, "2009-09-30": -2.417, "2009-06-30": 0.715, "2009-03-31": "3.50900", "2008-12-31": 18.05}, "Cash Flow From Investing Activities": {"2020-12-31": 335.602, "2020-09-30": -82.536, "2020-06-30": -127.484, "2020-03-31": "-125.58200", "2019-12-31": -115.286, "2019-09-30": -244.538, "2019-06-30": -179.161, "2019-03-31": "-44.72100", "2018-12-31": -179.797, "2018-09-30": -234.931, "2018-06-30": -121.913, "2018-03-31": "-110.65100", "2017-12-31": -240.544, "2017-09-30": 52.626, "2017-06-30": -10.726, "2017-03-31": "-5.61900", "2016-12-31": -12.381, "2016-09-30": -94.534, "2016-06-30": 8.405, "2016-03-31": "-2.55000", "2015-12-31": 65.883, "2015-09-30": -68.032, "2015-06-30": -79.572, "2015-03-31": "-56.61400", "2014-12-31": -66.311, "2014-09-30": -27.587, "2014-06-30": -20.649, "2014-03-31": "-25.20300", "2013-12-31": -36.086, "2013-09-30": -186.756, "2013-06-30": -63.172, "2013-03-31": "-25.70600", "2012-12-31": -60.443, "2012-09-30": -43.583, "2012-06-30": -53.834, "2012-03-31": "-11.26900", "2011-12-31": -46.849, "2011-09-30": -1.571, "2011-06-30": -69.949, "2011-03-31": "-31.54900", "2010-12-31": -58.089, "2010-09-30": -45.084, "2010-06-30": -40.217, "2010-03-31": "-35.13100", "2009-12-31": -34.825, "2009-09-30": 23.661, "2009-06-30": 16.705, "2009-03-31": "-6.66100", "2008-12-31": -118.51}, "Net Long-Term Debt": {"2020-12-31": 64.321, "2020-09-30": 7.572, "2020-06-30": -32.395, "2020-03-31": "-39.49800", "2019-12-31": 57.32, "2019-09-30": 7.979, "2019-06-30": -58.55, "2019-03-31": "-73.39100", "2018-12-31": -42.321, "2018-09-30": 113.062, "2018-06-30": -8.287, "2018-03-31": "-104.08400", "2017-12-31": 10.995, "2017-09-30": 32.852, "2017-06-30": 18, "2017-03-31": "-18.00000", "2016-12-31": -94, "2016-09-30": 37.528, "2016-06-30": 13.007, "2016-03-31": "-50.53500", "2015-12-31": 354.057, "2015-09-30": -239.784, "2015-06-30": -59.483, "2015-03-31": "-54.79000", "2014-12-31": -8.5401, "2014-09-30": -85.702, "2014-06-30": -68.86, "2014-03-31": "-51.52600", "2013-12-31": -77.899, "2013-09-30": 80.608, "2013-06-30": -67.673, "2013-03-31": "-70.68800", "2012-12-31": -88.618, "2012-09-30": -56.086, "2012-06-30": -50.91, "2012-03-31": "-87.52300", "2011-12-31": -18.579, "2011-09-30": -97.518, "2011-06-30": 33.893, "2011-03-31": "-117.26500", "2010-12-31": -597.4069, "2010-09-30": -3.91, "2010-06-30": -38.064, "2010-03-31": "-8.62500", "2009-12-31": -225.544, "2009-09-30": -1.484, "2009-06-30": 196.157, "2009-03-31": "0.05100", "2008-12-31": 0}, "Net Current Debt": {"2020-12-31": 109, "2020-09-30": -65, "2020-06-30": -59, "2020-03-31": "15.00000", "2019-12-31": -95, "2019-09-30": 20, "2019-06-30": 210, "2019-03-31": "-135.00000", "2018-12-31": 0, "2018-09-30": 0, "2018-06-30": 0, "2018-03-31": "", "2017-12-31": 0, "2017-09-30": 18, "2017-06-30": -18, "2017-03-31": "", "2016-12-31": 60, "2016-09-30": 55, "2016-06-30": -115, "2016-03-31": "", "2015-12-31": -165.4, "2015-09-30": 200, "2015-06-30": 0, "2015-03-31": "-57.00000", "2014-12-31": 0, "2014-09-30": 0, "2014-06-30": 17, "2014-03-31": "-17.00000", "2013-12-31": 0, "2013-09-30": 0, "2013-06-30": 0, "2013-03-31": "", "2012-12-31": 0, "2012-09-30": 0, "2012-06-30": 0, "2012-03-31": "", "2011-12-31": 0, "2011-09-30": 0, "2011-06-30": 0, "2011-03-31": "", "2010-12-31": 0, "2010-09-30": 0, "2010-06-30": 0, "2010-03-31": "", "2009-12-31": -0.632, "2009-09-30": -1.886, "2009-06-30": -1.704, "2009-03-31": "-1.97800", "2008-12-31": 0}, "Debt Issuance/Retirement Net - Total": {"2020-12-31": 173.321, "2020-09-30": -57.428, "2020-06-30": -91.395, "2020-03-31": "-24.49800", "2019-12-31": -37.68, "2019-09-30": 27.979, "2019-06-30": 151.45, "2019-03-31": "-208.39100", "2018-12-31": -42.321, "2018-09-30": 113.062, "2018-06-30": -8.287, "2018-03-31": "-104.08400", "2017-12-31": 10.995, "2017-09-30": 50.852, "2017-06-30": 0, "2017-03-31": "-18.00000", "2016-12-31": -34, "2016-09-30": 92.528, "2016-06-30": -101.993, "2016-03-31": "-50.53500", "2015-12-31": 188.657, "2015-09-30": -39.784, "2015-06-30": -59.483, "2015-03-31": "-111.79000", "2014-12-31": -8.5401, "2014-09-30": -85.702, "2014-06-30": -51.86, "2014-03-31": "-68.52600", "2013-12-31": -77.899, "2013-09-30": 80.608, "2013-06-30": -67.673, "2013-03-31": "-70.68800", "2012-12-31": -88.618, "2012-09-30": -56.086, "2012-06-30": -50.91, "2012-03-31": "-87.52300", "2011-12-31": -18.579, "2011-09-30": -97.518, "2011-06-30": 33.893, "2011-03-31": "-117.26500", "2010-12-31": -597.4069, "2010-09-30": -3.91, "2010-06-30": -38.064, "2010-03-31": "-8.62500", "2009-12-31": -219.976, "2009-09-30": -3.37, "2009-06-30": 194.453, "2009-03-31": "-1.92700", "2008-12-31": -14.05}, "Net Common Equity Issued/Repurchased": {"2020-12-31": 22.998, "2020-09-30": 1.74, "2020-06-30": 6.635, "2020-03-31": "-31.37300", "2019-12-31": 2.686, "2019-09-30": 5.258, "2019-06-30": -84.47, "2019-03-31": "2.94100", "2018-12-31": -78.14, "2018-09-30": -98.565, "2018-06-30": 6.473, "2018-03-31": "4.46100", "2017-12-31": 3.757, "2017-09-30": 3.408, "2017-06-30": 4.224, "2017-03-31": "2.09400", "2016-12-31": 3.867, "2016-09-30": 55.767, "2016-06-30": -42.73, "2016-03-31": "-43.58900", "2015-12-31": -43.082, "2015-09-30": 2.352, "2015-06-30": 2.636, "2015-03-31": "2.67900", "2014-12-31": 5.017, "2014-09-30": 1.776, "2014-06-30": 2.397, "2014-03-31": "3.41400", "2013-12-31": 3.523, "2013-09-30": 4.24, "2013-06-30": 3.307, "2013-03-31": "2.87500", "2012-12-31": 0.133, "2012-09-30": 0.268, "2012-06-30": 0, "2012-03-31": "", "2011-12-31": 0.247, "2011-09-30": 0, "2011-06-30": 0, "2011-03-31": "62.99400", "2010-12-31": 764.284, "2010-09-30": 0, "2010-06-30": 0, "2010-03-31": "", "2009-12-31": 0, "2009-09-30": 0, "2009-06-30": 0, "2009-03-31": "", "2008-12-31": 0}, "Net Total Equity Issued/Repurchased": {"2020-12-31": 22.998, "2020-09-30": 1.74, "2020-06-30": 6.635, "2020-03-31": "-31.37300", "2019-12-31": 2.686, "2019-09-30": 5.258, "2019-06-30": -84.47, "2019-03-31": "2.94100", "2018-12-31": -78.14, "2018-09-30": -98.565, "2018-06-30": 6.473, "2018-03-31": "4.46100", "2017-12-31": 3.757, "2017-09-30": 3.408, "2017-06-30": 4.224, "2017-03-31": "2.09400", "2016-12-31": 3.867, "2016-09-30": 55.767, "2016-06-30": -42.73, "2016-03-31": "-43.58900", "2015-12-31": -43.082, "2015-09-30": 2.352, "2015-06-30": 2.636, "2015-03-31": "2.67900", "2014-12-31": 5.017, "2014-09-30": 1.776, "2014-06-30": 2.397, "2014-03-31": "3.41400", "2013-12-31": 3.523, "2013-09-30": 4.24, "2013-06-30": 3.307, "2013-03-31": "2.87500", "2012-12-31": 0.133, "2012-09-30": 0.268, "2012-06-30": 0, "2012-03-31": "", "2011-12-31": 0.247, "2011-09-30": 0, "2011-06-30": 0, "2011-03-31": "62.99400", "2010-12-31": 764.284, "2010-09-30": 0, "2010-06-30": 0, "2010-03-31": "", "2009-12-31": 0, "2009-09-30": 0, "2009-06-30": 0, "2009-03-31": "", "2008-12-31": 0}, "Total Common And Preferred Stock Dividends Paid": {"2020-12-31": 41.297, "2020-09-30": -13.624, "2020-06-30": -13.709, "2020-03-31": "-13.96400", "2019-12-31": -10.241, "2019-09-30": -10.232, "2019-06-30": -10.28, "2019-03-31": "-10.67200", "2018-12-31": -10.483, "2018-09-30": -10.556, "2018-06-30": -10.748, "2018-03-31": "-10.98300", "2017-12-31": -10.685, "2017-09-30": -4.843, "2017-06-30": -4.835, "2017-03-31": "-5.09100", "2016-12-31": -4.844, "2016-09-30": -14.753, "2016-06-30": 0, "2016-03-31": "", "2015-12-31": -19.885, "2015-09-30": 0, "2015-06-30": 0, "2015-03-31": "", "2014-12-31": 0, "2014-09-30": 0, "2014-06-30": 0, "2014-03-31": "", "2013-12-31": 0, "2013-09-30": 0, "2013-06-30": 0, "2013-03-31": "", "2012-12-31": 0, "2012-09-30": 0, "2012-06-30": 0, "2012-03-31": "", "2011-12-31": 0, "2011-09-30": 0, "2011-06-30": 0, "2011-03-31": "", "2010-12-31": 0, "2010-09-30": 0, "2010-06-30": 0, "2010-03-31": "", "2009-12-31": 0, "2009-09-30": 0, "2009-06-30": 0, "2009-03-31": "", "2008-12-31": 0}, "Financial Activities - Other": {"2020-12-31": 5.522, "2020-09-30": -0.055, "2020-06-30": -3.417, "2020-03-31": "-2.05000", "2019-12-31": -0.245, "2019-09-30": -0.139, "2019-06-30": -0.938, "2019-03-31": "-1.66200", "2018-12-31": -1.001, "2018-09-30": -0.669, "2018-06-30": -0.682, "2018-03-31": "-2.91900", "2017-12-31": 1.26, "2017-09-30": -6.949, "2017-06-30": -0.096, "2017-03-31": "-2.09100", "2016-12-31": -0.21, "2016-09-30": -2.076, "2016-06-30": -0.129, "2016-03-31": "-0.30700", "2015-12-31": 2.935, "2015-09-30": -3.5, "2015-06-30": 1.288, "2015-03-31": "1.17200", "2014-12-31": 1.702, "2014-09-30": -1.049, "2014-06-30": -9.784, "2014-03-31": "1.07800", "2013-12-31": 0.57, "2013-09-30": -0.39, "2013-06-30": -2.542, "2013-03-31": "-32.13300", "2012-12-31": -3.333, "2012-09-30": -11.525, "2012-06-30": -3.103, "2012-03-31": "-5.78000", "2011-12-31": -17.511, "2011-09-30": -0.398, "2011-06-30": -3.175, "2011-03-31": "", "2010-12-31": -63.584, "2010-09-30": -1.208, "2010-06-30": 0.114, "2010-03-31": "0.11400", "2009-12-31": -19.572, "2009-09-30": 0.114, "2009-06-30": 0.126, "2009-03-31": "0.10200", "2008-12-31": -8.22}, "Cash Flow From Financial Activities": {"2020-12-31": 243.138, "2020-09-30": -69.367, "2020-06-30": -101.886, "2020-03-31": "-71.88500", "2019-12-31": -45.48, "2019-09-30": 22.866, "2019-06-30": 55.762, "2019-03-31": "-217.78400", "2018-12-31": -131.945, "2018-09-30": 3.272, "2018-06-30": -13.244, "2018-03-31": "-113.52500", "2017-12-31": 5.327, "2017-09-30": 42.468, "2017-06-30": -0.707, "2017-03-31": "-23.08800", "2016-12-31": -35.187, "2016-09-30": 131.466, "2016-06-30": -144.852, "2016-03-31": "-94.43100", "2015-12-31": 128.625, "2015-09-30": -40.932, "2015-06-30": -55.559, "2015-03-31": "-107.93900", "2014-12-31": -1.821, "2014-09-30": -84.975, "2014-06-30": -59.247, "2014-03-31": "-64.03400", "2013-12-31": -73.806, "2013-09-30": 84.458, "2013-06-30": -66.908, "2013-03-31": "-99.94600", "2012-12-31": -91.818, "2012-09-30": -67.343, "2012-06-30": -54.013, "2012-03-31": "-93.30300", "2011-12-31": -35.843, "2011-09-30": -97.916, "2011-06-30": 30.718, "2011-03-31": "-54.27100", "2010-12-31": 103.293, "2010-09-30": -5.118, "2010-06-30": -37.95, "2010-03-31": "-8.51100", "2009-12-31": -245.758, "2009-09-30": -3.256, "2009-06-30": 194.579, "2009-03-31": "-1.82500", "2008-12-31": -22.28}, "Net Cash Flow": {"2020-12-31": -76.279, "2020-09-30": 119.756, "2020-06-30": -1.353, "2020-03-31": "-42.12400", "2019-12-31": 66.416, "2019-09-30": 27.928, "2019-06-30": -4.039, "2019-03-31": "-19.05300", "2018-12-31": -10.41, "2018-09-30": -26.926, "2018-06-30": 31.891, "2018-03-31": "-15.31200", "2017-12-31": -48.971, "2017-09-30": 110.524, "2017-06-30": 43.997, "2017-03-31": "36.77700", "2016-12-31": 4.517, "2016-09-30": -15.347, "2016-06-30": -24.592, "2016-03-31": "35.13400", "2015-12-31": 43.051, "2015-09-30": 0.055, "2015-06-30": -15.085, "2015-03-31": "-36.39600", "2014-12-31": 34.836, "2014-09-30": -3.232, "2014-06-30": 27.43, "2014-03-31": "-13.08000", "2013-12-31": 7.749, "2013-09-30": 7.919, "2013-06-30": 4.764, "2013-03-31": "-14.85000", "2012-12-31": 10.275, "2012-09-30": 7.806, "2012-06-30": -12.169, "2012-03-31": "-34.40000", "2011-12-31": 40.271, "2011-09-30": -4.479, "2011-06-30": 23.107, "2011-03-31": "-25.94500", "2010-12-31": -10.442, "2010-09-30": 30.631, "2010-06-30": -60.022, "2010-03-31": "-28.53500", "2009-12-31": -265.889, "2009-09-30": 114.581, "2009-06-30": 210.358, "2009-03-31": "-1.11000", "2008-12-31": -20.91}, "Stock-Based Compensation": {"2020-12-31": 0, "2020-09-30": 0, "2020-06-30": 0, "2020-03-31": "", "2019-12-31": 0, "2019-09-30": 0, "2019-06-30": 0, "2019-03-31": "", "2018-12-31": 0, "2018-09-30": 0, "2018-06-30": 0, "2018-03-31": "", "2017-12-31": 0, "2017-09-30": 0, "2017-06-30": -1.419, "2017-03-31": "1.41900", "2016-12-31": -3.126, "2016-09-30": -0.415, "2016-06-30": 2.124, "2016-03-31": "1.41700", "2015-12-31": 2.394, "2015-09-30": 1.735, "2015-06-30": 1.4, "2015-03-31": "1.48300", "2014-12-31": 1.504, "2014-09-30": 1.539, "2014-06-30": 1.292, "2014-03-31": "1.06100", "2013-12-31": 1.18, "2013-09-30": 1.967, "2013-06-30": 0.893, "2013-03-31": "0.60500", "2012-12-31": 0.575, "2012-09-30": 1.59, "2012-06-30": 1.458, "2012-03-31": "1.26700", "2011-12-31": 1.477, "2011-09-30": 0.781, "2011-06-30": 2.319, "2011-03-31": "2.42400", "2010-12-31": 22.883, "2010-09-30": 0, "2010-06-30": 0, "2010-03-31": "", "2009-12-31": 0, "2009-09-30": 0, "2009-06-30": 0, "2009-03-31": "", "2008-12-31": 0}, "Common Stock Dividends Paid": {"2020-12-31": 41.297, "2020-09-30": -13.624, "2020-06-30": -13.709, "2020-03-31": "-13.96400", "2019-12-31": -10.241, "2019-09-30": -10.232, "2019-06-30": -10.28, "2019-03-31": "-10.67200", "2018-12-31": -10.483, "2018-09-30": -10.556, "2018-06-30": -10.748, "2018-03-31": "-10.98300", "2017-12-31": -10.685, "2017-09-30": -4.843, "2017-06-30": -4.835, "2017-03-31": "-5.09100", "2016-12-31": -4.844, "2016-09-30": -14.753, "2016-06-30": 0, "2016-03-31": "", "2015-12-31": -19.885, "2015-09-30": 0, "2015-06-30": 0, "2015-03-31": "", "2014-12-31": 0, "2014-09-30": 0, "2014-06-30": 0, "2014-03-31": "", "2013-12-31": 0, "2013-09-30": 0, "2013-06-30": 0, "2013-03-31": "", "2012-12-31": 0, "2012-09-30": 0, "2012-06-30": 0, "2012-03-31": "", "2011-12-31": 0, "2011-09-30": 0, "2011-06-30": 0, "2011-03-31": "", "2010-12-31": 0, "2010-09-30": 0, "2010-06-30": 0, "2010-03-31": "", "2009-12-31": 0, "2009-09-30": 0, "2009-06-30": 0, "2009-03-31": "", "2008-12-31": 0}}, "financial ratios": {"Current Ratio": {"2019-12-31": "0.89630", "2018-12-31": "1.47620", "2017-12-31": "1.51460", "2016-12-31": "2.41820", "2015-12-31": "1.76900", "2014-12-31": "1.79630", "2013-12-31": "1.90970", "2012-12-31": "1.93530", "2011-12-31": "2.10740", "2010-12-31": "1.57060", "2009-12-31": "0.95540", "2008-12-31": "0.60020", "2007-12-31": "2.67990"}, "Long-term Debt / Capital": {"2019-12-31": "0.05600", "2018-12-31": "0.10350", "2017-12-31": "0.10530", "2016-12-31": "0.02460", "2015-12-31": "0.67630", "2014-12-31": "0.75130", "2013-12-31": "0.84340", "2012-12-31": "0.84350", "2011-12-31": "0.94080", "2010-12-31": "1.04630", "2009-12-31": "1.55700", "2008-12-31": "1.21970", "2007-12-31": ""}, "Debt/Equity Ratio": {"2019-12-31": "0.12600", "2018-12-31": "0.12620", "2017-12-31": "0.12710", "2016-12-31": "0.02520", "2015-12-31": "2.24410", "2014-12-31": "3.17900", "2013-12-31": "5.65200", "2012-12-31": "5.64130", "2011-12-31": "16.45180", "2010-12-31": "-23.39280", "2009-12-31": "-2.84940", "2008-12-31": "-5.61570", "2007-12-31": ""}, "Gross Margin": {"2019-12-31": "66.57500", "2018-12-31": "63.69240", "2017-12-31": "64.16880", "2016-12-31": "67.48230", "2015-12-31": "66.21910", "2014-12-31": "55.49560", "2013-12-31": "53.96900", "2012-12-31": "53.12630", "2011-12-31": "53.58660", "2010-12-31": "57.68070", "2009-12-31": "60.88340", "2008-12-31": "55.58770", "2007-12-31": "58.25120"}, "Operating Margin": {"2019-12-31": "8.82420", "2018-12-31": "10.64810", "2017-12-31": "8.27190", "2016-12-31": "13.28040", "2015-12-31": "15.04700", "2014-12-31": "8.60880", "2013-12-31": "8.66780", "2012-12-31": "8.84830", "2011-12-31": "8.52180", "2010-12-31": "8.29620", "2009-12-31": "5.13350", "2008-12-31": "3.38070", "2007-12-31": "-7.09500"}, "EBIT Margin": {"2019-12-31": "8.82420", "2018-12-31": "10.64810", "2017-12-31": "8.27190", "2016-12-31": "13.28040", "2015-12-31": "15.04700", "2014-12-31": "8.60880", "2013-12-31": "8.66780", "2012-12-31": "8.84830", "2011-12-31": "8.52180", "2010-12-31": "8.29620", "2009-12-31": "5.13350", "2008-12-31": "3.38070", "2007-12-31": "-7.09500"}, "EBITDA Margin": {"2019-12-31": "18.38160", "2018-12-31": "18.69610", "2017-12-31": "16.81070", "2016-12-31": "23.67000", "2015-12-31": "24.43210", "2014-12-31": "14.38600", "2013-12-31": "14.74010", "2012-12-31": "15.28110", "2011-12-31": "15.37460", "2010-12-31": "16.53680", "2009-12-31": "15.40540", "2008-12-31": "12.39200", "2007-12-31": "13.41970"}, "Pre-Tax Profit Margin": {"2019-12-31": "8.54620", "2018-12-31": "10.32990", "2017-12-31": "7.98650", "2016-12-31": "13.66950", "2015-12-31": "15.76580", "2014-12-31": "5.83020", "2013-12-31": "6.22610", "2012-12-31": "5.07290", "2011-12-31": "4.26680", "2010-12-31": "-5.76320", "2009-12-31": "-4.23880", "2008-12-31": "-3.97630", "2007-12-31": "-15.15870"}, "Net Profit Margin": {"2019-12-31": "6.38330", "2018-12-31": "7.84540", "2017-12-31": "19.96710", "2016-12-31": "8.39540", "2015-12-31": "9.86660", "2014-12-31": "3.74880", "2013-12-31": "3.77400", "2012-12-31": "3.52320", "2011-12-31": "2.71890", "2010-12-31": "-4.28070", "2009-12-31": "-16.94230", "2008-12-31": "-4.31070", "2007-12-31": "-4.41170"}, "Asset Turnover": {"2019-12-31": "0.58490", "2018-12-31": "0.67540", "2017-12-31": "0.31570", "2016-12-31": "1.03660", "2015-12-31": "0.40520", "2014-12-31": "1.48600", "2013-12-31": "1.46610", "2012-12-31": "1.42410", "2011-12-31": "1.43130", "2010-12-31": "1.14090", "2009-12-31": "1.02290", "2008-12-31": "1.28370", "2007-12-31": "3.38890"}, "Inventory Turnover Ratio": {"2019-12-31": "", "2018-12-31": "", "2017-12-31": "", "2016-12-31": "", "2015-12-31": "21.68760", "2014-12-31": "100.73310", "2013-12-31": "102.85650", "2012-12-31": "106.35360", "2011-12-31": "100.56450", "2010-12-31": "125.46420", "2009-12-31": "98.67800", "2008-12-31": "148.51310", "2007-12-31": ""}, "Receiveable Turnover": {"2019-12-31": "9.04440", "2018-12-31": "8.78710", "2017-12-31": "3.85370", "2016-12-31": "7.42520", "2015-12-31": "2.72520", "2014-12-31": "8.63650", "2013-12-31": "9.30650", "2012-12-31": "9.85690", "2011-12-31": "11.35060", "2010-12-31": "10.39140", "2009-12-31": "24.90250", "2008-12-31": "28.24260", "2007-12-31": "23.67490"}, "Days Sales In Receivables": {"2019-12-31": "40.35640", "2018-12-31": "41.53810", "2017-12-31": "94.71360", "2016-12-31": "49.15700", "2015-12-31": "133.93560", "2014-12-31": "42.26270", "2013-12-31": "39.22000", "2012-12-31": "37.02970", "2011-12-31": "32.15690", "2010-12-31": "35.12530", "2009-12-31": "14.65720", "2008-12-31": "12.92380", "2007-12-31": "15.41720"}, "ROE - Return On Equity": {"2019-12-31": "5.47220", "2018-12-31": "7.70040", "2017-12-31": "9.26320", "2016-12-31": "12.07480", "2015-12-31": "19.19490", "2014-12-31": "34.26620", "2013-12-31": "54.80580", "2012-12-31": "48.27190", "2011-12-31": "95.53150", "2010-12-31": "150.78930", "2009-12-31": "50.31820", "2008-12-31": "32.99350", "2007-12-31": "-25.03380"}, "Return On Tangible Equity": {"2019-12-31": "22.64320", "2018-12-31": "37.47020", "2017-12-31": "53.24980", "2016-12-31": "12.88520", "2015-12-31": "146.69240", "2014-12-31": "-194.40480", "2013-12-31": "-54.26450", "2012-12-31": "-47.22890", "2011-12-31": "-20.70720", "2010-12-31": "17.78480", "2009-12-31": "28.88410", "2008-12-31": "13.20490", "2007-12-31": "-19.72890"}, "ROA - Return On Assets": {"2019-12-31": "3.74530", "2018-12-31": "5.31670", "2017-12-31": "6.31780", "2016-12-31": "8.83040", "2015-12-31": "4.05720", "2014-12-31": "5.57090", "2013-12-31": "5.53300", "2012-12-31": "5.01750", "2011-12-31": "3.89170", "2010-12-31": "-4.88390", "2009-12-31": "-17.32960", "2008-12-31": "-5.53350", "2007-12-31": "-14.95080"}, "ROI - Return On Investment": {"2019-12-31": "5.16560", "2018-12-31": "6.90320", "2017-12-31": "8.28760", "2016-12-31": "11.77840", "2015-12-31": "6.21260", "2014-12-31": "8.52200", "2013-12-31": "8.58040", "2012-12-31": "7.55660", "2011-12-31": "5.65270", "2010-12-31": "-6.98150", "2009-12-31": "-28.02660", "2008-12-31": "-7.24750", "2007-12-31": "-19.72890"}, "Book Value Per Share": {"2019-12-31": "33.20860", "2018-12-31": "31.60490", "2017-12-31": "29.44060", "2016-12-31": "9.83100", "2015-12-31": "6.17520", "2014-12-31": "4.59680", "2013-12-31": "2.79650", "2012-12-31": "2.88830", "2011-12-31": "1.07080", "2010-12-31": "-0.86580", "2009-12-31": "-20.00220", "2008-12-31": "-8.20980", "2007-12-31": ""}, "Operating Cash Flow Per Share": {"2019-12-31": -0.0777, "2018-12-31": 2.0669, "2017-12-31": -0.113, "2016-12-31": 0.506, "2015-12-31": -1.3362, "2014-12-31": -0.7928, "2013-12-31": 0.1763, "2012-12-31": 1.0648, "2011-12-31": 2.1016, "2010-12-31": -1.3832, "2009-12-31": -0.1018, "2008-12-31": -0.8417, "2007-12-31": 3.6081}, "Free Cash Flow Per Share": {"2019-12-31": -0.4093, "2018-12-31": 1.8141, "2017-12-31": -1.7431, "2016-12-31": 1.2221, "2015-12-31": -1.4738, "2014-12-31": -0.5225, "2013-12-31": -0.0626, "2012-12-31": 1.0739, "2011-12-31": 3.1521, "2010-12-31": -4.1139, "2009-12-31": 3.019, "2008-12-31": 0.921, "2007-12-31": -1.3099}}, "financial ratios, quarterly": {"Current Ratio": {"2020-09-30": "0.79110", "2020-06-30": "0.85380", "2020-03-31": "0.85620", "2019-12-31": "0.89630", "2019-09-30": "1.29310", "2019-06-30": "1.16770", "2019-03-31": "1.06760", "2018-12-31": "1.47620", "2018-09-30": "1.42840", "2018-06-30": "1.46800", "2018-03-31": "1.44820", "2017-12-31": "1.51460", "2017-09-30": "1.32460", "2017-06-30": "1.45220", "2017-03-31": "1.43300", "2016-12-31": "2.41820", "2016-09-30": "1.54860", "2016-06-30": "1.73220", "2016-03-31": "1.94240", "2015-12-31": "1.76900", "2015-09-30": "1.09250", "2015-06-30": "1.79730", "2015-03-31": "1.67900", "2014-12-31": "1.79630", "2014-09-30": "1.64380", "2014-06-30": "1.72460", "2014-03-31": "1.59700", "2013-12-31": "1.90970", "2013-09-30": "1.68210", "2013-06-30": "1.65590", "2013-03-31": "1.79920", "2012-12-31": "1.93530", "2012-09-30": "1.91230", "2012-06-30": "1.89650", "2012-03-31": "1.68680", "2011-12-31": "2.10740", "2011-09-30": "1.73360", "2011-06-30": "1.77220", "2011-03-31": "1.62000", "2010-12-31": "1.57060", "2010-09-30": "1.22080", "2010-06-30": "1.23940", "2010-03-31": "1.23740", "2009-12-31": "0.95540", "2009-09-30": "", "2009-06-30": "", "2009-03-31": "", "2008-12-31": ""}, "Long-term Debt / Capital": {"2020-09-30": "0.04190", "2020-06-30": "0.04680", "2020-03-31": "0.05790", "2019-12-31": "0.05600", "2019-09-30": "0.11300", "2019-06-30": "0.11240", "2019-03-31": "0.08160", "2018-12-31": "0.10350", "2018-09-30": "0.11090", "2018-06-30": "0.09670", "2018-03-31": "0.09610", "2017-12-31": "0.10530", "2017-09-30": "0.11930", "2017-06-30": "0.55370", "2017-03-31": "0.57880", "2016-12-31": "0.02460", "2016-09-30": "0.64640", "2016-06-30": "0.65510", "2016-03-31": "0.67600", "2015-12-31": "0.67630", "2015-09-30": "0.63920", "2015-06-30": "0.69860", "2015-03-31": "0.71870", "2014-12-31": "0.75130", "2014-09-30": "0.77490", "2014-06-30": "0.80490", "2014-03-31": "0.82790", "2013-12-31": "0.84340", "2013-09-30": "0.87260", "2013-06-30": "0.82450", "2013-03-31": "0.84930", "2012-12-31": "0.84350", "2012-09-30": "0.89710", "2012-06-30": "0.92410", "2012-03-31": "0.94380", "2011-12-31": "0.94080", "2011-09-30": "0.97390", "2011-06-30": "0.99220", "2011-03-31": "1.00550", "2010-12-31": "1.04630", "2010-09-30": "1.49980", "2010-06-30": "1.50870", "2010-03-31": "1.49370", "2009-12-31": "1.55700", "2009-09-30": "", "2009-06-30": "", "2009-03-31": "", "2008-12-31": ""}, "Debt/Equity Ratio": {"2020-09-30": "0.11560", "2020-06-30": "0.11910", "2020-03-31": "0.12770", "2019-12-31": "0.12600", "2019-09-30": "0.13390", "2019-06-30": "0.13730", "2019-03-31": "0.09840", "2018-12-31": "0.12620", "2018-09-30": "0.13650", "2018-06-30": "0.11930", "2018-03-31": "0.11510", "2017-12-31": "0.12710", "2017-09-30": "0.14680", "2017-06-30": "1.30880", "2017-03-31": "1.47080", "2016-12-31": "0.02520", "2016-09-30": "1.94710", "2016-06-30": "2.02550", "2016-03-31": "2.19970", "2015-12-31": "2.24410", "2015-09-30": "1.92380", "2015-06-30": "2.46410", "2015-03-31": "2.70750", "2014-12-31": "3.17900", "2014-09-30": "3.63210", "2014-06-30": "4.37190", "2014-03-31": "5.07830", "2013-12-31": "5.65200", "2013-09-30": "7.11390", "2013-06-30": "4.90620", "2013-03-31": "5.86660", "2012-12-31": "5.64130", "2012-09-30": "8.94310", "2012-06-30": "12.53260", "2012-03-31": "17.81460", "2011-12-31": "16.45180", "2011-09-30": "38.43780", "2011-06-30": "130.38180", "2011-03-31": "-187.32690", "2010-12-31": "-23.39280", "2010-09-30": "-3.06100", "2010-06-30": "-3.01630", "2010-03-31": "-3.09420", "2009-12-31": "-2.84940", "2009-09-30": "", "2009-06-30": "", "2009-03-31": "", "2008-12-31": ""}, "Gross Margin": {"2020-09-30": "71.10020", "2020-06-30": "72.99060", "2020-03-31": "69.13840", "2019-12-31": "66.68760", "2019-09-30": "66.67820", "2019-06-30": "66.78310", "2019-03-31": "66.14560", "2018-12-31": "65.55740", "2018-09-30": "63.45120", "2018-06-30": "62.55260", "2018-03-31": "63.09600", "2017-12-31": "63.70080", "2017-09-30": "63.62520", "2017-06-30": "66.32380", "2017-03-31": "65.38970", "2016-12-31": "65.41930", "2016-09-30": "67.31720", "2016-06-30": "63.33730", "2016-03-31": "64.63240", "2015-12-31": "64.46760", "2015-09-30": "62.16910", "2015-06-30": "61.17200", "2015-03-31": "61.01850", "2014-12-31": "59.03510", "2014-09-30": "55.60330", "2014-06-30": "54.09170", "2014-03-31": "52.87890", "2013-12-31": "54.66860", "2013-09-30": "53.60240", "2013-06-30": "54.42460", "2013-03-31": "53.11040", "2012-12-31": "52.95610", "2012-09-30": "52.14870", "2012-06-30": "54.32980", "2012-03-31": "53.29400", "2011-12-31": "52.29290", "2011-09-30": "54.33550", "2011-06-30": "53.88230", "2011-03-31": "54.62870", "2010-12-31": "57.84860", "2010-09-30": "58.35200", "2010-06-30": "57.44510", "2010-03-31": "56.96840", "2009-12-31": "50.30360", "2009-09-30": "60.46270", "2009-06-30": "61.57050", "2009-03-31": "63.94980", "2008-12-31": ""}, "Operating Margin": {"2020-09-30": "13.66990", "2020-06-30": "9.63210", "2020-03-31": "9.07890", "2019-12-31": "8.32160", "2019-09-30": "8.57570", "2019-06-30": "8.74280", "2019-03-31": "9.65510", "2018-12-31": "14.82660", "2018-09-30": "10.71430", "2018-06-30": "9.32970", "2018-03-31": "7.37480", "2017-12-31": "10.59030", "2017-09-30": "1.11410", "2017-06-30": "10.39730", "2017-03-31": "8.34790", "2016-12-31": "12.01530", "2016-09-30": "13.16580", "2016-06-30": "7.33360", "2016-03-31": "5.42280", "2015-12-31": "11.16780", "2015-09-30": "7.03500", "2015-06-30": "9.29540", "2015-03-31": "7.38810", "2014-12-31": "11.62500", "2014-09-30": "9.06250", "2014-06-30": "8.73890", "2014-03-31": "4.57830", "2013-12-31": "9.53650", "2013-09-30": "8.17920", "2013-06-30": "9.74340", "2013-03-31": "7.10240", "2012-12-31": "10.12830", "2012-09-30": "7.77640", "2012-06-30": "9.93340", "2012-03-31": "7.00240", "2011-12-31": "8.65710", "2011-09-30": "10.38370", "2011-06-30": "8.53260", "2011-03-31": "6.15750", "2010-12-31": "9.81170", "2010-09-30": "10.82710", "2010-06-30": "8.31160", "2010-03-31": "3.54180", "2009-12-31": "7.01210", "2009-09-30": "6.93610", "2009-06-30": "4.31280", "2009-03-31": "1.99090", "2008-12-31": ""}, "EBIT Margin": {"2020-09-30": "13.66990", "2020-06-30": "9.63210", "2020-03-31": "9.07890", "2019-12-31": "8.32160", "2019-09-30": "8.57570", "2019-06-30": "8.74280", "2019-03-31": "9.65510", "2018-12-31": "14.82660", "2018-09-30": "10.71430", "2018-06-30": "9.32970", "2018-03-31": "7.37480", "2017-12-31": "10.59030", "2017-09-30": "1.11410", "2017-06-30": "10.39730", "2017-03-31": "8.34790", "2016-12-31": "12.01530", "2016-09-30": "13.16580", "2016-06-30": "7.33360", "2016-03-31": "5.42280", "2015-12-31": "11.16780", "2015-09-30": "7.03500", "2015-06-30": "9.29540", "2015-03-31": "7.38810", "2014-12-31": "11.62500", "2014-09-30": "9.06250", "2014-06-30": "8.73890", "2014-03-31": "4.57830", "2013-12-31": "9.53650", "2013-09-30": "8.17920", "2013-06-30": "9.74340", "2013-03-31": "7.10240", "2012-12-31": "10.12830", "2012-09-30": "7.77640", "2012-06-30": "9.93340", "2012-03-31": "7.00240", "2011-12-31": "8.65710", "2011-09-30": "10.38370", "2011-06-30": "8.53260", "2011-03-31": "6.15750", "2010-12-31": "9.81170", "2010-09-30": "10.82710", "2010-06-30": "8.31160", "2010-03-31": "3.54180", "2009-12-31": "7.01210", "2009-09-30": "6.93610", "2009-06-30": "4.31280", "2009-03-31": "1.99090", "2008-12-31": ""}, "EBITDA Margin": {"2020-09-30": "", "2020-06-30": "", "2020-03-31": "", "2019-12-31": "", "2019-09-30": "", "2019-06-30": "", "2019-03-31": "", "2018-12-31": "", "2018-09-30": "", "2018-06-30": "", "2018-03-31": "", "2017-12-31": "", "2017-09-30": "", "2017-06-30": "", "2017-03-31": "", "2016-12-31": "", "2016-09-30": "", "2016-06-30": "", "2016-03-31": "", "2015-12-31": "", "2015-09-30": "", "2015-06-30": "", "2015-03-31": "", "2014-12-31": "", "2014-09-30": "", "2014-06-30": "", "2014-03-31": "", "2013-12-31": "", "2013-09-30": "", "2013-06-30": "", "2013-03-31": "", "2012-12-31": "", "2012-09-30": "", "2012-06-30": "", "2012-03-31": "", "2011-12-31": "", "2011-09-30": "", "2011-06-30": "", "2011-03-31": "", "2010-12-31": "", "2010-09-30": "", "2010-06-30": "", "2010-03-31": "", "2009-12-31": "", "2009-09-30": "", "2009-06-30": "", "2009-03-31": "", "2008-12-31": ""}, "Pre-Tax Profit Margin": {"2020-09-30": "14.04810", "2020-06-30": "10.09540", "2020-03-31": "8.03140", "2019-12-31": "7.75810", "2019-09-30": "8.28850", "2019-06-30": "8.49500", "2019-03-31": "9.63910", "2018-12-31": "14.52120", "2018-09-30": "10.46840", "2018-06-30": "8.92440", "2018-03-31": "7.05730", "2017-12-31": "10.17780", "2017-09-30": "0.56110", "2017-06-30": "10.64510", "2017-03-31": "8.60530", "2016-12-31": "12.09560", "2016-09-30": "13.62560", "2016-06-30": "6.46020", "2016-03-31": "4.69260", "2015-12-31": "10.54040", "2015-09-30": "5.40440", "2015-06-30": "7.81860", "2015-03-31": "6.06130", "2014-12-31": "8.00400", "2014-09-30": "6.88900", "2014-06-30": "6.07520", "2014-03-31": "1.98410", "2013-12-31": "7.29730", "2013-09-30": "5.43630", "2013-06-30": "7.46710", "2013-03-31": "4.58220", "2012-12-31": "7.38670", "2012-09-30": "4.91040", "2012-06-30": "6.35760", "2012-03-31": "0.31930", "2011-12-31": "5.51540", "2011-09-30": "5.86070", "2011-06-30": "3.88820", "2011-03-31": "0.72820", "2010-12-31": "-11.55150", "2010-09-30": "0.25730", "2010-06-30": "-2.46120", "2010-03-31": "-9.54840", "2009-12-31": "-5.41220", "2009-09-30": "-0.04820", "2009-06-30": "-4.65550", "2009-03-31": "-7.03680", "2008-12-31": ""}, "Net Profit Margin": {"2020-09-30": "10.08410", "2020-06-30": "7.56000", "2020-03-31": "5.81670", "2019-12-31": "5.63530", "2019-09-30": "6.21550", "2019-06-30": "6.37680", "2019-03-31": "7.30060", "2018-12-31": "10.87710", "2018-09-30": "7.86280", "2018-06-30": "6.85770", "2018-03-31": "5.53550", "2017-12-31": "32.92320", "2017-09-30": "0.74400", "2017-06-30": "6.57660", "2017-03-31": "5.48560", "2016-12-31": "7.66560", "2016-09-30": "8.47220", "2016-06-30": "4.23930", "2016-03-31": "3.29660", "2015-12-31": "6.65280", "2015-09-30": "3.40680", "2015-06-30": "4.80970", "2015-03-31": "3.72760", "2014-12-31": "5.13300", "2014-09-30": "4.66640", "2014-06-30": "3.73620", "2014-03-31": "1.22020", "2013-12-31": "4.21220", "2013-09-30": "2.90210", "2013-06-30": "4.84700", "2013-03-31": "3.08600", "2012-12-31": "5.18260", "2012-09-30": "3.39060", "2012-06-30": "3.86200", "2012-03-31": "0.74840", "2011-12-31": "3.75320", "2011-09-30": "3.58290", "2011-06-30": "2.30260", "2011-03-31": "0.42230", "2010-12-31": "-6.19070", "2010-09-30": "-0.13440", "2010-06-30": "-3.13490", "2010-03-31": "-8.09390", "2009-12-31": "-5.56220", "2009-09-30": "-0.61060", "2009-06-30": "-4.92000", "2009-03-31": "-7.08570", "2008-12-31": ""}, "Asset Turnover": {"2020-09-30": "0.14240", "2020-06-30": "0.12810", "2020-03-31": "0.13570", "2019-12-31": "0.14450", "2019-09-30": "0.14430", "2019-06-30": "0.15120", "2019-03-31": "0.14910", "2018-12-31": "0.17630", "2018-09-30": "0.16980", "2018-06-30": "0.17170", "2018-03-31": "0.16600", "2017-12-31": "0.17690", "2017-09-30": "0.06910", "2017-06-30": "0.10550", "2017-03-31": "0.10280", "2016-12-31": "0.26800", "2016-09-30": "0.10190", "2016-06-30": "0.36490", "2016-03-31": "0.33750", "2015-12-31": "0.37330", "2015-09-30": "0.35810", "2015-06-30": "0.36420", "2015-03-31": "0.35290", "2014-12-31": "0.39390", "2014-09-30": "0.37950", "2014-06-30": "0.38220", "2014-03-31": "0.35760", "2013-12-31": "0.38280", "2013-09-30": "0.36030", "2013-06-30": "0.38940", "2013-03-31": "0.37180", "2012-12-31": "0.45990", "2012-09-30": "0.37950", "2012-06-30": "0.33910", "2012-03-31": "0.31810", "2011-12-31": "0.49460", "2011-09-30": "0.33950", "2011-06-30": "0.32820", "2011-03-31": "0.29690", "2010-12-31": "0.30390", "2010-09-30": "0.28440", "2010-06-30": "0.28410", "2010-03-31": "0.24820", "2009-12-31": "0.26580", "2009-09-30": "", "2009-06-30": "", "2009-03-31": "", "2008-12-31": ""}, "Inventory Turnover Ratio": {"2020-09-30": "", "2020-06-30": "", "2020-03-31": "", "2019-12-31": "", "2019-09-30": "", "2019-06-30": "", "2019-03-31": "", "2018-12-31": "", "2018-09-30": "", "2018-06-30": "", "2018-03-31": "", "2017-12-31": "", "2017-09-30": "", "2017-06-30": "5.51040", "2017-03-31": "5.63270", "2016-12-31": "", "2016-09-30": "5.63730", "2016-06-30": "23.42300", "2016-03-31": "18.52450", "2015-12-31": "21.01560", "2015-09-30": "21.10030", "2015-06-30": "22.07620", "2015-03-31": "21.89430", "2014-12-31": "24.57850", "2014-09-30": "23.01370", "2014-06-30": "23.78760", "2014-03-31": "26.73220", "2013-12-31": "26.45080", "2013-09-30": "26.38610", "2013-06-30": "29.78930", "2013-03-31": "28.59720", "2012-12-31": "34.46930", "2012-09-30": "25.87620", "2012-06-30": "22.37320", "2012-03-31": "17.20980", "2011-12-31": "35.71750", "2011-09-30": "22.47390", "2011-06-30": "21.89200", "2011-03-31": "29.35110", "2010-12-31": "33.28890", "2010-09-30": "31.74920", "2010-06-30": "33.48110", "2010-03-31": "29.93240", "2009-12-31": "32.58510", "2009-09-30": "", "2009-06-30": "", "2009-03-31": "", "2008-12-31": ""}, "Receiveable Turnover": {"2020-09-30": "2.13090", "2020-06-30": "2.00900", "2020-03-31": "2.10390", "2019-12-31": "2.23460", "2019-09-30": "2.15750", "2019-06-30": "2.12280", "2019-03-31": "2.16130", "2018-12-31": "2.29320", "2018-09-30": "2.02030", "2018-06-30": "2.11750", "2018-03-31": "2.05680", "2017-12-31": "2.15990", "2017-09-30": "0.88990", "2017-06-30": "0.67560", "2017-03-31": "0.68010", "2016-12-31": "1.92000", "2016-09-30": "0.67780", "2016-06-30": "2.41620", "2016-03-31": "2.30970", "2015-12-31": "2.51060", "2015-09-30": "2.28690", "2015-06-30": "2.32220", "2015-03-31": "2.21800", "2014-12-31": "2.28930", "2014-09-30": "2.33460", "2014-06-30": "2.31320", "2014-03-31": "2.12820", "2013-12-31": "2.43020", "2013-09-30": "2.35200", "2013-06-30": "2.78150", "2013-03-31": "2.63030", "2012-12-31": "3.18310", "2012-09-30": "2.61180", "2012-06-30": "2.47220", "2012-03-31": "2.42030", "2011-12-31": "3.92210", "2011-09-30": "2.53490", "2011-06-30": "2.49440", "2011-03-31": "2.36670", "2010-12-31": "2.76810", "2010-09-30": "2.45680", "2010-06-30": "2.53170", "2010-03-31": "2.39220", "2009-12-31": "6.47220", "2009-09-30": "", "2009-06-30": "", "2009-03-31": "", "2008-12-31": ""}, "Days Sales In Receivables": {"2020-09-30": "42.23490", "2020-06-30": "44.79870", "2020-03-31": "42.77740", "2019-12-31": "40.27500", "2019-09-30": "41.71520", "2019-06-30": "42.39610", "2019-03-31": "41.64230", "2018-12-31": "39.24700", "2018-09-30": "44.54710", "2018-06-30": "42.50240", "2018-03-31": "43.75780", "2017-12-31": "41.66790", "2017-09-30": "101.13580", "2017-06-30": "133.22350", "2017-03-31": "132.34260", "2016-12-31": "46.87540", "2016-09-30": "132.78220", "2016-06-30": "37.24920", "2016-03-31": "38.96670", "2015-12-31": "35.84840", "2015-09-30": "39.35530", "2015-06-30": "38.75560", "2015-03-31": "40.57660", "2014-12-31": "39.31270", "2014-09-30": "38.54990", "2014-06-30": "38.90680", "2014-03-31": "42.28830", "2013-12-31": "37.03380", "2013-09-30": "38.26540", "2013-06-30": "32.35660", "2013-03-31": "34.21670", "2012-12-31": "28.27440", "2012-09-30": "34.45900", "2012-06-30": "36.40510", "2012-03-31": "37.18610", "2011-12-31": "22.94710", "2011-09-30": "35.50410", "2011-06-30": "36.08010", "2011-03-31": "38.02780", "2010-12-31": "32.51350", "2010-09-30": "36.63230", "2010-06-30": "35.54960", "2010-03-31": "37.62190", "2009-12-31": "13.90560", "2009-09-30": "", "2009-06-30": "", "2009-03-31": "", "2008-12-31": ""}, "ROE - Return On Equity": {"2020-09-30": "2.07790", "2020-06-30": "1.39220", "2020-03-31": "1.15610", "2019-12-31": "1.19220", "2019-09-30": "1.33770", "2019-06-30": "1.43600", "2019-03-31": "1.59040", "2018-12-31": "2.78150", "2018-09-30": "1.97070", "2018-06-30": "1.69800", "2018-03-31": "1.33230", "2017-12-31": "8.54640", "2017-09-30": "0.08750", "2017-06-30": "2.55320", "2017-03-31": "2.21560", "2016-12-31": "2.84910", "2016-09-30": "3.93360", "2016-06-30": "7.04850", "2016-03-31": "5.25670", "2015-12-31": "11.74830", "2015-09-30": "5.92570", "2015-06-30": "8.90660", "2015-03-31": "7.35320", "2014-12-31": "12.43710", "2014-09-30": "12.46210", "2014-06-30": "11.55750", "2014-03-31": "4.07110", "2013-12-31": "15.97320", "2013-09-30": "12.75500", "2013-06-30": "16.40750", "2013-03-31": "11.80010", "2012-12-31": "22.93010", "2012-09-30": "18.41070", "2012-06-30": "25.47300", "2012-03-31": "6.46160", "2011-12-31": "45.56730", "2011-09-30": "67.29870", "2011-06-30": "136.94400", "2011-03-31": "-32.81130", "2010-12-31": "58.08990", "2010-09-30": "0.12330", "2010-06-30": "2.77600", "2010-03-31": "6.47650", "2009-12-31": "4.29350", "2009-09-30": "", "2009-06-30": "", "2009-03-31": "", "2008-12-31": ""}, "Return On Tangible Equity": {"2020-09-30": "7.84590", "2020-06-30": "5.61140", "2020-03-31": "4.89720", "2019-12-31": "4.93300", "2019-09-30": "5.78940", "2019-06-30": "6.54750", "2019-03-31": "7.25680", "2018-12-31": "13.53480", "2018-09-30": "10.17600", "2018-06-30": "8.84360", "2018-03-31": "7.47940", "2017-12-31": "49.12910", "2017-09-30": "0.80220", "2017-06-30": "8.95110", "2017-03-31": "9.07610", "2016-12-31": "3.04040", "2016-09-30": "27.22010", "2016-06-30": "53.20840", "2016-03-31": "42.67320", "2015-12-31": "89.78360", "2015-09-30": "50.60680", "2015-06-30": "186.56260", "2015-03-31": "-110.06400", "2014-12-31": "-70.56030", "2014-09-30": "-32.37930", "2014-06-30": "-18.80270", "2014-03-31": "-4.66900", "2013-12-31": "-15.81550", "2013-09-30": "-8.82600", "2013-06-30": "-18.17690", "2013-03-31": "-9.29480", "2012-12-31": "-22.43460", "2012-09-30": "-8.24470", "2012-06-30": "-7.27950", "2012-03-31": "-1.22860", "2011-12-31": "-9.87710", "2011-09-30": "-5.50560", "2011-06-30": "-3.27280", "2011-03-31": "-0.51110", "2010-12-31": "6.85140", "2010-09-30": "0.07010", "2010-06-30": "1.57730", "2010-03-31": "3.64180", "2009-12-31": "2.46460", "2009-09-30": "", "2009-06-30": "", "2009-03-31": "", "2008-12-31": ""}, "ROA - Return On Assets": {"2020-09-30": "1.43750", "2020-06-30": "0.96950", "2020-03-31": "0.79370", "2019-12-31": "0.81600", "2019-09-30": "0.90100", "2019-06-30": "0.96720", "2019-03-31": "1.09120", "2018-12-31": "1.92050", "2018-09-30": "1.34070", "2018-06-30": "1.18170", "2018-03-31": "0.92390", "2017-12-31": "5.82890", "2017-09-30": "0.05560", "2017-06-30": "0.70480", "2017-03-31": "0.57280", "2016-12-31": "2.08360", "2016-09-30": "0.87440", "2016-06-30": "1.54700", "2016-03-31": "1.11260", "2015-12-31": "2.48320", "2015-09-30": "1.21990", "2015-06-30": "1.75160", "2015-03-31": "1.31530", "2014-12-31": "2.02200", "2014-09-30": "1.77100", "2014-06-30": "1.42790", "2014-03-31": "0.43630", "2013-12-31": "1.61260", "2013-09-30": "1.04570", "2013-06-30": "1.88740", "2013-03-31": "1.14750", "2012-12-31": "2.38340", "2012-09-30": "1.28670", "2012-06-30": "1.30980", "2012-03-31": "0.23800", "2011-12-31": "1.85630", "2011-09-30": "1.21650", "2011-06-30": "0.75560", "2011-03-31": "0.12540", "2010-12-31": "-1.88150", "2010-09-30": "-0.03820", "2010-06-30": "-0.89050", "2010-03-31": "-2.00860", "2009-12-31": "-1.47870", "2009-09-30": "", "2009-06-30": "", "2009-03-31": "", "2008-12-31": ""}, "ROI - Return On Investment": {"2020-09-30": "1.99080", "2020-06-30": "1.32700", "2020-03-31": "1.08910", "2019-12-31": "1.12540", "2019-09-30": "1.18660", "2019-06-30": "1.27450", "2019-03-31": "1.46060", "2018-12-31": "2.49350", "2018-09-30": "1.75210", "2018-06-30": "1.53370", "2018-03-31": "1.20420", "2017-12-31": "7.64620", "2017-09-30": "0.07710", "2017-06-30": "1.13940", "2017-03-31": "0.93330", "2016-12-31": "2.77920", "2016-09-30": "1.39080", "2016-06-30": "2.43130", "2016-03-31": "1.70320", "2015-12-31": "3.80250", "2015-09-30": "2.13770", "2015-06-30": "2.68400", "2015-03-31": "2.06840", "2014-12-31": "3.09310", "2014-09-30": "2.80490", "2014-06-30": "2.25520", "2014-03-31": "0.70050", "2013-12-31": "2.50080", "2013-09-30": "1.62510", "2013-06-30": "2.87870", "2013-03-31": "1.77820", "2012-12-31": "3.58950", "2012-09-30": "1.89440", "2012-06-30": "1.93290", "2012-03-31": "0.36290", "2011-12-31": "2.69630", "2011-09-30": "1.75880", "2011-06-30": "1.07420", "2011-03-31": "0.18020", "2010-12-31": "-2.68960", "2010-09-30": "-0.06160", "2010-06-30": "-1.41210", "2010-03-31": "-3.19770", "2009-12-31": "-2.39140", "2009-09-30": "", "2009-06-30": "", "2009-03-31": "", "2008-12-31": ""}, "Book Value Per Share": {"2020-09-30": "34.55130", "2020-06-30": "33.88290", "2020-03-31": "33.51670", "2019-12-31": "33.20860", "2019-09-30": "32.86160", "2019-06-30": "32.46910", "2019-03-31": "32.03760", "2018-12-31": "31.60490", "2018-09-30": "30.72720", "2018-06-30": "30.20930", "2018-03-31": "29.77810", "2017-12-31": "29.44060", "2017-09-30": "26.97470", "2017-06-30": "7.41670", "2017-03-31": "7.10590", "2016-12-31": "9.83100", "2016-09-30": "6.42450", "2016-06-30": "6.33280", "2016-03-31": "6.20270", "2015-12-31": "6.17520", "2015-09-30": "5.94940", "2015-06-30": "5.56680", "2015-03-31": "5.02060", "2014-12-31": "4.59680", "2014-09-30": "3.94690", "2014-06-30": "3.41460", "2014-03-31": "2.97340", "2013-12-31": "2.79650", "2013-09-30": "2.32100", "2013-06-30": "3.01280", "2013-03-31": "2.54970", "2012-12-31": "2.88830", "2012-09-30": "1.81960", "2012-06-30": "1.31680", "2012-03-31": "0.95330", "2011-12-31": "1.07080", "2011-09-30": "0.45790", "2011-06-30": "0.14240", "2011-03-31": "-0.09730", "2010-12-31": "-0.86580", "2010-09-30": "-15.27070", "2010-06-30": "-15.36600", "2010-03-31": "-15.12530", "2009-12-31": "-20.00220", "2009-09-30": "", "2009-06-30": "", "2009-03-31": "", "2008-12-31": ""}, "Operating Cash Flow Per Share": {"2020-09-30": 1.5831, "2020-06-30": 1.3399, "2020-03-31": "0.90690", "2019-12-31": 1.302, "2019-09-30": 1.4748, "2019-06-30": 0.6982, "2019-03-31": "1.40230", "2018-12-31": 1.6884, "2018-09-30": 1.1712, "2018-06-30": 0.9301, "2018-03-31": "1.16530", "2017-12-31": 0.487, "2017-09-30": -0.1723, "2017-06-30": 0.6805, "2017-03-31": "0.80590", "2016-12-31": 0.6364, "2016-09-30": -0.1299, "2016-06-30": 1.1649, "2016-03-31": "1.33300", "2015-12-31": -1.4245, "2015-09-30": 1.0519, "2015-06-30": 1.1539, "2015-03-31": "1.23650", "2014-12-31": 0.9937, "2014-09-30": 1.0604, "2014-06-30": 1.0376, "2014-03-31": "0.73960", "2013-12-31": 1.1511, "2013-09-30": 1.0676, "2013-06-30": 1.316, "2013-03-31": "1.08940", "2012-12-31": 1.6154, "2012-09-30": 1.1828, "2012-06-30": 0.9554, "2012-03-31": "0.69420", "2011-12-31": 1.2204, "2011-09-30": 0.9563, "2011-06-30": 0.6076, "2011-03-31": "0.59870", "2010-12-31": -1.3543, "2010-09-30": 1.8675, "2010-06-30": 0.4192, "2010-03-31": "0.34900", "2009-12-31": 0.8047, "2009-09-30": 1.7406, "2009-06-30": -0.0171, "2009-03-31": "0.13630", "2008-12-31": 0}, "Free Cash Flow Per Share": {"2020-09-30": 1.1124, "2020-06-30": 0.6398, "2020-03-31": "0.46310", "2019-12-31": 0.6648, "2019-09-30": 0.0749, "2019-06-30": -0.2674, "2019-03-31": "1.09480", "2018-12-31": 0.6909, "2018-09-30": -0.1333, "2018-06-30": 0.2928, "2018-03-31": "1.12600", "2017-12-31": -0.6112, "2017-09-30": -0.4963, "2017-06-30": 0.5452, "2017-03-31": "0.66350", "2016-12-31": 0.479, "2016-09-30": -1.0935, "2016-06-30": 1.1908, "2016-03-31": "1.33120", "2015-12-31": -1.1136, "2015-09-30": 0.4318, "2015-06-30": 0.4672, "2015-03-31": "0.76720", "2014-12-31": 0.2347, "2014-09-30": 0.7068, "2014-06-30": 0.7832, "2014-03-31": "0.43240", "2013-12-31": 0.7796, "2013-09-30": 0.6409, "2013-06-30": 0.6364, "2013-03-31": "0.62270", "2012-12-31": 1.0514, "2012-09-30": 0.7759, "2012-06-30": 0.3235, "2012-03-31": "0.59140", "2011-12-31": 0.7121, "2011-09-30": 0.6856, "2011-06-30": 0.0084, "2011-03-31": "0.26220", "2010-12-31": -2.3258, "2010-09-30": 1.0722, "2010-06-30": -0.2911, "2010-03-31": "0.06090", "2009-12-31": 0.1807, "2009-09-30": 2.2226, "2009-06-30": 0.2784, "2009-03-31": "-0.05160", "2008-12-31": 0}}, "revenue": {"Knight-Swift Transportation Holdings Annual Revenue (Millions of US $)": {"2020": "$4,674", "2019": "$4,844", "2018": "$5,344", "2017": "$2,425", "2016": "$1,118", "2015": "$1,183", "2014": "$4,299", "2013": "$4,118", "2012": "$3,976", "2011": "$3,779", "2010": "$2,930", "2009": "$2,571", "2008": "$3,400", "2007": "$2,180"}, "Knight-Swift Transportation Holdings Quarterly Revenue (Millions of US $)": {"2020-12-31": "$1,278", "2020-09-30": "$1,210", "2020-06-30": "$1,061", "2020-03-31": "$1,125", "2019-12-31": "$1,197", "2019-09-30": "$1,201", "2019-06-30": "$1,242", "2019-03-31": "$1,205", "2018-12-31": "$1,395", "2018-09-30": "$1,347", "2018-06-30": "$1,332", "2018-03-31": "$1,271", "2017-12-31": "$1,359", "2017-09-30": "$522", "2017-06-30": "$273", "2017-03-31": "$271", "2016-12-31": "$289", "2016-09-30": "$281", "2016-06-30": "$1,012", "2016-03-31": "$968", "2015-12-31": "$1,090", "2015-09-30": "$1,065", "2015-06-30": "$1,059", "2015-03-31": "$1,015", "2014-12-31": "$1,140", "2014-09-30": "$1,075", "2014-06-30": "$1,076", "2014-03-31": "$1,008", "2013-12-31": "$1,075", "2013-09-30": "$1,032", "2013-06-30": "$1,029", "2013-03-31": "$982", "2012-12-31": "$1,284", "2012-09-30": "$993", "2012-06-30": "$873", "2012-03-31": "$827", "2011-12-31": "$1,306", "2011-09-30": "$864", "2011-06-30": "$850", "2011-03-31": "$759", "2010-12-31": "$780", "2010-09-30": "$758", "2010-06-30": "$736", "2010-03-31": "$655", "2009-12-31": "$668", "2009-09-30": "$660", "2009-06-30": "$629", "2009-03-31": "$615", "2008-12-31": ""}}, "gross-profit": {"Knight-Swift Transportation Holdings Annual Gross Profit (Millions of US $)": {"2020": "$3,321", "2019": "$3,225", "2018": "$3,404", "2017": "$1,556", "2016": "$754", "2015": "$783", "2014": "$2,386", "2013": "$2,223", "2012": "$2,112", "2011": "$2,025", "2010": "$1,690", "2009": "$1,566", "2008": "$1,890", "2007": "$1,270"}, "Knight-Swift Transportation Holdings Quarterly Gross Profit (Millions of US $)": {"2020-12-31": "$908", "2020-09-30": "$861", "2020-06-30": "$774", "2020-03-31": "$778", "2019-12-31": "$798", "2019-09-30": "$800", "2019-06-30": "$830", "2019-03-31": "$797", "2018-12-31": "$914", "2018-09-30": "$854", "2018-06-30": "$833", "2018-03-31": "$802", "2017-12-31": "$866", "2017-09-30": "$332", "2017-06-30": "$181", "2017-03-31": "$177", "2016-12-31": "$189", "2016-09-30": "$189", "2016-06-30": "$641", "2016-03-31": "$626", "2015-12-31": "$703", "2015-09-30": "$662", "2015-06-30": "$648", "2015-03-31": "$619", "2014-12-31": "$673", "2014-09-30": "$598", "2014-06-30": "$582", "2014-03-31": "$533", "2013-12-31": "$588", "2013-09-30": "$553", "2013-06-30": "$560", "2013-03-31": "$521", "2012-12-31": "$680", "2012-09-30": "$518", "2012-06-30": "$474", "2012-03-31": "$441", "2011-12-31": "$683", "2011-09-30": "$469", "2011-06-30": "$458", "2011-03-31": "$415", "2010-12-31": "$451", "2010-09-30": "$442", "2010-06-30": "$423", "2010-03-31": "$373", "2009-12-31": "$336", "2009-09-30": "$399", "2009-06-30": "$387", "2009-03-31": "$393", "2008-12-31": ""}}, "operating-income": {"Knight-Swift Transportation Holdings Annual Operating Income (Millions of US $)": {"2020": "$564", "2019": "$427", "2018": "$569", "2017": "$201", "2016": "$148", "2015": "$178", "2014": "$370", "2013": "$357", "2012": "$352", "2011": "$322", "2010": "$243", "2009": "$132", "2008": "$115", "2007": "$-155"}, "Knight-Swift Transportation Holdings Quarterly Operating Income (Millions of US $)": {"2020-12-31": "$195", "2020-09-30": "$165", "2020-06-30": "$102", "2020-03-31": "$102", "2019-12-31": "$100", "2019-09-30": "$103", "2019-06-30": "$109", "2019-03-31": "$116", "2018-12-31": "$207", "2018-09-30": "$144", "2018-06-30": "$124", "2018-03-31": "$94", "2017-12-31": "$144", "2017-09-30": "$6", "2017-06-30": "$28", "2017-03-31": "$23", "2016-12-31": "$35", "2016-09-30": "$37", "2016-06-30": "$74", "2016-03-31": "$52", "2015-12-31": "$122", "2015-09-30": "$75", "2015-06-30": "$98", "2015-03-31": "$75", "2014-12-31": "$132", "2014-09-30": "$97", "2014-06-30": "$94", "2014-03-31": "$46", "2013-12-31": "$103", "2013-09-30": "$84", "2013-06-30": "$100", "2013-03-31": "$70", "2012-12-31": "$130", "2012-09-30": "$77", "2012-06-30": "$87", "2012-03-31": "$58", "2011-12-31": "$113", "2011-09-30": "$90", "2011-06-30": "$73", "2011-03-31": "$47", "2010-12-31": "$77", "2010-09-30": "$82", "2010-06-30": "$61", "2010-03-31": "$23", "2009-12-31": "$47", "2009-09-30": "$46", "2009-06-30": "$27", "2009-03-31": "$12", "2008-12-31": ""}}, "ebitda": {"Knight-Swift Transportation Holdings Annual EBITDA (Millions of US $)": {"2019": "$890", "2018": "$999", "2017": "$408", "2016": "$265", "2015": "$289", "2014": "$618", "2013": "$607", "2012": "$608", "2011": "$581", "2010": "$484", "2009": "$396", "2008": "$421", "2007": "$293"}, "Knight-Swift Transportation Holdings Quarterly EBITDA (Millions of US $)": {"2020-09-30": "$293", "2020-06-30": "$102", "2020-03-31": "$102", "2019-12-31": "$220", "2019-09-30": "$221", "2019-06-30": "$109", "2019-03-31": "$116", "2018-12-31": "$318", "2018-09-30": "$253", "2018-06-30": "$231", "2018-03-31": "$198", "2017-12-31": "$246", "2017-09-30": "$52", "2017-06-30": "$58", "2017-03-31": "$52", "2016-12-31": "$64", "2016-09-30": "$-17", "2016-06-30": "$143", "2016-03-31": "$124", "2015-12-31": "$29", "2015-09-30": "$146", "2015-06-30": "$166", "2015-03-31": "$140", "2014-12-31": "$195", "2014-09-30": "$159", "2014-06-30": "$156", "2014-03-31": "$109", "2013-12-31": "$165", "2013-09-30": "$150", "2013-06-30": "$162", "2013-03-31": "$130", "2012-12-31": "$198", "2012-09-30": "$147", "2012-06-30": "$145", "2012-03-31": "$118", "2011-12-31": "$188", "2011-09-30": "$151", "2011-06-30": "$135", "2011-03-31": "$108", "2010-12-31": "$135", "2010-09-30": "$139", "2010-06-30": "$118", "2010-03-31": "$93", "2009-12-31": "$110", "2009-09-30": "$110", "2009-06-30": "$95", "2009-03-31": "$82", "2008-12-31": ""}}, "net-income": {"Knight-Swift Transportation Holdings Annual Net Income (Millions of US $)": {"2020": "$410", "2019": "$309", "2018": "$419", "2017": "$484", "2016": "$94", "2015": "$117", "2014": "$161", "2013": "$155", "2012": "$140", "2011": "$103", "2010": "$-125", "2009": "$-436", "2008": "$-147", "2007": "$-96"}, "Knight-Swift Transportation Holdings Quarterly Net Income (Millions of US $)": {"2020-12-31": "$142", "2020-09-30": "$122", "2020-06-30": "$80", "2020-03-31": "$65", "2019-12-31": "$67", "2019-09-30": "$75", "2019-06-30": "$79", "2019-03-31": "$88", "2018-12-31": "$152", "2018-09-30": "$106", "2018-06-30": "$91", "2018-03-31": "$70", "2017-12-31": "$448", "2017-09-30": "$4", "2017-06-30": "$18", "2017-03-31": "$15", "2016-12-31": "$22", "2016-09-30": "$24", "2016-06-30": "$43", "2016-03-31": "$32", "2015-12-31": "$73", "2015-09-30": "$36", "2015-06-30": "$51", "2015-03-31": "$38", "2014-12-31": "$58", "2014-09-30": "$50", "2014-06-30": "$40", "2014-03-31": "$12", "2013-12-31": "$45", "2013-09-30": "$30", "2013-06-30": "$50", "2013-03-31": "$30", "2012-12-31": "$67", "2012-09-30": "$34", "2012-06-30": "$34", "2012-03-31": "$6", "2011-12-31": "$49", "2011-09-30": "$31", "2011-06-30": "$20", "2011-03-31": "$3", "2010-12-31": "$-48", "2010-09-30": "$-1", "2010-06-30": "$-23", "2010-03-31": "$-53", "2009-12-31": "$-37", "2009-09-30": "$-4", "2009-06-30": "$-31", "2009-03-31": "$-44", "2008-12-31": ""}}, "eps-earnings-per-share-diluted": {"Knight-Swift Transportation Holdings Annual EPS": {"2020": "$2.40", "2019": "$1.80", "2018": "$2.36", "2017": "$4.34", "2016": "$1.16", "2015": "$1.42", "2014": "$1.56", "2013": "$1.51", "2012": "$1.39", "2011": "$1.03", "2010": "$-2.75", "2009": "$-10.07", "2008": "$-3.39", "2007": "$-2.69"}, "Knight-Swift Transportation Holdings Quarterly EPS": {"2020-12-31": "$0.84", "2020-09-30": "$0.71", "2020-06-30": "$0.47", "2020-03-31": "$0.38", "2019-12-31": "$0.39", "2019-09-30": "$0.44", "2019-06-30": "$0.46", "2019-03-31": "$0.51", "2018-12-31": "$0.86", "2018-09-30": "$0.60", "2018-06-30": "$0.51", "2018-03-31": "$0.39", "2017-12-31": "$2.50", "2017-09-30": "$0.04", "2017-06-30": "$0.22", "2017-03-31": "$0.18", "2016-12-31": "$0.27", "2016-09-30": "$0.29", "2016-06-30": "$0.44", "2016-03-31": "$0.32", "2015-12-31": "$0.71", "2015-09-30": "$0.35", "2015-06-30": "$0.49", "2015-03-31": "$0.36", "2014-12-31": "$0.56", "2014-09-30": "$0.49", "2014-06-30": "$0.39", "2014-03-31": "$0.13", "2013-12-31": "$0.44", "2013-09-30": "$0.29", "2013-06-30": "$0.49", "2013-03-31": "$0.29", "2012-12-31": "$0.67", "2012-09-30": "$0.33", "2012-06-30": "$0.33", "2012-03-31": "$0.06", "2011-12-31": "$0.50", "2011-09-30": "$0.31", "2011-06-30": "$0.19", "2011-03-31": "$0.03", "2010-12-31": "$-0.97", "2010-09-30": "$-0.03", "2010-06-30": "$-0.53", "2010-03-31": "$-1.22", "2009-12-31": "$-0.86", "2009-09-30": "$-0.07", "2009-06-30": "$-0.57", "2009-03-31": "$-0.81", "2008-12-31": "$0.00"}}, "shares-outstanding": {"Knight-Swift Transportation Holdings Annual Shares Outstanding (Millions of Shares)": {"2020": "171", "2019": "172", "2018": "178", "2017": "112", "2016": "81", "2015": "82", "2014": "103", "2013": "102", "2012": "101", "2011": "101", "2010": "46", "2009": "43", "2008": "43", "2007": "36"}, "Knight-Swift Transportation Holdings Quarterly Shares Outstanding (Millions of Shares)": {"2020-12-31": "169", "2020-09-30": "171", "2020-06-30": "171", "2020-03-31": "171", "2019-12-31": "172", "2019-09-30": "171", "2019-06-30": "173", "2019-03-31": "174", "2018-12-31": "178", "2018-09-30": "178", "2018-06-30": "179", "2018-03-31": "179", "2017-12-31": "179", "2017-09-30": "104", "2017-06-30": "81", "2017-03-31": "81", "2016-12-31": "81", "2016-09-30": "81", "2016-06-30": "98", "2016-03-31": "99", "2015-12-31": "102", "2015-09-30": "104", "2015-06-30": "104", "2015-03-31": "104", "2014-12-31": "103", "2014-09-30": "103", "2014-06-30": "103", "2014-03-31": "103", "2013-12-31": "102", "2013-09-30": "102", "2013-06-30": "102", "2013-03-31": "102", "2012-12-31": "101", "2012-09-30": "100", "2012-06-30": "101", "2012-03-31": "101", "2011-12-31": "101", "2011-09-30": "100", "2011-06-30": "101", "2011-03-31": "100", "2010-12-31": "46", "2010-09-30": "43", "2010-06-30": "43", "2010-03-31": "43", "2009-12-31": "43", "2009-09-30": "54", "2009-06-30": "54", "2009-03-31": "54", "2008-12-31": ""}}, "total-assets": {"Knight-Swift Transportation Holdings Annual Total Assets (Millions of US $)": {"2019": "$8,282", "2018": "$7,912", "2017": "$7,683", "2016": "$1,079", "2015": "$2,920", "2014": "$2,893", "2013": "$2,809", "2012": "$2,792", "2011": "$2,640", "2010": "$2,568", "2009": "$2,514", "2008": "$2,649", "2007": "$643"}, "Knight-Swift Transportation Holdings Quarterly Total Assets (Millions of US $)": {"2020-09-30": "$8,501", "2020-06-30": "$8,279", "2020-03-31": "$8,288", "2019-12-31": "$8,282", "2019-09-30": "$8,322", "2019-06-30": "$8,214", "2019-03-31": "$8,081", "2018-12-31": "$7,912", "2018-09-30": "$7,932", "2018-06-30": "$7,754", "2018-03-31": "$7,656", "2017-12-31": "$7,683", "2017-09-30": "$7,548", "2017-06-30": "$2,591", "2017-03-31": "$2,637", "2016-12-31": "$1,079", "2016-09-30": "$2,754", "2016-06-30": "$2,773", "2016-03-31": "$2,868", "2015-12-31": "$2,920", "2015-09-30": "$2,974", "2015-06-30": "$2,909", "2015-03-31": "$2,877", "2014-12-31": "$2,893", "2014-09-30": "$2,832", "2014-06-30": "$2,815", "2014-03-31": "$2,820", "2013-12-31": "$2,809", "2013-09-30": "$2,864", "2013-06-30": "$2,643", "2013-03-31": "$2,640", "2012-12-31": "$2,792", "2012-09-30": "$2,616", "2012-06-30": "$2,573", "2012-03-31": "$2,599", "2011-12-31": "$2,640", "2011-09-30": "$2,544", "2011-06-30": "$2,592", "2011-03-31": "$2,556", "2010-12-31": "$2,568", "2010-09-30": "$2,666", "2010-06-30": "$2,592", "2010-03-31": "$2,639", "2009-12-31": "$2,514", "2009-09-30": "$0", "2009-06-30": "$0", "2009-03-31": "$0", "2008-12-31": "$2,649"}}, "cash-on-hand": {"Knight-Swift Transportation Holdings Annual Cash on Hand (Millions of US $)": {"2019": "$210", "2018": "$147", "2017": "$173", "2016": "$8", "2015": "$186", "2014": "$175", "2013": "$136", "2012": "$128", "2011": "$154", "2010": "$132", "2009": "$141", "2008": "$76", "2007": "$31"}, "Knight-Swift Transportation Holdings Quarterly Cash on Hand (Millions of US $)": {"2020-09-30": "$286", "2020-06-30": "$166", "2020-03-31": "$168", "2019-12-31": "$210", "2019-09-30": "$145", "2019-06-30": "$117", "2019-03-31": "$123", "2018-12-31": "$147", "2018-09-30": "$160", "2018-06-30": "$188", "2018-03-31": "$157", "2017-12-31": "$173", "2017-09-30": "$221", "2017-06-30": "$124", "2017-03-31": "$140", "2016-12-31": "$8", "2016-09-30": "$154", "2016-06-30": "$196", "2016-03-31": "$223", "2015-12-31": "$186", "2015-09-30": "$135", "2015-06-30": "$136", "2015-03-31": "$149", "2014-12-31": "$175", "2014-09-30": "$147", "2014-06-30": "$152", "2014-03-31": "$119", "2013-12-31": "$136", "2013-09-30": "$126", "2013-06-30": "$113", "2013-03-31": "$114", "2012-12-31": "$128", "2012-09-30": "$116", "2012-06-30": "$107", "2012-03-31": "$120", "2011-12-31": "$154", "2011-09-30": "$115", "2011-06-30": "$141", "2011-03-31": "$107", "2010-12-31": "$132", "2010-09-30": "$130", "2010-06-30": "$88", "2010-03-31": "$136", "2009-12-31": "$141", "2009-09-30": "", "2009-06-30": "", "2009-03-31": "", "2008-12-31": "$76"}}, "long-term-debt": {"Knight-Swift Transportation Holdings Annual Long Term Debt (Millions of US $)": {"2019": "$336", "2018": "$631", "2017": "$617", "2016": "$20", "2015": "$1,290", "2014": "$1,421", "2013": "$1,528", "2012": "$1,564", "2011": "$1,710", "2010": "$1,880", "2009": "$2,420", "2008": "$2,466", "2007": "$"}, "Knight-Swift Transportation Holdings Quarterly Long Term Debt (Millions of US $)": {"2020-09-30": "$257", "2020-06-30": "$283", "2020-03-31": "$350", "2019-12-31": "$336", "2019-09-30": "$714", "2019-06-30": "$701", "2019-03-31": "$493", "2018-12-31": "$631", "2018-09-30": "$673", "2018-06-30": "$578", "2018-03-31": "$565", "2017-12-31": "$617", "2017-09-30": "$650", "2017-06-30": "$887", "2017-03-31": "$937", "2016-12-31": "$20", "2016-09-30": "$1,119", "2016-06-30": "$1,156", "2016-03-31": "$1,266", "2015-12-31": "$1,290", "2015-09-30": "$1,085", "2015-06-30": "$1,326", "2015-03-31": "$1,315", "2014-12-31": "$1,421", "2014-09-30": "$1,386", "2014-06-30": "$1,435", "2014-03-31": "$1,454", "2013-12-31": "$1,528", "2013-09-30": "$1,608", "2013-06-30": "$1,429", "2013-03-31": "$1,447", "2012-12-31": "$1,564", "2012-09-30": "$1,594", "2012-06-30": "$1,611", "2012-03-31": "$1,609", "2011-12-31": "$1,710", "2011-09-30": "$1,714", "2011-06-30": "$1,809", "2011-03-31": "$1,788", "2010-12-31": "$1,880", "2010-09-30": "$2,479", "2010-06-30": "$2,466", "2010-03-31": "$2,476", "2009-12-31": "$2,420", "2009-09-30": "", "2009-06-30": "", "2009-03-31": "", "2008-12-31": "$2,466"}}, "total-liabilities": {"Knight-Swift Transportation Holdings Annual Total Liabilities (Millions of US $)": {"2019": "$2,613", "2018": "$2,449", "2017": "$2,443", "2016": "$290", "2015": "$2,303", "2014": "$2,422", "2013": "$2,525", "2012": "$2,502", "2011": "$2,533", "2010": "$2,651", "2009": "$3,380", "2008": "$3,093", "2007": "$156"}, "Knight-Swift Transportation Holdings Quarterly Total Liabilities (Millions of US $)": {"2020-09-30": "$2,620", "2020-06-30": "$2,513", "2020-03-31": "$2,598", "2019-12-31": "$2,613", "2019-09-30": "$2,717", "2019-06-30": "$2,682", "2019-03-31": "$2,537", "2018-12-31": "$2,449", "2018-09-30": "$2,536", "2018-06-30": "$2,357", "2018-03-31": "$2,347", "2017-12-31": "$2,443", "2017-09-30": "$2,750", "2017-06-30": "$1,876", "2017-03-31": "$1,955", "2016-12-31": "$290", "2016-09-30": "$2,142", "2016-06-30": "$2,164", "2016-03-31": "$2,261", "2015-12-31": "$2,303", "2015-09-30": "$2,362", "2015-06-30": "$2,337", "2015-03-31": "$2,362", "2014-12-31": "$2,422", "2014-09-30": "$2,430", "2014-06-30": "$2,467", "2014-03-31": "$2,518", "2013-12-31": "$2,525", "2013-09-30": "$2,630", "2013-06-30": "$2,339", "2013-03-31": "$2,383", "2012-12-31": "$2,502", "2012-09-30": "$2,433", "2012-06-30": "$2,441", "2012-03-31": "$2,504", "2011-12-31": "$2,533", "2011-09-30": "$2,498", "2011-06-30": "$2,577", "2011-03-31": "$2,565", "2010-12-31": "$2,651", "2010-09-30": "$3,492", "2010-06-30": "$3,423", "2010-03-31": "$3,457", "2009-12-31": "$3,380", "2009-09-30": "$0", "2009-06-30": "$0", "2009-03-31": "$0", "2008-12-31": "$3,093"}}, "total-share-holder-equity": {"Knight-Swift Transportation Holdings Annual Share Holder Equity (Millions of US $)": {"2019": "$5,668", "2018": "$5,463", "2017": "$5,240", "2016": "$789", "2015": "$617", "2014": "$470", "2013": "$284", "2012": "$290", "2011": "$108", "2010": "$-83", "2009": "$-866", "2008": "$-444", "2007": "$488"}, "Knight-Swift Transportation Holdings Quarterly Share Holder Equity (Millions of US $)": {"2020-09-30": "$5,881", "2020-06-30": "$5,766", "2020-03-31": "$5,690", "2019-12-31": "$5,668", "2019-09-30": "$5,605", "2019-06-30": "$5,532", "2019-03-31": "$5,545", "2018-12-31": "$5,463", "2018-09-30": "$5,396", "2018-06-30": "$5,396", "2018-03-31": "$5,309", "2017-12-31": "$5,240", "2017-09-30": "$4,798", "2017-06-30": "$715", "2017-03-31": "$682", "2016-12-31": "$789", "2016-09-30": "$612", "2016-06-30": "$609", "2016-03-31": "$607", "2015-12-31": "$617", "2015-09-30": "$612", "2015-06-30": "$572", "2015-03-31": "$515", "2014-12-31": "$470", "2014-09-30": "$402", "2014-06-30": "$348", "2014-03-31": "$302", "2013-12-31": "$284", "2013-09-30": "$235", "2013-06-30": "$304", "2013-03-31": "$257", "2012-12-31": "$290", "2012-09-30": "$183", "2012-06-30": "$132", "2012-03-31": "$96", "2011-12-31": "$108", "2011-09-30": "$46", "2011-06-30": "$14", "2011-03-31": "$-10", "2010-12-31": "$-83", "2010-09-30": "$-826", "2010-06-30": "$-831", "2010-03-31": "$-818", "2009-12-31": "$-866", "2009-09-30": "$0", "2009-06-30": "$0", "2009-03-31": "$0", "2008-12-31": "$-444"}}, "profit-margins": {"current": "8.77%"}, "gross margin": {"2020-12-31": "71.05%", "2020-09-30": "69.91%", "2020-06-30": "68.72%", "2020-03-31": "67.28%", "2019-12-31": "66.56%", "2019-09-30": "66.25%", "2019-06-30": "65.43%", "2019-03-31": "64.37%", "2018-12-31": "63.67%", "2018-09-30": "63.19%", "2018-06-30": "63.18%", "2018-03-31": "63.68%", "2017-12-31": "64.16%", "2017-09-30": "64.87%", "2017-06-30": "66.07%", "2017-03-31": "64.54%", "2016-12-31": "64.51%", "2016-09-30": "64.43%", "2016-06-30": "63.65%", "2016-03-31": "63.10%", "2015-12-31": "62.24%", "2015-09-30": "60.81%", "2015-06-30": "59.17%", "2015-03-31": "57.41%", "2014-12-31": "55.50%", "2014-09-30": "54.35%", "2014-06-30": "53.83%", "2014-03-31": "53.91%", "2013-12-31": "53.96%", "2013-09-30": "53.48%", "2013-06-30": "53.15%", "2013-03-31": "53.07%", "2012-12-31": "53.13%", "2012-09-30": "52.91%", "2012-06-30": "53.41%", "2012-03-31": "53.31%", "2011-12-31": "53.59%", "2011-09-30": "55.12%", "2011-06-30": "56.12%", "2011-03-31": "57.07%", "2010-12-31": "57.66%", "2010-09-30": "55.88%", "2010-06-30": "56.31%", "2010-03-31": "57.24%", "2009-12-31": "58.90%"}, "operating margin": {"2020-12-31": "12.07%", "2020-09-30": "10.21%", "2020-06-30": "8.88%", "2020-03-31": "8.69%", "2019-12-31": "8.83%", "2019-09-30": "10.61%", "2019-06-30": "11.10%", "2019-03-31": "11.20%", "2018-12-31": "10.65%", "2018-09-30": "9.53%", "2018-06-30": "8.21%", "2018-03-31": "7.94%", "2017-12-31": "8.29%", "2017-09-30": "6.79%", "2017-06-30": "11.04%", "2017-03-31": "9.12%", "2016-12-31": "7.76%", "2016-09-30": "8.50%", "2016-06-30": "7.81%", "2016-03-31": "8.30%", "2015-12-31": "8.75%", "2015-09-30": "8.88%", "2015-06-30": "9.37%", "2015-03-31": "9.24%", "2014-12-31": "8.58%", "2014-09-30": "8.03%", "2014-06-30": "7.80%", "2014-03-31": "8.04%", "2013-12-31": "8.67%", "2013-09-30": "8.87%", "2013-06-30": "8.79%", "2013-03-31": "8.81%", "2012-12-31": "8.85%", "2012-09-30": "8.38%", "2012-06-30": "8.99%", "2012-03-31": "8.68%", "2011-12-31": "8.55%", "2011-09-30": "8.82%", "2011-06-30": "8.87%", "2011-03-31": "8.80%", "2010-12-31": "8.30%", "2010-09-30": "7.56%", "2010-06-30": "6.51%", "2010-03-31": "5.47%", "2009-12-31": "5.13%"}, "ebitda margin": {"2020-09-30": "15.61%", "2020-06-30": "14.07%", "2020-03-31": "13.68%", "2019-12-31": "13.75%", "2019-09-30": "15.15%", "2019-06-30": "15.34%", "2019-03-31": "17.39%", "2018-12-31": "18.71%", "2018-09-30": "17.48%", "2018-06-30": "16.21%", "2018-03-31": "16.18%", "2017-12-31": "16.82%", "2017-09-30": "16.68%", "2017-06-30": "14.09%", "2017-03-31": "13.06%", "2016-12-31": "12.31%", "2016-09-30": "8.33%", "2016-06-30": "10.69%", "2016-03-31": "11.12%", "2015-12-31": "11.37%", "2015-09-30": "15.12%", "2015-06-30": "15.39%", "2015-03-31": "15.10%", "2014-12-31": "14.40%", "2014-09-30": "13.91%", "2014-06-30": "13.84%", "2014-03-31": "14.14%", "2013-12-31": "14.74%", "2013-09-30": "14.79%", "2013-06-30": "14.86%", "2013-03-31": "15.00%", "2012-12-31": "15.29%", "2012-09-30": "14.95%", "2012-06-30": "15.56%", "2012-03-31": "15.39%", "2011-12-31": "15.40%", "2011-09-30": "16.26%", "2011-06-30": "16.43%", "2011-03-31": "16.49%", "2010-12-31": "16.56%", "2010-09-30": "16.33%", "2010-06-30": "15.85%", "2010-03-31": "15.62%", "2009-12-31": "15.44%"}, "pre tax profit margin": {"2020-12-31": "11.98%", "2020-09-30": "10.02%", "2020-06-30": "8.51%", "2020-03-31": "8.16%", "2019-12-31": "8.57%", "2019-09-30": "10.41%", "2019-06-30": "10.91%", "2019-03-31": "10.97%", "2018-12-31": "10.35%", "2018-09-30": "9.19%", "2018-06-30": "7.81%", "2018-03-31": "7.59%", "2017-12-31": "7.96%", "2017-09-30": "6.64%", "2017-06-30": "11.22%", "2017-03-31": "8.69%", "2016-12-31": "7.18%", "2016-09-30": "7.85%", "2016-06-30": "6.84%", "2016-03-31": "7.20%", "2015-12-31": "7.52%", "2015-09-30": "6.87%", "2015-06-30": "7.23%", "2015-03-31": "6.78%", "2014-12-31": "5.82%", "2014-09-30": "5.60%", "2014-06-30": "5.23%", "2014-03-31": "5.57%", "2013-12-31": "6.22%", "2013-09-30": "6.31%", "2013-06-30": "6.20%", "2013-03-31": "5.91%", "2012-12-31": "5.08%", "2012-09-30": "4.48%", "2012-06-30": "4.68%", "2012-03-31": "4.13%", "2011-12-31": "4.29%", "2011-09-30": "0.00%", "2011-06-30": "-1.56%", "2011-03-31": "-3.30%", "2010-12-31": "-5.77%", "2010-09-30": "-4.08%", "2010-06-30": "-4.30%", "2010-03-31": "-4.90%", "2009-12-31": "-4.20%"}, "net profit margin": {"2020-12-31": "8.75%", "2020-09-30": "7.27%", "2020-06-30": "6.26%", "2020-03-31": "6.00%", "2019-12-31": "6.38%", "2019-09-30": "7.81%", "2019-06-30": "8.19%", "2019-03-31": "8.28%", "2018-12-31": "7.84%", "2018-09-30": "13.47%", "2018-06-30": "13.67%", "2018-03-31": "15.77%", "2017-12-31": "20.00%", "2017-09-30": "4.35%", "2017-06-30": "7.09%", "2017-03-31": "5.61%", "2016-12-31": "4.75%", "2016-09-30": "5.13%", "2016-06-30": "4.45%", "2016-03-31": "4.59%", "2015-12-31": "4.68%", "2015-09-30": "4.28%", "2015-06-30": "4.59%", "2015-03-31": "4.32%", "2014-12-31": "3.72%", "2014-09-30": "3.47%", "2014-06-30": "3.03%", "2014-03-31": "3.31%", "2013-12-31": "3.76%", "2013-09-30": "4.09%", "2013-06-30": "4.22%", "2013-03-31": "3.99%", "2012-12-31": "3.55%", "2012-09-30": "3.08%", "2012-06-30": "3.10%", "2012-03-31": "2.76%", "2011-12-31": "2.73%", "2011-09-30": "0.18%", "2011-06-30": "-0.83%", "2011-03-31": "-2.27%", "2010-12-31": "-4.27%", "2010-09-30": "-4.05%", "2010-06-30": "-4.30%", "2010-03-31": "-4.79%", "2009-12-31": "-4.51%"}, "pe ratio": {"current": "15.04", "2021-02-05": "26.42", "2020-12-31": "26.81", "2020-09-30": "20.83", "2020-06-30": "24.73", "2020-03-31": "19.53", "2019-12-31": "19.75", "2019-09-30": "15.84", "2019-06-30": "13.36", "2019-03-31": "13.00", "2018-12-31": "10.46", "2018-09-30": "8.47", "2018-06-30": "10.90", "2018-03-31": "14.05", "2017-12-31": "14.89", "2017-09-30": "45.05", "2017-06-30": "28.96", "2017-03-31": "21.62", "2016-12-31": "19.22", "2016-09-30": "15.06", "2016-06-30": "14.28", "2016-03-31": "13.73", "2015-12-31": "12.44", "2015-09-30": "13.30", "2015-06-30": "13.73", "2015-03-31": "17.45", "2014-12-31": "20.96", "2014-09-30": "18.53", "2014-06-30": "18.58", "2014-03-31": "17.69", "2013-12-31": "12.90", "2013-09-30": "11.36", "2013-06-30": "11.63", "2013-03-31": "11.80", "2012-12-31": "12.37", "2012-09-30": "12.90", "2012-06-30": "13.99", "2012-03-31": "17.73", "2011-12-31": "16.13", "2011-09-30": "0.00", "2011-06-30": "0.00", "2011-03-31": "0.00", "2010-12-31": "0.00", "2010-09-30": "0.00", "2010-06-30": "0.00", "2010-03-31": "0.00", "2009-12-31": "0.00", "2009-09-30": "0.00"}, "price sales": {"2021-02-05": "1.50", "2020-12-31": "1.52", "2020-09-30": "1.51", "2020-06-30": "1.55", "2020-03-31": "1.18", "2019-12-31": "1.27", "2019-09-30": "1.24", "2019-06-30": "1.10", "2019-03-31": "1.08", "2018-12-31": "0.82", "2018-09-30": "1.14", "2018-06-30": "1.38", "2018-03-31": "1.95", "2017-12-31": "2.22", "2017-09-30": "2.66", "2017-06-30": "2.64", "2017-03-31": "1.48", "2016-12-31": "1.19", "2016-09-30": "0.82", "2016-06-30": "0.63", "2016-03-31": "0.62", "2015-12-31": "0.58", "2015-09-30": "0.57", "2015-06-30": "0.63", "2015-03-31": "0.76", "2014-12-31": "0.79", "2014-09-30": "0.65", "2014-06-30": "0.57", "2014-03-31": "0.56", "2013-12-31": "0.44", "2013-09-30": "0.38", "2013-06-30": "0.39", "2013-03-31": "0.38", "2012-12-31": "0.36", "2012-09-30": "0.33", "2012-06-30": "0.38", "2012-03-31": "0.43", "2011-12-31": "0.38", "2011-09-30": "0.29", "2011-06-30": "0.31", "2011-03-31": "0.29", "2010-12-31": "0.26", "2010-09-30": "0.26", "2010-06-30": "0.29", "2010-03-31": "0.33", "2009-12-31": "0.33", "2009-09-30": "0.41"}, "price book": {"current": "1.19", "2021-02-05": "1.19", "2020-09-30": "1.18", "2020-06-30": "1.23", "2020-03-31": "0.97", "2019-12-31": "1.07", "2019-09-30": "1.09", "2019-06-30": "1.00", "2019-03-31": "1.01", "2018-12-31": "0.78", "2018-09-30": "1.10", "2018-06-30": "1.24", "2018-03-31": "1.51", "2017-12-31": "1.45", "2017-09-30": "1.51", "2017-06-30": "4.88", "2017-03-31": "4.31", "2016-12-31": "3.29", "2016-09-30": "4.36", "2016-06-30": "4.10", "2016-03-31": "4.12", "2015-12-31": "3.83", "2015-09-30": "3.94", "2015-06-30": "4.69", "2015-03-31": "6.28", "2014-12-31": "7.16", "2014-09-30": "6.78", "2014-06-30": "6.80", "2014-03-31": "7.60", "2013-12-31": "6.41", "2013-09-30": "6.93", "2013-06-30": "5.42", "2013-03-31": "6.11", "2012-12-31": "4.88", "2012-09-30": "7.29", "2012-06-30": "11.21", "2012-03-31": "17.05", "2011-12-31": "13.39", "2011-09-30": "26.55", "2011-06-30": "108.54", "2011-03-31": "-179.33", "2010-12-31": "-19.83", "2010-09-30": "-1.10", "2010-06-30": "-1.14", "2010-03-31": "-1.20", "2009-12-31": "-0.83", "2009-09-30": "0.00", "2009-06-30": "0.00", "2009-03-31": "0.00", "2008-12-31": "0.00"}, "price fcf": {"2021-02-05": "", "2020-09-30": "$2.88", "2020-06-30": "$1.84", "2020-03-31": "$0.94", "2019-12-31": "$1.57", "2019-09-30": "$1.59", "2019-06-30": "$1.39", "2019-03-31": "$1.95", "2018-12-31": "$1.98", "2018-09-30": "$0.67", "2018-06-30": "$0.31", "2018-03-31": "$0.56", "2017-12-31": "$0.10", "2017-09-30": "$1.19", "2017-06-30": "$0.59", "2017-03-31": "$1.24", "2016-12-31": "$1.91", "2016-09-30": "$0.31", "2016-06-30": "$1.84", "2016-03-31": "$1.12", "2015-12-31": "$0.55", "2015-09-30": "$1.90", "2015-06-30": "$2.18", "2015-03-31": "$2.49", "2014-12-31": "$2.16", "2014-09-30": "$2.70", "2014-06-30": "$2.64", "2014-03-31": "$2.49", "2013-12-31": "$2.68", "2013-09-30": "$2.95", "2013-06-30": "$3.09", "2013-03-31": "$2.77", "2012-12-31": "$2.74", "2012-09-30": "$2.40", "2012-06-30": "$2.31", "2012-03-31": "$2.00", "2011-12-31": "$1.67", "2011-09-30": "$-1.37", "2011-06-30": "$-0.98", "2011-03-31": "$-1.28", "2010-12-31": "$-1.48", "2010-09-30": "$1.02", "2010-06-30": "$2.17", "2010-03-31": "$2.74", "2009-12-31": "$2.63", "2009-09-30": "$2.45"}, "net worth": {"value": "$7B"}, "current ratio": {"2020-12-31": "1.10", "2020-09-30": "0.79", "2020-06-30": "0.85", "2020-03-31": "0.86", "2019-12-31": "0.90", "2019-09-30": "1.29", "2019-06-30": "1.17", "2019-03-31": "1.07", "2018-12-31": "1.48", "2018-09-30": "1.43", "2018-06-30": "1.47", "2018-03-31": "1.45", "2017-12-31": "1.52", "2017-09-30": "1.33", "2017-06-30": "1.45", "2017-03-31": "1.43", "2016-12-31": "2.42", "2016-09-30": "1.55", "2016-06-30": "1.73", "2016-03-31": "1.94", "2015-12-31": "1.77", "2015-09-30": "1.09", "2015-06-30": "1.80", "2015-03-31": "1.68", "2014-12-31": "1.80", "2014-09-30": "1.64", "2014-06-30": "1.73", "2014-03-31": "1.60", "2013-12-31": "1.91", "2013-09-30": "1.68", "2013-06-30": "1.66", "2013-03-31": "1.80", "2012-12-31": "1.94", "2012-09-30": "1.91", "2012-06-30": "1.90", "2012-03-31": "1.69", "2011-12-31": "2.11", "2011-09-30": "1.73", "2011-06-30": "1.77", "2011-03-31": "1.62", "2010-12-31": "1.57", "2010-09-30": "1.22", "2010-06-30": "1.24", "2010-03-31": "1.24", "2009-12-31": "0.96", "2009-09-30": "0.00", "2009-06-30": "0.00", "2009-03-31": "0.00", "2008-12-31": "0.60"}, "quick ratio": {"2020-12-31": "0.00", "2020-09-30": "0.00", "2020-06-30": "0.00", "2020-03-31": "0.00", "2019-12-31": "0.00", "2019-09-30": "0.00", "2019-06-30": "0.00", "2019-03-31": "0.00", "2018-12-31": "0.00", "2018-09-30": "0.00", "2018-06-30": "0.00", "2018-03-31": "0.00", "2017-12-31": "0.00", "2017-09-30": "0.00", "2017-06-30": "1.41", "2017-03-31": "1.39", "2016-12-31": "0.00", "2016-09-30": "1.51", "2016-06-30": "1.69", "2016-03-31": "1.89", "2015-12-31": "1.72", "2015-09-30": "1.06", "2015-06-30": "1.75", "2015-03-31": "1.64", "2014-12-31": "1.75", "2014-09-30": "1.60", "2014-06-30": "1.68", "2014-03-31": "1.56", "2013-12-31": "1.86", "2013-09-30": "1.64", "2013-06-30": "1.61", "2013-03-31": "1.76", "2012-12-31": "1.89", "2012-09-30": "1.86", "2012-06-30": "1.84", "2012-03-31": "1.63", "2011-12-31": "2.05", "2011-09-30": "1.68", "2011-06-30": "1.72", "2011-03-31": "1.58", "2010-12-31": "1.54", "2010-09-30": "1.20", "2010-06-30": "1.22", "2010-03-31": "1.22", "2009-12-31": "0.93", "2009-09-30": "0.00", "2009-06-30": "0.00", "2009-03-31": "0.00", "2008-12-31": "0.58"}, "debt equity ratio": {"current": "0.11", "2020-12-31": "0.44", "2020-09-30": "0.45", "2020-06-30": "0.44", "2020-03-31": "0.46", "2019-12-31": "0.46", "2019-09-30": "0.49", "2019-06-30": "0.49", "2019-03-31": "0.46", "2018-12-31": "0.45", "2018-09-30": "0.47", "2018-06-30": "0.44", "2018-03-31": "0.44", "2017-12-31": "0.47", "2017-09-30": "0.57", "2017-06-30": "2.62", "2017-03-31": "2.87", "2016-12-31": "0.37", "2016-09-30": "3.50", "2016-06-30": "3.56", "2016-03-31": "3.73", "2015-12-31": "3.73", "2015-09-30": "3.86", "2015-06-30": "4.09", "2015-03-31": "4.59", "2014-12-31": "5.15", "2014-09-30": "6.04", "2014-06-30": "7.09", "2014-03-31": "8.33", "2013-12-31": "8.91", "2013-09-30": "11.20", "2013-06-30": "7.69", "2013-03-31": "9.28", "2012-12-31": "8.62", "2012-09-30": "13.31", "2012-06-30": "18.45", "2012-03-31": "26.14", "2011-12-31": "23.55", "2011-09-30": "54.32", "2011-06-30": "180.23", "2011-03-31": "-262.64", "2010-12-31": "-31.88", "2010-09-30": "-4.23", "2010-06-30": "-4.12", "2010-03-31": "-4.22", "2009-12-31": "-3.90", "2009-09-30": "0.00", "2009-06-30": "0.00", "2009-03-31": "0.00", "2008-12-31": "-6.96"}, "return on equity": {"2020-12-31": "7.05%", "2020-09-30": "5.81%", "2020-06-30": "5.05%", "2020-03-31": "5.09%", "2019-12-31": "5.53%", "2019-09-30": "7.12%", "2019-06-30": "7.75%", "2019-03-31": "8.02%", "2018-12-31": "7.77%", "2018-09-30": "13.40%", "2018-06-30": "11.82%", "2018-03-31": "13.45%", "2017-12-31": "16.97%", "2017-09-30": "3.38%", "2017-06-30": "11.29%", "2017-03-31": "15.45%", "2016-12-31": "18.49%", "2016-09-30": "28.14%", "2016-06-30": "30.10%", "2016-03-31": "31.89%", "2015-12-31": "34.20%", "2015-09-30": "33.75%", "2015-06-30": "40.22%", "2015-03-31": "42.88%", "2014-12-31": "42.05%", "2014-09-30": "44.01%", "2014-06-30": "43.46%", "2014-03-31": "48.71%", "2013-12-31": "57.41%", "2013-09-30": "65.19%", "2013-06-30": "70.02%", "2013-03-31": "76.57%", "2012-12-31": "80.46%", "2012-09-30": "94.80%", "2012-06-30": "125.65%", "2012-03-31": "160.61%", "2011-12-31": "260.76%", "2011-09-30": "-72.73%", "2011-06-30": "11.49%", "2011-03-31": "15.77%", "2010-12-31": "19.55%", "2010-09-30": "13.65%", "2010-06-30": "18.61%", "2010-03-31": "29.69%", "2009-12-31": "53.58%"}, "return on assets": {"2020-12-31": "4.88%", "2020-09-30": "4.01%", "2020-06-30": "3.46%", "2020-03-31": "3.46%", "2019-12-31": "3.76%", "2019-09-30": "4.84%", "2019-06-30": "5.29%", "2019-03-31": "5.52%", "2018-12-31": "5.36%", "2018-09-30": "9.22%", "2018-06-30": "8.00%", "2018-03-31": "8.48%", "2017-12-31": "9.48%", "2017-09-30": "1.70%", "2017-06-30": "3.49%", "2017-03-31": "4.50%", "2016-12-31": "5.11%", "2016-09-30": "6.08%", "2016-06-30": "6.38%", "2016-03-31": "6.58%", "2015-12-31": "6.78%", "2015-09-30": "6.28%", "2015-06-30": "6.85%", "2015-03-31": "6.52%", "2014-12-31": "5.63%", "2014-09-30": "5.21%", "2014-06-30": "4.49%", "2014-03-31": "4.92%", "2013-12-31": "5.66%", "2013-09-30": "6.47%", "2013-06-30": "6.77%", "2013-03-31": "6.21%", "2012-12-31": "5.33%", "2012-09-30": "4.72%", "2012-06-30": "4.63%", "2012-03-31": "4.09%", "2011-12-31": "3.99%", "2011-09-30": "0.23%", "2011-06-30": "-1.00%", "2011-03-31": "-2.66%", "2010-12-31": "-4.78%", "2010-09-30": "-4.38%", "2010-06-30": "-6.04%", "2010-03-31": "-9.70%", "2009-12-31": "-18.46%"}, "return on investments": {"2020-12-31": "9.12%", "2020-09-30": "7.74%", "2020-06-30": "6.67%", "2020-03-31": "6.73%", "2019-12-31": "6.96%", "2019-09-30": "8.67%", "2019-06-30": "9.43%", "2019-03-31": "9.78%", "2018-12-31": "9.48%", "2018-09-30": "8.51%", "2018-06-30": "6.36%", "2018-03-31": "5.79%", "2017-12-31": "5.53%", "2017-09-30": "3.88%", "2017-06-30": "8.54%", "2017-03-31": "11.41%", "2016-12-31": "12.82%", "2016-09-30": "15.67%", "2016-06-30": "17.84%", "2016-03-31": "18.82%", "2015-12-31": "20.19%", "2015-09-30": "20.78%", "2015-06-30": "21.71%", "2015-03-31": "21.84%", "2014-12-31": "20.45%", "2014-09-30": "19.05%", "2014-06-30": "18.18%", "2014-03-31": "18.65%", "2013-12-31": "20.14%", "2013-09-30": "21.53%", "2013-06-30": "21.34%", "2013-03-31": "20.57%", "2012-12-31": "19.89%", "2012-09-30": "19.03%", "2012-06-30": "19.81%", "2012-03-31": "18.80%", "2011-12-31": "18.00%", "2011-09-30": "16.04%", "2011-06-30": "15.83%", "2011-03-31": "15.57%", "2010-12-31": "14.42%", "2010-09-30": "13.11%", "2010-06-30": "14.61%", "2010-03-31": "17.81%", "2009-12-31": "33.98%"}, "return on tangible equity": {"2020-09-30": "23.43%", "2020-06-30": "21.11%", "2020-03-31": "21.91%", "2019-12-31": "24.27%", "2019-09-30": "32.52%", "2019-06-30": "36.99%", "2019-03-31": "39.56%", "2018-12-31": "40.39%", "2018-09-30": "72.61%", "2018-06-30": "71.76%", "2018-03-31": "83.56%", "2017-12-31": "107.48%", "2017-09-30": "14.46%", "2017-06-30": "26.40%", "2017-03-31": "38.73%", "2016-12-31": "49.24%", "2016-09-30": "211.69%", "2016-06-30": "238.19%", "2016-03-31": "301.18%", "2015-12-31": "542.47%", "2015-09-30": "-4066.67%", "2015-06-30": "-321.63%", "2015-03-31": "-153.09%", "2014-12-31": "-89.39%", "2014-09-30": "-63.98%", "2014-06-30": "-46.06%", "2014-03-31": "-47.12%", "2013-12-31": "-50.61%", "2013-09-30": "-57.28%", "2013-06-30": "-55.48%", "2013-03-31": "-44.18%", "2012-12-31": "-33.73%", "2012-09-30": "-26.30%", "2012-06-30": "-23.70%", "2012-03-31": "-19.63%", "2011-12-31": "-18.05%", "2011-09-30": "-0.96%", "2011-06-30": "3.07%", "2011-03-31": "6.50%", "2010-12-31": "9.85%", "2010-09-30": "7.76%", "2010-06-30": "10.57%", "2010-03-31": "16.87%", "2009-12-31": "30.77%"}, "dividend yield history": {"last payout": "$0.32", "last yield": "0.78%"}}