{"ticker": "KSS", "price": {"title": "Kohl's Historical Annual Stock Price Data", "value": 49.53, "historical": {"2021": {"Average Stock Price": "44.2113", "Year Open": "38.7800", "Year High": "49.5300", "Year Low": "38.7800", "Year Close": "49.5300", "Annual % Change": "21.73%"}, "2020": {"Average Stock Price": "26.6959", "Year Open": "49.1100", "Year High": "50.1700", "Year Low": "11.5100", "Year Close": "40.6900", "Annual % Change": "-20.14%"}, "2019": {"Average Stock Price": "56.8676", "Year Open": "67.8000", "Year High": "75.4800", "Year Low": "44.2700", "Year Close": "50.9500", "Annual % Change": "-23.20%"}, "2018": {"Average Stock Price": "69.0269", "Year Open": "56.3500", "Year High": "82.0500", "Year Low": "54.3600", "Year Close": "66.3400", "Annual % Change": "22.33%"}, "2017": {"Average Stock Price": "41.5462", "Year Open": "49.7800", "Year High": "56.8700", "Year Low": "35.3200", "Year Close": "54.2300", "Annual % Change": "9.82%"}, "2016": {"Average Stock Price": "44.4618", "Year Open": "49.5500", "Year High": "59.4300", "Year Low": "34.4900", "Year Close": "49.3800", "Annual % Change": "3.67%"}, "2015": {"Average Stock Price": "59.8627", "Year Open": "59.5900", "Year High": "79.0700", "Year Low": "42.8500", "Year Close": "47.6300", "Annual % Change": "-21.97%"}, "2014": {"Average Stock Price": "55.5721", "Year Open": "56.9900", "Year High": "62.5000", "Year Low": "49.0900", "Year Close": "61.0400", "Annual % Change": "7.56%"}, "2013": {"Average Stock Price": "50.5948", "Year Open": "42.2100", "Year High": "58.4700", "Year Low": "41.8100", "Year Close": "56.7500", "Annual % Change": "32.04%"}, "2012": {"Average Stock Price": "49.0712", "Year Open": "48.0300", "Year High": "55.1100", "Year Low": "42.2800", "Year Close": "42.9800", "Annual % Change": "-12.91%"}, "2011": {"Average Stock Price": "51.6681", "Year Open": "54.2700", "Year High": "57.0000", "Year Low": "42.6000", "Year Close": "49.3500", "Annual % Change": "-9.18%"}, "2010": {"Average Stock Price": "52.0417", "Year Open": "53.9800", "Year High": "58.5700", "Year Low": "44.2700", "Year Close": "54.3400", "Annual % Change": "0.76%"}, "2009": {"Average Stock Price": "47.3292", "Year Open": "37.5600", "Year High": "60.7300", "Year Low": "33.5800", "Year Close": "53.9300", "Annual % Change": "48.98%"}, "2008": {"Average Stock Price": "42.0865", "Year Open": "44.8900", "Year High": "53.8600", "Year Low": "24.9800", "Year Close": "36.2000", "Annual % Change": "-20.96%"}, "2007": {"Average Stock Price": "64.5260", "Year Open": "67.0800", "Year High": "78.8900", "Year Low": "44.9500", "Year Close": "45.8000", "Annual % Change": "-33.07%"}, "2006": {"Average Stock Price": "58.7156", "Year Open": "47.3700", "Year High": "73.9700", "Year Low": "43.0300", "Year Close": "68.4300", "Annual % Change": "40.80%"}, "2005": {"Average Stock Price": "50.5402", "Year Open": "49.2700", "Year High": "58.6400", "Year Low": "43.8100", "Year Close": "48.6000", "Annual % Change": "-1.16%"}, "2004": {"Average Stock Price": "46.9245", "Year Open": "43.8600", "Year High": "53.2000", "Year Low": "40.9600", "Year Close": "49.1700", "Annual % Change": "9.41%"}, "2003": {"Average Stock Price": "54.0377", "Year Open": "58.5900", "Year High": "64.4900", "Year Low": "43.3000", "Year Close": "44.9400", "Annual % Change": "-19.68%"}, "2002": {"Average Stock Price": "67.1360", "Year Open": "70.2300", "Year High": "77.7500", "Year Low": "49.4500", "Year Close": "55.9500", "Annual % Change": "-20.57%"}, "2001": {"Average Stock Price": "61.1985", "Year Open": "59.2500", "Year High": "71.8200", "Year Low": "43.3000", "Year Close": "70.4400", "Annual % Change": "15.48%"}, "2000": {"Average Stock Price": "51.6839", "Year Open": "34.1900", "Year High": "64.6900", "Year Low": "33.7800", "Year Close": "61.0000", "Annual % Change": "69.00%"}, "1999": {"Average Stock Price": "35.2372", "Year Open": "30.6250", "Year High": "40.6250", "Year Low": "29.4400", "Year Close": "36.0950", "Annual % Change": "17.50%"}, "1998": {"Average Stock Price": "22.8631", "Year Open": "16.9850", "Year High": "30.7200", "Year Low": "16.5625", "Year Close": "30.7200", "Annual % Change": "80.36%"}, "1997": {"Average Stock Price": "14.1958", "Year Open": "9.4075", "Year High": "18.6875", "Year Low": "9.1250", "Year Close": "17.0325", "Annual % Change": "73.58%"}, "1996": {"Average Stock Price": "8.5885", "Year Open": "6.6725", "Year High": "10.4700", "Year Low": "6.3594", "Year Close": "9.8125", "Annual % Change": "49.52%"}, "1995": {"Average Stock Price": "5.8817", "Year Open": "4.9375", "Year High": "6.8125", "Year Low": "4.8750", "Year Close": "6.5625", "Annual % Change": "32.47%"}, "1994": {"Average Stock Price": "5.8850", "Year Open": "6.1100", "Year High": "6.8438", "Year Low": "4.9375", "Year Close": "4.9538", "Annual % Change": "-21.13%"}, "1993": {"Average Stock Price": "4.9936", "Year Open": "3.5625", "Year High": "6.3913", "Year Low": "3.3438", "Year Close": "6.2813", "Annual % Change": "67.50%"}}}, "market cap": {"value": "$7.81B"}, "income statement": {"Revenue": {"2020-01-31": "19974.00000", "2019-01-31": "20229.00000", "2018-01-31": "20084.00000", "2017-01-31": "19681.00000", "2016-01-31": "19204.00000", "2015-01-31": "19023.00000", "2014-01-31": "19031.00000", "2013-01-31": "19279.00000", "2012-01-31": "18804.00000", "2011-01-31": "18391.00000", "2010-01-31": "17178.00000", "2009-01-31": "16389.00000", "2008-01-31": "16474.00000", "2007-01-31": "15597.00000", "2006-01-31": "13444.40000", "2005-01-31": "11700.62000"}, "Cost Of Goods Sold": {"2020-01-31": "12140.00000", "2019-01-31": "12199.00000", "2018-01-31": "12176.00000", "2017-01-31": "11944.00000", "2016-01-31": "12265.00000", "2015-01-31": "12098.00000", "2014-01-31": "12087.00000", "2013-01-31": "12289.00000", "2012-01-31": "11625.00000", "2011-01-31": "11359.00000", "2010-01-31": "10680.00000", "2009-01-31": "10334.00000", "2008-01-31": "10460.00000", "2007-01-31": "9922.00000", "2006-01-31": "8664.07700", "2005-01-31": "7586.99200"}, "Gross Profit": {"2020-01-31": "7834.00000", "2019-01-31": "8030.00000", "2018-01-31": "7908.00000", "2017-01-31": "7737.00000", "2016-01-31": "6939.00000", "2015-01-31": "6925.00000", "2014-01-31": "6944.00000", "2013-01-31": "6990.00000", "2012-01-31": "7179.00000", "2011-01-31": "7032.00000", "2010-01-31": "6498.00000", "2009-01-31": "6055.00000", "2008-01-31": "6014.00000", "2007-01-31": "5675.00000", "2006-01-31": "4780.32000", "2005-01-31": "4113.62700"}, "Research And Development Expenses": {"2020-01-31": "", "2019-01-31": "", "2018-01-31": "", "2017-01-31": "", "2016-01-31": "", "2015-01-31": "", "2014-01-31": "", "2013-01-31": "", "2012-01-31": "", "2011-01-31": "", "2010-01-31": "", "2009-01-31": "", "2008-01-31": "", "2007-01-31": "", "2006-01-31": "", "2005-01-31": ""}, "SG&A Expenses": {"2020-01-31": "5705.00000", "2019-01-31": "5601.00000", "2018-01-31": "5501.00000", "2017-01-31": "5430.00000", "2016-01-31": "4452.00000", "2015-01-31": "4350.00000", "2014-01-31": "4313.00000", "2013-01-31": "4267.00000", "2012-01-31": "4243.00000", "2011-01-31": "4190.00000", "2010-01-31": "3951.00000", "2009-01-31": "3978.00000", "2008-01-31": "3697.00000", "2007-01-31": "3422.00000", "2006-01-31": "2980.85300", "2005-01-31": "2582.99600"}, "Other Operating Income Or Expenses": {"2020-01-31": "-113.00000", "2019-01-31": "-104.00000", "2018-01-31": "", "2017-01-31": "-186.00000", "2016-01-31": "", "2015-01-31": "", "2014-01-31": "", "2013-01-31": "", "2012-01-31": "", "2011-01-31": "", "2010-01-31": "", "2009-01-31": "", "2008-01-31": "-61.00000", "2007-01-31": "-50.00000", "2006-01-31": "-44.37000", "2005-01-31": "-49.13100"}, "Operating Expenses": {"2020-01-31": "18875.00000", "2019-01-31": "18868.00000", "2018-01-31": "18668.00000", "2017-01-31": "18498.00000", "2016-01-31": "17651.00000", "2015-01-31": "17334.00000", "2014-01-31": "17289.00000", "2013-01-31": "17389.00000", "2012-01-31": "16646.00000", "2011-01-31": "16299.00000", "2010-01-31": "15319.00000", "2009-01-31": "14853.00000", "2008-01-31": "14670.00000", "2007-01-31": "13782.00000", "2006-01-31": "12028.22000", "2005-01-31": "10507.29000"}, "Operating Income": {"2020-01-31": "1099.00000", "2019-01-31": "1361.00000", "2018-01-31": "1416.00000", "2017-01-31": "1183.00000", "2016-01-31": "1553.00000", "2015-01-31": "1689.00000", "2014-01-31": "1742.00000", "2013-01-31": "1890.00000", "2012-01-31": "2158.00000", "2011-01-31": "2092.00000", "2010-01-31": "1859.00000", "2009-01-31": "1536.00000", "2008-01-31": "1804.00000", "2007-01-31": "1815.00000", "2006-01-31": "1416.18200", "2005-01-31": "1193.32700"}, "Total Non-Operating Income/Expense": {"2020-01-31": "-198.00000", "2019-01-31": "-319.00000", "2018-01-31": "-299.00000", "2017-01-31": "-308.00000", "2016-01-31": "-496.00000", "2015-01-31": "-340.00000", "2014-01-31": "-338.00000", "2013-01-31": "-329.00000", "2012-01-31": "-299.00000", "2011-01-31": "-304.00000", "2010-01-31": "-301.00000", "2009-01-31": "-111.00000", "2008-01-31": "-62.00000", "2007-01-31": "-41.00000", "2006-01-31": "-70.39100", "2005-01-31": "-62.45200"}, "Pre-Tax Income": {"2020-01-31": "901.00000", "2019-01-31": "1042.00000", "2018-01-31": "1117.00000", "2017-01-31": "875.00000", "2016-01-31": "1057.00000", "2015-01-31": "1349.00000", "2014-01-31": "1404.00000", "2013-01-31": "1561.00000", "2012-01-31": "1859.00000", "2011-01-31": "1788.00000", "2010-01-31": "1558.00000", "2009-01-31": "1425.00000", "2008-01-31": "1742.00000", "2007-01-31": "1774.00000", "2006-01-31": "1345.79000", "2005-01-31": "1130.87500"}, "Income Taxes": {"2020-01-31": "210.00000", "2019-01-31": "241.00000", "2018-01-31": "258.00000", "2017-01-31": "319.00000", "2016-01-31": "384.00000", "2015-01-31": "482.00000", "2014-01-31": "515.00000", "2013-01-31": "575.00000", "2012-01-31": "692.00000", "2011-01-31": "668.00000", "2010-01-31": "585.00000", "2009-01-31": "540.00000", "2008-01-31": "658.00000", "2007-01-31": "665.00000", "2006-01-31": "503.83000", "2005-01-31": "427.47400"}, "Income After Taxes": {"2020-01-31": "691.00000", "2019-01-31": "801.00000", "2018-01-31": "859.00000", "2017-01-31": "556.00000", "2016-01-31": "673.00000", "2015-01-31": "867.00000", "2014-01-31": "889.00000", "2013-01-31": "986.00000", "2012-01-31": "1167.00000", "2011-01-31": "1120.00000", "2010-01-31": "973.00000", "2009-01-31": "885.00000", "2008-01-31": "1084.00000", "2007-01-31": "1109.00000", "2006-01-31": "841.96010", "2005-01-31": "703.40100"}, "Other Income": {"2020-01-31": "", "2019-01-31": "", "2018-01-31": "", "2017-01-31": "", "2016-01-31": "", "2015-01-31": "", "2014-01-31": "", "2013-01-31": "", "2012-01-31": "", "2011-01-31": "", "2010-01-31": "", "2009-01-31": "", "2008-01-31": "", "2007-01-31": "", "2006-01-31": "", "2005-01-31": ""}, "Income From Continuous Operations": {"2020-01-31": "691.00000", "2019-01-31": "801.00000", "2018-01-31": "859.00000", "2017-01-31": "556.00000", "2016-01-31": "673.00000", "2015-01-31": "867.00000", "2014-01-31": "889.00000", "2013-01-31": "986.00000", "2012-01-31": "1167.00000", "2011-01-31": "1120.00000", "2010-01-31": "973.00000", "2009-01-31": "885.00000", "2008-01-31": "1084.00000", "2007-01-31": "1109.00000", "2006-01-31": "841.96010", "2005-01-31": "703.40100"}, "Income From Discontinued Operations": {"2020-01-31": "", "2019-01-31": "", "2018-01-31": "", "2017-01-31": "", "2016-01-31": "", "2015-01-31": "", "2014-01-31": "", "2013-01-31": "", "2012-01-31": "", "2011-01-31": "", "2010-01-31": "", "2009-01-31": "", "2008-01-31": "", "2007-01-31": "", "2006-01-31": "", "2005-01-31": ""}, "Net Income": {"2020-01-31": "691.00000", "2019-01-31": "801.00000", "2018-01-31": "859.00000", "2017-01-31": "556.00000", "2016-01-31": "673.00000", "2015-01-31": "867.00000", "2014-01-31": "889.00000", "2013-01-31": "986.00000", "2012-01-31": "1167.00000", "2011-01-31": "1120.00000", "2010-01-31": "973.00000", "2009-01-31": "885.00000", "2008-01-31": "1084.00000", "2007-01-31": "1109.00000", "2006-01-31": "841.96000", "2005-01-31": "703.40100"}, "EBITDA": {"2020-01-31": "2016.00000", "2019-01-31": "2325.00000", "2018-01-31": "2407.00000", "2017-01-31": "2121.00000", "2016-01-31": "2487.00000", "2015-01-31": "2575.00000", "2014-01-31": "2631.00000", "2013-01-31": "2723.00000", "2012-01-31": "2936.00000", "2011-01-31": "2842.00000", "2010-01-31": "2547.00000", "2009-01-31": "2077.00000", "2008-01-31": "2257.00000", "2007-01-31": "2204.00000", "2006-01-31": "1756.00800", "2005-01-31": "1482.43500"}, "EBIT": {"2020-01-31": "1099.00000", "2019-01-31": "1361.00000", "2018-01-31": "1416.00000", "2017-01-31": "1183.00000", "2016-01-31": "1553.00000", "2015-01-31": "1689.00000", "2014-01-31": "1742.00000", "2013-01-31": "1890.00000", "2012-01-31": "2158.00000", "2011-01-31": "2092.00000", "2010-01-31": "1859.00000", "2009-01-31": "1536.00000", "2008-01-31": "1804.00000", "2007-01-31": "1815.00000", "2006-01-31": "1416.18200", "2005-01-31": "1193.32700"}, "Basic Shares Outstanding": {"2020-01-31": "157.00000", "2019-01-31": "164.00000", "2018-01-31": "167.00000", "2017-01-31": "178.00000", "2016-01-31": "193.00000", "2015-01-31": "203.00000", "2014-01-31": "218.00000", "2013-01-31": "235.00000", "2012-01-31": "270.00000", "2011-01-31": "304.00000", "2010-01-31": "305.00000", "2009-01-31": "306.00000", "2008-01-31": "318.00000", "2007-01-31": "332.00000", "2006-01-31": "344.17200", "2005-01-31": "341.72400"}, "Shares Outstanding": {"2020-01-31": "158.00000", "2019-01-31": "165.00000", "2018-01-31": "168.00000", "2017-01-31": "179.00000", "2016-01-31": "195.00000", "2015-01-31": "204.00000", "2014-01-31": "220.00000", "2013-01-31": "237.00000", "2012-01-31": "271.00000", "2011-01-31": "306.00000", "2010-01-31": "306.00000", "2009-01-31": "307.00000", "2008-01-31": "320.00000", "2007-01-31": "335.00000", "2006-01-31": "346.77200", "2005-01-31": "344.77300"}, "Basic EPS": {"2020-01-31": "4.39000", "2019-01-31": "4.88000", "2018-01-31": "5.14000", "2017-01-31": "3.12000", "2016-01-31": "3.48000", "2015-01-31": "4.28000", "2014-01-31": "4.08000", "2013-01-31": "4.19000", "2012-01-31": "4.33000", "2011-01-31": "3.69000", "2010-01-31": "3.19000", "2009-01-31": "2.89000", "2008-01-31": "3.41000", "2007-01-31": "3.34000", "2006-01-31": "2.45000", "2005-01-31": "2.06000"}, "EPS - Earnings Per Share": {"2020-01-31": "4.37000", "2019-01-31": "4.84000", "2018-01-31": "5.12000", "2017-01-31": "3.11000", "2016-01-31": "3.46000", "2015-01-31": "4.24000", "2014-01-31": "4.05000", "2013-01-31": "4.17000", "2012-01-31": "4.30000", "2011-01-31": "3.66000", "2010-01-31": "3.17000", "2009-01-31": "2.89000", "2008-01-31": "3.39000", "2007-01-31": "3.31000", "2006-01-31": "2.43000", "2005-01-31": "2.04000"}}, "income statement, quarterly": {"Revenue": {"2020-10-31": "3979.00000", "2020-07-31": "3407.00000", "2020-04-30": "2428.00000", "2020-01-31": "6832.00000", "2019-10-31": "4625.00000", "2019-07-31": "4430.00000", "2019-04-30": "4087.00000", "2019-01-31": "6823.00000", "2018-10-31": "4628.00000", "2018-07-31": "4570.00000", "2018-04-30": "4208.00000", "2018-01-31": "7057.00000", "2017-10-31": "4567.00000", "2017-07-31": "4395.00000", "2017-04-30": "4065.00000", "2017-01-31": "7200.00000", "2016-10-31": "4327.00000", "2016-07-31": "4182.00000", "2016-04-30": "3972.00000", "2016-01-31": "6387.00000", "2015-10-31": "4427.00000", "2015-07-31": "4267.00000", "2015-04-30": "4123.00000", "2015-01-31": "6337.00000", "2014-10-31": "4374.00000", "2014-07-31": "4242.00000", "2014-04-30": "4070.00000", "2014-01-31": "6099.00000", "2013-10-31": "4444.00000", "2013-07-31": "4289.00000", "2013-04-30": "4199.00000", "2013-01-31": "6341.00000", "2012-10-31": "4490.00000", "2012-07-31": "4205.00000", "2012-04-30": "4243.00000", "2012-01-31": "6018.00000", "2011-10-31": "4376.00000", "2011-07-31": "4248.00000", "2011-04-30": "4162.00000", "2011-01-31": "6038.00000", "2010-10-31": "4218.00000", "2010-07-31": "4100.00000", "2010-04-30": "4035.00000", "2010-01-31": "5683.00000", "2009-10-31": "4051.00000", "2009-07-31": "3806.00000", "2009-04-30": "3638.00000", "2009-01-31": "5236.00000", "2008-10-31": "3804.00000", "2008-07-31": "3725.00000", "2008-04-30": "3624.00000", "2008-01-31": "5487.58800", "2007-10-31": "3825.16200", "2007-07-31": "3589.21000", "2007-04-30": "3572.04000", "2007-01-31": "5448.66200", "2006-10-31": "3650.49400", "2006-07-31": "3301.50700", "2006-04-30": "3196.33700", "2006-01-31": "4694.12100", "2005-10-31": "3119.36000", "2005-07-31": "2888.07800", "2005-04-30": "2742.83800", "2005-01-31": "4078.70600"}, "Cost Of Goods Sold": {"2020-10-31": "2424.00000", "2020-07-31": "2149.00000", "2020-04-30": "1787.00000", "2020-01-31": "4400.00000", "2019-10-31": "2775.00000", "2019-07-31": "2550.00000", "2019-04-30": "2415.00000", "2019-01-31": "4346.00000", "2018-10-31": "2752.00000", "2018-07-31": "2605.00000", "2018-04-30": "2496.00000", "2018-01-31": "4496.00000", "2017-10-31": "2727.00000", "2017-07-31": "2525.00000", "2017-04-30": "2428.00000", "2017-01-31": "4132.00000", "2016-10-31": "2720.00000", "2016-07-31": "2532.00000", "2016-04-30": "2560.00000", "2016-01-31": "4276.00000", "2015-10-31": "2784.00000", "2015-07-31": "2605.00000", "2015-04-30": "2600.00000", "2015-01-31": "4190.00000", "2014-10-31": "2746.00000", "2014-07-31": "2588.00000", "2014-04-30": "2574.00000", "2014-01-31": "4025.00000", "2013-10-31": "2778.00000", "2013-07-31": "2613.00000", "2013-04-30": "2671.00000", "2013-01-31": "4229.00000", "2012-10-31": "2778.00000", "2012-07-31": "2563.00000", "2012-04-30": "2719.00000", "2012-01-31": "3841.00000", "2011-10-31": "2688.00000", "2011-07-31": "2520.00000", "2011-04-30": "2576.00000", "2011-01-31": "3816.00000", "2010-10-31": "2596.00000", "2010-07-31": "2449.00000", "2010-04-30": "2498.00000", "2010-01-31": "3612.00000", "2009-10-31": "2512.00000", "2009-07-31": "2286.00000", "2009-04-30": "2270.00000", "2009-01-31": "3414.00000", "2008-10-31": "2381.00000", "2008-07-31": "2250.00000", "2008-04-30": "2289.00000", "2008-01-31": "3605.86300", "2007-10-31": "2407.13100", "2007-07-31": "2192.80100", "2007-04-30": "2254.20500", "2007-01-31": "3519.28400", "2006-10-31": "2299.58600", "2006-07-31": "2062.16500", "2006-04-30": "2040.96500", "2006-01-31": "3098.18000", "2005-10-31": "1986.76600", "2005-07-31": "1819.49300", "2005-04-30": "1759.63800", "2005-01-31": "2708.11600"}, "Gross Profit": {"2020-10-31": "1555.00000", "2020-07-31": "1258.00000", "2020-04-30": "641.00000", "2020-01-31": "2432.00000", "2019-10-31": "1850.00000", "2019-07-31": "1880.00000", "2019-04-30": "1672.00000", "2019-01-31": "2477.00000", "2018-10-31": "1876.00000", "2018-07-31": "1965.00000", "2018-04-30": "1712.00000", "2018-01-31": "2561.00000", "2017-10-31": "1840.00000", "2017-07-31": "1870.00000", "2017-04-30": "1637.00000", "2017-01-31": "3068.00000", "2016-10-31": "1607.00000", "2016-07-31": "1650.00000", "2016-04-30": "1412.00000", "2016-01-31": "2111.00000", "2015-10-31": "1643.00000", "2015-07-31": "1662.00000", "2015-04-30": "1523.00000", "2015-01-31": "2147.00000", "2014-10-31": "1628.00000", "2014-07-31": "1654.00000", "2014-04-30": "1496.00000", "2014-01-31": "2074.00000", "2013-10-31": "1666.00000", "2013-07-31": "1676.00000", "2013-04-30": "1528.00000", "2013-01-31": "2112.00000", "2012-10-31": "1712.00000", "2012-07-31": "1642.00000", "2012-04-30": "1524.00000", "2012-01-31": "2177.00000", "2011-10-31": "1688.00000", "2011-07-31": "1728.00000", "2011-04-30": "1586.00000", "2011-01-31": "2222.00000", "2010-10-31": "1622.00000", "2010-07-31": "1651.00000", "2010-04-30": "1537.00000", "2010-01-31": "2071.00000", "2009-10-31": "1539.00000", "2009-07-31": "1520.00000", "2009-04-30": "1368.00000", "2009-01-31": "1822.00000", "2008-10-31": "1423.00000", "2008-07-31": "1475.00000", "2008-04-30": "1335.00000", "2008-01-31": "1881.72500", "2007-10-31": "1418.03100", "2007-07-31": "1396.40900", "2007-04-30": "1317.83500", "2007-01-31": "1929.37800", "2006-10-31": "1350.90800", "2006-07-31": "1239.34200", "2006-04-30": "1155.37200", "2006-01-31": "1595.94100", "2005-10-31": "1132.59400", "2005-07-31": "1068.58500", "2005-04-30": "983.20000", "2005-01-31": "1370.59000"}, "Research And Development Expenses": {"2020-10-31": "", "2020-07-31": "", "2020-04-30": "", "2020-01-31": "", "2019-10-31": "", "2019-07-31": "", "2019-04-30": "", "2019-01-31": "", "2018-10-31": "", "2018-07-31": "", "2018-04-30": "", "2018-01-31": "", "2017-10-31": "", "2017-07-31": "", "2017-04-30": "", "2017-01-31": "", "2016-10-31": "", "2016-07-31": "", "2016-04-30": "", "2016-01-31": "", "2015-10-31": "", "2015-07-31": "", "2015-04-30": "", "2015-01-31": "", "2014-10-31": "", "2014-07-31": "", "2014-04-30": "", "2014-01-31": "", "2013-10-31": "", "2013-07-31": "", "2013-04-30": "", "2013-01-31": "", "2012-10-31": "", "2012-07-31": "", "2012-04-30": "", "2012-01-31": "", "2011-10-31": "", "2011-07-31": "", "2011-04-30": "", "2011-01-31": "", "2010-10-31": "", "2010-07-31": "", "2010-04-30": "", "2010-01-31": "", "2009-10-31": "", "2009-07-31": "", "2009-04-30": "", "2009-01-31": "", "2008-10-31": "", "2008-07-31": "", "2008-04-30": "", "2008-01-31": "", "2007-10-31": "", "2007-07-31": "", "2007-04-30": "", "2007-01-31": "", "2006-10-31": "", "2006-07-31": "", "2006-04-30": "", "2006-01-31": "", "2005-10-31": "", "2005-07-31": "", "2005-04-30": "", "2005-01-31": ""}, "SG&A Expenses": {"2020-10-31": "1302.00000", "2020-07-31": "1050.00000", "2020-04-30": "1066.00000", "2020-01-31": "1742.00000", "2019-10-31": "1419.00000", "2019-07-31": "1269.00000", "2019-04-30": "1275.00000", "2019-01-31": "1695.00000", "2018-10-31": "1375.00000", "2018-07-31": "1272.00000", "2018-04-30": "1259.00000", "2018-01-31": "1727.00000", "2017-10-31": "1340.00000", "2017-07-31": "1220.00000", "2017-04-30": "1214.00000", "2017-01-31": "2356.00000", "2016-10-31": "1080.00000", "2016-07-31": "986.00000", "2016-04-30": "1008.00000", "2016-01-31": "1332.00000", "2015-10-31": "1099.00000", "2015-07-31": "1005.00000", "2015-04-30": "1016.00000", "2015-01-31": "1272.00000", "2014-10-31": "1097.00000", "2014-07-31": "981.00000", "2014-04-30": "1000.00000", "2014-01-31": "1243.00000", "2013-10-31": "1073.00000", "2013-07-31": "1000.00000", "2013-04-30": "997.00000", "2013-01-31": "1213.00000", "2012-10-31": "1077.00000", "2012-07-31": "975.00000", "2012-04-30": "1002.00000", "2012-01-31": "1177.00000", "2011-10-31": "1071.00000", "2011-07-31": "991.00000", "2011-04-30": "1004.00000", "2011-01-31": "1113.00000", "2010-10-31": "1059.00000", "2010-07-31": "983.00000", "2010-04-30": "1035.00000", "2010-01-31": "974.00000", "2009-10-31": "1050.00000", "2009-07-31": "966.00000", "2009-04-30": "961.00000", "2009-01-31": "1143.00000", "2008-10-31": "982.00000", "2008-07-31": "930.00000", "2008-04-30": "923.00000", "2008-01-31": "1067.03100", "2007-10-31": "933.70600", "2007-07-31": "837.79000", "2007-04-30": "858.47300", "2007-01-31": "1034.67100", "2006-10-31": "858.68500", "2006-07-31": "759.75600", "2006-04-30": "768.88800", "2006-01-31": "881.66900", "2005-10-31": "753.79900", "2005-07-31": "672.47000", "2005-04-30": "672.91500", "2005-01-31": "760.02910"}, "Other Operating Income Or Expenses": {"2020-10-31": "-21.00000", "2020-07-31": "129.00000", "2020-04-30": "-66.00000", "2020-01-31": "-57.00000", "2019-10-31": "", "2019-07-31": "-7.00000", "2019-04-30": "-49.00000", "2019-01-31": "", "2018-10-31": "", "2018-07-31": "", "2018-04-30": "", "2018-01-31": "", "2017-10-31": "", "2017-07-31": "", "2017-04-30": "", "2017-01-31": "", "2016-10-31": "6.00000", "2016-07-31": "-128.00000", "2016-04-30": "-64.00000", "2016-01-31": "", "2015-10-31": "", "2015-07-31": "", "2015-04-30": "", "2015-01-31": "", "2014-10-31": "", "2014-07-31": "", "2014-04-30": "", "2014-01-31": "", "2013-10-31": "", "2013-07-31": "", "2013-04-30": "", "2013-01-31": "", "2012-10-31": "", "2012-07-31": "", "2012-04-30": "", "2012-01-31": "", "2011-10-31": "", "2011-07-31": "", "2011-04-30": "", "2011-01-31": "", "2010-10-31": "", "2010-07-31": "", "2010-04-30": "", "2010-01-31": "", "2009-10-31": "", "2009-07-31": "-11.00000", "2009-04-30": "-15.00000", "2009-01-31": "", "2008-10-31": "-21.00000", "2008-07-31": "-6.00000", "2008-04-30": "-11.00000", "2008-01-31": "-5.40800", "2007-10-31": "-38.25500", "2007-07-31": "-8.74800", "2007-04-30": "-8.58900", "2007-01-31": "-2.42000", "2006-10-31": "-28.52100", "2006-07-31": "-8.06200", "2006-04-30": "-10.99700", "2006-01-31": "-1.44700", "2005-10-31": "-26.25200", "2005-07-31": "-4.09200", "2005-04-30": "-12.57900", "2005-01-31": "-2.57200"}, "Operating Expenses": {"2020-10-31": "3957.00000", "2020-07-31": "3289.00000", "2020-04-30": "3146.00000", "2020-01-31": "6431.00000", "2019-10-31": "4421.00000", "2019-07-31": "4054.00000", "2019-04-30": "3969.00000", "2019-01-31": "6382.00000", "2018-10-31": "4370.00000", "2018-07-31": "4118.00000", "2018-04-30": "3998.00000", "2018-01-31": "6490.00000", "2017-10-31": "4310.00000", "2017-07-31": "3988.00000", "2017-04-30": "3880.00000", "2017-01-31": "6726.00000", "2016-10-31": "4026.00000", "2016-07-31": "3880.00000", "2016-04-30": "3866.00000", "2016-01-31": "5846.00000", "2015-10-31": "4119.00000", "2015-07-31": "3843.00000", "2015-04-30": "3843.00000", "2015-01-31": "5683.00000", "2014-10-31": "4070.00000", "2014-07-31": "3791.00000", "2014-04-30": "3790.00000", "2014-01-31": "5490.00000", "2013-10-31": "4079.00000", "2013-07-31": "3838.00000", "2013-04-30": "3882.00000", "2013-01-31": "5654.00000", "2012-10-31": "4065.00000", "2012-07-31": "3748.00000", "2012-04-30": "3922.00000", "2012-01-31": "5213.00000", "2011-10-31": "3961.00000", "2011-07-31": "3701.00000", "2011-04-30": "3771.00000", "2011-01-31": "5141.00000", "2010-10-31": "3862.00000", "2010-07-31": "3612.00000", "2010-04-30": "3684.00000", "2010-01-31": "4813.00000", "2009-10-31": "3712.00000", "2009-07-31": "3407.00000", "2009-04-30": "3387.00000", "2009-01-31": "4662.00000", "2008-10-31": "3519.00000", "2008-07-31": "3319.00000", "2008-04-30": "3353.00000", "2008-01-31": "4804.26100", "2007-10-31": "3494.29900", "2007-07-31": "3145.48500", "2007-04-30": "3225.95500", "2007-01-31": "4660.68000", "2006-10-31": "3281.11000", "2006-07-31": "2926.08800", "2006-04-30": "2914.12200", "2006-01-31": "4072.47100", "2005-10-31": "2851.92900", "2005-07-31": "2578.67800", "2005-04-30": "2525.13800", "2005-01-31": "3548.73100"}, "Operating Income": {"2020-10-31": "22.00000", "2020-07-31": "118.00000", "2020-04-30": "-718.00000", "2020-01-31": "401.00000", "2019-10-31": "204.00000", "2019-07-31": "376.00000", "2019-04-30": "118.00000", "2019-01-31": "441.00000", "2018-10-31": "258.00000", "2018-07-31": "452.00000", "2018-04-30": "210.00000", "2018-01-31": "567.00000", "2017-10-31": "257.00000", "2017-07-31": "407.00000", "2017-04-30": "185.00000", "2017-01-31": "474.00000", "2016-10-31": "301.00000", "2016-07-31": "302.00000", "2016-04-30": "106.00000", "2016-01-31": "541.00000", "2015-10-31": "308.00000", "2015-07-31": "424.00000", "2015-04-30": "280.00000", "2015-01-31": "654.00000", "2014-10-31": "304.00000", "2014-07-31": "451.00000", "2014-04-30": "280.00000", "2014-01-31": "609.00000", "2013-10-31": "365.00000", "2013-07-31": "451.00000", "2013-04-30": "317.00000", "2013-01-31": "687.00000", "2012-10-31": "425.00000", "2012-07-31": "457.00000", "2012-04-30": "321.00000", "2012-01-31": "805.00000", "2011-10-31": "415.00000", "2011-07-31": "547.00000", "2011-04-30": "391.00000", "2011-01-31": "897.00000", "2010-10-31": "356.00000", "2010-07-31": "488.00000", "2010-04-30": "351.00000", "2010-01-31": "870.00000", "2009-10-31": "339.00000", "2009-07-31": "399.00000", "2009-04-30": "251.00000", "2009-01-31": "574.00000", "2008-10-31": "285.00000", "2008-07-31": "406.00000", "2008-04-30": "271.00000", "2008-01-31": "683.32710", "2007-10-31": "330.86300", "2007-07-31": "443.72490", "2007-04-30": "346.08470", "2007-01-31": "787.98240", "2006-10-31": "369.38380", "2006-07-31": "375.41920", "2006-04-30": "282.21480", "2006-01-31": "621.64970", "2005-10-31": "267.43120", "2005-07-31": "309.39990", "2005-04-30": "217.70000", "2005-01-31": "529.97510"}, "Total Non-Operating Income/Expense": {"2020-10-31": "-78.00000", "2020-07-31": "-78.00000", "2020-04-30": "-58.00000", "2020-01-31": "-50.00000", "2019-10-31": "-43.00000", "2019-07-31": "-53.00000", "2019-04-30": "-52.00000", "2019-01-31": "-78.00000", "2018-10-31": "-63.00000", "2018-07-31": "-65.00000", "2018-04-30": "-113.00000", "2018-01-31": "-74.00000", "2017-10-31": "-74.00000", "2017-07-31": "-75.00000", "2017-04-30": "-76.00000", "2017-01-31": "-75.00000", "2016-10-31": "-76.00000", "2016-07-31": "-78.00000", "2016-04-30": "-79.00000", "2016-01-31": "-78.00000", "2015-10-31": "-119.00000", "2015-07-31": "-215.00000", "2015-04-30": "-84.00000", "2015-01-31": "-85.00000", "2014-10-31": "-85.00000", "2014-07-31": "-85.00000", "2014-04-30": "-85.00000", "2014-01-31": "-87.00000", "2013-10-31": "-84.00000", "2013-07-31": "-84.00000", "2013-04-30": "-83.00000", "2013-01-31": "-87.00000", "2012-10-31": "-80.00000", "2012-07-31": "-80.00000", "2012-04-30": "-82.00000", "2012-01-31": "-76.00000", "2011-10-31": "-75.00000", "2011-07-31": "-72.00000", "2011-04-30": "-76.00000", "2011-01-31": "-116.00000", "2010-10-31": "-79.00000", "2010-07-31": "-78.00000", "2010-04-30": "-31.00000", "2010-01-31": "-207.00000", "2009-10-31": "-31.00000", "2009-07-31": "-31.00000", "2009-04-30": "-32.00000", "2009-01-31": "-31.00000", "2008-10-31": "-28.00000", "2008-07-31": "-26.00000", "2008-04-30": "-26.00000", "2008-01-31": "-22.60400", "2007-10-31": "-18.70800", "2007-07-31": "-10.54100", "2007-04-30": "-10.14700", "2007-01-31": "-10.60500", "2006-10-31": "-10.18900", "2006-07-31": "-6.01100", "2006-04-30": "-14.19500", "2006-01-31": "-18.89500", "2005-10-31": "-18.03100", "2005-07-31": "-16.30300", "2005-04-30": "-17.16200", "2005-01-31": "-17.39400"}, "Pre-Tax Income": {"2020-10-31": "-56.00000", "2020-07-31": "40.00000", "2020-04-30": "-776.00000", "2020-01-31": "351.00000", "2019-10-31": "161.00000", "2019-07-31": "323.00000", "2019-04-30": "66.00000", "2019-01-31": "363.00000", "2018-10-31": "195.00000", "2018-07-31": "387.00000", "2018-04-30": "97.00000", "2018-01-31": "493.00000", "2017-10-31": "183.00000", "2017-07-31": "332.00000", "2017-04-30": "109.00000", "2017-01-31": "399.00000", "2016-10-31": "225.00000", "2016-07-31": "224.00000", "2016-04-30": "27.00000", "2016-01-31": "463.00000", "2015-10-31": "189.00000", "2015-07-31": "209.00000", "2015-04-30": "196.00000", "2015-01-31": "569.00000", "2014-10-31": "219.00000", "2014-07-31": "366.00000", "2014-04-30": "195.00000", "2014-01-31": "522.00000", "2013-10-31": "281.00000", "2013-07-31": "367.00000", "2013-04-30": "234.00000", "2013-01-31": "600.00000", "2012-10-31": "345.00000", "2012-07-31": "377.00000", "2012-04-30": "239.00000", "2012-01-31": "729.00000", "2011-10-31": "340.00000", "2011-07-31": "475.00000", "2011-04-30": "315.00000", "2011-01-31": "781.00000", "2010-10-31": "277.00000", "2010-07-31": "410.00000", "2010-04-30": "320.00000", "2010-01-31": "663.00000", "2009-10-31": "308.00000", "2009-07-31": "368.00000", "2009-04-30": "219.00000", "2009-01-31": "543.00000", "2008-10-31": "257.00000", "2008-07-31": "380.00000", "2008-04-30": "245.00000", "2008-01-31": "660.72300", "2007-10-31": "312.15500", "2007-07-31": "433.18400", "2007-04-30": "335.93800", "2007-01-31": "777.37700", "2006-10-31": "359.19500", "2006-07-31": "369.40800", "2006-04-30": "268.02000", "2006-01-31": "602.75500", "2005-10-31": "249.40000", "2005-07-31": "293.09700", "2005-04-30": "200.53800", "2005-01-31": "512.58110"}, "Income Taxes": {"2020-10-31": "-44.00000", "2020-07-31": "-7.00000", "2020-04-30": "-235.00000", "2020-01-31": "86.00000", "2019-10-31": "38.00000", "2019-07-31": "82.00000", "2019-04-30": "4.00000", "2019-01-31": "90.00000", "2018-10-31": "34.00000", "2018-07-31": "95.00000", "2018-04-30": "22.00000", "2018-01-31": "25.00000", "2017-10-31": "66.00000", "2017-07-31": "124.00000", "2017-04-30": "43.00000", "2017-01-31": "146.00000", "2016-10-31": "79.00000", "2016-07-31": "84.00000", "2016-04-30": "10.00000", "2016-01-31": "167.00000", "2015-10-31": "69.00000", "2015-07-31": "79.00000", "2015-04-30": "69.00000", "2015-01-31": "201.00000", "2014-10-31": "77.00000", "2014-07-31": "134.00000", "2014-04-30": "70.00000", "2014-01-31": "188.00000", "2013-10-31": "104.00000", "2013-07-31": "136.00000", "2013-04-30": "87.00000", "2013-01-31": "223.00000", "2012-10-31": "130.00000", "2012-07-31": "137.00000", "2012-04-30": "85.00000", "2012-01-31": "273.00000", "2011-10-31": "129.00000", "2011-07-31": "176.00000", "2011-04-30": "114.00000", "2011-01-31": "291.00000", "2010-10-31": "101.00000", "2010-07-31": "155.00000", "2010-04-30": "121.00000", "2010-01-31": "249.00000", "2009-10-31": "115.00000", "2009-07-31": "139.00000", "2009-04-30": "82.00000", "2009-01-31": "207.00000", "2008-10-31": "97.00000", "2008-07-31": "144.00000", "2008-04-30": "92.00000", "2008-01-31": "248.90500", "2007-10-31": "118.15000", "2007-07-31": "163.96000", "2007-04-30": "126.98500", "2007-01-31": "292.47600", "2006-10-31": "134.69900", "2006-07-31": "137.05000", "2006-04-30": "100.77500", "2006-01-31": "227.84200", "2005-10-31": "94.27300", "2005-07-31": "105.91100", "2005-04-30": "75.80400", "2005-01-31": "193.75500"}, "Income After Taxes": {"2020-10-31": "-12.00000", "2020-07-31": "47.00000", "2020-04-30": "-541.00000", "2020-01-31": "265.00000", "2019-10-31": "123.00000", "2019-07-31": "241.00000", "2019-04-30": "62.00000", "2019-01-31": "273.00000", "2018-10-31": "161.00000", "2018-07-31": "292.00000", "2018-04-30": "75.00000", "2018-01-31": "468.00000", "2017-10-31": "117.00000", "2017-07-31": "208.00000", "2017-04-30": "66.00000", "2017-01-31": "253.00000", "2016-10-31": "146.00000", "2016-07-31": "140.00000", "2016-04-30": "17.00000", "2016-01-31": "296.00000", "2015-10-31": "120.00000", "2015-07-31": "130.00000", "2015-04-30": "127.00000", "2015-01-31": "368.00000", "2014-10-31": "142.00000", "2014-07-31": "232.00000", "2014-04-30": "125.00000", "2014-01-31": "334.00000", "2013-10-31": "177.00000", "2013-07-31": "231.00000", "2013-04-30": "147.00000", "2013-01-31": "377.00000", "2012-10-31": "215.00000", "2012-07-31": "240.00000", "2012-04-30": "154.00000", "2012-01-31": "456.00000", "2011-10-31": "211.00000", "2011-07-31": "299.00000", "2011-04-30": "201.00000", "2011-01-31": "490.00000", "2010-10-31": "176.00000", "2010-07-31": "255.00000", "2010-04-30": "199.00000", "2010-01-31": "414.00000", "2009-10-31": "193.00000", "2009-07-31": "229.00000", "2009-04-30": "137.00000", "2009-01-31": "336.00000", "2008-10-31": "160.00000", "2008-07-31": "236.00000", "2008-04-30": "153.00000", "2008-01-31": "411.81800", "2007-10-31": "194.00500", "2007-07-31": "269.22400", "2007-04-30": "208.95300", "2007-01-31": "484.90110", "2006-10-31": "224.49600", "2006-07-31": "232.35800", "2006-04-30": "167.24500", "2006-01-31": "374.91310", "2005-10-31": "155.12700", "2005-07-31": "187.18600", "2005-04-30": "124.73400", "2005-01-31": "318.82600"}, "Other Income": {"2020-10-31": "", "2020-07-31": "", "2020-04-30": "", "2020-01-31": "", "2019-10-31": "", "2019-07-31": "", "2019-04-30": "", "2019-01-31": "", "2018-10-31": "", "2018-07-31": "", "2018-04-30": "", "2018-01-31": "", "2017-10-31": "", "2017-07-31": "", "2017-04-30": "", "2017-01-31": "", "2016-10-31": "", "2016-07-31": "", "2016-04-30": "", "2016-01-31": "", "2015-10-31": "", "2015-07-31": "", "2015-04-30": "", "2015-01-31": "", "2014-10-31": "", "2014-07-31": "", "2014-04-30": "", "2014-01-31": "", "2013-10-31": "", "2013-07-31": "", "2013-04-30": "", "2013-01-31": "", "2012-10-31": "", "2012-07-31": "", "2012-04-30": "", "2012-01-31": "", "2011-10-31": "", "2011-07-31": "", "2011-04-30": "", "2011-01-31": "", "2010-10-31": "", "2010-07-31": "", "2010-04-30": "", "2010-01-31": "", "2009-10-31": "", "2009-07-31": "", "2009-04-30": "", "2009-01-31": "", "2008-10-31": "", "2008-07-31": "", "2008-04-30": "", "2008-01-31": "", "2007-10-31": "", "2007-07-31": "", "2007-04-30": "", "2007-01-31": "", "2006-10-31": "", "2006-07-31": "", "2006-04-30": "", "2006-01-31": "", "2005-10-31": "", "2005-07-31": "", "2005-04-30": "", "2005-01-31": ""}, "Income From Continuous Operations": {"2020-10-31": "-12.00000", "2020-07-31": "47.00000", "2020-04-30": "-541.00000", "2020-01-31": "265.00000", "2019-10-31": "123.00000", "2019-07-31": "241.00000", "2019-04-30": "62.00000", "2019-01-31": "273.00000", "2018-10-31": "161.00000", "2018-07-31": "292.00000", "2018-04-30": "75.00000", "2018-01-31": "468.00000", "2017-10-31": "117.00000", "2017-07-31": "208.00000", "2017-04-30": "66.00000", "2017-01-31": "253.00000", "2016-10-31": "146.00000", "2016-07-31": "140.00000", "2016-04-30": "17.00000", "2016-01-31": "296.00000", "2015-10-31": "120.00000", "2015-07-31": "130.00000", "2015-04-30": "127.00000", "2015-01-31": "368.00000", "2014-10-31": "142.00000", "2014-07-31": "232.00000", "2014-04-30": "125.00000", "2014-01-31": "334.00000", "2013-10-31": "177.00000", "2013-07-31": "231.00000", "2013-04-30": "147.00000", "2013-01-31": "377.00000", "2012-10-31": "215.00000", "2012-07-31": "240.00000", "2012-04-30": "154.00000", "2012-01-31": "456.00000", "2011-10-31": "211.00000", "2011-07-31": "299.00000", "2011-04-30": "201.00000", "2011-01-31": "490.00000", "2010-10-31": "176.00000", "2010-07-31": "255.00000", "2010-04-30": "199.00000", "2010-01-31": "414.00000", "2009-10-31": "193.00000", "2009-07-31": "229.00000", "2009-04-30": "137.00000", "2009-01-31": "336.00000", "2008-10-31": "160.00000", "2008-07-31": "236.00000", "2008-04-30": "153.00000", "2008-01-31": "411.81800", "2007-10-31": "194.00500", "2007-07-31": "269.22400", "2007-04-30": "208.95300", "2007-01-31": "484.90110", "2006-10-31": "224.49600", "2006-07-31": "232.35800", "2006-04-30": "167.24500", "2006-01-31": "374.91310", "2005-10-31": "155.12700", "2005-07-31": "187.18600", "2005-04-30": "124.73400", "2005-01-31": "318.82600"}, "Income From Discontinued Operations": {"2020-10-31": "", "2020-07-31": "", "2020-04-30": "", "2020-01-31": "", "2019-10-31": "", "2019-07-31": "", "2019-04-30": "", "2019-01-31": "", "2018-10-31": "", "2018-07-31": "", "2018-04-30": "", "2018-01-31": "", "2017-10-31": "", "2017-07-31": "", "2017-04-30": "", "2017-01-31": "", "2016-10-31": "", "2016-07-31": "", "2016-04-30": "", "2016-01-31": "", "2015-10-31": "", "2015-07-31": "", "2015-04-30": "", "2015-01-31": "", "2014-10-31": "", "2014-07-31": "", "2014-04-30": "", "2014-01-31": "", "2013-10-31": "", "2013-07-31": "", "2013-04-30": "", "2013-01-31": "", "2012-10-31": "", "2012-07-31": "", "2012-04-30": "", "2012-01-31": "", "2011-10-31": "", "2011-07-31": "", "2011-04-30": "", "2011-01-31": "", "2010-10-31": "", "2010-07-31": "", "2010-04-30": "", "2010-01-31": "", "2009-10-31": "", "2009-07-31": "", "2009-04-30": "", "2009-01-31": "", "2008-10-31": "", "2008-07-31": "", "2008-04-30": "", "2008-01-31": "", "2007-10-31": "", "2007-07-31": "", "2007-04-30": "", "2007-01-31": "", "2006-10-31": "", "2006-07-31": "", "2006-04-30": "", "2006-01-31": "", "2005-10-31": "", "2005-07-31": "", "2005-04-30": "", "2005-01-31": ""}, "Net Income": {"2020-10-31": "-12.00000", "2020-07-31": "47.00000", "2020-04-30": "-541.00000", "2020-01-31": "265.00000", "2019-10-31": "123.00000", "2019-07-31": "241.00000", "2019-04-30": "62.00000", "2019-01-31": "273.00000", "2018-10-31": "161.00000", "2018-07-31": "292.00000", "2018-04-30": "75.00000", "2018-01-31": "468.00000", "2017-10-31": "117.00000", "2017-07-31": "208.00000", "2017-04-30": "66.00000", "2017-01-31": "253.00000", "2016-10-31": "146.00000", "2016-07-31": "140.00000", "2016-04-30": "17.00000", "2016-01-31": "296.00000", "2015-10-31": "120.00000", "2015-07-31": "130.00000", "2015-04-30": "127.00000", "2015-01-31": "368.00000", "2014-10-31": "142.00000", "2014-07-31": "232.00000", "2014-04-30": "125.00000", "2014-01-31": "334.00000", "2013-10-31": "177.00000", "2013-07-31": "231.00000", "2013-04-30": "147.00000", "2013-01-31": "377.00000", "2012-10-31": "215.00000", "2012-07-31": "240.00000", "2012-04-30": "154.00000", "2012-01-31": "456.00000", "2011-10-31": "211.00000", "2011-07-31": "299.00000", "2011-04-30": "201.00000", "2011-01-31": "490.00000", "2010-10-31": "176.00000", "2010-07-31": "255.00000", "2010-04-30": "199.00000", "2010-01-31": "414.00000", "2009-10-31": "193.00000", "2009-07-31": "229.00000", "2009-04-30": "137.00000", "2009-01-31": "336.00000", "2008-10-31": "160.00000", "2008-07-31": "236.00000", "2008-04-30": "153.00000", "2008-01-31": "411.81800", "2007-10-31": "194.00500", "2007-07-31": "269.22400", "2007-04-30": "208.95300", "2007-01-31": "484.90100", "2006-10-31": "224.49600", "2006-07-31": "232.35800", "2006-04-30": "167.24500", "2006-01-31": "374.91300", "2005-10-31": "155.12700", "2005-07-31": "187.18600", "2005-04-30": "124.73400", "2005-01-31": "318.82600"}, "EBITDA": {"2020-10-31": "232.00000", "2020-07-31": "337.00000", "2020-04-30": "-491.00000", "2020-01-31": "631.00000", "2019-10-31": "433.00000", "2019-07-31": "604.00000", "2019-04-30": "348.00000", "2019-01-31": "680.00000", "2018-10-31": "500.00000", "2018-07-31": "692.00000", "2018-04-30": "453.00000", "2018-01-31": "834.00000", "2017-10-31": "499.00000", "2017-07-31": "651.00000", "2017-04-30": "423.00000", "2017-01-31": "712.00000", "2016-10-31": "533.00000", "2016-07-31": "536.00000", "2016-04-30": "340.00000", "2016-01-31": "780.00000", "2015-10-31": "544.00000", "2015-07-31": "656.00000", "2015-04-30": "507.00000", "2015-01-31": "875.00000", "2014-10-31": "531.00000", "2014-07-31": "673.00000", "2014-04-30": "496.00000", "2014-01-31": "833.00000", "2013-10-31": "591.00000", "2013-07-31": "676.00000", "2013-04-30": "531.00000", "2013-01-31": "900.00000", "2012-10-31": "634.00000", "2012-07-31": "667.00000", "2012-04-30": "522.00000", "2012-01-31": "1000.00000", "2011-10-31": "616.00000", "2011-07-31": "738.00000", "2011-04-30": "582.00000", "2011-01-31": "1084.00000", "2010-10-31": "564.00000", "2010-07-31": "692.00000", "2010-04-30": "502.00000", "2010-01-31": "1123.00000", "2009-10-31": "489.00000", "2009-07-31": "543.00000", "2009-04-30": "392.00000", "2009-01-31": "716.00000", "2008-10-31": "421.00000", "2008-07-31": "539.00000", "2008-04-30": "401.00000", "2008-01-31": "809.58620", "2007-10-31": "446.39610", "2007-07-31": "550.05880", "2007-04-30": "450.95870", "2007-01-31": "892.63540", "2006-10-31": "463.97780", "2006-07-31": "471.72920", "2006-04-30": "375.65780", "2006-01-31": "713.04470", "2005-10-31": "352.75920", "2005-07-31": "392.26090", "2005-04-30": "297.94200", "2005-01-31": "608.22510"}, "EBIT": {"2020-10-31": "22.00000", "2020-07-31": "118.00000", "2020-04-30": "-718.00000", "2020-01-31": "401.00000", "2019-10-31": "204.00000", "2019-07-31": "376.00000", "2019-04-30": "118.00000", "2019-01-31": "441.00000", "2018-10-31": "258.00000", "2018-07-31": "452.00000", "2018-04-30": "210.00000", "2018-01-31": "567.00000", "2017-10-31": "257.00000", "2017-07-31": "407.00000", "2017-04-30": "185.00000", "2017-01-31": "474.00000", "2016-10-31": "301.00000", "2016-07-31": "302.00000", "2016-04-30": "106.00000", "2016-01-31": "541.00000", "2015-10-31": "308.00000", "2015-07-31": "424.00000", "2015-04-30": "280.00000", "2015-01-31": "654.00000", "2014-10-31": "304.00000", "2014-07-31": "451.00000", "2014-04-30": "280.00000", "2014-01-31": "609.00000", "2013-10-31": "365.00000", "2013-07-31": "451.00000", "2013-04-30": "317.00000", "2013-01-31": "687.00000", "2012-10-31": "425.00000", "2012-07-31": "457.00000", "2012-04-30": "321.00000", "2012-01-31": "805.00000", "2011-10-31": "415.00000", "2011-07-31": "547.00000", "2011-04-30": "391.00000", "2011-01-31": "897.00000", "2010-10-31": "356.00000", "2010-07-31": "488.00000", "2010-04-30": "351.00000", "2010-01-31": "870.00000", "2009-10-31": "339.00000", "2009-07-31": "399.00000", "2009-04-30": "251.00000", "2009-01-31": "574.00000", "2008-10-31": "285.00000", "2008-07-31": "406.00000", "2008-04-30": "271.00000", "2008-01-31": "683.32740", "2007-10-31": "330.86300", "2007-07-31": "443.72490", "2007-04-30": "346.08470", "2007-01-31": "787.98220", "2006-10-31": "369.38380", "2006-07-31": "375.41920", "2006-04-30": "282.21480", "2006-01-31": "621.65060", "2005-10-31": "267.43120", "2005-07-31": "309.39990", "2005-04-30": "217.70000", "2005-01-31": "529.97490"}, "Basic Shares Outstanding": {"2020-10-31": "154.00000", "2020-07-31": "154.00000", "2020-04-30": "154.00000", "2020-01-31": "157.00000", "2019-10-31": "156.00000", "2019-07-31": "159.00000", "2019-04-30": "161.00000", "2019-01-31": "164.00000", "2018-10-31": "164.00000", "2018-07-31": "165.00000", "2018-04-30": "165.00000", "2018-01-31": "167.00000", "2017-10-31": "166.00000", "2017-07-31": "168.00000", "2017-04-30": "170.00000", "2017-01-31": "178.00000", "2016-10-31": "177.00000", "2016-07-31": "180.00000", "2016-04-30": "183.00000", "2016-01-31": "193.00000", "2015-10-31": "191.00000", "2015-07-31": "196.00000", "2015-04-30": "200.00000", "2015-01-31": "203.00000", "2014-10-31": "202.00000", "2014-07-31": "204.00000", "2014-04-30": "206.00000", "2014-01-31": "218.00000", "2013-10-31": "216.00000", "2013-07-31": "220.00000", "2013-04-30": "222.00000", "2013-01-31": "235.00000", "2012-10-31": "233.00000", "2012-07-31": "238.00000", "2012-04-30": "243.00000", "2012-01-31": "270.00000", "2011-10-31": "264.00000", "2011-07-31": "276.00000", "2011-04-30": "288.00000", "2011-01-31": "304.00000", "2010-10-31": "307.00000", "2010-07-31": "307.00000", "2010-04-30": "307.00000", "2010-01-31": "305.00000", "2009-10-31": "305.00000", "2009-07-31": "305.00000", "2009-04-30": "305.00000", "2009-01-31": "306.00000", "2008-10-31": "305.00000", "2008-07-31": "306.00000", "2008-04-30": "309.00000", "2008-01-31": "318.00000", "2007-10-31": "316.94800", "2007-07-31": "320.48800", "2007-04-30": "321.77500", "2007-01-31": "332.00000", "2006-10-31": "326.90400", "2006-07-31": "333.39400", "2006-04-30": "345.27700", "2006-01-31": "344.17200", "2005-10-31": "344.44100", "2005-07-31": "344.06600", "2005-04-30": "343.52600", "2005-01-31": "341.72400"}, "Shares Outstanding": {"2020-10-31": "154.00000", "2020-07-31": "155.00000", "2020-04-30": "154.00000", "2020-01-31": "158.00000", "2019-10-31": "157.00000", "2019-07-31": "159.00000", "2019-04-30": "162.00000", "2019-01-31": "165.00000", "2018-10-31": "165.00000", "2018-07-31": "166.00000", "2018-04-30": "167.00000", "2018-01-31": "168.00000", "2017-10-31": "166.00000", "2017-07-31": "168.00000", "2017-04-30": "171.00000", "2017-01-31": "179.00000", "2016-10-31": "177.00000", "2016-07-31": "181.00000", "2016-04-30": "184.00000", "2016-01-31": "195.00000", "2015-10-31": "192.00000", "2015-07-31": "197.00000", "2015-04-30": "202.00000", "2015-01-31": "204.00000", "2014-10-31": "203.00000", "2014-07-31": "205.00000", "2014-04-30": "208.00000", "2014-01-31": "220.00000", "2013-10-31": "218.00000", "2013-07-31": "222.00000", "2013-04-30": "223.00000", "2013-01-31": "237.00000", "2012-10-31": "235.00000", "2012-07-31": "239.00000", "2012-04-30": "245.00000", "2012-01-31": "271.00000", "2011-10-31": "265.00000", "2011-07-31": "278.00000", "2011-04-30": "290.00000", "2011-01-31": "306.00000", "2010-10-31": "308.00000", "2010-07-31": "308.00000", "2010-04-30": "309.00000", "2010-01-31": "306.00000", "2009-10-31": "308.00000", "2009-07-31": "306.00000", "2009-04-30": "306.00000", "2009-01-31": "307.00000", "2008-10-31": "305.00000", "2008-07-31": "307.00000", "2008-04-30": "309.00000", "2008-01-31": "320.00000", "2007-10-31": "318.59300", "2007-07-31": "323.21300", "2007-04-30": "325.06800", "2007-01-31": "335.00000", "2006-10-31": "329.81400", "2006-07-31": "335.69400", "2006-04-30": "347.28500", "2006-01-31": "346.77200", "2005-10-31": "346.77800", "2005-07-31": "346.77200", "2005-04-30": "345.90600", "2005-01-31": "344.77300"}, "Basic EPS": {"2020-10-31": "-0.08000", "2020-07-31": "0.31000", "2020-04-30": "-3.52000", "2020-01-31": "1.70000", "2019-10-31": "0.79000", "2019-07-31": "1.52000", "2019-04-30": "0.38000", "2019-01-31": "1.67000", "2018-10-31": "0.98000", "2018-07-31": "1.77000", "2018-04-30": "0.46000", "2018-01-31": "2.81000", "2017-10-31": "0.70000", "2017-07-31": "1.24000", "2017-04-30": "0.39000", "2017-01-31": "1.43000", "2016-10-31": "0.83000", "2016-07-31": "0.77000", "2016-04-30": "0.09000", "2016-01-31": "1.55000", "2015-10-31": "0.63000", "2015-07-31": "0.66000", "2015-04-30": "0.64000", "2015-01-31": "1.84000", "2014-10-31": "0.70000", "2014-07-31": "1.14000", "2014-04-30": "0.60000", "2014-01-31": "1.55000", "2013-10-31": "0.82000", "2013-07-31": "1.05000", "2013-04-30": "0.66000", "2013-01-31": "1.63000", "2012-10-31": "0.92000", "2012-07-31": "1.01000", "2012-04-30": "0.63000", "2012-01-31": "1.75000", "2011-10-31": "0.80000", "2011-07-31": "1.08000", "2011-04-30": "0.70000", "2011-01-31": "1.64000", "2010-10-31": "0.57000", "2010-07-31": "0.83000", "2010-04-30": "0.65000", "2010-01-31": "1.35000", "2009-10-31": "0.63000", "2009-07-31": "0.76000", "2009-04-30": "0.45000", "2009-01-31": "1.09000", "2008-10-31": "0.53000", "2008-07-31": "0.77000", "2008-04-30": "0.50000", "2008-01-31": "1.31000", "2007-10-31": "0.61000", "2007-07-31": "0.84000", "2007-04-30": "0.65000", "2007-01-31": "1.47000", "2006-10-31": "0.69000", "2006-07-31": "0.70000", "2006-04-30": "0.48000", "2006-01-31": "1.10000", "2005-10-31": "0.45000", "2005-07-31": "0.54000", "2005-04-30": "0.36000", "2005-01-31": "0.94000"}, "EPS - Earnings Per Share": {"2020-10-31": "-0.08000", "2020-07-31": "0.30000", "2020-04-30": "-3.52000", "2020-01-31": "1.70000", "2019-10-31": "0.78000", "2019-07-31": "1.51000", "2019-04-30": "0.38000", "2019-01-31": "1.65000", "2018-10-31": "0.98000", "2018-07-31": "1.76000", "2018-04-30": "0.45000", "2018-01-31": "2.79000", "2017-10-31": "0.70000", "2017-07-31": "1.24000", "2017-04-30": "0.39000", "2017-01-31": "1.42000", "2016-10-31": "0.83000", "2016-07-31": "0.77000", "2016-04-30": "0.09000", "2016-01-31": "1.54000", "2015-10-31": "0.63000", "2015-07-31": "0.66000", "2015-04-30": "0.63000", "2015-01-31": "1.81000", "2014-10-31": "0.70000", "2014-07-31": "1.13000", "2014-04-30": "0.60000", "2014-01-31": "1.54000", "2013-10-31": "0.81000", "2013-07-31": "1.04000", "2013-04-30": "0.66000", "2013-01-31": "1.63000", "2012-10-31": "0.91000", "2012-07-31": "1.00000", "2012-04-30": "0.63000", "2012-01-31": "1.73000", "2011-10-31": "0.80000", "2011-07-31": "1.08000", "2011-04-30": "0.69000", "2011-01-31": "1.62000", "2010-10-31": "0.57000", "2010-07-31": "0.83000", "2010-04-30": "0.64000", "2010-01-31": "1.34000", "2009-10-31": "0.63000", "2009-07-31": "0.75000", "2009-04-30": "0.45000", "2009-01-31": "1.11000", "2008-10-31": "0.52000", "2008-07-31": "0.77000", "2008-04-30": "0.49000", "2008-01-31": "1.31000", "2007-10-31": "0.61000", "2007-07-31": "0.83000", "2007-04-30": "0.64000", "2007-01-31": "1.46000", "2006-10-31": "0.68000", "2006-07-31": "0.69000", "2006-04-30": "0.48000", "2006-01-31": "1.08000", "2005-10-31": "0.45000", "2005-07-31": "0.54000", "2005-04-30": "0.36000", "2005-01-31": "0.92000"}}, "balance sheet": {"Cash On Hand": {"2020-01-31": "723.00000", "2019-01-31": "934.00000", "2018-01-31": "1308.00000", "2017-01-31": "1074.00000", "2016-01-31": "707.00000", "2015-01-31": "1407.00000", "2014-01-31": "971.00000", "2013-01-31": "537.00000", "2012-01-31": "1205.00000", "2011-01-31": "2277.00000", "2010-01-31": "2267.00000", "2009-01-31": "643.00000", "2008-01-31": "664.00000", "2007-01-31": "620.40000", "2006-01-31": "286.91600", "2005-01-31": "205.48400"}, "Receivables": {"2020-01-31": "", "2019-01-31": "", "2018-01-31": "", "2017-01-31": "", "2016-01-31": "", "2015-01-31": "", "2014-01-31": "", "2013-01-31": "", "2012-01-31": "", "2011-01-31": "", "2010-01-31": "", "2009-01-31": "", "2008-01-31": "", "2007-01-31": "", "2006-01-31": "1652.06500", "2005-01-31": "1389.63200"}, "Inventory": {"2020-01-31": "3537.00000", "2019-01-31": "3475.00000", "2018-01-31": "3542.00000", "2017-01-31": "3795.00000", "2016-01-31": "4038.00000", "2015-01-31": "3814.00000", "2014-01-31": "3874.00000", "2013-01-31": "3748.00000", "2012-01-31": "3216.00000", "2011-01-31": "3036.00000", "2010-01-31": "2923.00000", "2009-01-31": "2799.00000", "2008-01-31": "2856.00000", "2007-01-31": "2578.37800", "2006-01-31": "2237.56800", "2005-01-31": "1946.97700"}, "Pre-Paid Expenses": {"2020-01-31": "", "2019-01-31": "", "2018-01-31": "", "2017-01-31": "", "2016-01-31": "", "2015-01-31": "", "2014-01-31": "", "2013-01-31": "", "2012-01-31": "", "2011-01-31": "", "2010-01-31": "", "2009-01-31": "", "2008-01-31": "", "2007-01-31": "", "2006-01-31": "", "2005-01-31": ""}, "Other Current Assets": {"2020-01-31": "389.00000", "2019-01-31": "426.00000", "2018-01-31": "530.00000", "2017-01-31": "378.00000", "2016-01-31": "331.00000", "2015-01-31": "359.00000", "2014-01-31": "327.00000", "2013-01-31": "312.00000", "2012-01-31": "299.00000", "2011-01-31": "252.00000", "2010-01-31": "222.00000", "2009-01-31": "212.00000", "2008-01-31": "133.00000", "2007-01-31": "154.91900", "2006-01-31": "66.32700", "2005-01-31": "47.29400"}, "Total Current Assets": {"2020-01-31": "4649.00000", "2019-01-31": "4835.00000", "2018-01-31": "5380.00000", "2017-01-31": "5247.00000", "2016-01-31": "5076.00000", "2015-01-31": "5580.00000", "2014-01-31": "5314.00000", "2013-01-31": "4719.00000", "2012-01-31": "4829.00000", "2011-01-31": "5642.00000", "2010-01-31": "5485.00000", "2009-01-31": "3728.00000", "2008-01-31": "3724.00000", "2007-01-31": "3393.88700", "2006-01-31": "4266.55300", "2005-01-31": "3643.43700"}, "Property, Plant, And Equipment": {"2020-01-31": "7352.00000", "2019-01-31": "7428.00000", "2018-01-31": "7773.00000", "2017-01-31": "8103.00000", "2016-01-31": "8308.00000", "2015-01-31": "8515.00000", "2014-01-31": "8745.00000", "2013-01-31": "8872.00000", "2012-01-31": "8905.00000", "2011-01-31": "8692.00000", "2010-01-31": "7018.00000", "2009-01-31": "6984.00000", "2008-01-31": "6510.00000", "2007-01-31": "5352.97400", "2006-01-31": "4616.30300", "2005-01-31": "3987.94500"}, "Long-Term Investments": {"2020-01-31": "", "2019-01-31": "", "2018-01-31": "", "2017-01-31": "", "2016-01-31": "", "2015-01-31": "", "2014-01-31": "", "2013-01-31": "53.00000", "2012-01-31": "153.00000", "2011-01-31": "277.00000", "2010-01-31": "321.00000", "2009-01-31": "333.00000", "2008-01-31": "", "2007-01-31": "", "2006-01-31": "", "2005-01-31": ""}, "Goodwill And Intangible Assets": {"2020-01-31": "", "2019-01-31": "", "2018-01-31": "", "2017-01-31": "", "2016-01-31": "", "2015-01-31": "", "2014-01-31": "", "2013-01-31": "", "2012-01-31": "", "2011-01-31": "", "2010-01-31": "204.00000", "2009-01-31": "201.00000", "2008-01-31": "219.00000", "2007-01-31": "228.62400", "2006-01-31": "221.71800", "2005-01-31": "234.24100"}, "Other Long-Term Assets": {"2020-01-31": "163.00000", "2019-01-31": "206.00000", "2018-01-31": "236.00000", "2017-01-31": "224.00000", "2016-01-31": "222.00000", "2015-01-31": "238.00000", "2014-01-31": "298.00000", "2013-01-31": "261.00000", "2012-01-31": "261.00000", "2011-01-31": "238.00000", "2010-01-31": "132.00000", "2009-01-31": "117.00000", "2008-01-31": "107.00000", "2007-01-31": "58.53900", "2006-01-31": "48.92000", "2005-01-31": "113.67600"}, "Total Long-Term Assets": {"2020-01-31": "9906.00000", "2019-01-31": "7634.00000", "2018-01-31": "8009.00000", "2017-01-31": "8327.00000", "2016-01-31": "8530.00000", "2015-01-31": "8753.00000", "2014-01-31": "9043.00000", "2013-01-31": "9186.00000", "2012-01-31": "9319.00000", "2011-01-31": "9207.00000", "2010-01-31": "7675.00000", "2009-01-31": "7635.00000", "2008-01-31": "6836.00000", "2007-01-31": "5640.13700", "2006-01-31": "4886.94100", "2005-01-31": "4335.86200"}, "Total Assets": {"2020-01-31": "14555.00000", "2019-01-31": "12469.00000", "2018-01-31": "13389.00000", "2017-01-31": "13574.00000", "2016-01-31": "13606.00000", "2015-01-31": "14333.00000", "2014-01-31": "14357.00000", "2013-01-31": "13905.00000", "2012-01-31": "14148.00000", "2011-01-31": "14849.00000", "2010-01-31": "13160.00000", "2009-01-31": "11363.00000", "2008-01-31": "10560.00000", "2007-01-31": "9034.02400", "2006-01-31": "9153.49400", "2005-01-31": "7979.29900"}, "Total Current Liabilities": {"2020-01-31": "2769.00000", "2019-01-31": "2730.00000", "2018-01-31": "2709.00000", "2017-01-31": "2974.00000", "2016-01-31": "2714.00000", "2015-01-31": "2859.00000", "2014-01-31": "2758.00000", "2013-01-31": "2535.00000", "2012-01-31": "2607.00000", "2011-01-31": "2781.00000", "2010-01-31": "2390.00000", "2009-01-31": "1844.00000", "2008-01-31": "1771.00000", "2007-01-31": "1911.50500", "2006-01-31": "1746.91100", "2005-01-31": "1456.05800"}, "Long Term Debt": {"2020-01-31": "3223.00000", "2019-01-31": "3384.00000", "2018-01-31": "4388.00000", "2017-01-31": "4480.00000", "2016-01-31": "4581.00000", "2015-01-31": "4638.00000", "2014-01-31": "4722.00000", "2013-01-31": "4448.00000", "2012-01-31": "4150.00000", "2011-01-31": "3512.00000", "2010-01-31": "2052.00000", "2009-01-31": "2053.00000", "2008-01-31": "2052.00000", "2007-01-31": "1040.05700", "2006-01-31": "1046.10400", "2005-01-31": "1103.44100"}, "Other Non-Current Liabilities": {"2020-01-31": "234.00000", "2019-01-31": "644.00000", "2018-01-31": "662.00000", "2017-01-31": "671.00000", "2016-01-31": "563.00000", "2015-01-31": "547.00000", "2014-01-31": "560.00000", "2013-01-31": "512.00000", "2012-01-31": "460.00000", "2011-01-31": "450.00000", "2010-01-31": "488.00000", "2009-01-31": "407.00000", "2008-01-31": "373.00000", "2007-01-31": "235.53700", "2006-01-31": "185.34000", "2005-01-31": "156.52100"}, "Total Long Term Liabilities": {"2020-01-31": "6336.00000", "2019-01-31": "4212.00000", "2018-01-31": "5261.00000", "2017-01-31": "5423.00000", "2016-01-31": "5401.00000", "2015-01-31": "5483.00000", "2014-01-31": "5621.00000", "2013-01-31": "5322.00000", "2012-01-31": "5033.00000", "2011-01-31": "4218.00000", "2010-01-31": "2917.00000", "2009-01-31": "2780.00000", "2008-01-31": "2687.00000", "2007-01-31": "1519.12400", "2006-01-31": "1449.24500", "2005-01-31": "1489.34300"}, "Total Liabilities": {"2020-01-31": "9105.00000", "2019-01-31": "6942.00000", "2018-01-31": "7970.00000", "2017-01-31": "8397.00000", "2016-01-31": "8115.00000", "2015-01-31": "8342.00000", "2014-01-31": "8379.00000", "2013-01-31": "7857.00000", "2012-01-31": "7640.00000", "2011-01-31": "6999.00000", "2010-01-31": "5307.00000", "2009-01-31": "4624.00000", "2008-01-31": "4458.00000", "2007-01-31": "3430.62900", "2006-01-31": "3196.15600", "2005-01-31": "2945.40100"}, "Common Stock Net": {"2020-01-31": "4.00000", "2019-01-31": "4.00000", "2018-01-31": "4.00000", "2017-01-31": "4.00000", "2016-01-31": "4.00000", "2015-01-31": "4.00000", "2014-01-31": "4.00000", "2013-01-31": "4.00000", "2012-01-31": "4.00000", "2011-01-31": "4.00000", "2010-01-31": "4.00000", "2009-01-31": "4.00000", "2008-01-31": "4.00000", "2007-01-31": "3.48500", "2006-01-31": "3.45000", "2005-01-31": "3.43300"}, "Retained Earnings (Accumulated Deficit)": {"2020-01-31": "13745.00000", "2019-01-31": "13395.00000", "2018-01-31": "12999.00000", "2017-01-31": "12522.00000", "2016-01-31": "12329.00000", "2015-01-31": "12008.00000", "2014-01-31": "11462.00000", "2013-01-31": "10878.00000", "2012-01-31": "10195.00000", "2011-01-31": "9301.00000", "2010-01-31": "8439.00000", "2009-01-31": "7448.00000", "2008-01-31": "6563.00000", "2007-01-31": "5479.53400", "2006-01-31": "4370.85300", "2005-01-31": "3528.89300"}, "Comprehensive Income": {"2020-01-31": "", "2019-01-31": "", "2018-01-31": "-11.00000", "2017-01-31": "-14.00000", "2016-01-31": "-17.00000", "2015-01-31": "-20.00000", "2014-01-31": "-34.00000", "2013-01-31": "-45.00000", "2012-01-31": "-53.00000", "2011-01-31": "-37.00000", "2010-01-31": "-36.00000", "2009-01-31": "-46.00000", "2008-01-31": "", "2007-01-31": "", "2006-01-31": "", "2005-01-31": ""}, "Other Share Holders Equity": {"2020-01-31": "", "2019-01-31": "", "2018-01-31": "", "2017-01-31": "", "2016-01-31": "", "2015-01-31": "", "2014-01-31": "", "2013-01-31": "", "2012-01-31": "", "2011-01-31": "", "2010-01-31": "", "2009-01-31": "", "2008-01-31": "", "2007-01-31": "", "2006-01-31": "", "2005-01-31": ""}, "Share Holder Equity": {"2020-01-31": "5450.00000", "2019-01-31": "5527.00000", "2018-01-31": "5419.00000", "2017-01-31": "5177.00000", "2016-01-31": "5491.00000", "2015-01-31": "5991.00000", "2014-01-31": "5978.00000", "2013-01-31": "6048.00000", "2012-01-31": "6508.00000", "2011-01-31": "7850.00000", "2010-01-31": "7853.00000", "2009-01-31": "6739.00000", "2008-01-31": "6102.00000", "2007-01-31": "5603.39500", "2006-01-31": "5957.33800", "2005-01-31": "5033.89800"}, "Total Liabilities And Share Holders Equity": {"2020-01-31": "14555.00000", "2019-01-31": "12469.00000", "2018-01-31": "13389.00000", "2017-01-31": "13574.00000", "2016-01-31": "13606.00000", "2015-01-31": "14333.00000", "2014-01-31": "14357.00000", "2013-01-31": "13905.00000", "2012-01-31": "14148.00000", "2011-01-31": "14849.00000", "2010-01-31": "13160.00000", "2009-01-31": "11363.00000", "2008-01-31": "10560.00000", "2007-01-31": "9034.02400", "2006-01-31": "9153.49400", "2005-01-31": "7979.29900"}}, "balance sheet, quarterly": {"Cash On Hand": {"2020-10-31": "1939.00000", "2020-07-31": "2428.00000", "2020-04-30": "2039.00000", "2020-01-31": "723.00000", "2019-10-31": "490.00000", "2019-07-31": "625.00000", "2019-04-30": "543.00000", "2019-01-31": "934.00000", "2018-10-31": "1047.00000", "2018-07-31": "1066.00000", "2018-04-30": "822.00000", "2018-01-31": "1308.00000", "2017-10-31": "736.00000", "2017-07-31": "552.00000", "2017-04-30": "625.00000", "2017-01-31": "1074.00000", "2016-10-31": "597.00000", "2016-07-31": "700.00000", "2016-04-30": "423.00000", "2016-01-31": "707.00000", "2015-10-31": "501.00000", "2015-07-31": "934.00000", "2015-04-30": "1195.00000", "2015-01-31": "1407.00000", "2014-10-31": "631.00000", "2014-07-31": "746.00000", "2014-04-30": "717.00000", "2014-01-31": "971.00000", "2013-10-31": "598.00000", "2013-07-31": "592.00000", "2013-04-30": "518.00000", "2013-01-31": "537.00000", "2012-10-31": "550.00000", "2012-07-31": "600.00000", "2012-04-30": "1029.00000", "2012-01-31": "1205.00000", "2011-10-31": "760.00000", "2011-07-31": "1169.00000", "2011-04-30": "1668.00000", "2011-01-31": "2277.00000", "2010-10-31": "2441.00000", "2010-07-31": "2518.00000", "2010-04-30": "2388.00000", "2010-01-31": "2267.00000", "2009-10-31": "1503.00000", "2009-07-31": "1310.00000", "2009-04-30": "856.00000", "2009-01-31": "643.00000", "2008-10-31": "279.00000", "2008-07-31": "288.00000", "2008-04-30": "273.00000", "2008-01-31": "664.00000", "2007-10-31": "320.66500", "2007-07-31": "265.47700", "2007-04-30": "503.63000", "2007-01-31": "620.40000", "2006-10-31": "517.67800", "2006-07-31": "682.08300", "2006-04-30": "1596.33800", "2006-01-31": "286.91600", "2005-10-31": "132.71300", "2005-07-31": "250.33300", "2005-04-30": "119.72900", "2005-01-31": "205.48400"}, "Receivables": {"2020-10-31": "115.00000", "2020-07-31": "205.00000", "2020-04-30": "174.00000", "2020-01-31": "15.00000", "2019-10-31": "25.00000", "2019-07-31": "16.00000", "2019-04-30": "15.00000", "2019-01-31": "", "2018-10-31": "", "2018-07-31": "", "2018-04-30": "", "2018-01-31": "", "2017-10-31": "", "2017-07-31": "", "2017-04-30": "", "2017-01-31": "", "2016-10-31": "", "2016-07-31": "", "2016-04-30": "", "2016-01-31": "", "2015-10-31": "", "2015-07-31": "", "2015-04-30": "", "2015-01-31": "", "2014-10-31": "76.00000", "2014-07-31": "", "2014-04-30": "", "2014-01-31": "", "2013-10-31": "", "2013-07-31": "", "2013-04-30": "", "2013-01-31": "", "2012-10-31": "", "2012-07-31": "", "2012-04-30": "", "2012-01-31": "", "2011-10-31": "105.00000", "2011-07-31": "", "2011-04-30": "", "2011-01-31": "", "2010-10-31": "25.00000", "2010-07-31": "", "2010-04-30": "", "2010-01-31": "", "2009-10-31": "", "2009-07-31": "", "2009-04-30": "", "2009-01-31": "", "2008-10-31": "", "2008-07-31": "", "2008-04-30": "", "2008-01-31": "", "2007-10-31": "", "2007-07-31": "", "2007-04-30": "", "2007-01-31": "", "2006-10-31": "", "2006-07-31": "", "2006-04-30": "", "2006-01-31": "1652.06500", "2005-10-31": "1492.15000", "2005-07-31": "1296.40600", "2005-04-30": "1309.30300", "2005-01-31": "1389.63200"}, "Inventory": {"2020-10-31": "3607.00000", "2020-07-31": "2698.00000", "2020-04-30": "3557.00000", "2020-01-31": "3537.00000", "2019-10-31": "4887.00000", "2019-07-31": "3656.00000", "2019-04-30": "3680.00000", "2019-01-31": "3475.00000", "2018-10-31": "4844.00000", "2018-07-31": "3572.00000", "2018-04-30": "3726.00000", "2018-01-31": "3542.00000", "2017-10-31": "4632.00000", "2017-07-31": "3853.00000", "2017-04-30": "3991.00000", "2017-01-31": "3795.00000", "2016-10-31": "4721.00000", "2016-07-31": "3928.00000", "2016-04-30": "4084.00000", "2016-01-31": "4038.00000", "2015-10-31": "5254.00000", "2015-07-31": "4252.00000", "2015-04-30": "4165.00000", "2015-01-31": "3814.00000", "2014-10-31": "4973.00000", "2014-07-31": "3899.00000", "2014-04-30": "3981.00000", "2014-01-31": "3874.00000", "2013-10-31": "4959.00000", "2013-07-31": "3856.00000", "2013-04-30": "3961.00000", "2013-01-31": "3748.00000", "2012-10-31": "4851.00000", "2012-07-31": "3521.00000", "2012-04-30": "3454.00000", "2012-01-31": "3216.00000", "2011-10-31": "4130.00000", "2011-07-31": "3095.00000", "2011-04-30": "3193.00000", "2011-01-31": "3036.00000", "2010-10-31": "4030.00000", "2010-07-31": "2930.00000", "2010-04-30": "3017.00000", "2010-01-31": "2923.00000", "2009-10-31": "3807.00000", "2009-07-31": "2724.00000", "2009-04-30": "2804.00000", "2009-01-31": "2799.00000", "2008-10-31": "3712.00000", "2008-07-31": "2718.00000", "2008-04-30": "2817.00000", "2008-01-31": "2856.00000", "2007-10-31": "3908.52900", "2007-07-31": "2802.64300", "2007-04-30": "2699.29300", "2007-01-31": "2578.37800", "2006-10-31": "3234.79300", "2006-07-31": "2408.14900", "2006-04-30": "2347.89100", "2006-01-31": "2237.56800", "2005-10-31": "2854.31700", "2005-07-31": "2197.33100", "2005-04-30": "2112.75300", "2005-01-31": "1946.97700"}, "Pre-Paid Expenses": {"2020-10-31": "", "2020-07-31": "", "2020-04-30": "", "2020-01-31": "", "2019-10-31": "", "2019-07-31": "", "2019-04-30": "", "2019-01-31": "", "2018-10-31": "", "2018-07-31": "", "2018-04-30": "", "2018-01-31": "", "2017-10-31": "", "2017-07-31": "", "2017-04-30": "", "2017-01-31": "", "2016-10-31": "", "2016-07-31": "", "2016-04-30": "", "2016-01-31": "", "2015-10-31": "", "2015-07-31": "", "2015-04-30": "", "2015-01-31": "", "2014-10-31": "", "2014-07-31": "", "2014-04-30": "", "2014-01-31": "", "2013-10-31": "", "2013-07-31": "", "2013-04-30": "", "2013-01-31": "", "2012-10-31": "", "2012-07-31": "", "2012-04-30": "", "2012-01-31": "", "2011-10-31": "", "2011-07-31": "", "2011-04-30": "", "2011-01-31": "", "2010-10-31": "", "2010-07-31": "", "2010-04-30": "", "2010-01-31": "", "2009-10-31": "", "2009-07-31": "", "2009-04-30": "", "2009-01-31": "", "2008-10-31": "", "2008-07-31": "", "2008-04-30": "", "2008-01-31": "", "2007-10-31": "", "2007-07-31": "", "2007-04-30": "", "2007-01-31": "", "2006-10-31": "", "2006-07-31": "", "2006-04-30": "", "2006-01-31": "", "2005-10-31": "", "2005-07-31": "", "2005-04-30": "", "2005-01-31": ""}, "Other Current Assets": {"2020-10-31": "335.00000", "2020-07-31": "357.00000", "2020-04-30": "400.00000", "2020-01-31": "374.00000", "2019-10-31": "379.00000", "2019-07-31": "381.00000", "2019-04-30": "397.00000", "2019-01-31": "426.00000", "2018-10-31": "446.00000", "2018-07-31": "404.00000", "2018-04-30": "435.00000", "2018-01-31": "530.00000", "2017-10-31": "379.00000", "2017-07-31": "381.00000", "2017-04-30": "378.00000", "2017-01-31": "378.00000", "2016-10-31": "336.00000", "2016-07-31": "327.00000", "2016-04-30": "348.00000", "2016-01-31": "331.00000", "2015-10-31": "312.00000", "2015-07-31": "310.00000", "2015-04-30": "338.00000", "2015-01-31": "359.00000", "2014-10-31": "295.00000", "2014-07-31": "323.00000", "2014-04-30": "304.00000", "2014-01-31": "327.00000", "2013-10-31": "283.00000", "2013-07-31": "284.00000", "2013-04-30": "294.00000", "2013-01-31": "312.00000", "2012-10-31": "281.00000", "2012-07-31": "260.00000", "2012-04-30": "277.00000", "2012-01-31": "299.00000", "2011-10-31": "257.00000", "2011-07-31": "256.00000", "2011-04-30": "253.00000", "2011-01-31": "252.00000", "2010-10-31": "215.00000", "2010-07-31": "227.00000", "2010-04-30": "209.00000", "2010-01-31": "222.00000", "2009-10-31": "208.00000", "2009-07-31": "201.00000", "2009-04-30": "188.00000", "2009-01-31": "212.00000", "2008-10-31": "165.00000", "2008-07-31": "134.00000", "2008-04-30": "141.00000", "2008-01-31": "133.00000", "2007-10-31": "143.74300", "2007-07-31": "163.15900", "2007-04-30": "174.08200", "2007-01-31": "154.91900", "2006-10-31": "149.36300", "2006-07-31": "156.37200", "2006-04-30": "185.22800", "2006-01-31": "66.32700", "2005-10-31": "77.81000", "2005-07-31": "82.31900", "2005-04-30": "106.06000", "2005-01-31": "47.29400"}, "Total Current Assets": {"2020-10-31": "5996.00000", "2020-07-31": "5688.00000", "2020-04-30": "6170.00000", "2020-01-31": "4649.00000", "2019-10-31": "5781.00000", "2019-07-31": "4678.00000", "2019-04-30": "4635.00000", "2019-01-31": "4835.00000", "2018-10-31": "6337.00000", "2018-07-31": "5042.00000", "2018-04-30": "4983.00000", "2018-01-31": "5380.00000", "2017-10-31": "5747.00000", "2017-07-31": "4786.00000", "2017-04-30": "4994.00000", "2017-01-31": "5247.00000", "2016-10-31": "5654.00000", "2016-07-31": "4955.00000", "2016-04-30": "4855.00000", "2016-01-31": "5076.00000", "2015-10-31": "6067.00000", "2015-07-31": "5496.00000", "2015-04-30": "5698.00000", "2015-01-31": "5580.00000", "2014-10-31": "6100.00000", "2014-07-31": "5100.00000", "2014-04-30": "5139.00000", "2014-01-31": "5314.00000", "2013-10-31": "5987.00000", "2013-07-31": "4882.00000", "2013-04-30": "4911.00000", "2013-01-31": "4719.00000", "2012-10-31": "5806.00000", "2012-07-31": "4490.00000", "2012-04-30": "4879.00000", "2012-01-31": "4829.00000", "2011-10-31": "5380.00000", "2011-07-31": "4635.00000", "2011-04-30": "5227.00000", "2011-01-31": "5642.00000", "2010-10-31": "6803.00000", "2010-07-31": "5770.00000", "2010-04-30": "5705.00000", "2010-01-31": "5485.00000", "2009-10-31": "5587.00000", "2009-07-31": "4307.00000", "2009-04-30": "3922.00000", "2009-01-31": "3728.00000", "2008-10-31": "4232.00000", "2008-07-31": "3212.00000", "2008-04-30": "3296.00000", "2008-01-31": "3724.00000", "2007-10-31": "4435.22800", "2007-07-31": "3278.01200", "2007-04-30": "3388.59500", "2007-01-31": "3393.88700", "2006-10-31": "3922.74300", "2006-07-31": "3257.19500", "2006-04-30": "4129.45700", "2006-01-31": "4266.55300", "2005-10-31": "4573.24900", "2005-07-31": "3833.40200", "2005-04-30": "3651.16700", "2005-01-31": "3643.43700"}, "Property, Plant, And Equipment": {"2020-10-31": "6876.00000", "2020-07-31": "6970.00000", "2020-04-30": "7169.00000", "2020-01-31": "7352.00000", "2019-10-31": "7364.00000", "2019-07-31": "7276.00000", "2019-04-30": "7211.00000", "2019-01-31": "7428.00000", "2018-10-31": "7538.00000", "2018-07-31": "7635.00000", "2018-04-30": "7694.00000", "2018-01-31": "7773.00000", "2017-10-31": "7974.00000", "2017-07-31": "8068.00000", "2017-04-30": "8069.00000", "2017-01-31": "8103.00000", "2016-10-31": "8203.00000", "2016-07-31": "8192.00000", "2016-04-30": "8230.00000", "2016-01-31": "8308.00000", "2015-10-31": "8499.00000", "2015-07-31": "8528.00000", "2015-04-30": "8518.00000", "2015-01-31": "8515.00000", "2014-10-31": "8671.00000", "2014-07-31": "8686.00000", "2014-04-30": "8677.00000", "2014-01-31": "8745.00000", "2013-10-31": "8925.00000", "2013-07-31": "8891.00000", "2013-04-30": "8822.00000", "2013-01-31": "8872.00000", "2012-10-31": "9009.00000", "2012-07-31": "9010.00000", "2012-04-30": "8961.00000", "2012-01-31": "8905.00000", "2011-10-31": "8918.00000", "2011-07-31": "8876.00000", "2011-04-30": "8718.00000", "2011-01-31": "8692.00000", "2010-10-31": "8698.00000", "2010-07-31": "8792.00000", "2010-04-30": "7109.00000", "2010-01-31": "7018.00000", "2009-10-31": "7082.00000", "2009-07-31": "7142.00000", "2009-04-30": "7001.00000", "2009-01-31": "6984.00000", "2008-10-31": "6991.00000", "2008-07-31": "6951.00000", "2008-04-30": "6619.00000", "2008-01-31": "6510.00000", "2007-10-31": "6383.58000", "2007-07-31": "6190.11900", "2007-04-30": "5576.93800", "2007-01-31": "5352.97400", "2006-10-31": "5266.04800", "2006-07-31": "5104.52100", "2006-04-30": "4791.44700", "2006-01-31": "4616.30300", "2005-10-31": "4557.82700", "2005-07-31": "4360.63700", "2005-04-30": "4179.56900", "2005-01-31": "3987.94500"}, "Long-Term Investments": {"2020-10-31": "", "2020-07-31": "", "2020-04-30": "", "2020-01-31": "", "2019-10-31": "", "2019-07-31": "", "2019-04-30": "", "2019-01-31": "", "2018-10-31": "", "2018-07-31": "", "2018-04-30": "", "2018-01-31": "", "2017-10-31": "", "2017-07-31": "", "2017-04-30": "", "2017-01-31": "", "2016-10-31": "", "2016-07-31": "", "2016-04-30": "", "2016-01-31": "", "2015-10-31": "", "2015-07-31": "", "2015-04-30": "", "2015-01-31": "", "2014-10-31": "", "2014-07-31": "", "2014-04-30": "", "2014-01-31": "", "2013-10-31": "", "2013-07-31": "", "2013-04-30": "", "2013-01-31": "53.00000", "2012-10-31": "90.00000", "2012-07-31": "102.00000", "2012-04-30": "156.00000", "2012-01-31": "153.00000", "2011-10-31": "158.00000", "2011-07-31": "208.00000", "2011-04-30": "250.00000", "2011-01-31": "277.00000", "2010-10-31": "275.00000", "2010-07-31": "298.00000", "2010-04-30": "318.00000", "2010-01-31": "321.00000", "2009-10-31": "326.00000", "2009-07-31": "326.00000", "2009-04-30": "327.00000", "2009-01-31": "333.00000", "2008-10-31": "345.00000", "2008-07-31": "391.00000", "2008-04-30": "395.00000", "2008-01-31": "", "2007-10-31": "", "2007-07-31": "", "2007-04-30": "", "2007-01-31": "", "2006-10-31": "", "2006-07-31": "", "2006-04-30": "", "2006-01-31": "", "2005-10-31": "", "2005-07-31": "", "2005-04-30": "", "2005-01-31": ""}, "Goodwill And Intangible Assets": {"2020-10-31": "", "2020-07-31": "", "2020-04-30": "", "2020-01-31": "", "2019-10-31": "", "2019-07-31": "", "2019-04-30": "", "2019-01-31": "", "2018-10-31": "", "2018-07-31": "", "2018-04-30": "", "2018-01-31": "", "2017-10-31": "", "2017-07-31": "", "2017-04-30": "", "2017-01-31": "", "2016-10-31": "", "2016-07-31": "", "2016-04-30": "", "2016-01-31": "", "2015-10-31": "", "2015-07-31": "", "2015-04-30": "", "2015-01-31": "", "2014-10-31": "", "2014-07-31": "", "2014-04-30": "", "2014-01-31": "", "2013-10-31": "", "2013-07-31": "", "2013-04-30": "", "2013-01-31": "", "2012-10-31": "", "2012-07-31": "", "2012-04-30": "", "2012-01-31": "", "2011-10-31": "", "2011-07-31": "", "2011-04-30": "", "2011-01-31": "", "2010-10-31": "", "2010-07-31": "", "2010-04-30": "201.00000", "2010-01-31": "204.00000", "2009-10-31": "198.00000", "2009-07-31": "196.00000", "2009-04-30": "198.00000", "2009-01-31": "201.00000", "2008-10-31": "208.00000", "2008-07-31": "211.00000", "2008-04-30": "213.00000", "2008-01-31": "219.00000", "2007-10-31": "222.63600", "2007-07-31": "222.89200", "2007-04-30": "225.75800", "2007-01-31": "228.62400", "2006-10-31": "232.06200", "2006-07-31": "235.44600", "2006-04-30": "218.56300", "2006-01-31": "221.71800", "2005-10-31": "224.79800", "2005-07-31": "227.91500", "2005-04-30": "231.11300", "2005-01-31": "234.24100"}, "Other Long-Term Assets": {"2020-10-31": "150.00000", "2020-07-31": "159.00000", "2020-04-30": "157.00000", "2020-01-31": "163.00000", "2019-10-31": "167.00000", "2019-07-31": "160.00000", "2019-04-30": "167.00000", "2019-01-31": "206.00000", "2018-10-31": "243.00000", "2018-07-31": "238.00000", "2018-04-30": "239.00000", "2018-01-31": "236.00000", "2017-10-31": "226.00000", "2017-07-31": "230.00000", "2017-04-30": "231.00000", "2017-01-31": "224.00000", "2016-10-31": "219.00000", "2016-07-31": "213.00000", "2016-04-30": "219.00000", "2016-01-31": "222.00000", "2015-10-31": "228.00000", "2015-07-31": "232.00000", "2015-04-30": "237.00000", "2015-01-31": "238.00000", "2014-10-31": "243.00000", "2014-07-31": "281.00000", "2014-04-30": "298.00000", "2014-01-31": "298.00000", "2013-10-31": "333.00000", "2013-07-31": "324.00000", "2013-04-30": "317.00000", "2013-01-31": "261.00000", "2012-10-31": "256.00000", "2012-07-31": "254.00000", "2012-04-30": "266.00000", "2012-01-31": "261.00000", "2011-10-31": "263.00000", "2011-07-31": "255.00000", "2011-04-30": "258.00000", "2011-01-31": "238.00000", "2010-10-31": "229.00000", "2010-07-31": "151.00000", "2010-04-30": "133.00000", "2010-01-31": "132.00000", "2009-10-31": "130.00000", "2009-07-31": "115.00000", "2009-04-30": "115.00000", "2009-01-31": "117.00000", "2008-10-31": "110.00000", "2008-07-31": "111.00000", "2008-04-30": "107.00000", "2008-01-31": "107.00000", "2007-10-31": "72.53900", "2007-07-31": "60.97800", "2007-04-30": "60.30100", "2007-01-31": "58.53900", "2006-10-31": "57.22400", "2006-07-31": "51.50400", "2006-04-30": "52.50000", "2006-01-31": "48.92000", "2005-10-31": "48.35300", "2005-07-31": "42.08200", "2005-04-30": "38.72900", "2005-01-31": "113.67600"}, "Total Long-Term Assets": {"2020-10-31": "9448.00000", "2020-07-31": "9547.00000", "2020-04-30": "9699.00000", "2020-01-31": "9906.00000", "2019-10-31": "9958.00000", "2019-07-31": "9864.00000", "2019-04-30": "9831.00000", "2019-01-31": "7634.00000", "2018-10-31": "7781.00000", "2018-07-31": "7873.00000", "2018-04-30": "7933.00000", "2018-01-31": "8009.00000", "2017-10-31": "8200.00000", "2017-07-31": "8298.00000", "2017-04-30": "8300.00000", "2017-01-31": "8327.00000", "2016-10-31": "8422.00000", "2016-07-31": "8405.00000", "2016-04-30": "8449.00000", "2016-01-31": "8530.00000", "2015-10-31": "8727.00000", "2015-07-31": "8760.00000", "2015-04-30": "8755.00000", "2015-01-31": "8753.00000", "2014-10-31": "8914.00000", "2014-07-31": "8967.00000", "2014-04-30": "8975.00000", "2014-01-31": "9043.00000", "2013-10-31": "9258.00000", "2013-07-31": "9215.00000", "2013-04-30": "9139.00000", "2013-01-31": "9186.00000", "2012-10-31": "9355.00000", "2012-07-31": "9366.00000", "2012-04-30": "9383.00000", "2012-01-31": "9319.00000", "2011-10-31": "9339.00000", "2011-07-31": "9339.00000", "2011-04-30": "9226.00000", "2011-01-31": "9207.00000", "2010-10-31": "9202.00000", "2010-07-31": "9241.00000", "2010-04-30": "7761.00000", "2010-01-31": "7675.00000", "2009-10-31": "7736.00000", "2009-07-31": "7779.00000", "2009-04-30": "7641.00000", "2009-01-31": "7635.00000", "2008-10-31": "7654.00000", "2008-07-31": "7664.00000", "2008-04-30": "7334.00000", "2008-01-31": "6836.00000", "2007-10-31": "6678.75500", "2007-07-31": "6473.98900", "2007-04-30": "5862.99700", "2007-01-31": "5640.13700", "2006-10-31": "5555.33400", "2006-07-31": "5391.47100", "2006-04-30": "5062.51000", "2006-01-31": "4886.94100", "2005-10-31": "4830.97800", "2005-07-31": "4630.63400", "2005-04-30": "4449.41100", "2005-01-31": "4335.86200"}, "Total Assets": {"2020-10-31": "15444.00000", "2020-07-31": "15235.00000", "2020-04-30": "15869.00000", "2020-01-31": "14555.00000", "2019-10-31": "15739.00000", "2019-07-31": "14542.00000", "2019-04-30": "14466.00000", "2019-01-31": "12469.00000", "2018-10-31": "14118.00000", "2018-07-31": "12915.00000", "2018-04-30": "12916.00000", "2018-01-31": "13389.00000", "2017-10-31": "13947.00000", "2017-07-31": "13084.00000", "2017-04-30": "13294.00000", "2017-01-31": "13574.00000", "2016-10-31": "14076.00000", "2016-07-31": "13360.00000", "2016-04-30": "13304.00000", "2016-01-31": "13606.00000", "2015-10-31": "14794.00000", "2015-07-31": "14256.00000", "2015-04-30": "14453.00000", "2015-01-31": "14333.00000", "2014-10-31": "15014.00000", "2014-07-31": "14067.00000", "2014-04-30": "14114.00000", "2014-01-31": "14357.00000", "2013-10-31": "15245.00000", "2013-07-31": "14097.00000", "2013-04-30": "14050.00000", "2013-01-31": "13905.00000", "2012-10-31": "15161.00000", "2012-07-31": "13856.00000", "2012-04-30": "14262.00000", "2012-01-31": "14148.00000", "2011-10-31": "14719.00000", "2011-07-31": "13974.00000", "2011-04-30": "14453.00000", "2011-01-31": "14849.00000", "2010-10-31": "16005.00000", "2010-07-31": "15011.00000", "2010-04-30": "13466.00000", "2010-01-31": "13160.00000", "2009-10-31": "13323.00000", "2009-07-31": "12086.00000", "2009-04-30": "11563.00000", "2009-01-31": "11363.00000", "2008-10-31": "11886.00000", "2008-07-31": "10876.00000", "2008-04-30": "10630.00000", "2008-01-31": "10560.00000", "2007-10-31": "11113.98000", "2007-07-31": "9752.00100", "2007-04-30": "9251.59200", "2007-01-31": "9034.02400", "2006-10-31": "9478.07700", "2006-07-31": "8648.66600", "2006-04-30": "9191.96700", "2006-01-31": "9153.49400", "2005-10-31": "9404.22700", "2005-07-31": "8464.03600", "2005-04-30": "8100.57800", "2005-01-31": "7979.29900"}, "Total Current Liabilities": {"2020-10-31": "3743.00000", "2020-07-31": "2566.00000", "2020-04-30": "3287.00000", "2020-01-31": "2769.00000", "2019-10-31": "4075.00000", "2019-07-31": "2840.00000", "2019-04-30": "2792.00000", "2019-01-31": "2730.00000", "2018-10-31": "4007.00000", "2018-07-31": "2770.00000", "2018-04-30": "2830.00000", "2018-01-31": "2709.00000", "2017-10-31": "3562.00000", "2017-07-31": "2671.00000", "2017-04-30": "2898.00000", "2017-01-31": "2974.00000", "2016-10-31": "3526.00000", "2016-07-31": "2803.00000", "2016-04-30": "2647.00000", "2016-01-31": "2714.00000", "2015-10-31": "3939.00000", "2015-07-31": "3178.00000", "2015-04-30": "2985.00000", "2015-01-31": "2859.00000", "2014-10-31": "3679.00000", "2014-07-31": "2707.00000", "2014-04-30": "2645.00000", "2014-01-31": "2758.00000", "2013-10-31": "3641.00000", "2013-07-31": "2683.00000", "2013-04-30": "2699.00000", "2013-01-31": "2535.00000", "2012-10-31": "3704.00000", "2012-07-31": "2650.00000", "2012-04-30": "2919.00000", "2012-01-31": "2607.00000", "2011-10-31": "3200.00000", "2011-07-31": "2617.00000", "2011-04-30": "2636.00000", "2011-01-31": "2781.00000", "2010-10-31": "3542.00000", "2010-07-31": "2768.00000", "2010-04-30": "2738.00000", "2010-01-31": "2390.00000", "2009-10-31": "3020.00000", "2009-07-31": "2128.00000", "2009-04-30": "1879.00000", "2009-01-31": "1844.00000", "2008-10-31": "2733.00000", "2008-07-31": "1935.00000", "2008-04-30": "1847.00000", "2008-01-31": "1771.00000", "2007-10-31": "2732.33400", "2007-07-31": "2373.81900", "2007-04-30": "1796.28800", "2007-01-31": "1911.50500", "2006-10-31": "2435.62800", "2006-07-31": "1855.65400", "2006-04-30": "1646.55200", "2006-01-31": "1746.91100", "2005-10-31": "2397.63900", "2005-07-31": "1641.31300", "2005-04-30": "1515.46200", "2005-01-31": "1456.05800"}, "Long Term Debt": {"2020-10-31": "3852.00000", "2020-07-31": "4806.00000", "2020-04-30": "4800.00000", "2020-01-31": "3223.00000", "2019-10-31": "3188.00000", "2019-07-31": "3125.00000", "2019-04-30": "3080.00000", "2019-01-31": "3384.00000", "2018-10-31": "3800.00000", "2018-07-31": "3810.00000", "2018-04-30": "3864.00000", "2018-01-31": "4388.00000", "2017-10-31": "4418.00000", "2017-07-31": "4433.00000", "2017-04-30": "4452.00000", "2017-01-31": "4480.00000", "2016-10-31": "4496.00000", "2016-07-31": "4502.00000", "2016-04-30": "4563.00000", "2016-01-31": "4581.00000", "2015-10-31": "4609.00000", "2015-07-31": "4612.00000", "2015-04-30": "4620.00000", "2015-01-31": "4638.00000", "2014-10-31": "4665.00000", "2014-07-31": "4674.00000", "2014-04-30": "4711.00000", "2014-01-31": "4722.00000", "2013-10-31": "4742.00000", "2013-07-31": "4440.00000", "2013-04-30": "4430.00000", "2013-01-31": "4448.00000", "2012-10-31": "4478.00000", "2012-07-31": "4138.00000", "2012-04-30": "4149.00000", "2012-01-31": "4150.00000", "2011-10-31": "4144.00000", "2011-07-31": "3481.00000", "2011-04-30": "3490.00000", "2011-01-31": "3512.00000", "2010-10-31": "3499.00000", "2010-07-31": "3589.00000", "2010-04-30": "1754.00000", "2010-01-31": "2052.00000", "2009-10-31": "2054.00000", "2009-07-31": "2053.00000", "2009-04-30": "2056.00000", "2009-01-31": "2053.00000", "2008-10-31": "2057.00000", "2008-07-31": "2050.00000", "2008-04-30": "2048.00000", "2008-01-31": "2052.00000", "2007-10-31": "2045.53500", "2007-07-31": "1040.84700", "2007-04-30": "1040.91500", "2007-01-31": "1040.05700", "2006-10-31": "1040.45000", "2006-07-31": "1041.31400", "2006-04-30": "1043.95200", "2006-01-31": "1046.10400", "2005-10-31": "1040.23200", "2005-07-31": "1036.17200", "2005-04-30": "1018.03300", "2005-01-31": "1103.44100"}, "Other Non-Current Liabilities": {"2020-10-31": "293.00000", "2020-07-31": "267.00000", "2020-04-30": "222.00000", "2020-01-31": "234.00000", "2019-10-31": "220.00000", "2019-07-31": "221.00000", "2019-04-30": "239.00000", "2019-01-31": "644.00000", "2018-10-31": "657.00000", "2018-07-31": "660.00000", "2018-04-30": "668.00000", "2018-01-31": "662.00000", "2017-10-31": "673.00000", "2017-07-31": "691.00000", "2017-04-30": "674.00000", "2017-01-31": "671.00000", "2016-10-31": "649.00000", "2016-07-31": "656.00000", "2016-04-30": "558.00000", "2016-01-31": "563.00000", "2015-10-31": "556.00000", "2015-07-31": "554.00000", "2015-04-30": "556.00000", "2015-01-31": "547.00000", "2014-10-31": "572.00000", "2014-07-31": "562.00000", "2014-04-30": "562.00000", "2014-01-31": "560.00000", "2013-10-31": "548.00000", "2013-07-31": "540.00000", "2013-04-30": "532.00000", "2013-01-31": "512.00000", "2012-10-31": "478.00000", "2012-07-31": "469.00000", "2012-04-30": "473.00000", "2012-01-31": "460.00000", "2011-10-31": "459.00000", "2011-07-31": "460.00000", "2011-04-30": "456.00000", "2011-01-31": "450.00000", "2010-10-31": "435.00000", "2010-07-31": "351.00000", "2010-04-30": "497.00000", "2010-01-31": "488.00000", "2009-10-31": "464.00000", "2009-07-31": "436.00000", "2009-04-30": "420.00000", "2009-01-31": "407.00000", "2008-10-31": "387.00000", "2008-07-31": "379.00000", "2008-04-30": "371.00000", "2008-01-31": "373.00000", "2007-10-31": "268.87300", "2007-07-31": "258.38800", "2007-04-30": "248.70500", "2007-01-31": "235.53700", "2006-10-31": "228.23600", "2006-07-31": "219.19900", "2006-04-30": "211.45700", "2006-01-31": "185.34000", "2005-10-31": "179.76500", "2005-07-31": "167.49400", "2005-04-30": "161.49000", "2005-01-31": "156.52100"}, "Total Long Term Liabilities": {"2020-10-31": "6863.00000", "2020-07-31": "7832.00000", "2020-04-30": "7792.00000", "2020-01-31": "6336.00000", "2019-10-31": "6309.00000", "2019-07-31": "6247.00000", "2019-04-30": "6232.00000", "2019-01-31": "4212.00000", "2018-10-31": "4658.00000", "2018-07-31": "4658.00000", "2018-04-30": "4730.00000", "2018-01-31": "5261.00000", "2017-10-31": "5363.00000", "2017-07-31": "5392.00000", "2017-04-30": "5409.00000", "2017-01-31": "5423.00000", "2016-10-31": "5443.00000", "2016-07-31": "5342.00000", "2016-04-30": "5360.00000", "2016-01-31": "5401.00000", "2015-10-31": "5381.00000", "2015-07-31": "5401.00000", "2015-04-30": "5451.00000", "2015-01-31": "5483.00000", "2014-10-31": "5530.00000", "2014-07-31": "5551.00000", "2014-04-30": "5612.00000", "2014-01-31": "5621.00000", "2013-10-31": "5680.00000", "2013-07-31": "5361.00000", "2013-04-30": "5330.00000", "2013-01-31": "5322.00000", "2012-10-31": "5351.00000", "2012-07-31": "5018.00000", "2012-04-30": "5043.00000", "2012-01-31": "5033.00000", "2011-10-31": "5048.00000", "2011-07-31": "4279.00000", "2011-04-30": "4255.00000", "2011-01-31": "4218.00000", "2010-10-31": "4150.00000", "2010-07-31": "4134.00000", "2010-04-30": "2631.00000", "2010-01-31": "2917.00000", "2009-10-31": "2908.00000", "2009-07-31": "2822.00000", "2009-04-30": "2799.00000", "2009-01-31": "2780.00000", "2008-10-31": "2758.00000", "2008-07-31": "2708.00000", "2008-04-30": "2689.00000", "2008-01-31": "2687.00000", "2007-10-31": "2572.74400", "2007-07-31": "1545.71900", "2007-04-30": "1544.89000", "2007-01-31": "1519.12400", "2006-10-31": "1513.16700", "2006-07-31": "1474.50700", "2006-04-30": "1466.03200", "2006-01-31": "1449.24500", "2005-10-31": "1443.32200", "2005-07-31": "1427.92100", "2005-04-30": "1405.95100", "2005-01-31": "1489.34300"}, "Total Liabilities": {"2020-10-31": "10606.00000", "2020-07-31": "10398.00000", "2020-04-30": "11079.00000", "2020-01-31": "9105.00000", "2019-10-31": "10384.00000", "2019-07-31": "9087.00000", "2019-04-30": "9024.00000", "2019-01-31": "6942.00000", "2018-10-31": "8665.00000", "2018-07-31": "7428.00000", "2018-04-30": "7560.00000", "2018-01-31": "7970.00000", "2017-10-31": "8925.00000", "2017-07-31": "8063.00000", "2017-04-30": "8307.00000", "2017-01-31": "8397.00000", "2016-10-31": "8969.00000", "2016-07-31": "8145.00000", "2016-04-30": "8007.00000", "2016-01-31": "8115.00000", "2015-10-31": "9320.00000", "2015-07-31": "8579.00000", "2015-04-30": "8436.00000", "2015-01-31": "8342.00000", "2014-10-31": "9209.00000", "2014-07-31": "8258.00000", "2014-04-30": "8257.00000", "2014-01-31": "8379.00000", "2013-10-31": "9321.00000", "2013-07-31": "8044.00000", "2013-04-30": "8029.00000", "2013-01-31": "7857.00000", "2012-10-31": "9055.00000", "2012-07-31": "7668.00000", "2012-04-30": "7962.00000", "2012-01-31": "7640.00000", "2011-10-31": "8248.00000", "2011-07-31": "6896.00000", "2011-04-30": "6891.00000", "2011-01-31": "6999.00000", "2010-10-31": "7692.00000", "2010-07-31": "6902.00000", "2010-04-30": "5369.00000", "2010-01-31": "5307.00000", "2009-10-31": "5928.00000", "2009-07-31": "4950.00000", "2009-04-30": "4678.00000", "2009-01-31": "4624.00000", "2008-10-31": "5491.00000", "2008-07-31": "4643.00000", "2008-04-30": "4536.00000", "2008-01-31": "4458.00000", "2007-10-31": "5305.07800", "2007-07-31": "3919.53800", "2007-04-30": "3341.17800", "2007-01-31": "3430.62900", "2006-10-31": "3948.79500", "2006-07-31": "3330.16100", "2006-04-30": "3112.58400", "2006-01-31": "3196.15600", "2005-10-31": "3840.96100", "2005-07-31": "3069.23400", "2005-04-30": "2921.41300", "2005-01-31": "2945.40100"}, "Common Stock Net": {"2020-10-31": "4.00000", "2020-07-31": "4.00000", "2020-04-30": "4.00000", "2020-01-31": "4.00000", "2019-10-31": "4.00000", "2019-07-31": "4.00000", "2019-04-30": "4.00000", "2019-01-31": "4.00000", "2018-10-31": "4.00000", "2018-07-31": "4.00000", "2018-04-30": "4.00000", "2018-01-31": "4.00000", "2017-10-31": "4.00000", "2017-07-31": "4.00000", "2017-04-30": "4.00000", "2017-01-31": "4.00000", "2016-10-31": "4.00000", "2016-07-31": "4.00000", "2016-04-30": "4.00000", "2016-01-31": "4.00000", "2015-10-31": "4.00000", "2015-07-31": "4.00000", "2015-04-30": "4.00000", "2015-01-31": "4.00000", "2014-10-31": "4.00000", "2014-07-31": "4.00000", "2014-04-30": "4.00000", "2014-01-31": "4.00000", "2013-10-31": "4.00000", "2013-07-31": "4.00000", "2013-04-30": "4.00000", "2013-01-31": "4.00000", "2012-10-31": "4.00000", "2012-07-31": "4.00000", "2012-04-30": "4.00000", "2012-01-31": "4.00000", "2011-10-31": "4.00000", "2011-07-31": "4.00000", "2011-04-30": "4.00000", "2011-01-31": "4.00000", "2010-10-31": "4.00000", "2010-07-31": "4.00000", "2010-04-30": "4.00000", "2010-01-31": "4.00000", "2009-10-31": "4.00000", "2009-07-31": "4.00000", "2009-04-30": "4.00000", "2009-01-31": "4.00000", "2008-10-31": "4.00000", "2008-07-31": "4.00000", "2008-04-30": "4.00000", "2008-01-31": "4.00000", "2007-10-31": "3.50700", "2007-07-31": "3.50600", "2007-04-30": "3.50300", "2007-01-31": "3.48500", "2006-10-31": "3.47700", "2006-07-31": "3.46600", "2006-04-30": "3.45800", "2006-01-31": "3.45000", "2005-10-31": "3.44500", "2005-07-31": "3.44300", "2005-04-30": "3.43700", "2005-01-31": "3.43300"}, "Retained Earnings (Accumulated Deficit)": {"2020-10-31": "13125.00000", "2020-07-31": "13137.00000", "2020-04-30": "13090.00000", "2020-01-31": "13745.00000", "2019-10-31": "13585.00000", "2019-07-31": "13568.00000", "2019-04-30": "13436.00000", "2019-01-31": "13395.00000", "2018-10-31": "13224.00000", "2018-07-31": "13163.00000", "2018-04-30": "12972.00000", "2018-01-31": "12999.00000", "2017-10-31": "12624.00000", "2017-07-31": "12599.00000", "2017-04-30": "12486.00000", "2017-01-31": "12522.00000", "2016-10-31": "12358.00000", "2016-07-31": "12301.00000", "2016-04-30": "12254.00000", "2016-01-31": "12329.00000", "2015-10-31": "12118.00000", "2015-07-31": "12085.00000", "2015-04-30": "12044.00000", "2015-01-31": "12008.00000", "2014-10-31": "11718.00000", "2014-07-31": "11656.00000", "2014-04-30": "11506.00000", "2014-01-31": "11462.00000", "2013-10-31": "11204.00000", "2013-07-31": "11103.00000", "2013-04-30": "10948.00000", "2013-01-31": "10878.00000", "2012-10-31": "10575.00000", "2012-07-31": "10434.00000", "2012-04-30": "10271.00000", "2012-01-31": "10195.00000", "2011-10-31": "9803.00000", "2011-07-31": "9660.00000", "2011-04-30": "9430.00000", "2011-01-31": "9301.00000", "2010-10-31": "8806.00000", "2010-07-31": "8631.00000", "2010-04-30": "8638.00000", "2010-01-31": "8439.00000", "2009-10-31": "8008.00000", "2009-07-31": "7816.00000", "2009-04-30": "7585.00000", "2009-01-31": "7448.00000", "2008-10-31": "7112.00000", "2008-07-31": "6952.00000", "2008-04-30": "6716.00000", "2008-01-31": "6563.00000", "2007-10-31": "6151.71600", "2007-07-31": "5957.71100", "2007-04-30": "5688.48700", "2007-01-31": "5479.53400", "2006-10-31": "4994.95100", "2006-07-31": "4770.45500", "2006-04-30": "4538.09800", "2006-01-31": "4370.85300", "2005-10-31": "3995.94000", "2005-07-31": "3840.81300", "2005-04-30": "3653.62700", "2005-01-31": "3528.89300"}, "Comprehensive Income": {"2020-10-31": "", "2020-07-31": "", "2020-04-30": "", "2020-01-31": "", "2019-10-31": "", "2019-07-31": "", "2019-04-30": "", "2019-01-31": "", "2018-10-31": "-8.00000", "2018-07-31": "-8.00000", "2018-04-30": "-8.00000", "2018-01-31": "-11.00000", "2017-10-31": "-12.00000", "2017-07-31": "-12.00000", "2017-04-30": "-13.00000", "2017-01-31": "-14.00000", "2016-10-31": "-15.00000", "2016-07-31": "-16.00000", "2016-04-30": "-16.00000", "2016-01-31": "-17.00000", "2015-10-31": "-18.00000", "2015-07-31": "-18.00000", "2015-04-30": "-19.00000", "2015-01-31": "-20.00000", "2014-10-31": "-21.00000", "2014-07-31": "-30.00000", "2014-04-30": "-33.00000", "2014-01-31": "-34.00000", "2013-10-31": "-39.00000", "2013-07-31": "-39.00000", "2013-04-30": "-40.00000", "2013-01-31": "-45.00000", "2012-10-31": "-48.00000", "2012-07-31": "-51.00000", "2012-04-30": "-50.00000", "2012-01-31": "-53.00000", "2011-10-31": "-52.00000", "2011-07-31": "-35.00000", "2011-04-30": "-31.00000", "2011-01-31": "-37.00000", "2010-10-31": "-40.00000", "2010-07-31": "-38.00000", "2010-04-30": "-36.00000", "2010-01-31": "-36.00000", "2009-10-31": "-38.00000", "2009-07-31": "-45.00000", "2009-04-30": "-46.00000", "2009-01-31": "-46.00000", "2008-10-31": "-38.00000", "2008-07-31": "-20.00000", "2008-04-30": "-18.00000", "2008-01-31": "", "2007-10-31": "", "2007-07-31": "", "2007-04-30": "", "2007-01-31": "", "2006-10-31": "", "2006-07-31": "", "2006-04-30": "", "2006-01-31": "", "2005-10-31": "", "2005-07-31": "", "2005-04-30": "", "2005-01-31": ""}, "Other Share Holders Equity": {"2020-10-31": "", "2020-07-31": "", "2020-04-30": "", "2020-01-31": "", "2019-10-31": "", "2019-07-31": "", "2019-04-30": "", "2019-01-31": "", "2018-10-31": "", "2018-07-31": "", "2018-04-30": "", "2018-01-31": "", "2017-10-31": "", "2017-07-31": "", "2017-04-30": "", "2017-01-31": "", "2016-10-31": "", "2016-07-31": "", "2016-04-30": "", "2016-01-31": "", "2015-10-31": "", "2015-07-31": "", "2015-04-30": "", "2015-01-31": "", "2014-10-31": "", "2014-07-31": "", "2014-04-30": "", "2014-01-31": "", "2013-10-31": "", "2013-07-31": "", "2013-04-30": "", "2013-01-31": "", "2012-10-31": "", "2012-07-31": "", "2012-04-30": "", "2012-01-31": "", "2011-10-31": "", "2011-07-31": "", "2011-04-30": "", "2011-01-31": "", "2010-10-31": "", "2010-07-31": "", "2010-04-30": "", "2010-01-31": "", "2009-10-31": "", "2009-07-31": "", "2009-04-30": "", "2009-01-31": "", "2008-10-31": "", "2008-07-31": "", "2008-04-30": "", "2008-01-31": "", "2007-10-31": "", "2007-07-31": "", "2007-04-30": "", "2007-01-31": "", "2006-10-31": "", "2006-07-31": "", "2006-04-30": "", "2006-01-31": "", "2005-10-31": "", "2005-07-31": "", "2005-04-30": "", "2005-01-31": ""}, "Share Holder Equity": {"2020-10-31": "4838.00000", "2020-07-31": "4837.00000", "2020-04-30": "4790.00000", "2020-01-31": "5450.00000", "2019-10-31": "5355.00000", "2019-07-31": "5455.00000", "2019-04-30": "5442.00000", "2019-01-31": "5527.00000", "2018-10-31": "5453.00000", "2018-07-31": "5487.00000", "2018-04-30": "5356.00000", "2018-01-31": "5419.00000", "2017-10-31": "5022.00000", "2017-07-31": "5021.00000", "2017-04-30": "4987.00000", "2017-01-31": "5177.00000", "2016-10-31": "5107.00000", "2016-07-31": "5215.00000", "2016-04-30": "5297.00000", "2016-01-31": "5491.00000", "2015-10-31": "5474.00000", "2015-07-31": "5677.00000", "2015-04-30": "6017.00000", "2015-01-31": "5991.00000", "2014-10-31": "5805.00000", "2014-07-31": "5809.00000", "2014-04-30": "5857.00000", "2014-01-31": "5978.00000", "2013-10-31": "5924.00000", "2013-07-31": "6053.00000", "2013-04-30": "6021.00000", "2013-01-31": "6048.00000", "2012-10-31": "6106.00000", "2012-07-31": "6188.00000", "2012-04-30": "6300.00000", "2012-01-31": "6508.00000", "2011-10-31": "6471.00000", "2011-07-31": "7078.00000", "2011-04-30": "7562.00000", "2011-01-31": "7850.00000", "2010-10-31": "8313.00000", "2010-07-31": "8109.00000", "2010-04-30": "8097.00000", "2010-01-31": "7853.00000", "2009-10-31": "7395.00000", "2009-07-31": "7136.00000", "2009-04-30": "6885.00000", "2009-01-31": "6739.00000", "2008-10-31": "6395.00000", "2008-07-31": "6233.00000", "2008-04-30": "6094.00000", "2008-01-31": "6102.00000", "2007-10-31": "5808.90500", "2007-07-31": "5832.46300", "2007-04-30": "5910.41400", "2007-01-31": "5603.39500", "2006-10-31": "5529.28200", "2006-07-31": "5318.50500", "2006-04-30": "6079.38300", "2006-01-31": "5957.33800", "2005-10-31": "5563.26600", "2005-07-31": "5394.80200", "2005-04-30": "5179.16500", "2005-01-31": "5033.89800"}, "Total Liabilities And Share Holders Equity": {"2020-10-31": "15444.00000", "2020-07-31": "15235.00000", "2020-04-30": "15869.00000", "2020-01-31": "14555.00000", "2019-10-31": "15739.00000", "2019-07-31": "14542.00000", "2019-04-30": "14466.00000", "2019-01-31": "12469.00000", "2018-10-31": "14118.00000", "2018-07-31": "12915.00000", "2018-04-30": "12916.00000", "2018-01-31": "13389.00000", "2017-10-31": "13947.00000", "2017-07-31": "13084.00000", "2017-04-30": "13294.00000", "2017-01-31": "13574.00000", "2016-10-31": "14076.00000", "2016-07-31": "13360.00000", "2016-04-30": "13304.00000", "2016-01-31": "13606.00000", "2015-10-31": "14794.00000", "2015-07-31": "14256.00000", "2015-04-30": "14453.00000", "2015-01-31": "14333.00000", "2014-10-31": "15014.00000", "2014-07-31": "14067.00000", "2014-04-30": "14114.00000", "2014-01-31": "14357.00000", "2013-10-31": "15245.00000", "2013-07-31": "14097.00000", "2013-04-30": "14050.00000", "2013-01-31": "13905.00000", "2012-10-31": "15161.00000", "2012-07-31": "13856.00000", "2012-04-30": "14262.00000", "2012-01-31": "14148.00000", "2011-10-31": "14719.00000", "2011-07-31": "13974.00000", "2011-04-30": "14453.00000", "2011-01-31": "14849.00000", "2010-10-31": "16005.00000", "2010-07-31": "15011.00000", "2010-04-30": "13466.00000", "2010-01-31": "13160.00000", "2009-10-31": "13323.00000", "2009-07-31": "12086.00000", "2009-04-30": "11563.00000", "2009-01-31": "11363.00000", "2008-10-31": "11886.00000", "2008-07-31": "10876.00000", "2008-04-30": "10630.00000", "2008-01-31": "10560.00000", "2007-10-31": "11113.98000", "2007-07-31": "9752.00100", "2007-04-30": "9251.59200", "2007-01-31": "9034.02400", "2006-10-31": "9478.07700", "2006-07-31": "8648.66600", "2006-04-30": "9191.96700", "2006-01-31": "9153.49400", "2005-10-31": "9404.22700", "2005-07-31": "8464.03600", "2005-04-30": "8100.57800", "2005-01-31": "7979.29900"}}, "cash flow statement": {"Net Income/Loss": {"2020-01-31": "691.00000", "2019-01-31": "801.00000", "2018-01-31": "859.00000", "2017-01-31": "556.00000", "2016-01-31": "673.00000", "2015-01-31": "867.00000", "2014-01-31": "889.00000", "2013-01-31": "986.00000", "2012-01-31": "1167.00000", "2011-01-31": "1120.00000", "2010-01-31": "973.00000", "2009-01-31": "885.00000", "2008-01-31": "1084.00000", "2007-01-31": "1109.00000", "2006-01-31": "841.96000", "2005-01-31": "703.40100"}, "Total Depreciation And Amortization - Cash Flow": {"2020-01-31": "917.00000", "2019-01-31": "964.00000", "2018-01-31": "991.00000", "2017-01-31": "938.00000", "2016-01-31": "934.00000", "2015-01-31": "886.00000", "2014-01-31": "889.00000", "2013-01-31": "833.00000", "2012-01-31": "778.00000", "2011-01-31": "750.00000", "2010-01-31": "688.00000", "2009-01-31": "541.00000", "2008-01-31": "453.00000", "2007-01-31": "389.00000", "2006-01-31": "339.82600", "2005-01-31": "289.10800"}, "Other Non-Cash Items": {"2020-01-31": "323.00000", "2019-01-31": "209.00000", "2018-01-31": "-4.00000", "2017-01-31": "141.00000", "2016-01-31": "203.00000", "2015-01-31": "125.00000", "2014-01-31": "91.00000", "2013-01-31": "-4.00000", "2012-01-31": "238.00000", "2011-01-31": "138.00000", "2010-01-31": "142.00000", "2009-01-31": "188.00000", "2008-01-31": "70.00000", "2007-01-31": "51.00000", "2006-01-31": "73.06800", "2005-01-31": "111.08600"}, "Total Non-Cash Items": {"2020-01-31": "1240.00000", "2019-01-31": "1173.00000", "2018-01-31": "987.00000", "2017-01-31": "1079.00000", "2016-01-31": "1137.00000", "2015-01-31": "1011.00000", "2014-01-31": "980.00000", "2013-01-31": "829.00000", "2012-01-31": "1016.00000", "2011-01-31": "888.00000", "2010-01-31": "830.00000", "2009-01-31": "729.00000", "2008-01-31": "523.00000", "2007-01-31": "440.00000", "2006-01-31": "412.89400", "2005-01-31": "400.19400"}, "Change In Accounts Receivable": {"2020-01-31": "", "2019-01-31": "", "2018-01-31": "", "2017-01-31": "", "2016-01-31": "", "2015-01-31": "", "2014-01-31": "", "2013-01-31": "", "2012-01-31": "", "2011-01-31": "", "2010-01-31": "", "2009-01-31": "", "2008-01-31": "", "2007-01-31": "1652.00000", "2006-01-31": "-262.43300", "2005-01-31": "-239.47500"}, "Change In Inventories": {"2020-01-31": "-51.00000", "2019-01-31": "79.00000", "2018-01-31": "264.00000", "2017-01-31": "249.00000", "2016-01-31": "-215.00000", "2015-01-31": "68.00000", "2014-01-31": "-116.00000", "2013-01-31": "-523.00000", "2012-01-31": "-160.00000", "2011-01-31": "-107.00000", "2010-01-31": "-119.00000", "2009-01-31": "60.00000", "2008-01-31": "-275.00000", "2007-01-31": "-350.00000", "2006-01-31": "-289.68400", "2005-01-31": "-339.98700"}, "Change In Accounts Payable": {"2020-01-31": "19.00000", "2019-01-31": "-84.00000", "2018-01-31": "-236.00000", "2017-01-31": "256.00000", "2016-01-31": "-260.00000", "2015-01-31": "146.00000", "2014-01-31": "58.00000", "2013-01-31": "74.00000", "2012-01-31": "96.00000", "2011-01-31": "-50.00000", "2010-01-31": "306.00000", "2009-01-31": "48.00000", "2008-01-31": "-98.00000", "2007-01-31": "104.00000", "2006-01-31": "125.31600", "2005-01-31": "172.05600"}, "Change In Assets/Liabilities": {"2020-01-31": "-132.00000", "2019-01-31": "72.00000", "2018-01-31": "-81.00000", "2017-01-31": "-46.00000", "2016-01-31": "43.00000", "2015-01-31": "-30.00000", "2014-01-31": "-7.00000", "2013-01-31": "-37.00000", "2012-01-31": "-42.00000", "2011-01-31": "-50.00000", "2010-01-31": "-13.00000", "2009-01-31": "-40.00000", "2008-01-31": "-78.00000", "2007-01-31": "-65.00000", "2006-01-31": "-19.64300", "2005-01-31": "19.18800"}, "Total Change In Assets/Liabilities": {"2020-01-31": "-274.00000", "2019-01-31": "133.00000", "2018-01-31": "-155.00000", "2017-01-31": "518.00000", "2016-01-31": "-326.00000", "2015-01-31": "146.00000", "2014-01-31": "15.00000", "2013-01-31": "-550.00000", "2012-01-31": "-44.00000", "2011-01-31": "-258.00000", "2010-01-31": "483.00000", "2009-01-31": "84.00000", "2008-01-31": "-402.00000", "2007-01-31": "1571.00000", "2006-01-31": "-346.73900", "2005-01-31": "-166.50000"}, "Cash Flow From Operating Activities": {"2020-01-31": "1657.00000", "2019-01-31": "2107.00000", "2018-01-31": "1691.00000", "2017-01-31": "2153.00000", "2016-01-31": "1484.00000", "2015-01-31": "2024.00000", "2014-01-31": "1884.00000", "2013-01-31": "1265.00000", "2012-01-31": "2139.00000", "2011-01-31": "1750.00000", "2010-01-31": "2286.00000", "2009-01-31": "1698.00000", "2008-01-31": "1205.00000", "2007-01-31": "3120.00000", "2006-01-31": "908.11500", "2005-01-31": "937.09500"}, "Net Change In Property, Plant, And Equipment": {"2020-01-31": "-855.00000", "2019-01-31": "-578.00000", "2018-01-31": "-672.00000", "2017-01-31": "-768.00000", "2016-01-31": "-690.00000", "2015-01-31": "-682.00000", "2014-01-31": "-643.00000", "2013-01-31": "-785.00000", "2012-01-31": "-927.00000", "2011-01-31": "-801.00000", "2010-01-31": "-675.00000", "2009-01-31": "-1014.00000", "2008-01-31": "-1542.00000", "2007-01-31": "-1163.00000", "2006-01-31": "-854.56400", "2005-01-31": "-919.00500"}, "Net Change In Intangible Assets": {"2020-01-31": "", "2019-01-31": "", "2018-01-31": "", "2017-01-31": "", "2016-01-31": "", "2015-01-31": "", "2014-01-31": "", "2013-01-31": "", "2012-01-31": "", "2011-01-31": "", "2010-01-31": "", "2009-01-31": "", "2008-01-31": "", "2007-01-31": "", "2006-01-31": "", "2005-01-31": ""}, "Net Acquisitions/Divestitures": {"2020-01-31": "", "2019-01-31": "", "2018-01-31": "", "2017-01-31": "", "2016-01-31": "", "2015-01-31": "", "2014-01-31": "", "2013-01-31": "", "2012-01-31": "", "2011-01-31": "", "2010-01-31": "", "2009-01-31": "", "2008-01-31": "", "2007-01-31": "", "2006-01-31": "", "2005-01-31": ""}, "Net Change In Short-term Investments": {"2020-01-31": "", "2019-01-31": "", "2018-01-31": "", "2017-01-31": "", "2016-01-31": "", "2015-01-31": "", "2014-01-31": "", "2013-01-31": "", "2012-01-31": "", "2011-01-31": "", "2010-01-31": "", "2009-01-31": "", "2008-01-31": "", "2007-01-31": "", "2006-01-31": "-71.31000", "2005-01-31": "-54.48200"}, "Net Change In Long-Term Investments": {"2020-01-31": "", "2019-01-31": "", "2018-01-31": "", "2017-01-31": "", "2016-01-31": "", "2015-01-31": "82.00000", "2014-01-31": "1.00000", "2013-01-31": "109.00000", "2012-01-31": "145.00000", "2011-01-31": "42.00000", "2010-01-31": "28.00000", "2009-01-31": "40.00000", "2008-01-31": "-80.00000", "2007-01-31": "-270.00000", "2006-01-31": "", "2005-01-31": ""}, "Net Change In Investments - Total": {"2020-01-31": "", "2019-01-31": "", "2018-01-31": "", "2017-01-31": "", "2016-01-31": "", "2015-01-31": "82.00000", "2014-01-31": "1.00000", "2013-01-31": "109.00000", "2012-01-31": "145.00000", "2011-01-31": "42.00000", "2010-01-31": "28.00000", "2009-01-31": "40.00000", "2008-01-31": "-80.00000", "2007-01-31": "-270.00000", "2006-01-31": "-71.31000", "2005-01-31": "-54.48200"}, "Investing Activities - Other": {"2020-01-31": "18.00000", "2019-01-31": "6.00000", "2018-01-31": "23.00000", "2017-01-31": "12.00000", "2016-01-31": "9.00000", "2015-01-31": "7.00000", "2014-01-31": "19.00000", "2013-01-31": "16.00000", "2012-01-31": "-20.00000", "2011-01-31": "2.00000", "2010-01-31": "-2.00000", "2009-01-31": "11.00000", "2008-01-31": "26.00000", "2007-01-31": "-7.00000", "2006-01-31": "-4.33300", "2005-01-31": "-4.00400"}, "Cash Flow From Investing Activities": {"2020-01-31": "-837.00000", "2019-01-31": "-572.00000", "2018-01-31": "-649.00000", "2017-01-31": "-756.00000", "2016-01-31": "-681.00000", "2015-01-31": "-593.00000", "2014-01-31": "-623.00000", "2013-01-31": "-660.00000", "2012-01-31": "-802.00000", "2011-01-31": "-757.00000", "2010-01-31": "-649.00000", "2009-01-31": "-963.00000", "2008-01-31": "-1596.00000", "2007-01-31": "-1440.00000", "2006-01-31": "-930.20700", "2005-01-31": "-977.49100"}, "Net Long-Term Debt": {"2020-01-31": "-108.00000", "2019-01-31": "-1115.00000", "2018-01-31": "-138.00000", "2017-01-31": "-116.00000", "2016-01-31": "-113.00000", "2015-01-31": "-108.00000", "2014-01-31": "186.00000", "2013-01-31": "248.00000", "2012-01-31": "169.00000", "2011-01-31": "-57.00000", "2010-01-31": "-60.00000", "2009-01-31": "-16.00000", "2008-01-31": "969.00000", "2007-01-31": "-111.00000", "2006-01-31": "-5.10200", "2005-01-31": "-13.29200"}, "Net Current Debt": {"2020-01-31": "", "2019-01-31": "", "2018-01-31": "", "2017-01-31": "", "2016-01-31": "", "2015-01-31": "", "2014-01-31": "", "2013-01-31": "", "2012-01-31": "", "2011-01-31": "", "2010-01-31": "", "2009-01-31": "", "2008-01-31": "", "2007-01-31": "", "2006-01-31": "", "2005-01-31": ""}, "Debt Issuance/Retirement Net - Total": {"2020-01-31": "-108.00000", "2019-01-31": "-1115.00000", "2018-01-31": "-138.00000", "2017-01-31": "-116.00000", "2016-01-31": "-113.00000", "2015-01-31": "-108.00000", "2014-01-31": "186.00000", "2013-01-31": "248.00000", "2012-01-31": "169.00000", "2011-01-31": "-57.00000", "2010-01-31": "-60.00000", "2009-01-31": "-16.00000", "2008-01-31": "969.00000", "2007-01-31": "-111.00000", "2006-01-31": "-5.10200", "2005-01-31": "-13.29200"}, "Net Common Equity Issued/Repurchased": {"2020-01-31": "-469.00000", "2019-01-31": "-360.00000", "2018-01-31": "-288.00000", "2017-01-31": "-539.00000", "2016-01-31": "-854.00000", "2015-01-31": "-554.00000", "2014-01-31": "-697.00000", "2013-01-31": "-1216.00000", "2012-01-31": "-2248.00000", "2011-01-31": "-929.00000", "2010-01-31": "50.00000", "2009-01-31": "-257.00000", "2008-01-31": "-650.00000", "2007-01-31": "-1533.00000", "2006-01-31": "22.85800", "2005-01-31": "47.09400"}, "Net Total Equity Issued/Repurchased": {"2020-01-31": "-469.00000", "2019-01-31": "-360.00000", "2018-01-31": "-288.00000", "2017-01-31": "-539.00000", "2016-01-31": "-854.00000", "2015-01-31": "-554.00000", "2014-01-31": "-697.00000", "2013-01-31": "-1216.00000", "2012-01-31": "-2248.00000", "2011-01-31": "-929.00000", "2010-01-31": "50.00000", "2009-01-31": "-257.00000", "2008-01-31": "-650.00000", "2007-01-31": "-1533.00000", "2006-01-31": "22.85800", "2005-01-31": "47.09400"}, "Total Common And Preferred Stock Dividends Paid": {"2020-01-31": "-423.00000", "2019-01-31": "-400.00000", "2018-01-31": "-368.00000", "2017-01-31": "-358.00000", "2016-01-31": "-349.00000", "2015-01-31": "-317.00000", "2014-01-31": "-302.00000", "2013-01-31": "-300.00000", "2012-01-31": "-271.00000", "2011-01-31": "", "2010-01-31": "", "2009-01-31": "", "2008-01-31": "", "2007-01-31": "", "2006-01-31": "", "2005-01-31": ""}, "Financial Activities - Other": {"2020-01-31": "-31.00000", "2019-01-31": "-34.00000", "2018-01-31": "-14.00000", "2017-01-31": "-17.00000", "2016-01-31": "-187.00000", "2015-01-31": "-16.00000", "2014-01-31": "-14.00000", "2013-01-31": "-5.00000", "2012-01-31": "-59.00000", "2011-01-31": "3.00000", "2010-01-31": "-3.00000", "2009-01-31": "", "2008-01-31": "6.00000", "2007-01-31": "26.00000", "2006-01-31": "14.45800", "2005-01-31": "10.56300"}, "Cash Flow From Financial Activities": {"2020-01-31": "-1031.00000", "2019-01-31": "-1909.00000", "2018-01-31": "-808.00000", "2017-01-31": "-1030.00000", "2016-01-31": "-1503.00000", "2015-01-31": "-995.00000", "2014-01-31": "-827.00000", "2013-01-31": "-1273.00000", "2012-01-31": "-2409.00000", "2011-01-31": "-983.00000", "2010-01-31": "-13.00000", "2009-01-31": "-273.00000", "2008-01-31": "325.00000", "2007-01-31": "-1618.00000", "2006-01-31": "32.21400", "2005-01-31": "44.36500"}, "Net Cash Flow": {"2020-01-31": "-211.00000", "2019-01-31": "-374.00000", "2018-01-31": "234.00000", "2017-01-31": "367.00000", "2016-01-31": "-700.00000", "2015-01-31": "436.00000", "2014-01-31": "434.00000", "2013-01-31": "-668.00000", "2012-01-31": "-1072.00000", "2011-01-31": "10.00000", "2010-01-31": "1624.00000", "2009-01-31": "462.00000", "2008-01-31": "-66.00000", "2007-01-31": "62.00000", "2006-01-31": "10.12200", "2005-01-31": "3.96900"}, "Stock-Based Compensation": {"2020-01-31": "56.00000", "2019-01-31": "87.00000", "2018-01-31": "55.00000", "2017-01-31": "41.00000", "2016-01-31": "48.00000", "2015-01-31": "48.00000", "2014-01-31": "55.00000", "2013-01-31": "50.00000", "2012-01-31": "57.00000", "2011-01-31": "66.00000", "2010-01-31": "64.00000", "2009-01-31": "55.00000", "2008-01-31": "54.00000", "2007-01-31": "45.00000", "2006-01-31": "43.94100", "2005-01-31": "43.37500"}, "Common Stock Dividends Paid": {"2020-01-31": "-423.00000", "2019-01-31": "-400.00000", "2018-01-31": "-368.00000", "2017-01-31": "-358.00000", "2016-01-31": "-349.00000", "2015-01-31": "-317.00000", "2014-01-31": "-302.00000", "2013-01-31": "-300.00000", "2012-01-31": "-271.00000", "2011-01-31": "0.00000", "2010-01-31": "0.00000", "2009-01-31": "", "2008-01-31": "", "2007-01-31": "", "2006-01-31": "", "2005-01-31": ""}}, "cash flow statement, quarterly": {"Net Income/Loss": {"2020-10-31": -12, "2020-07-31": 47, "2020-04-30": "-541.00000", "2020-01-31": 265, "2019-10-31": 123, "2019-07-31": 241, "2019-04-30": "62.00000", "2019-01-31": 272, "2018-10-31": 161, "2018-07-31": 293, "2018-04-30": "75.00000", "2018-01-31": 468, "2017-10-31": 117, "2017-07-31": 208, "2017-04-30": "66.00000", "2017-01-31": 253, "2016-10-31": 146, "2016-07-31": 140, "2016-04-30": "17.00000", "2016-01-31": 296, "2015-10-31": 120, "2015-07-31": 130, "2015-04-30": "127.00000", "2015-01-31": 369, "2014-10-31": 141, "2014-07-31": 232, "2014-04-30": "125.00000", "2014-01-31": 334, "2013-10-31": 177, "2013-07-31": 231, "2013-04-30": "147.00000", "2013-01-31": 377, "2012-10-31": 215, "2012-07-31": 240, "2012-04-30": "154.00000", "2012-01-31": 456, "2011-10-31": 211, "2011-07-31": 299, "2011-04-30": "201.00000", "2011-01-31": 494, "2010-10-31": 177, "2010-07-31": 250, "2010-04-30": "199.00000", "2010-01-31": 413, "2009-10-31": 192, "2009-07-31": 231, "2009-04-30": "137.00000", "2009-01-31": 336, "2008-10-31": 160, "2008-07-31": 236, "2008-04-30": "153.00000", "2008-01-31": 411.818, "2007-10-31": 194.005, "2007-07-31": 269.224, "2007-04-30": "208.95300", "2007-01-31": 484.902, "2006-10-31": 224.496, "2006-07-31": 232.357, "2006-04-30": "167.24500", "2006-01-31": 374.913, "2005-10-31": 155.127, "2005-07-31": 187.186, "2005-04-30": "124.73400", "2005-01-31": 703.401}, "Total Depreciation And Amortization - Cash Flow": {"2020-10-31": 210, "2020-07-31": 219, "2020-04-30": "227.00000", "2020-01-31": 230, "2019-10-31": 229, "2019-07-31": 228, "2019-04-30": "230.00000", "2019-01-31": 239, "2018-10-31": 242, "2018-07-31": 240, "2018-04-30": "243.00000", "2018-01-31": 267, "2017-10-31": 242, "2017-07-31": 244, "2017-04-30": "238.00000", "2017-01-31": 238, "2016-10-31": 232, "2016-07-31": 234, "2016-04-30": "234.00000", "2016-01-31": 239, "2015-10-31": 236, "2015-07-31": 232, "2015-04-30": "227.00000", "2015-01-31": 221, "2014-10-31": 227, "2014-07-31": 222, "2014-04-30": "216.00000", "2014-01-31": 224, "2013-10-31": 226, "2013-07-31": 225, "2013-04-30": "214.00000", "2013-01-31": 213, "2012-10-31": 209, "2012-07-31": 210, "2012-04-30": "201.00000", "2012-01-31": 195, "2011-10-31": 201, "2011-07-31": 191, "2011-04-30": "191.00000", "2011-01-31": 187, "2010-10-31": 208, "2010-07-31": 204, "2010-04-30": "151.00000", "2010-01-31": 253, "2009-10-31": 150, "2009-07-31": 144, "2009-04-30": "141.00000", "2009-01-31": 142, "2008-10-31": 136, "2008-07-31": 133, "2008-04-30": "130.00000", "2008-01-31": 126.259, "2007-10-31": 115.533, "2007-07-31": 106.334, "2007-04-30": "104.87400", "2007-01-31": 104.653, "2006-10-31": 94.594, "2006-07-31": 96.31, "2006-04-30": "93.44300", "2006-01-31": 91.395, "2005-10-31": 85.328, "2005-07-31": 82.861, "2005-04-30": "80.24200", "2005-01-31": 289.108}, "Other Non-Cash Items": {"2020-10-31": 6, "2020-07-31": -130, "2020-04-30": "204.00000", "2020-01-31": 86, "2019-10-31": 46, "2019-07-31": 70, "2019-04-30": "121.00000", "2019-01-31": 94, "2018-10-31": 35, "2018-07-31": 18, "2018-04-30": "62.00000", "2018-01-31": -36, "2017-10-31": 18, "2017-07-31": 3, "2017-04-30": "11.00000", "2017-01-31": -7, "2016-10-31": 129, "2016-07-31": -46, "2016-04-30": "65.00000", "2016-01-31": 69, "2015-10-31": 37, "2015-07-31": 105, "2015-04-30": "-8.00000", "2015-01-31": 107, "2014-10-31": 2, "2014-07-31": -3, "2014-04-30": "19.00000", "2014-01-31": 24, "2013-10-31": 36, "2013-07-31": 25, "2013-04-30": "6.00000", "2013-01-31": -18, "2012-10-31": -2, "2012-07-31": 20, "2012-04-30": "-4.00000", "2012-01-31": 32, "2011-10-31": 123, "2011-07-31": 50, "2011-04-30": "33.00000", "2011-01-31": 76, "2010-10-31": 52, "2010-07-31": 1, "2010-04-30": "9.00000", "2010-01-31": -15, "2009-10-31": 79, "2009-07-31": 39, "2009-04-30": "39.00000", "2009-01-31": 60, "2008-10-31": 63, "2008-07-31": 29, "2008-04-30": "36.00000", "2008-01-31": 18.012, "2007-10-31": 20.348, "2007-07-31": -19.309, "2007-04-30": "50.94900", "2007-01-31": 10.99, "2006-10-31": 23.193, "2006-07-31": -5.858, "2006-04-30": "22.67500", "2006-01-31": 18.657, "2005-10-31": 1.066, "2005-07-31": -0.474, "2005-04-30": "53.81900", "2005-01-31": 111.086}, "Total Non-Cash Items": {"2020-10-31": 216, "2020-07-31": 89, "2020-04-30": "431.00000", "2020-01-31": 316, "2019-10-31": 275, "2019-07-31": 298, "2019-04-30": "351.00000", "2019-01-31": 333, "2018-10-31": 277, "2018-07-31": 258, "2018-04-30": "305.00000", "2018-01-31": 231, "2017-10-31": 260, "2017-07-31": 247, "2017-04-30": "249.00000", "2017-01-31": 231, "2016-10-31": 361, "2016-07-31": 188, "2016-04-30": "299.00000", "2016-01-31": 308, "2015-10-31": 273, "2015-07-31": 337, "2015-04-30": "219.00000", "2015-01-31": 328, "2014-10-31": 229, "2014-07-31": 219, "2014-04-30": "235.00000", "2014-01-31": 248, "2013-10-31": 262, "2013-07-31": 250, "2013-04-30": "220.00000", "2013-01-31": 195, "2012-10-31": 207, "2012-07-31": 230, "2012-04-30": "197.00000", "2012-01-31": 227, "2011-10-31": 324, "2011-07-31": 241, "2011-04-30": "224.00000", "2011-01-31": 263, "2010-10-31": 260, "2010-07-31": 205, "2010-04-30": "160.00000", "2010-01-31": 238, "2009-10-31": 229, "2009-07-31": 183, "2009-04-30": "180.00000", "2009-01-31": 202, "2008-10-31": 199, "2008-07-31": 162, "2008-04-30": "166.00000", "2008-01-31": 144.271, "2007-10-31": 135.881, "2007-07-31": 87.025, "2007-04-30": "155.82300", "2007-01-31": 115.643, "2006-10-31": 117.787, "2006-07-31": 90.452, "2006-04-30": "116.11800", "2006-01-31": 110.052, "2005-10-31": 86.394, "2005-07-31": 82.387, "2005-04-30": "134.06100", "2005-01-31": 400.194}, "Change In Accounts Receivable": {"2020-10-31": 0, "2020-07-31": 0, "2020-04-30": "", "2020-01-31": 0, "2019-10-31": 0, "2019-07-31": 0, "2019-04-30": "", "2019-01-31": 0, "2018-10-31": 0, "2018-07-31": 0, "2018-04-30": "", "2018-01-31": 0, "2017-10-31": 0, "2017-07-31": 0, "2017-04-30": "", "2017-01-31": 0, "2016-10-31": 0, "2016-07-31": 0, "2016-04-30": "", "2016-01-31": 0, "2015-10-31": 0, "2015-07-31": 0, "2015-04-30": "", "2015-01-31": 0, "2014-10-31": 0, "2014-07-31": 0, "2014-04-30": "", "2014-01-31": 0, "2013-10-31": 0, "2013-07-31": 0, "2013-04-30": "", "2013-01-31": 0, "2012-10-31": 0, "2012-07-31": 0, "2012-04-30": "", "2012-01-31": 0, "2011-10-31": 0, "2011-07-31": 0, "2011-04-30": "", "2011-01-31": 0, "2010-10-31": 0, "2010-07-31": 0, "2010-04-30": "", "2010-01-31": 0, "2009-10-31": 0, "2009-07-31": 0, "2009-04-30": "", "2009-01-31": 0, "2008-10-31": 0, "2008-07-31": 0, "2008-04-30": "", "2008-01-31": 0, "2007-10-31": 0, "2007-07-31": 0, "2007-04-30": "", "2007-01-31": -0.065, "2006-10-31": 0, "2006-07-31": 0, "2006-04-30": "1652.06500", "2006-01-31": -159.915, "2005-10-31": -195.744, "2005-07-31": 12.897, "2005-04-30": "80.32900", "2005-01-31": -239.475}, "Change In Inventories": {"2020-10-31": -907, "2020-07-31": 861, "2020-04-30": "-205.00000", "2020-01-31": 1354, "2019-10-31": -1230, "2019-07-31": 27, "2019-04-30": "-202.00000", "2019-01-31": 1372, "2018-10-31": -1269, "2018-07-31": 157, "2018-04-30": "-181.00000", "2018-01-31": 1093, "2017-10-31": -776, "2017-07-31": 140, "2017-04-30": "-193.00000", "2017-01-31": 928, "2016-10-31": -793, "2016-07-31": 158, "2016-04-30": "-44.00000", "2016-01-31": 1218, "2015-10-31": -1000, "2015-07-31": -84, "2015-04-30": "-349.00000", "2015-01-31": 1161, "2014-10-31": -1073, "2014-07-31": 85, "2014-04-30": "-105.00000", "2014-01-31": 1088, "2013-10-31": -1101, "2013-07-31": 107, "2013-04-30": "-210.00000", "2013-01-31": 1105, "2012-10-31": -1328, "2012-07-31": -64, "2012-04-30": "-236.00000", "2012-01-31": 931, "2011-10-31": -1034, "2011-07-31": 99, "2011-04-30": "-156.00000", "2011-01-31": 1000, "2010-10-31": -1102, "2010-07-31": 87, "2010-04-30": "-92.00000", "2010-01-31": 886, "2009-10-31": -1082, "2009-07-31": 82, "2009-04-30": "-5.00000", "2009-01-31": 914, "2008-10-31": -993, "2008-07-31": 100, "2008-04-30": "39.00000", "2008-01-31": 1053.662, "2007-10-31": -1104.397, "2007-07-31": -103.35, "2007-04-30": "-120.91500", "2007-01-31": 655.613, "2006-10-31": -835.032, "2006-07-31": -60.258, "2006-04-30": "-110.32300", "2006-01-31": 617.656, "2005-10-31": -656.986, "2005-07-31": -84.578, "2005-04-30": "-165.77600", "2005-01-31": -339.987}, "Change In Accounts Payable": {"2020-10-31": 1120, "2020-07-31": -802, "2020-04-30": "660.00000", "2020-01-31": -1247, "2019-10-31": 1123, "2019-07-31": 35, "2019-04-30": "108.00000", "2019-01-31": -1396, "2018-10-31": 1179, "2018-07-31": -50, "2018-04-30": "183.00000", "2018-01-31": -842, "2017-10-31": 743, "2017-07-31": -110, "2017-04-30": "-27.00000", "2017-01-31": -590, "2016-10-31": 722, "2016-07-31": 29, "2016-04-30": "95.00000", "2016-01-31": -890, "2015-10-31": 575, "2015-07-31": -79, "2015-04-30": "134.00000", "2015-01-31": -873, "2014-10-31": 905, "2014-07-31": 97, "2014-04-30": "17.00000", "2014-01-31": -896, "2013-10-31": 865, "2013-07-31": -56, "2013-04-30": "145.00000", "2013-01-31": -1122, "2012-10-31": 898, "2012-07-31": -78, "2012-04-30": "376.00000", "2012-01-31": -846, "2011-10-31": 734, "2011-07-31": -52, "2011-04-30": "260.00000", "2011-01-31": -987, "2010-10-31": 779, "2010-07-31": -66, "2010-04-30": "224.00000", "2010-01-31": -884, "2009-10-31": 918, "2009-07-31": 150, "2009-04-30": "122.00000", "2009-01-31": -763, "2008-10-31": 621, "2008-07-31": 78, "2008-04-30": "112.00000", "2008-01-31": -872.515, "2007-10-31": 633.663, "2007-07-31": 52.924, "2007-04-30": "87.92800", "2007-01-31": -714.817, "2006-10-31": 636.614, "2006-07-31": 143.483, "2006-04-30": "38.72000", "2006-01-31": -500.413, "2005-10-31": 363.812, "2005-07-31": 279.829, "2005-04-30": "-17.91200", "2005-01-31": 172.056}, "Change In Assets/Liabilities": {"2020-10-31": 3, "2020-07-31": -7, "2020-04-30": "-55.00000", "2020-01-31": -41, "2019-10-31": -32, "2019-07-31": -16, "2019-04-30": "-43.00000", "2019-01-31": 2, "2018-10-31": -19, "2018-07-31": 21, "2018-04-30": "68.00000", "2018-01-31": -131, "2017-10-31": 14, "2017-07-31": -6, "2017-04-30": "42.00000", "2017-01-31": -66, "2016-10-31": 12, "2016-07-31": 23, "2016-04-30": "-15.00000", "2016-01-31": -31, "2015-10-31": 14, "2015-07-31": 32, "2015-04-30": "28.00000", "2015-01-31": -29, "2014-10-31": -3, "2014-07-31": -13, "2014-04-30": "15.00000", "2014-01-31": -18, "2013-10-31": -11, "2013-07-31": 1, "2013-04-30": "21.00000", "2013-01-31": -67, "2012-10-31": -10, "2012-07-31": 23, "2012-04-30": "17.00000", "2012-01-31": -41, "2011-10-31": 13, "2011-07-31": 7, "2011-04-30": "-21.00000", "2011-01-31": -51, "2010-10-31": 7, "2010-07-31": -18, "2010-04-30": "12.00000", "2010-01-31": -17, "2009-10-31": -5, "2009-07-31": -12, "2009-04-30": "21.00000", "2009-01-31": -10, "2008-10-31": -26, "2008-07-31": 2, "2008-04-30": "-6.00000", "2008-01-31": -58.661, "2007-10-31": 17.521, "2007-07-31": 8.66, "2007-04-30": "-45.52000", "2007-01-31": -0.638, "2006-10-31": 10.468, "2006-07-31": 29.708, "2006-04-30": "-104.53800", "2006-01-31": 12.763, "2005-10-31": 2.619, "2005-07-31": 23.741, "2005-04-30": "-58.76600", "2005-01-31": 19.188}, "Total Change In Assets/Liabilities": {"2020-10-31": 402, "2020-07-31": 115, "2020-04-30": "163.00000", "2020-01-31": 31, "2019-10-31": -29, "2019-07-31": 1, "2019-04-30": "-277.00000", "2019-01-31": 79, "2018-10-31": -62, "2018-07-31": 109, "2018-04-30": "7.00000", "2018-01-31": 123, "2017-10-31": 116, "2017-07-31": -125, "2017-04-30": "-269.00000", "2017-01-31": 385, "2016-10-31": -69, "2016-07-31": 378, "2016-04-30": "-176.00000", "2016-01-31": 473, "2015-10-31": -339, "2015-07-31": -216, "2015-04-30": "-244.00000", "2015-01-31": 397, "2014-10-31": -170, "2014-07-31": 100, "2014-04-30": "-181.00000", "2014-01-31": 288, "2013-10-31": -187, "2013-07-31": -24, "2013-04-30": "-62.00000", "2013-01-31": -10, "2012-10-31": -301, "2012-07-31": -305, "2012-04-30": "66.00000", "2012-01-31": 360, "2011-10-31": -319, "2011-07-31": -27, "2011-04-30": "-58.00000", "2011-01-31": 199, "2010-10-31": -307, "2010-07-31": -78, "2010-04-30": "-72.00000", "2010-01-31": 272, "2009-10-31": -59, "2009-07-31": 193, "2009-04-30": "77.00000", "2009-01-31": 332, "2008-10-31": -405, "2008-07-31": 123, "2008-04-30": "34.00000", "2008-01-31": 348.623, "2007-10-31": -443, "2007-07-31": -25.483, "2007-04-30": "-282.14000", "2007-01-31": 128.832, "2006-10-31": -220.333, "2006-07-31": 196.279, "2006-04-30": "1466.22200", "2006-01-31": 159.702, "2005-10-31": -418.047, "2005-07-31": 279.456, "2005-04-30": "-367.85000", "2005-01-31": -166.5}, "Cash Flow From Operating Activities": {"2020-10-31": 606, "2020-07-31": 251, "2020-04-30": "53.00000", "2020-01-31": 612, "2019-10-31": 369, "2019-07-31": 540, "2019-04-30": "136.00000", "2019-01-31": 684, "2018-10-31": 376, "2018-07-31": 660, "2018-04-30": "387.00000", "2018-01-31": 822, "2017-10-31": 493, "2017-07-31": 330, "2017-04-30": "46.00000", "2017-01-31": 869, "2016-10-31": 438, "2016-07-31": 706, "2016-04-30": "140.00000", "2016-01-31": 1077, "2015-10-31": 54, "2015-07-31": 251, "2015-04-30": "102.00000", "2015-01-31": 1094, "2014-10-31": 200, "2014-07-31": 551, "2014-04-30": "179.00000", "2014-01-31": 870, "2013-10-31": 252, "2013-07-31": 457, "2013-04-30": "305.00000", "2013-01-31": 562, "2012-10-31": 121, "2012-07-31": 165, "2012-04-30": "417.00000", "2012-01-31": 1043, "2011-10-31": 216, "2011-07-31": 513, "2011-04-30": "367.00000", "2011-01-31": 956, "2010-10-31": 130, "2010-07-31": 377, "2010-04-30": "287.00000", "2010-01-31": 923, "2009-10-31": 362, "2009-07-31": 607, "2009-04-30": "394.00000", "2009-01-31": 870, "2008-10-31": -46, "2008-07-31": 521, "2008-04-30": "353.00000", "2008-01-31": 904.712, "2007-10-31": -113.114, "2007-07-31": 330.766, "2007-04-30": "82.63600", "2007-01-31": 729.377, "2006-10-31": 121.95, "2006-07-31": 519.088, "2006-04-30": "1749.58500", "2006-01-31": 644.667, "2005-10-31": -176.526, "2005-07-31": 549.029, "2005-04-30": "-109.05500", "2005-01-31": 937.095}, "Net Change In Property, Plant, And Equipment": {"2020-10-31": -67, "2020-07-31": 159, "2020-04-30": "-162.00000", "2020-01-31": -177, "2019-10-31": -239, "2019-07-31": -201, "2019-04-30": "-238.00000", "2019-01-31": -120, "2018-10-31": -146, "2018-07-31": -179, "2018-04-30": "-133.00000", "2018-01-31": -125, "2017-10-31": -148, "2017-07-31": -183, "2017-04-30": "-216.00000", "2017-01-31": -184, "2016-10-31": -247, "2016-07-31": -163, "2016-04-30": "-174.00000", "2016-01-31": -139, "2015-10-31": -174, "2015-07-31": -201, "2015-04-30": "-176.00000", "2015-01-31": -121, "2014-10-31": -187, "2014-07-31": -198, "2014-04-30": "-176.00000", "2014-01-31": -178, "2013-10-31": -181, "2013-07-31": -149, "2013-04-30": "-135.00000", "2013-01-31": -144, "2012-10-31": -212, "2012-07-31": -252, "2012-04-30": "-177.00000", "2012-01-31": -172, "2011-10-31": -276, "2011-07-31": -258, "2011-04-30": "-221.00000", "2011-01-31": -128, "2010-10-31": -234, "2010-07-31": -248, "2010-04-30": "-191.00000", "2010-01-31": -125, "2009-10-31": -214, "2009-07-31": -150, "2009-04-30": "-186.00000", "2009-01-31": -171, "2008-10-31": -285, "2008-07-31": -285, "2008-04-30": "-273.00000", "2008-01-31": -314.031, "2007-10-31": -455.628, "2007-07-31": -496.43, "2007-04-30": "-275.91100", "2007-01-31": -198.489, "2006-10-31": -258.022, "2006-07-31": -425.854, "2006-04-30": "-280.63500", "2006-01-31": -164.359, "2005-10-31": -273.428, "2005-07-31": -240.445, "2005-04-30": "-176.33200", "2005-01-31": -919.005}, "Net Change In Intangible Assets": {"2020-10-31": 0, "2020-07-31": 0, "2020-04-30": "", "2020-01-31": 0, "2019-10-31": 0, "2019-07-31": 0, "2019-04-30": "", "2019-01-31": 0, "2018-10-31": 0, "2018-07-31": 0, "2018-04-30": "", "2018-01-31": 0, "2017-10-31": 0, "2017-07-31": 0, "2017-04-30": "", "2017-01-31": 0, "2016-10-31": 0, "2016-07-31": 0, "2016-04-30": "", "2016-01-31": 0, "2015-10-31": 0, "2015-07-31": 0, "2015-04-30": "", "2015-01-31": 0, "2014-10-31": 0, "2014-07-31": 0, "2014-04-30": "", "2014-01-31": 0, "2013-10-31": 0, "2013-07-31": 0, "2013-04-30": "", "2013-01-31": 0, "2012-10-31": 0, "2012-07-31": 0, "2012-04-30": "", "2012-01-31": 0, "2011-10-31": 0, "2011-07-31": 0, "2011-04-30": "", "2011-01-31": 0, "2010-10-31": 0, "2010-07-31": 0, "2010-04-30": "", "2010-01-31": 0, "2009-10-31": 0, "2009-07-31": 0, "2009-04-30": "", "2009-01-31": 0, "2008-10-31": 0, "2008-07-31": 0, "2008-04-30": "", "2008-01-31": 0, "2007-10-31": 0, "2007-07-31": 0, "2007-04-30": "", "2007-01-31": 0, "2006-10-31": 0, "2006-07-31": 0, "2006-04-30": "", "2006-01-31": 0, "2005-10-31": 0, "2005-07-31": 0, "2005-04-30": "", "2005-01-31": 0}, "Net Acquisitions/Divestitures": {"2020-10-31": 0, "2020-07-31": 0, "2020-04-30": "", "2020-01-31": 0, "2019-10-31": 0, "2019-07-31": 0, "2019-04-30": "", "2019-01-31": 0, "2018-10-31": 0, "2018-07-31": 0, "2018-04-30": "", "2018-01-31": 0, "2017-10-31": 0, "2017-07-31": 0, "2017-04-30": "", "2017-01-31": 0, "2016-10-31": 0, "2016-07-31": 0, "2016-04-30": "", "2016-01-31": 0, "2015-10-31": 0, "2015-07-31": 0, "2015-04-30": "", "2015-01-31": 0, "2014-10-31": 0, "2014-07-31": 0, "2014-04-30": "", "2014-01-31": 0, "2013-10-31": 0, "2013-07-31": 0, "2013-04-30": "", "2013-01-31": 0, "2012-10-31": 0, "2012-07-31": 0, "2012-04-30": "", "2012-01-31": 0, "2011-10-31": 0, "2011-07-31": 0, "2011-04-30": "", "2011-01-31": 0, "2010-10-31": 0, "2010-07-31": 0, "2010-04-30": "", "2010-01-31": 0, "2009-10-31": 0, "2009-07-31": 0, "2009-04-30": "", "2009-01-31": 0, "2008-10-31": 0, "2008-07-31": 0, "2008-04-30": "", "2008-01-31": 0, "2007-10-31": 0, "2007-07-31": 0, "2007-04-30": "", "2007-01-31": 0, "2006-10-31": 0, "2006-07-31": 0, "2006-04-30": "", "2006-01-31": 0, "2005-10-31": 0, "2005-07-31": 0, "2005-04-30": "", "2005-01-31": 0}, "Net Change In Short-term Investments": {"2020-10-31": 0, "2020-07-31": 0, "2020-04-30": "", "2020-01-31": 0, "2019-10-31": 0, "2019-07-31": 0, "2019-04-30": "", "2019-01-31": 0, "2018-10-31": 0, "2018-07-31": 0, "2018-04-30": "", "2018-01-31": 0, "2017-10-31": 0, "2017-07-31": 0, "2017-04-30": "", "2017-01-31": 0, "2016-10-31": 0, "2016-07-31": 0, "2016-04-30": "", "2016-01-31": 0, "2015-10-31": 0, "2015-07-31": 0, "2015-04-30": "", "2015-01-31": 0, "2014-10-31": 0, "2014-07-31": 0, "2014-04-30": "", "2014-01-31": 0, "2013-10-31": 0, "2013-07-31": 0, "2013-04-30": "", "2013-01-31": 0, "2012-10-31": 0, "2012-07-31": 0, "2012-04-30": "", "2012-01-31": 0, "2011-10-31": 0, "2011-07-31": -41, "2011-04-30": "41.00000", "2011-01-31": -40, "2010-10-31": 20, "2010-07-31": 16, "2010-04-30": "4.00000", "2010-01-31": 0, "2009-10-31": 0, "2009-07-31": -7, "2009-04-30": "7.00000", "2009-01-31": 6, "2008-10-31": 34, "2008-07-31": -37, "2008-04-30": "-3.00000", "2008-01-31": -405.551, "2007-10-31": 9.877, "2007-07-31": 217.186, "2007-04-30": "178.48800", "2007-01-31": 158.9147, "2006-10-31": 200.2843, "2006-07-31": 881.86, "2006-04-30": "-1241.05900", "2006-01-31": -160.075, "2005-10-31": 140.012, "2005-07-31": -140.014, "2005-04-30": "88.76700", "2005-01-31": -54.482}, "Net Change In Long-Term Investments": {"2020-10-31": 0, "2020-07-31": 0, "2020-04-30": "", "2020-01-31": 0, "2019-10-31": 0, "2019-07-31": 0, "2019-04-30": "", "2019-01-31": 0, "2018-10-31": 0, "2018-07-31": 0, "2018-04-30": "", "2018-01-31": 0, "2017-10-31": 0, "2017-07-31": 0, "2017-04-30": "", "2017-01-31": 0, "2016-10-31": 0, "2016-07-31": 0, "2016-04-30": "", "2016-01-31": 0, "2015-10-31": 0, "2015-07-31": 0, "2015-04-30": "", "2015-01-31": 23, "2014-10-31": 59, "2014-07-31": 0, "2014-04-30": "", "2014-01-31": 0, "2013-10-31": 1, "2013-07-31": 0, "2013-04-30": "", "2013-01-31": 41, "2012-10-31": 17, "2012-07-31": 50, "2012-04-30": "1.00000", "2012-01-31": 2, "2011-10-31": 46, "2011-07-31": 97, "2011-04-30": "", "2011-01-31": 42, "2010-10-31": 0, "2010-07-31": 0, "2010-04-30": "", "2010-01-31": 8, "2009-10-31": 12, "2009-07-31": 8, "2009-04-30": "", "2009-01-31": 0, "2008-10-31": 16, "2008-07-31": 1, "2008-04-30": "23.00000", "2008-01-31": -80, "2007-10-31": 0, "2007-07-31": 0, "2007-04-30": "", "2007-01-31": -270, "2006-10-31": 0, "2006-07-31": 0, "2006-04-30": "", "2006-01-31": 0, "2005-10-31": 0, "2005-07-31": 0, "2005-04-30": "", "2005-01-31": 0}, "Net Change In Investments - Total": {"2020-10-31": 0, "2020-07-31": 0, "2020-04-30": "", "2020-01-31": 0, "2019-10-31": 0, "2019-07-31": 0, "2019-04-30": "", "2019-01-31": 0, "2018-10-31": 0, "2018-07-31": 0, "2018-04-30": "", "2018-01-31": 0, "2017-10-31": 0, "2017-07-31": 0, "2017-04-30": "", "2017-01-31": 0, "2016-10-31": 0, "2016-07-31": 0, "2016-04-30": "", "2016-01-31": 0, "2015-10-31": 0, "2015-07-31": 0, "2015-04-30": "", "2015-01-31": 23, "2014-10-31": 59, "2014-07-31": 0, "2014-04-30": "", "2014-01-31": 0, "2013-10-31": 1, "2013-07-31": 0, "2013-04-30": "", "2013-01-31": 41, "2012-10-31": 17, "2012-07-31": 50, "2012-04-30": "1.00000", "2012-01-31": 2, "2011-10-31": 46, "2011-07-31": 56, "2011-04-30": "41.00000", "2011-01-31": 2, "2010-10-31": 20, "2010-07-31": 16, "2010-04-30": "4.00000", "2010-01-31": 8, "2009-10-31": 12, "2009-07-31": 1, "2009-04-30": "7.00000", "2009-01-31": 6, "2008-10-31": 50, "2008-07-31": -36, "2008-04-30": "20.00000", "2008-01-31": -485.551, "2007-10-31": 9.877, "2007-07-31": 217.186, "2007-04-30": "178.48800", "2007-01-31": -111.0853, "2006-10-31": 200.2843, "2006-07-31": 881.86, "2006-04-30": "-1241.05900", "2006-01-31": -160.075, "2005-10-31": 140.012, "2005-07-31": -140.014, "2005-04-30": "88.76700", "2005-01-31": -54.482}, "Investing Activities - Other": {"2020-10-31": 0, "2020-07-31": 0, "2020-04-30": "", "2020-01-31": 10, "2019-10-31": 8, "2019-07-31": 0, "2019-04-30": "", "2019-01-31": 0, "2018-10-31": 0, "2018-07-31": 6, "2018-04-30": "", "2018-01-31": 5, "2017-10-31": 2, "2017-07-31": 3, "2017-04-30": "13.00000", "2017-01-31": 12, "2016-10-31": 0, "2016-07-31": 0, "2016-04-30": "", "2016-01-31": 6, "2015-10-31": 0, "2015-07-31": 2, "2015-04-30": "1.00000", "2015-01-31": 1, "2014-10-31": 0, "2014-07-31": 2, "2014-04-30": "4.00000", "2014-01-31": 6, "2013-10-31": -1, "2013-07-31": 2, "2013-04-30": "12.00000", "2013-01-31": 11, "2012-10-31": 3, "2012-07-31": 2, "2012-04-30": "", "2012-01-31": 0, "2011-10-31": -19, "2011-07-31": -1, "2011-04-30": "", "2011-01-31": -2, "2010-10-31": 2, "2010-07-31": 3, "2010-04-30": "-1.00000", "2010-01-31": -1, "2009-10-31": 0, "2009-07-31": -3, "2009-04-30": "2.00000", "2009-01-31": 5, "2008-10-31": 3, "2008-07-31": 1, "2008-04-30": "2.00000", "2008-01-31": 30.809, "2007-10-31": -2.904, "2007-07-31": -1.494, "2007-04-30": "-0.41100", "2007-01-31": -3.144, "2006-10-31": -1.29, "2006-07-31": 0.01, "2006-04-30": "-2.57600", "2006-01-31": -0.971, "2005-10-31": 0.408, "2005-07-31": -3.537, "2005-04-30": "-0.23300", "2005-01-31": -4.004}, "Cash Flow From Investing Activities": {"2020-10-31": -67, "2020-07-31": 159, "2020-04-30": "-162.00000", "2020-01-31": -167, "2019-10-31": -231, "2019-07-31": -201, "2019-04-30": "-238.00000", "2019-01-31": -120, "2018-10-31": -146, "2018-07-31": -173, "2018-04-30": "-133.00000", "2018-01-31": -120, "2017-10-31": -146, "2017-07-31": -180, "2017-04-30": "-203.00000", "2017-01-31": -172, "2016-10-31": -247, "2016-07-31": -163, "2016-04-30": "-174.00000", "2016-01-31": -133, "2015-10-31": -174, "2015-07-31": -199, "2015-04-30": "-175.00000", "2015-01-31": -97, "2014-10-31": -128, "2014-07-31": -196, "2014-04-30": "-172.00000", "2014-01-31": -172, "2013-10-31": -181, "2013-07-31": -147, "2013-04-30": "-123.00000", "2013-01-31": -92, "2012-10-31": -192, "2012-07-31": -200, "2012-04-30": "-176.00000", "2012-01-31": -170, "2011-10-31": -249, "2011-07-31": -203, "2011-04-30": "-180.00000", "2011-01-31": -128, "2010-10-31": -212, "2010-07-31": -229, "2010-04-30": "-188.00000", "2010-01-31": -118, "2009-10-31": -202, "2009-07-31": -152, "2009-04-30": "-177.00000", "2009-01-31": -160, "2008-10-31": -232, "2008-07-31": -320, "2008-04-30": "-251.00000", "2008-01-31": -768.773, "2007-10-31": -448.655, "2007-07-31": -280.738, "2007-04-30": "-97.83400", "2007-01-31": -312.718, "2006-10-31": -59.028, "2006-07-31": 456.016, "2006-04-30": "-1524.27000", "2006-01-31": -325.405, "2005-10-31": -133.008, "2005-07-31": -383.996, "2005-04-30": "-87.79800", "2005-01-31": -977.491}, "Net Long-Term Debt": {"2020-10-31": -1027, "2020-07-31": -21, "2020-04-30": "1580.00000", "2020-01-31": -25, "2019-10-31": -30, "2019-07-31": -16, "2019-04-30": "-37.00000", "2019-01-31": -455, "2018-10-31": -33, "2018-07-31": -59, "2018-04-30": "-568.00000", "2018-01-31": -37, "2017-10-31": -34, "2017-07-31": -35, "2017-04-30": "-32.00000", "2017-01-31": -26, "2016-10-31": -31, "2016-07-31": -32, "2016-04-30": "-27.00000", "2016-01-31": -271, "2015-10-31": 16, "2015-07-31": 169, "2015-04-30": "-27.00000", "2015-01-31": -26, "2014-10-31": -24, "2014-07-31": -32, "2014-04-30": "-26.00000", "2014-01-31": -27, "2013-10-31": 265, "2013-07-31": -28, "2013-04-30": "-24.00000", "2013-01-31": -22, "2012-10-31": 327, "2012-07-31": -33, "2012-04-30": "-24.00000", "2012-01-31": -20, "2011-10-31": 527, "2011-07-31": -16, "2011-04-30": "-322.00000", "2011-01-31": -21, "2010-10-31": -9, "2010-07-31": -22, "2010-04-30": "-5.00000", "2010-01-31": -48, "2009-10-31": -4, "2009-07-31": -4, "2009-04-30": "-4.00000", "2009-01-31": -7, "2008-10-31": -3, "2008-07-31": -3, "2008-04-30": "-3.00000", "2008-01-31": -10.387, "2007-10-31": 993.348, "2007-07-31": -2.371, "2007-04-30": "-11.59000", "2007-01-31": -3.752, "2006-10-31": -2.652, "2006-07-31": -2.907, "2006-04-30": "-101.68900", "2006-01-31": -1.323, "2005-10-31": -1.344, "2005-07-31": -1.415, "2005-04-30": "-1.02000", "2005-01-31": -13.292}, "Net Current Debt": {"2020-10-31": 0, "2020-07-31": 0, "2020-04-30": "", "2020-01-31": 0, "2019-10-31": 0, "2019-07-31": 0, "2019-04-30": "", "2019-01-31": 0, "2018-10-31": 0, "2018-07-31": 0, "2018-04-30": "", "2018-01-31": 0, "2017-10-31": 0, "2017-07-31": 0, "2017-04-30": "", "2017-01-31": 0, "2016-10-31": 0, "2016-07-31": 0, "2016-04-30": "", "2016-01-31": 0, "2015-10-31": 0, "2015-07-31": 0, "2015-04-30": "", "2015-01-31": 0, "2014-10-31": 0, "2014-07-31": 0, "2014-04-30": "", "2014-01-31": 0, "2013-10-31": 0, "2013-07-31": 0, "2013-04-30": "", "2013-01-31": 0, "2012-10-31": 0, "2012-07-31": 0, "2012-04-30": "", "2012-01-31": 0, "2011-10-31": 0, "2011-07-31": 0, "2011-04-30": "", "2011-01-31": 0, "2010-10-31": 0, "2010-07-31": 0, "2010-04-30": "", "2010-01-31": 0, "2009-10-31": 0, "2009-07-31": 0, "2009-04-30": "", "2009-01-31": -302, "2008-10-31": 302, "2008-07-31": -109, "2008-04-30": "109.00000", "2008-01-31": -170, "2007-10-31": -125, "2007-07-31": 295, "2007-04-30": "", "2007-01-31": 0, "2006-10-31": 0, "2006-07-31": 0, "2006-04-30": "", "2006-01-31": -331.5, "2005-10-31": 331.5, "2005-07-31": -190, "2005-04-30": "190.00000", "2005-01-31": 0}, "Debt Issuance/Retirement Net - Total": {"2020-10-31": -1027, "2020-07-31": -21, "2020-04-30": "1580.00000", "2020-01-31": -25, "2019-10-31": -30, "2019-07-31": -16, "2019-04-30": "-37.00000", "2019-01-31": -455, "2018-10-31": -33, "2018-07-31": -59, "2018-04-30": "-568.00000", "2018-01-31": -37, "2017-10-31": -34, "2017-07-31": -35, "2017-04-30": "-32.00000", "2017-01-31": -26, "2016-10-31": -31, "2016-07-31": -32, "2016-04-30": "-27.00000", "2016-01-31": -271, "2015-10-31": 16, "2015-07-31": 169, "2015-04-30": "-27.00000", "2015-01-31": -26, "2014-10-31": -24, "2014-07-31": -32, "2014-04-30": "-26.00000", "2014-01-31": -27, "2013-10-31": 265, "2013-07-31": -28, "2013-04-30": "-24.00000", "2013-01-31": -22, "2012-10-31": 327, "2012-07-31": -33, "2012-04-30": "-24.00000", "2012-01-31": -20, "2011-10-31": 527, "2011-07-31": -16, "2011-04-30": "-322.00000", "2011-01-31": -21, "2010-10-31": -9, "2010-07-31": -22, "2010-04-30": "-5.00000", "2010-01-31": -48, "2009-10-31": -4, "2009-07-31": -4, "2009-04-30": "-4.00000", "2009-01-31": -309, "2008-10-31": 299, "2008-07-31": -112, "2008-04-30": "106.00000", "2008-01-31": -180.387, "2007-10-31": 868.348, "2007-07-31": 292.629, "2007-04-30": "-11.59000", "2007-01-31": -3.752, "2006-10-31": -2.652, "2006-07-31": -2.907, "2006-04-30": "-101.68900", "2006-01-31": -332.823, "2005-10-31": 330.156, "2005-07-31": -191.415, "2005-04-30": "188.98000", "2005-01-31": -13.292}, "Net Common Equity Issued/Repurchased": {"2020-10-31": 0, "2020-07-31": 0, "2020-04-30": "-8.00000", "2020-01-31": -84, "2019-10-31": -133, "2019-07-31": -133, "2019-04-30": "-119.00000", "2019-01-31": -118, "2018-10-31": -109, "2018-07-31": -79, "2018-04-30": "-54.00000", "2018-01-31": 0, "2017-10-31": -38, "2017-07-31": -94, "2017-04-30": "-156.00000", "2017-01-31": -104, "2016-10-31": -174, "2016-07-31": -141, "2016-04-30": "-120.00000", "2016-01-31": -211, "2015-10-31": -240, "2015-07-31": -390, "2015-04-30": "-13.00000", "2015-01-31": -116, "2014-10-31": -83, "2014-07-31": -212, "2014-04-30": "-143.00000", "2014-01-31": -225, "2013-10-31": -252, "2013-07-31": -127, "2013-04-30": "-93.00000", "2013-01-31": -383, "2012-10-31": -229, "2012-07-31": -287, "2012-04-30": "-317.00000", "2012-01-31": -339, "2011-10-31": -786, "2011-07-31": -720, "2011-04-30": "-403.00000", "2011-01-31": -977, "2010-10-31": 15, "2010-07-31": 4, "2010-04-30": "29.00000", "2010-01-31": 7, "2009-10-31": 40, "2009-07-31": 3, "2009-04-30": "", "2009-01-31": -1, "2008-10-31": 5, "2008-07-31": -111, "2008-04-30": "-150.00000", "2008-01-31": -134.123, "2007-10-31": -233.902, "2007-07-31": -363.626, "2007-04-30": "81.65100", "2007-01-31": -428.274, "2006-10-31": -31.323, "2006-07-31": -1011.188, "2006-04-30": "-62.21500", "2006-01-31": 3.088, "2005-10-31": 1.519, "2005-07-31": 10.93, "2005-04-30": "7.32100", "2005-01-31": 47.094}, "Net Total Equity Issued/Repurchased": {"2020-10-31": 0, "2020-07-31": 0, "2020-04-30": "-8.00000", "2020-01-31": -84, "2019-10-31": -133, "2019-07-31": -133, "2019-04-30": "-119.00000", "2019-01-31": -118, "2018-10-31": -109, "2018-07-31": -79, "2018-04-30": "-54.00000", "2018-01-31": 0, "2017-10-31": -38, "2017-07-31": -94, "2017-04-30": "-156.00000", "2017-01-31": -104, "2016-10-31": -174, "2016-07-31": -141, "2016-04-30": "-120.00000", "2016-01-31": -211, "2015-10-31": -240, "2015-07-31": -390, "2015-04-30": "-13.00000", "2015-01-31": -116, "2014-10-31": -83, "2014-07-31": -212, "2014-04-30": "-143.00000", "2014-01-31": -225, "2013-10-31": -252, "2013-07-31": -127, "2013-04-30": "-93.00000", "2013-01-31": -383, "2012-10-31": -229, "2012-07-31": -287, "2012-04-30": "-317.00000", "2012-01-31": -339, "2011-10-31": -786, "2011-07-31": -720, "2011-04-30": "-403.00000", "2011-01-31": -977, "2010-10-31": 15, "2010-07-31": 4, "2010-04-30": "29.00000", "2010-01-31": 7, "2009-10-31": 40, "2009-07-31": 3, "2009-04-30": "", "2009-01-31": -1, "2008-10-31": 5, "2008-07-31": -111, "2008-04-30": "-150.00000", "2008-01-31": -134.123, "2007-10-31": -233.902, "2007-07-31": -363.626, "2007-04-30": "81.65100", "2007-01-31": -428.274, "2006-10-31": -31.323, "2006-07-31": -1011.188, "2006-04-30": "-62.21500", "2006-01-31": 3.088, "2005-10-31": 1.519, "2005-07-31": 10.93, "2005-04-30": "7.32100", "2005-01-31": 47.094}, "Total Common And Preferred Stock Dividends Paid": {"2020-10-31": 0, "2020-07-31": 0, "2020-04-30": "-108.00000", "2020-01-31": -104, "2019-10-31": -105, "2019-07-31": -106, "2019-04-30": "-108.00000", "2019-01-31": -99, "2018-10-31": -99, "2018-07-31": -101, "2018-04-30": "-101.00000", "2018-01-31": -91, "2017-10-31": -91, "2017-07-31": -92, "2017-04-30": "-94.00000", "2017-01-31": -88, "2016-10-31": -88, "2016-07-31": -91, "2016-04-30": "-91.00000", "2016-01-31": -85, "2015-10-31": -86, "2015-07-31": -88, "2015-04-30": "-90.00000", "2015-01-31": -78, "2014-10-31": -79, "2014-07-31": -80, "2014-04-30": "-80.00000", "2014-01-31": -73, "2013-10-31": -76, "2013-07-31": -76, "2013-04-30": "-77.00000", "2013-01-31": -73, "2012-10-31": -74, "2012-07-31": -76, "2012-04-30": "-77.00000", "2012-01-31": -64, "2011-10-31": -65, "2011-07-31": -70, "2011-04-30": "-72.00000", "2011-01-31": 0, "2010-10-31": 0, "2010-07-31": 0, "2010-04-30": "", "2010-01-31": 0, "2009-10-31": 0, "2009-07-31": 0, "2009-04-30": "", "2009-01-31": 0, "2008-10-31": 0, "2008-07-31": 0, "2008-04-30": "", "2008-01-31": 0, "2007-10-31": 0, "2007-07-31": 0, "2007-04-30": "", "2007-01-31": 0, "2006-10-31": 0, "2006-07-31": 0, "2006-04-30": "", "2006-01-31": 0, "2005-10-31": 0, "2005-07-31": 0, "2005-04-30": "", "2005-01-31": 0}, "Financial Activities - Other": {"2020-10-31": -1, "2020-07-31": 0, "2020-04-30": "-39.00000", "2020-01-31": 1, "2019-10-31": -5, "2019-07-31": -2, "2019-04-30": "-25.00000", "2019-01-31": -5, "2018-10-31": -8, "2018-07-31": -4, "2018-04-30": "-17.00000", "2018-01-31": -2, "2017-10-31": 0, "2017-07-31": -2, "2017-04-30": "-10.00000", "2017-01-31": -2, "2016-10-31": -1, "2016-07-31": -2, "2016-04-30": "-12.00000", "2016-01-31": -171, "2015-10-31": -3, "2015-07-31": -4, "2015-04-30": "-9.00000", "2015-01-31": -1, "2014-10-31": -1, "2014-07-31": -2, "2014-04-30": "-12.00000", "2014-01-31": 0, "2013-10-31": -2, "2013-07-31": -5, "2013-04-30": "-7.00000", "2013-01-31": -5, "2012-10-31": -3, "2012-07-31": 2, "2012-04-30": "1.00000", "2012-01-31": -5, "2011-10-31": -52, "2011-07-31": -3, "2011-04-30": "1.00000", "2011-01-31": 6, "2010-10-31": -1, "2010-07-31": 0, "2010-04-30": "-2.00000", "2010-01-31": 0, "2009-10-31": -3, "2009-07-31": 0, "2009-04-30": "", "2009-01-31": 0, "2008-10-31": 0, "2008-07-31": 0, "2008-04-30": "", "2008-01-31": 6.755, "2007-10-31": -7.612, "2007-07-31": 0.001, "2007-04-30": "6.85600", "2007-01-31": 5.52, "2006-10-31": 6.932, "2006-07-31": 6.596, "2006-04-30": "6.95200", "2006-01-31": 4.599, "2005-10-31": 0.253, "2005-07-31": 6.042, "2005-04-30": "3.56400", "2005-01-31": 10.563}, "Cash Flow From Financial Activities": {"2020-10-31": -1028, "2020-07-31": -21, "2020-04-30": "1425.00000", "2020-01-31": -212, "2019-10-31": -273, "2019-07-31": -257, "2019-04-30": "-289.00000", "2019-01-31": -677, "2018-10-31": -249, "2018-07-31": -243, "2018-04-30": "-740.00000", "2018-01-31": -130, "2017-10-31": -163, "2017-07-31": -223, "2017-04-30": "-292.00000", "2017-01-31": -220, "2016-10-31": -294, "2016-07-31": -266, "2016-04-30": "-250.00000", "2016-01-31": -738, "2015-10-31": -313, "2015-07-31": -313, "2015-04-30": "-139.00000", "2015-01-31": -221, "2014-10-31": -187, "2014-07-31": -326, "2014-04-30": "-261.00000", "2014-01-31": -325, "2013-10-31": -65, "2013-07-31": -236, "2013-04-30": "-201.00000", "2013-01-31": -483, "2012-10-31": 21, "2012-07-31": -394, "2012-04-30": "-417.00000", "2012-01-31": -428, "2011-10-31": -376, "2011-07-31": -809, "2011-04-30": "-796.00000", "2011-01-31": -992, "2010-10-31": 5, "2010-07-31": -18, "2010-04-30": "22.00000", "2010-01-31": -41, "2009-10-31": 33, "2009-07-31": -1, "2009-04-30": "-4.00000", "2009-01-31": -310, "2008-10-31": 304, "2008-07-31": -223, "2008-04-30": "-44.00000", "2008-01-31": -307.755, "2007-10-31": 626.834, "2007-07-31": -70.996, "2007-04-30": "76.91700", "2007-01-31": -426.506, "2006-10-31": -27.043, "2006-07-31": -1007.499, "2006-04-30": "-156.95200", "2006-01-31": -325.136, "2005-10-31": 331.928, "2005-07-31": -174.443, "2005-04-30": "199.86500", "2005-01-31": 44.365}, "Net Cash Flow": {"2020-10-31": -489, "2020-07-31": 389, "2020-04-30": "1316.00000", "2020-01-31": 233, "2019-10-31": -135, "2019-07-31": 82, "2019-04-30": "-391.00000", "2019-01-31": -113, "2018-10-31": -19, "2018-07-31": 244, "2018-04-30": "-486.00000", "2018-01-31": 572, "2017-10-31": 184, "2017-07-31": -73, "2017-04-30": "-449.00000", "2017-01-31": 477, "2016-10-31": -103, "2016-07-31": 277, "2016-04-30": "-284.00000", "2016-01-31": 206, "2015-10-31": -433, "2015-07-31": -261, "2015-04-30": "-212.00000", "2015-01-31": 776, "2014-10-31": -115, "2014-07-31": 29, "2014-04-30": "-254.00000", "2014-01-31": 373, "2013-10-31": 6, "2013-07-31": 74, "2013-04-30": "-19.00000", "2013-01-31": -13, "2012-10-31": -50, "2012-07-31": -429, "2012-04-30": "-176.00000", "2012-01-31": 445, "2011-10-31": -409, "2011-07-31": -499, "2011-04-30": "-609.00000", "2011-01-31": -164, "2010-10-31": -77, "2010-07-31": 130, "2010-04-30": "121.00000", "2010-01-31": 764, "2009-10-31": 193, "2009-07-31": 454, "2009-04-30": "213.00000", "2009-01-31": 400, "2008-10-31": 26, "2008-07-31": -22, "2008-04-30": "58.00000", "2008-01-31": -171.816, "2007-10-31": 65.065, "2007-07-31": -20.968, "2007-04-30": "61.71900", "2007-01-31": -9.847, "2006-10-31": 35.879, "2006-07-31": -32.395, "2006-04-30": "68.36300", "2006-01-31": -5.874, "2005-10-31": 22.394, "2005-07-31": -9.41, "2005-04-30": "3.01200", "2005-01-31": 3.969}, "Stock-Based Compensation": {"2020-10-31": 12, "2020-07-31": -1, "2020-04-30": "15.00000", "2020-01-31": 9, "2019-10-31": 20, "2019-07-31": 12, "2019-04-30": "15.00000", "2019-01-31": 16, "2018-10-31": 21, "2018-07-31": 20, "2018-04-30": "30.00000", "2018-01-31": 21, "2017-10-31": 13, "2017-07-31": 11, "2017-04-30": "10.00000", "2017-01-31": 10, "2016-10-31": 9, "2016-07-31": 10, "2016-04-30": "12.00000", "2016-01-31": 12, "2015-10-31": 12, "2015-07-31": 10, "2015-04-30": "14.00000", "2015-01-31": 10, "2014-10-31": 14, "2014-07-31": 13, "2014-04-30": "11.00000", "2014-01-31": 14, "2013-10-31": 14, "2013-07-31": 18, "2013-04-30": "9.00000", "2013-01-31": 13, "2012-10-31": 13, "2012-07-31": 12, "2012-04-30": "12.00000", "2012-01-31": 14, "2011-10-31": 14, "2011-07-31": 14, "2011-04-30": "15.00000", "2011-01-31": 19, "2010-10-31": 15, "2010-07-31": 18, "2010-04-30": "14.00000", "2010-01-31": 19, "2009-10-31": 18, "2009-07-31": 16, "2009-04-30": "11.00000", "2009-01-31": 16, "2008-10-31": 16, "2008-07-31": 15, "2008-04-30": "8.00000", "2008-01-31": 15.05, "2007-10-31": 13.945, "2007-07-31": 15.905, "2007-04-30": "9.10000", "2007-01-31": 13.958, "2006-10-31": 9.956, "2006-07-31": 11.168, "2006-04-30": "9.91800", "2006-01-31": 11.406, "2005-10-31": 11.495, "2005-07-31": 11.432, "2005-04-30": "9.60800", "2005-01-31": 43.375}, "Common Stock Dividends Paid": {"2020-10-31": 0, "2020-07-31": 0, "2020-04-30": "-108.00000", "2020-01-31": -104, "2019-10-31": -105, "2019-07-31": -106, "2019-04-30": "-108.00000", "2019-01-31": -99, "2018-10-31": -99, "2018-07-31": -101, "2018-04-30": "-101.00000", "2018-01-31": -91, "2017-10-31": -91, "2017-07-31": -92, "2017-04-30": "-94.00000", "2017-01-31": -88, "2016-10-31": -88, "2016-07-31": -91, "2016-04-30": "-91.00000", "2016-01-31": -85, "2015-10-31": -86, "2015-07-31": -88, "2015-04-30": "-90.00000", "2015-01-31": -78, "2014-10-31": -79, "2014-07-31": -80, "2014-04-30": "-80.00000", "2014-01-31": -73, "2013-10-31": -76, "2013-07-31": -76, "2013-04-30": "-77.00000", "2013-01-31": -73, "2012-10-31": -74, "2012-07-31": -76, "2012-04-30": "-77.00000", "2012-01-31": -64, "2011-10-31": -65, "2011-07-31": -70, "2011-04-30": "-72.00000", "2011-01-31": 0, "2010-10-31": 0, "2010-07-31": 0, "2010-04-30": "", "2010-01-31": 0, "2009-10-31": 0, "2009-07-31": 0, "2009-04-30": "", "2009-01-31": 0, "2008-10-31": 0, "2008-07-31": 0, "2008-04-30": "", "2008-01-31": 0, "2007-10-31": 0, "2007-07-31": 0, "2007-04-30": "", "2007-01-31": 0, "2006-10-31": 0, "2006-07-31": 0, "2006-04-30": "", "2006-01-31": 0, "2005-10-31": 0, "2005-07-31": 0, "2005-04-30": "", "2005-01-31": 0}}, "financial ratios": {"Current Ratio": {"2020-01-31": "1.67890", "2019-01-31": "1.77110", "2018-01-31": "1.98600", "2017-01-31": "1.76430", "2016-01-31": "1.87030", "2015-01-31": "1.95170", "2014-01-31": "1.92680", "2013-01-31": "1.86150", "2012-01-31": "1.85230", "2011-01-31": "2.02880", "2010-01-31": "2.29500", "2009-01-31": "2.02170", "2008-01-31": "2.10280", "2007-01-31": "1.77550", "2006-01-31": "2.44230", "2005-01-31": "2.50230"}, "Long-term Debt / Capital": {"2020-01-31": "0.37160", "2019-01-31": "0.37980", "2018-01-31": "0.44740", "2017-01-31": "0.46390", "2016-01-31": "0.45480", "2015-01-31": "0.43640", "2014-01-31": "0.44130", "2013-01-31": "0.42380", "2012-01-31": "0.38940", "2011-01-31": "0.30910", "2010-01-31": "0.20720", "2009-01-31": "0.23350", "2008-01-31": "0.25170", "2007-01-31": "0.15660", "2006-01-31": "0.14940", "2005-01-31": "0.17980"}, "Debt/Equity Ratio": {"2020-01-31": "0.61410", "2019-01-31": "0.63310", "2018-01-31": "0.83300", "2017-01-31": "0.89070", "2016-01-31": "0.85740", "2015-01-31": "0.79250", "2014-01-31": "0.81310", "2013-01-31": "0.75280", "2012-01-31": "0.65210", "2011-01-31": "0.50930", "2010-01-31": "0.26330", "2009-01-31": "0.30720", "2008-01-31": "0.33840", "2007-01-31": "0.18900", "2006-01-31": "0.19370", "2005-01-31": "0.21990"}, "Gross Margin": {"2020-01-31": "39.22100", "2019-01-31": "39.69550", "2018-01-31": "39.37460", "2017-01-31": "39.31200", "2016-01-31": "36.13310", "2015-01-31": "36.40330", "2014-01-31": "36.48780", "2013-01-31": "36.25710", "2012-01-31": "38.17810", "2011-01-31": "38.23610", "2010-01-31": "37.82750", "2009-01-31": "36.94550", "2008-01-31": "36.50600", "2007-01-31": "36.38520", "2006-01-31": "35.55620", "2005-01-31": "35.15730"}, "Operating Margin": {"2020-01-31": "5.50220", "2019-01-31": "6.72800", "2018-01-31": "7.05040", "2017-01-31": "6.01090", "2016-01-31": "8.08690", "2015-01-31": "8.87870", "2014-01-31": "9.15350", "2013-01-31": "9.80340", "2012-01-31": "11.47630", "2011-01-31": "11.37510", "2010-01-31": "10.82200", "2009-01-31": "9.37210", "2008-01-31": "10.95060", "2007-01-31": "11.63690", "2006-01-31": "10.53360", "2005-01-31": "10.19880"}, "EBIT Margin": {"2020-01-31": "5.50220", "2019-01-31": "6.72800", "2018-01-31": "7.05040", "2017-01-31": "6.01090", "2016-01-31": "8.08690", "2015-01-31": "8.87870", "2014-01-31": "9.15350", "2013-01-31": "9.80340", "2012-01-31": "11.47630", "2011-01-31": "11.37510", "2010-01-31": "10.82200", "2009-01-31": "9.37210", "2008-01-31": "10.95060", "2007-01-31": "11.63690", "2006-01-31": "10.53360", "2005-01-31": "10.19880"}, "EBITDA Margin": {"2020-01-31": "10.09310", "2019-01-31": "11.49340", "2018-01-31": "11.98470", "2017-01-31": "10.77690", "2016-01-31": "12.95040", "2015-01-31": "13.53630", "2014-01-31": "13.82480", "2013-01-31": "14.12420", "2012-01-31": "15.61370", "2011-01-31": "15.45320", "2010-01-31": "14.82710", "2009-01-31": "12.67310", "2008-01-31": "13.70040", "2007-01-31": "14.13090", "2006-01-31": "13.06130", "2005-01-31": "12.66970"}, "Pre-Tax Profit Margin": {"2020-01-31": "4.51090", "2019-01-31": "5.15100", "2018-01-31": "5.56160", "2017-01-31": "4.44590", "2016-01-31": "5.50410", "2015-01-31": "7.09140", "2014-01-31": "7.37740", "2013-01-31": "8.09690", "2012-01-31": "9.88620", "2011-01-31": "9.72210", "2010-01-31": "9.06970", "2009-01-31": "8.69490", "2008-01-31": "10.57420", "2007-01-31": "11.37400", "2006-01-31": "10.01000", "2005-01-31": "9.66510"}, "Net Profit Margin": {"2020-01-31": "3.45950", "2019-01-31": "3.95970", "2018-01-31": "4.27700", "2017-01-31": "2.82510", "2016-01-31": "3.50450", "2015-01-31": "4.55760", "2014-01-31": "4.67130", "2013-01-31": "5.11440", "2012-01-31": "6.20610", "2011-01-31": "6.08990", "2010-01-31": "5.66420", "2009-01-31": "5.40000", "2008-01-31": "6.58010", "2007-01-31": "7.11030", "2006-01-31": "6.26250", "2005-01-31": "6.01170"}, "Asset Turnover": {"2020-01-31": "1.37230", "2019-01-31": "1.62230", "2018-01-31": "1.50000", "2017-01-31": "1.44990", "2016-01-31": "1.41140", "2015-01-31": "1.32720", "2014-01-31": "1.32560", "2013-01-31": "1.38650", "2012-01-31": "1.32910", "2011-01-31": "1.23850", "2010-01-31": "1.30530", "2009-01-31": "1.44230", "2008-01-31": "1.56000", "2007-01-31": "1.72650", "2006-01-31": "1.46880", "2005-01-31": "1.46640"}, "Inventory Turnover Ratio": {"2020-01-31": "3.43230", "2019-01-31": "3.51050", "2018-01-31": "3.43760", "2017-01-31": "3.14730", "2016-01-31": "3.03740", "2015-01-31": "3.17200", "2014-01-31": "3.12000", "2013-01-31": "3.27880", "2012-01-31": "3.61470", "2011-01-31": "3.74140", "2010-01-31": "3.65380", "2009-01-31": "3.69200", "2008-01-31": "3.66250", "2007-01-31": "3.84820", "2006-01-31": "3.87210", "2005-01-31": "3.89680"}, "Receiveable Turnover": {"2020-01-31": "", "2019-01-31": "", "2018-01-31": "", "2017-01-31": "", "2016-01-31": "", "2015-01-31": "", "2014-01-31": "", "2013-01-31": "", "2012-01-31": "", "2011-01-31": "", "2010-01-31": "", "2009-01-31": "", "2008-01-31": "", "2007-01-31": "", "2006-01-31": "8.13790", "2005-01-31": "8.41990"}, "Days Sales In Receivables": {"2020-01-31": "", "2019-01-31": "", "2018-01-31": "", "2017-01-31": "", "2016-01-31": "", "2015-01-31": "", "2014-01-31": "", "2013-01-31": "", "2012-01-31": "", "2011-01-31": "", "2010-01-31": "", "2009-01-31": "", "2008-01-31": "", "2007-01-31": "", "2006-01-31": "44.85170", "2005-01-31": "43.34950"}, "ROE - Return On Equity": {"2020-01-31": "12.67890", "2019-01-31": "14.49250", "2018-01-31": "15.85160", "2017-01-31": "10.73980", "2016-01-31": "12.25640", "2015-01-31": "14.47170", "2014-01-31": "14.87120", "2013-01-31": "16.30290", "2012-01-31": "17.93180", "2011-01-31": "14.26750", "2010-01-31": "12.39020", "2009-01-31": "13.13250", "2008-01-31": "17.76470", "2007-01-31": "19.79160", "2006-01-31": "14.13320", "2005-01-31": "13.97330"}, "Return On Tangible Equity": {"2020-01-31": "12.67890", "2019-01-31": "14.49250", "2018-01-31": "15.85160", "2017-01-31": "10.73980", "2016-01-31": "12.25640", "2015-01-31": "14.47170", "2014-01-31": "14.87120", "2013-01-31": "16.30290", "2012-01-31": "17.93180", "2011-01-31": "14.26750", "2010-01-31": "12.72060", "2009-01-31": "13.53630", "2008-01-31": "18.42600", "2007-01-31": "20.63340", "2006-01-31": "14.67950", "2005-01-31": "14.65520"}, "ROA - Return On Assets": {"2020-01-31": "4.74750", "2019-01-31": "6.42390", "2018-01-31": "6.41570", "2017-01-31": "4.09610", "2016-01-31": "4.94630", "2015-01-31": "6.04900", "2014-01-31": "6.19210", "2013-01-31": "7.09100", "2012-01-31": "8.24850", "2011-01-31": "7.54260", "2010-01-31": "7.39360", "2009-01-31": "7.78840", "2008-01-31": "10.26520", "2007-01-31": "12.27580", "2006-01-31": "9.19820", "2005-01-31": "8.81530"}, "ROI - Return On Investment": {"2020-01-31": "7.96730", "2019-01-31": "8.98890", "2018-01-31": "8.75900", "2017-01-31": "5.75750", "2016-01-31": "6.68190", "2015-01-31": "8.15690", "2014-01-31": "8.30840", "2013-01-31": "9.39410", "2012-01-31": "10.94950", "2011-01-31": "9.85740", "2010-01-31": "9.82330", "2009-01-31": "10.06600", "2008-01-31": "13.29410", "2007-01-31": "16.69310", "2006-01-31": "12.02210", "2005-01-31": "11.46100"}, "Book Value Per Share": {"2020-01-31": "34.93590", "2019-01-31": "33.90800", "2018-01-31": "32.25600", "2017-01-31": "29.75290", "2016-01-31": "29.52150", "2015-01-31": "29.80600", "2014-01-31": "28.33180", "2013-01-31": "27.24320", "2012-01-31": "26.34820", "2011-01-31": "26.97590", "2010-01-31": "25.57980", "2009-01-31": "22.09510", "2008-01-31": "19.62060", "2007-01-31": "17.45680", "2006-01-31": "17.26320", "2005-01-31": "14.66130"}, "Operating Cash Flow Per Share": {"2020-01-31": -2.2824, "2019-01-31": 2.7042, "2018-01-31": -1.9624, "2017-01-31": 4.4176, "2016-01-31": -2.3113, "2015-01-31": 1.358, "2014-01-31": 3.226, "2013-01-31": -2.5554, "2012-01-31": 2.174, "2011-01-31": -1.7516, "2010-01-31": 1.9397, "2009-01-31": 1.7653, "2008-01-31": -5.5478, "2007-01-31": 6.6946, "2006-01-31": -0.0992, "2005-01-31": 2.718}, "Free Cash Flow Per Share": {"2020-01-31": -4.1908, "2019-01-31": 3.2012, "2018-01-31": -1.6719, "2017-01-31": 3.6656, "2016-01-31": -2.5066, "2015-01-31": 0.9375, "2014-01-31": 3.6156, "2013-01-31": -2.447, "2012-01-31": 1.371, "2011-01-31": -2.1634, "2010-01-31": 3.0367, "2009-01-31": 3.2811, "2008-01-31": -6.8949, "2007-01-31": 5.6874, "2006-01-31": 0.1019, "2005-01-31": 0.0525}}, "financial ratios, quarterly": {"Current Ratio": {"2020-10-31": "1.60190", "2020-07-31": "2.21670", "2020-04-30": "1.87710", "2020-01-31": "1.67890", "2019-10-31": "1.41870", "2019-07-31": "1.64720", "2019-04-30": "1.66010", "2019-01-31": "1.77110", "2018-10-31": "1.58150", "2018-07-31": "1.82020", "2018-04-30": "1.76080", "2018-01-31": "1.98600", "2017-10-31": "1.61340", "2017-07-31": "1.79180", "2017-04-30": "1.72330", "2017-01-31": "1.76430", "2016-10-31": "1.60350", "2016-07-31": "1.76770", "2016-04-30": "1.83420", "2016-01-31": "1.87030", "2015-10-31": "1.54020", "2015-07-31": "1.72940", "2015-04-30": "1.90890", "2015-01-31": "1.95170", "2014-10-31": "1.65810", "2014-07-31": "1.88400", "2014-04-30": "1.94290", "2014-01-31": "1.92680", "2013-10-31": "1.64430", "2013-07-31": "1.81960", "2013-04-30": "1.81960", "2013-01-31": "1.86150", "2012-10-31": "1.56750", "2012-07-31": "1.69430", "2012-04-30": "1.67150", "2012-01-31": "1.85230", "2011-10-31": "1.68130", "2011-07-31": "1.77110", "2011-04-30": "1.98290", "2011-01-31": "2.02880", "2010-10-31": "1.92070", "2010-07-31": "2.08450", "2010-04-30": "2.08360", "2010-01-31": "2.29500", "2009-10-31": "1.85000", "2009-07-31": "2.02400", "2009-04-30": "2.08730", "2009-01-31": "2.02170", "2008-10-31": "1.54850", "2008-07-31": "1.65990", "2008-04-30": "1.78450", "2008-01-31": "2.10280", "2007-10-31": "1.62320", "2007-07-31": "1.38090", "2007-04-30": "1.88640", "2007-01-31": "1.77550", "2006-10-31": "1.61060", "2006-07-31": "1.75530", "2006-04-30": "2.50790", "2006-01-31": "2.44230", "2005-10-31": "1.90740", "2005-07-31": "2.33560", "2005-04-30": "2.40930", "2005-01-31": "2.50230"}, "Long-term Debt / Capital": {"2020-10-31": "0.44330", "2020-07-31": "0.49840", "2020-04-30": "0.50050", "2020-01-31": "0.37160", "2019-10-31": "0.37320", "2019-07-31": "0.36420", "2019-04-30": "0.36140", "2019-01-31": "0.37980", "2018-10-31": "0.41070", "2018-07-31": "0.40980", "2018-04-30": "0.41910", "2018-01-31": "0.44740", "2017-10-31": "0.46800", "2017-07-31": "0.46890", "2017-04-30": "0.47170", "2017-01-31": "0.46390", "2016-10-31": "0.46820", "2016-07-31": "0.46330", "2016-04-30": "0.46280", "2016-01-31": "0.45480", "2015-10-31": "0.45710", "2015-07-31": "0.44820", "2015-04-30": "0.43430", "2015-01-31": "0.43640", "2014-10-31": "0.44560", "2014-07-31": "0.44590", "2014-04-30": "0.44580", "2014-01-31": "0.44130", "2013-10-31": "0.44460", "2013-07-31": "0.42310", "2013-04-30": "0.42390", "2013-01-31": "0.42380", "2012-10-31": "0.42310", "2012-07-31": "0.40070", "2012-04-30": "0.39710", "2012-01-31": "0.38940", "2011-10-31": "0.39040", "2011-07-31": "0.32970", "2011-04-30": "0.31580", "2011-01-31": "0.30910", "2010-10-31": "0.29620", "2010-07-31": "0.30680", "2010-04-30": "0.17810", "2010-01-31": "0.20720", "2009-10-31": "0.21740", "2009-07-31": "0.22340", "2009-04-30": "0.23000", "2009-01-31": "0.23350", "2008-10-31": "0.24340", "2008-07-31": "0.24750", "2008-04-30": "0.25150", "2008-01-31": "0.25170", "2007-10-31": "0.26040", "2007-07-31": "0.15140", "2007-04-30": "0.14970", "2007-01-31": "0.15660", "2006-10-31": "0.15840", "2006-07-31": "0.16370", "2006-04-30": "0.14660", "2006-01-31": "0.14940", "2005-10-31": "0.15750", "2005-07-31": "0.16110", "2005-04-30": "0.16430", "2005-01-31": "0.17980"}, "Debt/Equity Ratio": {"2020-10-31": "0.82240", "2020-07-31": "1.01960", "2020-04-30": "1.02800", "2020-01-31": "0.61410", "2019-10-31": "0.61590", "2019-07-31": "0.59470", "2019-04-30": "0.58710", "2019-01-31": "0.63310", "2018-10-31": "0.71910", "2018-07-31": "0.71660", "2018-04-30": "0.74440", "2018-01-31": "0.83300", "2017-10-31": "0.90580", "2017-07-31": "0.90940", "2017-04-30": "0.91960", "2017-01-31": "0.89070", "2016-10-31": "0.90540", "2016-07-31": "0.88760", "2016-04-30": "0.88540", "2016-01-31": "0.85740", "2015-10-31": "0.93810", "2015-07-31": "0.88880", "2015-04-30": "0.78660", "2015-01-31": "0.79250", "2014-10-31": "0.82240", "2014-07-31": "0.82270", "2014-04-30": "0.82350", "2014-01-31": "0.81310", "2013-10-31": "0.82430", "2013-07-31": "0.75780", "2013-04-30": "0.75350", "2013-01-31": "0.75280", "2012-10-31": "0.74980", "2012-07-31": "0.68390", "2012-04-30": "0.67410", "2012-01-31": "0.65210", "2011-10-31": "0.65510", "2011-07-31": "0.51850", "2011-04-30": "0.48590", "2011-01-31": "0.50930", "2010-10-31": "0.47950", "2010-07-31": "0.49010", "2010-04-30": "0.25590", "2010-01-31": "0.26330", "2009-10-31": "0.28010", "2009-07-31": "0.28990", "2009-04-30": "0.30110", "2009-01-31": "0.30720", "2008-10-31": "0.37150", "2008-07-31": "0.33110", "2008-04-30": "0.35610", "2008-01-31": "0.33840", "2007-10-31": "0.38340", "2007-07-31": "0.23090", "2007-04-30": "0.17780", "2007-01-31": "0.18900", "2006-10-31": "0.18980", "2006-07-31": "0.19730", "2006-04-30": "0.17310", "2006-01-31": "0.19370", "2005-10-31": "0.26560", "2005-07-31": "0.21160", "2005-04-30": "0.25350", "2005-01-31": "0.21990"}, "Gross Margin": {"2020-10-31": "39.08020", "2020-07-31": "36.92400", "2020-04-30": "26.40030", "2020-01-31": "35.59720", "2019-10-31": "40.00000", "2019-07-31": "42.43790", "2019-04-30": "40.91020", "2019-01-31": "36.30370", "2018-10-31": "40.53590", "2018-07-31": "42.99780", "2018-04-30": "40.68440", "2018-01-31": "36.29020", "2017-10-31": "40.28900", "2017-07-31": "42.54840", "2017-04-30": "40.27060", "2017-01-31": "42.61110", "2016-10-31": "37.13890", "2016-07-31": "39.45480", "2016-04-30": "35.54880", "2016-01-31": "33.05150", "2015-10-31": "37.11320", "2015-07-31": "38.95010", "2015-04-30": "36.93910", "2015-01-31": "33.88040", "2014-10-31": "37.21990", "2014-07-31": "38.99100", "2014-04-30": "36.75680", "2014-01-31": "34.00560", "2013-10-31": "37.48880", "2013-07-31": "39.07670", "2013-04-30": "36.38960", "2013-01-31": "33.30710", "2012-10-31": "38.12920", "2012-07-31": "39.04880", "2012-04-30": "35.91800", "2012-01-31": "36.17480", "2011-10-31": "38.57400", "2011-07-31": "40.67800", "2011-04-30": "38.10670", "2011-01-31": "36.80030", "2010-10-31": "38.45420", "2010-07-31": "40.26830", "2010-04-30": "38.09170", "2010-01-31": "36.44200", "2009-10-31": "37.99060", "2009-07-31": "39.93690", "2009-04-30": "37.60310", "2009-01-31": "34.79760", "2008-10-31": "37.40800", "2008-07-31": "39.59730", "2008-04-30": "36.83780", "2008-01-31": "34.29060", "2007-10-31": "37.07110", "2007-07-31": "38.90580", "2007-04-30": "36.89310", "2007-01-31": "35.41010", "2006-10-31": "37.00620", "2006-07-31": "37.53870", "2006-04-30": "36.14680", "2006-01-31": "33.99870", "2005-10-31": "36.30850", "2005-07-31": "36.99990", "2005-04-30": "35.84610", "2005-01-31": "33.60350"}, "Operating Margin": {"2020-10-31": "0.55290", "2020-07-31": "3.46350", "2020-04-30": "-29.57170", "2020-01-31": "5.86940", "2019-10-31": "4.41080", "2019-07-31": "8.48760", "2019-04-30": "2.88720", "2019-01-31": "6.46340", "2018-10-31": "5.57480", "2018-07-31": "9.89060", "2018-04-30": "4.99050", "2018-01-31": "8.03460", "2017-10-31": "5.62730", "2017-07-31": "9.26050", "2017-04-30": "4.55100", "2017-01-31": "6.58330", "2016-10-31": "6.95630", "2016-07-31": "7.22140", "2016-04-30": "2.66870", "2016-01-31": "8.47030", "2015-10-31": "6.95730", "2015-07-31": "9.93670", "2015-04-30": "6.79120", "2015-01-31": "10.32030", "2014-10-31": "6.95020", "2014-07-31": "10.63180", "2014-04-30": "6.87960", "2014-01-31": "9.98520", "2013-10-31": "8.21330", "2013-07-31": "10.51530", "2013-04-30": "7.54940", "2013-01-31": "10.83430", "2012-10-31": "9.46550", "2012-07-31": "10.86800", "2012-04-30": "7.56540", "2012-01-31": "13.37650", "2011-10-31": "9.48350", "2011-07-31": "12.87670", "2011-04-30": "9.39450", "2011-01-31": "14.85590", "2010-10-31": "8.44000", "2010-07-31": "11.90240", "2010-04-30": "8.69890", "2010-01-31": "15.30880", "2009-10-31": "8.36830", "2009-07-31": "10.48350", "2009-04-30": "6.89940", "2009-01-31": "10.96260", "2008-10-31": "7.49210", "2008-07-31": "10.89930", "2008-04-30": "7.47790", "2008-01-31": "12.45220", "2007-10-31": "8.64960", "2007-07-31": "12.36270", "2007-04-30": "9.68870", "2007-01-31": "14.46190", "2006-10-31": "10.11870", "2006-07-31": "11.37120", "2006-04-30": "8.82930", "2006-01-31": "13.24320", "2005-10-31": "8.57330", "2005-07-31": "10.71300", "2005-04-30": "7.93700", "2005-01-31": "12.99370"}, "EBIT Margin": {"2020-10-31": "0.55290", "2020-07-31": "3.46350", "2020-04-30": "-29.57170", "2020-01-31": "5.86940", "2019-10-31": "4.41080", "2019-07-31": "8.48760", "2019-04-30": "2.88720", "2019-01-31": "6.46340", "2018-10-31": "5.57480", "2018-07-31": "9.89060", "2018-04-30": "4.99050", "2018-01-31": "8.03460", "2017-10-31": "5.62730", "2017-07-31": "9.26050", "2017-04-30": "4.55100", "2017-01-31": "6.58330", "2016-10-31": "6.95630", "2016-07-31": "7.22140", "2016-04-30": "2.66870", "2016-01-31": "8.47030", "2015-10-31": "6.95730", "2015-07-31": "9.93670", "2015-04-30": "6.79120", "2015-01-31": "10.32030", "2014-10-31": "6.95020", "2014-07-31": "10.63180", "2014-04-30": "6.87960", "2014-01-31": "9.98520", "2013-10-31": "8.21330", "2013-07-31": "10.51530", "2013-04-30": "7.54940", "2013-01-31": "10.83430", "2012-10-31": "9.46550", "2012-07-31": "10.86800", "2012-04-30": "7.56540", "2012-01-31": "13.37650", "2011-10-31": "9.48350", "2011-07-31": "12.87670", "2011-04-30": "9.39450", "2011-01-31": "14.85590", "2010-10-31": "8.44000", "2010-07-31": "11.90240", "2010-04-30": "8.69890", "2010-01-31": "15.30880", "2009-10-31": "8.36830", "2009-07-31": "10.48350", "2009-04-30": "6.89940", "2009-01-31": "10.96260", "2008-10-31": "7.49210", "2008-07-31": "10.89930", "2008-04-30": "7.47790", "2008-01-31": "12.45220", "2007-10-31": "8.64960", "2007-07-31": "12.36270", "2007-04-30": "9.68870", "2007-01-31": "14.46190", "2006-10-31": "10.11870", "2006-07-31": "11.37120", "2006-04-30": "8.82930", "2006-01-31": "13.24320", "2005-10-31": "8.57330", "2005-07-31": "10.71300", "2005-04-30": "7.93700", "2005-01-31": "12.99370"}, "EBITDA Margin": {"2020-10-31": "", "2020-07-31": "", "2020-04-30": "", "2020-01-31": "", "2019-10-31": "", "2019-07-31": "", "2019-04-30": "", "2019-01-31": "", "2018-10-31": "", "2018-07-31": "", "2018-04-30": "", "2018-01-31": "", "2017-10-31": "", "2017-07-31": "", "2017-04-30": "", "2017-01-31": "", "2016-10-31": "", "2016-07-31": "", "2016-04-30": "", "2016-01-31": "", "2015-10-31": "", "2015-07-31": "", "2015-04-30": "", "2015-01-31": "", "2014-10-31": "", "2014-07-31": "", "2014-04-30": "", "2014-01-31": "", "2013-10-31": "", "2013-07-31": "", "2013-04-30": "", "2013-01-31": "", "2012-10-31": "", "2012-07-31": "", "2012-04-30": "", "2012-01-31": "", "2011-10-31": "", "2011-07-31": "", "2011-04-30": "", "2011-01-31": "", "2010-10-31": "", "2010-07-31": "", "2010-04-30": "", "2010-01-31": "", "2009-10-31": "", "2009-07-31": "", "2009-04-30": "", "2009-01-31": "", "2008-10-31": "", "2008-07-31": "", "2008-04-30": "", "2008-01-31": "", "2007-10-31": "", "2007-07-31": "", "2007-04-30": "", "2007-01-31": "", "2006-10-31": "", "2006-07-31": "", "2006-04-30": "", "2006-01-31": "", "2005-10-31": "", "2005-07-31": "", "2005-04-30": "", "2005-01-31": ""}, "Pre-Tax Profit Margin": {"2020-10-31": "-1.40740", "2020-07-31": "1.17410", "2020-04-30": "-31.96050", "2020-01-31": "5.13760", "2019-10-31": "3.48110", "2019-07-31": "7.29120", "2019-04-30": "1.61490", "2019-01-31": "5.32020", "2018-10-31": "4.21350", "2018-07-31": "8.46830", "2018-04-30": "2.30510", "2018-01-31": "6.98600", "2017-10-31": "4.00700", "2017-07-31": "7.55400", "2017-04-30": "2.68140", "2017-01-31": "5.54170", "2016-10-31": "5.19990", "2016-07-31": "5.35630", "2016-04-30": "0.67980", "2016-01-31": "7.24910", "2015-10-31": "4.26930", "2015-07-31": "4.89810", "2015-04-30": "4.75380", "2015-01-31": "8.97900", "2014-10-31": "5.00690", "2014-07-31": "8.62800", "2014-04-30": "4.79120", "2014-01-31": "8.55880", "2013-10-31": "6.32310", "2013-07-31": "8.55680", "2013-04-30": "5.57280", "2013-01-31": "9.46220", "2012-10-31": "7.68370", "2012-07-31": "8.96550", "2012-04-30": "5.63280", "2012-01-31": "12.11370", "2011-10-31": "7.76970", "2011-07-31": "11.18170", "2011-04-30": "7.56850", "2011-01-31": "12.93480", "2010-10-31": "6.56710", "2010-07-31": "10.00000", "2010-04-30": "7.93060", "2010-01-31": "11.66640", "2009-10-31": "7.60310", "2009-07-31": "9.66890", "2009-04-30": "6.01980", "2009-01-31": "10.37050", "2008-10-31": "6.75600", "2008-07-31": "10.20130", "2008-04-30": "6.76050", "2008-01-31": "12.04030", "2007-10-31": "8.16060", "2007-07-31": "12.06910", "2007-04-30": "9.40470", "2007-01-31": "14.26730", "2006-10-31": "9.83960", "2006-07-31": "11.18910", "2006-04-30": "8.38520", "2006-01-31": "12.84060", "2005-10-31": "7.99520", "2005-07-31": "10.14850", "2005-04-30": "7.31130", "2005-01-31": "12.56730"}, "Net Profit Margin": {"2020-10-31": "-0.30160", "2020-07-31": "1.37950", "2020-04-30": "-22.28170", "2020-01-31": "3.87880", "2019-10-31": "2.65950", "2019-07-31": "5.44020", "2019-04-30": "1.51700", "2019-01-31": "4.00120", "2018-10-31": "3.47880", "2018-07-31": "6.38950", "2018-04-30": "1.78230", "2018-01-31": "6.63170", "2017-10-31": "2.56190", "2017-07-31": "4.73270", "2017-04-30": "1.62360", "2017-01-31": "3.51390", "2016-10-31": "3.37420", "2016-07-31": "3.34770", "2016-04-30": "0.42800", "2016-01-31": "4.63440", "2015-10-31": "2.71060", "2015-07-31": "3.04660", "2015-04-30": "3.08030", "2015-01-31": "5.80720", "2014-10-31": "3.24650", "2014-07-31": "5.46910", "2014-04-30": "3.07130", "2014-01-31": "5.47630", "2013-10-31": "3.98290", "2013-07-31": "5.38590", "2013-04-30": "3.50080", "2013-01-31": "5.94540", "2012-10-31": "4.78840", "2012-07-31": "5.70750", "2012-04-30": "3.62950", "2012-01-31": "7.57730", "2011-10-31": "4.82180", "2011-07-31": "7.03860", "2011-04-30": "4.82940", "2011-01-31": "8.11530", "2010-10-31": "4.17260", "2010-07-31": "6.21950", "2010-04-30": "4.93180", "2010-01-31": "7.28490", "2009-10-31": "4.76430", "2009-07-31": "6.01680", "2009-04-30": "3.76580", "2009-01-31": "6.41710", "2008-10-31": "4.20610", "2008-07-31": "6.33560", "2008-04-30": "4.22190", "2008-01-31": "7.50450", "2007-10-31": "5.07180", "2007-07-31": "7.50090", "2007-04-30": "5.84970", "2007-01-31": "8.89950", "2006-10-31": "6.14970", "2006-07-31": "7.03790", "2006-04-30": "5.23240", "2006-01-31": "7.98690", "2005-10-31": "4.97300", "2005-07-31": "6.48130", "2005-04-30": "4.54760", "2005-01-31": "7.81680"}, "Asset Turnover": {"2020-10-31": "0.25760", "2020-07-31": "0.22360", "2020-04-30": "0.15300", "2020-01-31": "0.46940", "2019-10-31": "0.29390", "2019-07-31": "0.30460", "2019-04-30": "0.28250", "2019-01-31": "0.54720", "2018-10-31": "0.32780", "2018-07-31": "0.35390", "2018-04-30": "0.32580", "2018-01-31": "0.52710", "2017-10-31": "0.32750", "2017-07-31": "0.33590", "2017-04-30": "0.30580", "2017-01-31": "0.53040", "2016-10-31": "0.30740", "2016-07-31": "0.31300", "2016-04-30": "0.29860", "2016-01-31": "0.46940", "2015-10-31": "0.29920", "2015-07-31": "0.29930", "2015-04-30": "0.28530", "2015-01-31": "0.44210", "2014-10-31": "0.29130", "2014-07-31": "0.30160", "2014-04-30": "0.28840", "2014-01-31": "0.42480", "2013-10-31": "0.29150", "2013-07-31": "0.30420", "2013-04-30": "0.29890", "2013-01-31": "0.45600", "2012-10-31": "0.29620", "2012-07-31": "0.30350", "2012-04-30": "0.29750", "2012-01-31": "0.42540", "2011-10-31": "0.29730", "2011-07-31": "0.30400", "2011-04-30": "0.28800", "2011-01-31": "0.40660", "2010-10-31": "0.26350", "2010-07-31": "0.27310", "2010-04-30": "0.29960", "2010-01-31": "0.43180", "2009-10-31": "0.30410", "2009-07-31": "0.31490", "2009-04-30": "0.31460", "2009-01-31": "0.46080", "2008-10-31": "0.32000", "2008-07-31": "0.34250", "2008-04-30": "0.34090", "2008-01-31": "0.51970", "2007-10-31": "0.34420", "2007-07-31": "0.36800", "2007-04-30": "0.38610", "2007-01-31": "0.60310", "2006-10-31": "0.38520", "2006-07-31": "0.38170", "2006-04-30": "0.34770", "2006-01-31": "0.51280", "2005-10-31": "0.33170", "2005-07-31": "0.34120", "2005-04-30": "0.33860", "2005-01-31": "0.51120"}, "Inventory Turnover Ratio": {"2020-10-31": "0.67200", "2020-07-31": "0.79650", "2020-04-30": "0.50240", "2020-01-31": "1.24400", "2019-10-31": "0.56780", "2019-07-31": "0.69750", "2019-04-30": "0.65630", "2019-01-31": "1.25060", "2018-10-31": "0.56810", "2018-07-31": "0.72930", "2018-04-30": "0.66990", "2018-01-31": "1.26930", "2017-10-31": "0.58870", "2017-07-31": "0.65530", "2017-04-30": "0.60840", "2017-01-31": "1.08880", "2016-10-31": "0.57610", "2016-07-31": "0.64460", "2016-04-30": "0.62680", "2016-01-31": "1.05890", "2015-10-31": "0.52990", "2015-07-31": "0.61270", "2015-04-30": "0.62420", "2015-01-31": "1.09860", "2014-10-31": "0.55220", "2014-07-31": "0.66380", "2014-04-30": "0.64660", "2014-01-31": "1.03900", "2013-10-31": "0.56020", "2013-07-31": "0.67760", "2013-04-30": "0.67430", "2013-01-31": "1.12830", "2012-10-31": "0.57270", "2012-07-31": "0.72790", "2012-04-30": "0.78720", "2012-01-31": "1.19430", "2011-10-31": "0.65080", "2011-07-31": "0.81420", "2011-04-30": "0.80680", "2011-01-31": "1.25690", "2010-10-31": "0.64420", "2010-07-31": "0.83580", "2010-04-30": "0.82800", "2010-01-31": "1.23570", "2009-10-31": "0.65980", "2009-07-31": "0.83920", "2009-04-30": "0.80960", "2009-01-31": "1.21970", "2008-10-31": "0.64140", "2008-07-31": "0.82780", "2008-04-30": "0.81260", "2008-01-31": "1.26260", "2007-10-31": "0.61590", "2007-07-31": "0.78240", "2007-04-30": "0.83510", "2007-01-31": "1.36490", "2006-10-31": "0.71090", "2006-07-31": "0.85630", "2006-04-30": "0.86930", "2006-01-31": "1.38460", "2005-10-31": "0.69610", "2005-07-31": "0.82800", "2005-04-30": "0.83290", "2005-01-31": "1.39090"}, "Receiveable Turnover": {"2020-10-31": "34.60000", "2020-07-31": "16.61950", "2020-04-30": "13.95400", "2020-01-31": "455.46670", "2019-10-31": "185.00000", "2019-07-31": "276.87500", "2019-04-30": "272.46670", "2019-01-31": "", "2018-10-31": "", "2018-07-31": "", "2018-04-30": "", "2018-01-31": "", "2017-10-31": "", "2017-07-31": "", "2017-04-30": "", "2017-01-31": "", "2016-10-31": "", "2016-07-31": "", "2016-04-30": "", "2016-01-31": "", "2015-10-31": "", "2015-07-31": "", "2015-04-30": "", "2015-01-31": "", "2014-10-31": "57.55260", "2014-07-31": "", "2014-04-30": "", "2014-01-31": "", "2013-10-31": "", "2013-07-31": "", "2013-04-30": "", "2013-01-31": "", "2012-10-31": "", "2012-07-31": "", "2012-04-30": "", "2012-01-31": "", "2011-10-31": "41.67620", "2011-07-31": "", "2011-04-30": "", "2011-01-31": "", "2010-10-31": "168.72000", "2010-07-31": "", "2010-04-30": "", "2010-01-31": "", "2009-10-31": "", "2009-07-31": "", "2009-04-30": "", "2009-01-31": "", "2008-10-31": "", "2008-07-31": "", "2008-04-30": "", "2008-01-31": "", "2007-10-31": "", "2007-07-31": "", "2007-04-30": "", "2007-01-31": "", "2006-10-31": "", "2006-07-31": "", "2006-04-30": "", "2006-01-31": "2.84140", "2005-10-31": "2.09050", "2005-07-31": "2.22780", "2005-04-30": "2.09490", "2005-01-31": "2.93510"}, "Days Sales In Receivables": {"2020-10-31": "2.60120", "2020-07-31": "5.41530", "2020-04-30": "6.44980", "2020-01-31": "0.19760", "2019-10-31": "0.48650", "2019-07-31": "0.32510", "2019-04-30": "0.33030", "2019-01-31": "", "2018-10-31": "", "2018-07-31": "", "2018-04-30": "", "2018-01-31": "", "2017-10-31": "", "2017-07-31": "", "2017-04-30": "", "2017-01-31": "", "2016-10-31": "", "2016-07-31": "", "2016-04-30": "", "2016-01-31": "", "2015-10-31": "", "2015-07-31": "", "2015-04-30": "", "2015-01-31": "", "2014-10-31": "1.56380", "2014-07-31": "", "2014-04-30": "", "2014-01-31": "", "2013-10-31": "", "2013-07-31": "", "2013-04-30": "", "2013-01-31": "", "2012-10-31": "", "2012-07-31": "", "2012-04-30": "", "2012-01-31": "", "2011-10-31": "2.15950", "2011-07-31": "", "2011-04-30": "", "2011-01-31": "", "2010-10-31": "0.53340", "2010-07-31": "", "2010-04-30": "", "2010-01-31": "", "2009-10-31": "", "2009-07-31": "", "2009-04-30": "", "2009-01-31": "", "2008-10-31": "", "2008-07-31": "", "2008-04-30": "", "2008-01-31": "", "2007-10-31": "", "2007-07-31": "", "2007-04-30": "", "2007-01-31": "", "2006-10-31": "", "2006-07-31": "", "2006-04-30": "", "2006-01-31": "31.67490", "2005-10-31": "43.05160", "2005-07-31": "40.39940", "2005-04-30": "42.96180", "2005-01-31": "30.66340"}, "ROE - Return On Equity": {"2020-10-31": "-0.24800", "2020-07-31": "0.97170", "2020-04-30": "-11.29440", "2020-01-31": "4.86240", "2019-10-31": "2.29690", "2019-07-31": "4.41800", "2019-04-30": "1.13930", "2019-01-31": "4.93940", "2018-10-31": "2.95250", "2018-07-31": "5.32170", "2018-04-30": "1.40030", "2018-01-31": "8.63630", "2017-10-31": "2.32970", "2017-07-31": "4.14260", "2017-04-30": "1.32340", "2017-01-31": "4.88700", "2016-10-31": "2.85880", "2016-07-31": "2.68460", "2016-04-30": "0.32090", "2016-01-31": "5.39060", "2015-10-31": "2.19220", "2015-07-31": "2.28990", "2015-04-30": "2.11070", "2015-01-31": "6.14250", "2014-10-31": "2.44620", "2014-07-31": "3.99380", "2014-04-30": "2.13420", "2014-01-31": "5.58720", "2013-10-31": "2.98780", "2013-07-31": "3.81630", "2013-04-30": "2.44150", "2013-01-31": "6.23350", "2012-10-31": "3.52110", "2012-07-31": "3.87850", "2012-04-30": "2.44440", "2012-01-31": "7.00680", "2011-10-31": "3.26070", "2011-07-31": "4.22440", "2011-04-30": "2.65800", "2011-01-31": "6.24200", "2010-10-31": "2.11720", "2010-07-31": "3.14470", "2010-04-30": "2.45770", "2010-01-31": "5.27190", "2009-10-31": "2.60990", "2009-07-31": "3.20910", "2009-04-30": "1.98980", "2009-01-31": "4.98590", "2008-10-31": "2.50200", "2008-07-31": "3.78630", "2008-04-30": "2.51070", "2008-01-31": "6.74890", "2007-10-31": "3.33980", "2007-07-31": "4.61600", "2007-04-30": "3.53530", "2007-01-31": "8.65370", "2006-10-31": "4.06010", "2006-07-31": "4.36890", "2006-04-30": "2.75100", "2006-01-31": "6.29330", "2005-10-31": "2.78840", "2005-07-31": "3.46970", "2005-04-30": "2.40840", "2005-01-31": "6.33360"}, "Return On Tangible Equity": {"2020-10-31": "-0.24800", "2020-07-31": "0.97170", "2020-04-30": "-11.29440", "2020-01-31": "4.86240", "2019-10-31": "2.29690", "2019-07-31": "4.41800", "2019-04-30": "1.13930", "2019-01-31": "4.93940", "2018-10-31": "2.95250", "2018-07-31": "5.32170", "2018-04-30": "1.40030", "2018-01-31": "8.63630", "2017-10-31": "2.32970", "2017-07-31": "4.14260", "2017-04-30": "1.32340", "2017-01-31": "4.88700", "2016-10-31": "2.85880", "2016-07-31": "2.68460", "2016-04-30": "0.32090", "2016-01-31": "5.39060", "2015-10-31": "2.19220", "2015-07-31": "2.28990", "2015-04-30": "2.11070", "2015-01-31": "6.14250", "2014-10-31": "2.44620", "2014-07-31": "3.99380", "2014-04-30": "2.13420", "2014-01-31": "5.58720", "2013-10-31": "2.98780", "2013-07-31": "3.81630", "2013-04-30": "2.44150", "2013-01-31": "6.23350", "2012-10-31": "3.52110", "2012-07-31": "3.87850", "2012-04-30": "2.44440", "2012-01-31": "7.00680", "2011-10-31": "3.26070", "2011-07-31": "4.22440", "2011-04-30": "2.65800", "2011-01-31": "6.24200", "2010-10-31": "2.11720", "2010-07-31": "3.14470", "2010-04-30": "2.52030", "2010-01-31": "5.41250", "2009-10-31": "2.68170", "2009-07-31": "3.29970", "2009-04-30": "2.04880", "2009-01-31": "5.13920", "2008-10-31": "2.58610", "2008-07-31": "3.91900", "2008-04-30": "2.60160", "2008-01-31": "7.00010", "2007-10-31": "3.47290", "2007-07-31": "4.79940", "2007-04-30": "3.67570", "2007-01-31": "9.02180", "2006-10-31": "4.23800", "2006-07-31": "4.57120", "2006-04-30": "2.85360", "2006-01-31": "6.53660", "2005-10-31": "2.90580", "2005-07-31": "3.62280", "2005-04-30": "2.52090", "2005-01-31": "6.64270"}, "ROA - Return On Assets": {"2020-10-31": "-0.07770", "2020-07-31": "0.30850", "2020-04-30": "-3.40920", "2020-01-31": "1.82070", "2019-10-31": "0.78150", "2019-07-31": "1.65730", "2019-04-30": "0.42860", "2019-01-31": "2.18940", "2018-10-31": "1.14040", "2018-07-31": "2.26090", "2018-04-30": "0.58070", "2018-01-31": "3.49540", "2017-10-31": "0.83890", "2017-07-31": "1.58970", "2017-04-30": "0.49650", "2017-01-31": "1.86390", "2016-10-31": "1.03720", "2016-07-31": "1.04790", "2016-04-30": "0.12780", "2016-01-31": "2.17550", "2015-10-31": "0.81110", "2015-07-31": "0.91190", "2015-04-30": "0.87870", "2015-01-31": "2.56750", "2014-10-31": "0.94580", "2014-07-31": "1.64930", "2014-04-30": "0.88560", "2014-01-31": "2.32640", "2013-10-31": "1.16100", "2013-07-31": "1.63860", "2013-04-30": "1.04630", "2013-01-31": "2.71130", "2012-10-31": "1.41810", "2012-07-31": "1.73210", "2012-04-30": "1.07980", "2012-01-31": "3.22310", "2011-10-31": "1.43350", "2011-07-31": "2.13970", "2011-04-30": "1.39070", "2011-01-31": "3.29990", "2010-10-31": "1.09970", "2010-07-31": "1.69880", "2010-04-30": "1.47780", "2010-01-31": "3.14590", "2009-10-31": "1.44860", "2009-07-31": "1.89480", "2009-04-30": "1.18480", "2009-01-31": "2.95700", "2008-10-31": "1.34610", "2008-07-31": "2.16990", "2008-04-30": "1.43930", "2008-01-31": "3.89980", "2007-10-31": "1.74560", "2007-07-31": "2.76070", "2007-04-30": "2.25860", "2007-01-31": "5.36750", "2006-10-31": "2.36860", "2006-07-31": "2.68660", "2006-04-30": "1.81950", "2006-01-31": "4.09580", "2005-10-31": "1.64950", "2005-07-31": "2.21150", "2005-04-30": "1.53980", "2005-01-31": "3.99570"}, "ROI - Return On Investment": {"2020-10-31": "-0.13810", "2020-07-31": "0.48740", "2020-04-30": "-5.64130", "2020-01-31": "3.05550", "2019-10-31": "1.43980", "2019-07-31": "2.80890", "2019-04-30": "0.72750", "2019-01-31": "3.06360", "2018-10-31": "1.74000", "2018-07-31": "3.14080", "2018-04-30": "0.81340", "2018-01-31": "4.77210", "2017-10-31": "1.23940", "2017-07-31": "2.20010", "2017-04-30": "0.69920", "2017-01-31": "2.61990", "2016-10-31": "1.52040", "2016-07-31": "1.44080", "2016-04-30": "0.17240", "2016-01-31": "2.93880", "2015-10-31": "1.19010", "2015-07-31": "1.26350", "2015-04-30": "1.19390", "2015-01-31": "3.46220", "2014-10-31": "1.35630", "2014-07-31": "2.21310", "2014-04-30": "1.18280", "2014-01-31": "3.12150", "2013-10-31": "1.65950", "2013-07-31": "2.20150", "2013-04-30": "1.40660", "2013-01-31": "3.59180", "2012-10-31": "2.03140", "2012-07-31": "2.32420", "2012-04-30": "1.47380", "2012-01-31": "4.27850", "2011-10-31": "1.98780", "2011-07-31": "2.83170", "2011-04-30": "1.81870", "2011-01-31": "4.31260", "2010-10-31": "1.49000", "2010-07-31": "2.17990", "2010-04-30": "2.02010", "2010-01-31": "4.17970", "2009-10-31": "2.04250", "2009-07-31": "2.49210", "2009-04-30": "1.53230", "2009-01-31": "3.82170", "2008-10-31": "1.89300", "2008-07-31": "2.84920", "2008-04-30": "1.87910", "2008-01-31": "5.05050", "2007-10-31": "2.47000", "2007-07-31": "3.91690", "2007-04-30": "3.00590", "2007-01-31": "7.29890", "2006-10-31": "3.41710", "2006-07-31": "3.65350", "2006-04-30": "2.34780", "2006-01-31": "5.35330", "2005-10-31": "2.34920", "2005-07-31": "2.91070", "2005-04-30": "2.01270", "2005-01-31": "5.19490"}, "Book Value Per Share": {"2020-10-31": "30.62030", "2020-07-31": "30.61390", "2020-04-30": "30.31650", "2020-01-31": "34.93590", "2019-10-31": "34.10830", "2019-07-31": "34.09380", "2019-04-30": "33.59260", "2019-01-31": "33.90800", "2018-10-31": "33.04850", "2018-07-31": "32.85630", "2018-04-30": "31.88100", "2018-01-31": "32.25600", "2017-10-31": "29.89290", "2017-07-31": "29.71010", "2017-04-30": "29.16370", "2017-01-31": "29.75290", "2016-10-31": "29.01710", "2016-07-31": "28.97220", "2016-04-30": "28.63240", "2016-01-31": "29.52150", "2015-10-31": "28.65970", "2015-07-31": "28.96430", "2015-04-30": "29.78710", "2015-01-31": "29.80600", "2014-10-31": "28.59610", "2014-07-31": "28.47550", "2014-04-30": "28.15870", "2014-01-31": "28.33180", "2013-10-31": "27.68220", "2013-07-31": "27.76610", "2013-04-30": "27.24430", "2013-01-31": "27.24320", "2012-10-31": "26.43290", "2012-07-31": "26.33190", "2012-04-30": "26.03310", "2012-01-31": "26.34820", "2011-10-31": "25.47640", "2011-07-31": "26.21480", "2011-04-30": "26.72090", "2011-01-31": "26.97590", "2010-10-31": "26.90290", "2010-07-31": "26.32790", "2010-04-30": "26.28900", "2010-01-31": "25.57980", "2009-10-31": "24.08800", "2009-07-31": "23.32030", "2009-04-30": "22.50000", "2009-01-31": "22.09510", "2008-10-31": "20.98770", "2008-07-31": "20.46980", "2008-04-30": "19.86810", "2008-01-31": "19.62060", "2007-10-31": "18.51940", "2007-07-31": "18.35360", "2007-04-30": "18.31980", "2007-01-31": "17.45680", "2006-10-31": "17.13840", "2006-07-31": "16.24480", "2006-04-30": "17.85730", "2006-01-31": "17.26320", "2005-10-31": "16.13700", "2005-07-31": "15.65230", "2005-04-30": "15.06530", "2005-01-31": "14.66130"}, "Operating Cash Flow Per Share": {"2020-10-31": 3.9478, "2020-07-31": 1.6171, "2020-04-30": "0.34420", "2020-01-31": 3.8312, "2019-10-31": 2.4045, "2019-07-31": 3.4121, "2019-04-30": "0.83950", "2019-01-31": 4.1455, "2018-10-31": 2.317, "2018-07-31": 3.9898, "2018-04-30": "2.31740", "2018-01-31": 4.8306, "2017-10-31": 2.9968, "2017-07-31": 1.9691, "2017-04-30": "0.26900", "2017-01-31": 4.7737, "2016-10-31": 2.5802, "2016-07-31": 3.9131, "2016-04-30": "0.76090", "2016-01-31": 5.4905, "2015-10-31": 0.3279, "2015-07-31": 1.2869, "2015-04-30": "0.50500", "2015-01-31": 5.3403, "2014-10-31": 1.0203, "2014-07-31": 2.7004, "2014-04-30": "0.86060", "2014-01-31": 3.9122, "2013-10-31": 1.219, "2013-07-31": 2.0647, "2013-04-30": "1.36770", "2013-01-31": 2.3461, "2012-10-31": 0.5564, "2012-07-31": 0.7331, "2012-04-30": "1.70200", "2012-01-31": 3.7572, "2011-10-31": 0.9703, "2011-07-31": 1.9, "2011-04-30": "1.26550", "2011-01-31": 3.1411, "2010-10-31": 0.4221, "2010-07-31": 1.227, "2010-04-30": "0.92880", "2010-01-31": 3.0453, "2009-10-31": 1.1541, "2009-07-31": 1.9836, "2009-04-30": "1.28760", "2009-01-31": 2.8161, "2008-10-31": -0.1321, "2008-07-31": 1.7045, "2008-04-30": "1.14240", "2008-01-31": 2.8231, "2007-10-31": -0.3365, "2007-07-31": 1.0248, "2007-04-30": "0.25420", "2007-01-31": 2.065, "2006-10-31": 0.4902, "2006-07-31": 1.7203, "2006-04-30": "5.03790", "2006-01-31": 1.8591, "2005-10-31": -0.5091, "2005-07-31": 1.5841, "2005-04-30": "-0.31530", "2005-01-31": 2.718}, "Free Cash Flow Per Share": {"2020-10-31": 3.5126, "2020-07-31": 2.6497, "2020-04-30": "-0.70780", "2020-01-31": 2.7383, "2019-10-31": 0.847, "2019-07-31": 2.1202, "2019-04-30": "-0.62960", "2019-01-31": 3.4182, "2018-10-31": 1.4208, "2018-07-31": 2.9067, "2018-04-30": "1.52100", "2018-01-31": 4.1257, "2017-10-31": 2.0767, "2017-07-31": 0.8573, "2017-04-30": "-0.99420", "2017-01-31": 3.7826, "2016-10-31": 1.1426, "2016-07-31": 2.997, "2016-04-30": "-0.18480", "2016-01-31": 4.8218, "2015-10-31": -0.6282, "2015-07-31": 0.2445, "2015-04-30": "-0.36630", "2015-01-31": 4.7607, "2014-10-31": 0.0811, "2014-07-31": 1.7222, "2014-04-30": "0.01440", "2014-01-31": 3.1226, "2013-10-31": 0.3651, "2013-07-31": 1.3909, "2013-04-30": "0.76230", "2013-01-31": 1.7615, "2012-10-31": -0.3764, "2012-07-31": -0.3394, "2012-04-30": "0.97960", "2012-01-31": 3.1855, "2011-10-31": -0.1556, "2011-07-31": 0.939, "2011-04-30": "0.50340", "2011-01-31": 2.7084, "2010-10-31": -0.3376, "2010-07-31": 0.4198, "2010-04-30": "0.31070", "2010-01-31": 2.6251, "2009-10-31": 0.4664, "2009-07-31": 1.4935, "2009-04-30": "0.67970", "2009-01-31": 2.2772, "2008-10-31": -1.0785, "2008-07-31": 0.7704, "2008-04-30": "0.25890", "2008-01-31": 1.8587, "2007-10-31": -1.8013, "2007-07-31": -0.5159, "2007-04-30": "-0.59460", "2007-01-31": 1.5178, "2006-10-31": -0.3296, "2006-07-31": 0.4238, "2006-04-30": "4.22980", "2006-01-31": 1.385, "2005-10-31": -1.2975, "2005-07-31": 0.8919, "2005-04-30": "-0.82500", "2005-01-31": 0.0525}}, "revenue": {"Kohl's Annual Revenue (Millions of US $)": {"2020": "$19,974", "2019": "$20,229", "2018": "$20,084", "2017": "$19,681", "2016": "$19,204", "2015": "$19,023", "2014": "$19,031", "2013": "$19,279", "2012": "$18,804", "2011": "$18,391", "2010": "$17,178", "2009": "$16,389", "2008": "$16,474", "2007": "$15,597", "2006": "$13,444", "2005": "$11,701"}, "Kohl's Quarterly Revenue (Millions of US $)": {"2020-10-31": "$3,979", "2020-07-31": "$3,407", "2020-04-30": "$2,428", "2020-01-31": "$6,832", "2019-10-31": "$4,625", "2019-07-31": "$4,430", "2019-04-30": "$4,087", "2019-01-31": "$6,823", "2018-10-31": "$4,628", "2018-07-31": "$4,570", "2018-04-30": "$4,208", "2018-01-31": "$7,057", "2017-10-31": "$4,567", "2017-07-31": "$4,395", "2017-04-30": "$4,065", "2017-01-31": "$7,200", "2016-10-31": "$4,327", "2016-07-31": "$4,182", "2016-04-30": "$3,972", "2016-01-31": "$6,387", "2015-10-31": "$4,427", "2015-07-31": "$4,267", "2015-04-30": "$4,123", "2015-01-31": "$6,337", "2014-10-31": "$4,374", "2014-07-31": "$4,242", "2014-04-30": "$4,070", "2014-01-31": "$6,099", "2013-10-31": "$4,444", "2013-07-31": "$4,289", "2013-04-30": "$4,199", "2013-01-31": "$6,341", "2012-10-31": "$4,490", "2012-07-31": "$4,205", "2012-04-30": "$4,243", "2012-01-31": "$6,018", "2011-10-31": "$4,376", "2011-07-31": "$4,248", "2011-04-30": "$4,162", "2011-01-31": "$6,038", "2010-10-31": "$4,218", "2010-07-31": "$4,100", "2010-04-30": "$4,035", "2010-01-31": "$5,683", "2009-10-31": "$4,051", "2009-07-31": "$3,806", "2009-04-30": "$3,638", "2009-01-31": "$5,236", "2008-10-31": "$3,804", "2008-07-31": "$3,725", "2008-04-30": "$3,624", "2008-01-31": "$5,488", "2007-10-31": "$3,825", "2007-07-31": "$3,589", "2007-04-30": "$3,572", "2007-01-31": "$5,449", "2006-10-31": "$3,650", "2006-07-31": "$3,302", "2006-04-30": "$3,196", "2006-01-31": "$4,694", "2005-10-31": "$3,119", "2005-07-31": "$2,888", "2005-04-30": "$2,743", "2005-01-31": "$4,079"}}, "gross-profit": {"Kohl's Annual Gross Profit (Millions of US $)": {"2020": "$7,834", "2019": "$8,030", "2018": "$7,908", "2017": "$7,737", "2016": "$6,939", "2015": "$6,925", "2014": "$6,944", "2013": "$6,990", "2012": "$7,179", "2011": "$7,032", "2010": "$6,498", "2009": "$6,055", "2008": "$6,014", "2007": "$5,675", "2006": "$4,780", "2005": "$4,114"}, "Kohl's Quarterly Gross Profit (Millions of US $)": {"2020-10-31": "$1,555", "2020-07-31": "$1,258", "2020-04-30": "$641", "2020-01-31": "$2,432", "2019-10-31": "$1,850", "2019-07-31": "$1,880", "2019-04-30": "$1,672", "2019-01-31": "$2,477", "2018-10-31": "$1,876", "2018-07-31": "$1,965", "2018-04-30": "$1,712", "2018-01-31": "$2,561", "2017-10-31": "$1,840", "2017-07-31": "$1,870", "2017-04-30": "$1,637", "2017-01-31": "$3,068", "2016-10-31": "$1,607", "2016-07-31": "$1,650", "2016-04-30": "$1,412", "2016-01-31": "$2,111", "2015-10-31": "$1,643", "2015-07-31": "$1,662", "2015-04-30": "$1,523", "2015-01-31": "$2,147", "2014-10-31": "$1,628", "2014-07-31": "$1,654", "2014-04-30": "$1,496", "2014-01-31": "$2,074", "2013-10-31": "$1,666", "2013-07-31": "$1,676", "2013-04-30": "$1,528", "2013-01-31": "$2,112", "2012-10-31": "$1,712", "2012-07-31": "$1,642", "2012-04-30": "$1,524", "2012-01-31": "$2,177", "2011-10-31": "$1,688", "2011-07-31": "$1,728", "2011-04-30": "$1,586", "2011-01-31": "$2,222", "2010-10-31": "$1,622", "2010-07-31": "$1,651", "2010-04-30": "$1,537", "2010-01-31": "$2,071", "2009-10-31": "$1,539", "2009-07-31": "$1,520", "2009-04-30": "$1,368", "2009-01-31": "$1,822", "2008-10-31": "$1,423", "2008-07-31": "$1,475", "2008-04-30": "$1,335", "2008-01-31": "$1,882", "2007-10-31": "$1,418", "2007-07-31": "$1,396", "2007-04-30": "$1,318", "2007-01-31": "$1,929", "2006-10-31": "$1,351", "2006-07-31": "$1,239", "2006-04-30": "$1,155", "2006-01-31": "$1,596", "2005-10-31": "$1,133", "2005-07-31": "$1,069", "2005-04-30": "$983", "2005-01-31": "$1,371"}}, "operating-income": {"Kohl's Annual Operating Income (Millions of US $)": {"2020": "$1,099", "2019": "$1,361", "2018": "$1,416", "2017": "$1,183", "2016": "$1,553", "2015": "$1,689", "2014": "$1,742", "2013": "$1,890", "2012": "$2,158", "2011": "$2,092", "2010": "$1,859", "2009": "$1,536", "2008": "$1,804", "2007": "$1,815", "2006": "$1,416", "2005": "$1,193"}, "Kohl's Quarterly Operating Income (Millions of US $)": {"2020-10-31": "$22", "2020-07-31": "$118", "2020-04-30": "$-718", "2020-01-31": "$401", "2019-10-31": "$204", "2019-07-31": "$376", "2019-04-30": "$118", "2019-01-31": "$441", "2018-10-31": "$258", "2018-07-31": "$452", "2018-04-30": "$210", "2018-01-31": "$567", "2017-10-31": "$257", "2017-07-31": "$407", "2017-04-30": "$185", "2017-01-31": "$474", "2016-10-31": "$301", "2016-07-31": "$302", "2016-04-30": "$106", "2016-01-31": "$541", "2015-10-31": "$308", "2015-07-31": "$424", "2015-04-30": "$280", "2015-01-31": "$654", "2014-10-31": "$304", "2014-07-31": "$451", "2014-04-30": "$280", "2014-01-31": "$609", "2013-10-31": "$365", "2013-07-31": "$451", "2013-04-30": "$317", "2013-01-31": "$687", "2012-10-31": "$425", "2012-07-31": "$457", "2012-04-30": "$321", "2012-01-31": "$805", "2011-10-31": "$415", "2011-07-31": "$547", "2011-04-30": "$391", "2011-01-31": "$897", "2010-10-31": "$356", "2010-07-31": "$488", "2010-04-30": "$351", "2010-01-31": "$870", "2009-10-31": "$339", "2009-07-31": "$399", "2009-04-30": "$251", "2009-01-31": "$574", "2008-10-31": "$285", "2008-07-31": "$406", "2008-04-30": "$271", "2008-01-31": "$683", "2007-10-31": "$331", "2007-07-31": "$444", "2007-04-30": "$346", "2007-01-31": "$788", "2006-10-31": "$369", "2006-07-31": "$375", "2006-04-30": "$282", "2006-01-31": "$622", "2005-10-31": "$267", "2005-07-31": "$309", "2005-04-30": "$218", "2005-01-31": "$530"}}, "ebitda": {"Kohl's Annual EBITDA (Millions of US $)": {"2020": "$2,016", "2019": "$2,325", "2018": "$2,407", "2017": "$2,121", "2016": "$2,487", "2015": "$2,575", "2014": "$2,631", "2013": "$2,723", "2012": "$2,936", "2011": "$2,842", "2010": "$2,547", "2009": "$2,077", "2008": "$2,257", "2007": "$2,204", "2006": "$1,756", "2005": "$1,482"}, "Kohl's Quarterly EBITDA (Millions of US $)": {"2020-10-31": "$232", "2020-07-31": "$337", "2020-04-30": "$-491", "2020-01-31": "$631", "2019-10-31": "$433", "2019-07-31": "$604", "2019-04-30": "$348", "2019-01-31": "$680", "2018-10-31": "$500", "2018-07-31": "$692", "2018-04-30": "$453", "2018-01-31": "$834", "2017-10-31": "$499", "2017-07-31": "$651", "2017-04-30": "$423", "2017-01-31": "$712", "2016-10-31": "$533", "2016-07-31": "$536", "2016-04-30": "$340", "2016-01-31": "$780", "2015-10-31": "$544", "2015-07-31": "$656", "2015-04-30": "$507", "2015-01-31": "$875", "2014-10-31": "$531", "2014-07-31": "$673", "2014-04-30": "$496", "2014-01-31": "$833", "2013-10-31": "$591", "2013-07-31": "$676", "2013-04-30": "$531", "2013-01-31": "$900", "2012-10-31": "$634", "2012-07-31": "$667", "2012-04-30": "$522", "2012-01-31": "$1,000", "2011-10-31": "$616", "2011-07-31": "$738", "2011-04-30": "$582", "2011-01-31": "$1,084", "2010-10-31": "$564", "2010-07-31": "$692", "2010-04-30": "$502", "2010-01-31": "$1,123", "2009-10-31": "$489", "2009-07-31": "$543", "2009-04-30": "$392", "2009-01-31": "$716", "2008-10-31": "$421", "2008-07-31": "$539", "2008-04-30": "$401", "2008-01-31": "$810", "2007-10-31": "$446", "2007-07-31": "$550", "2007-04-30": "$451", "2007-01-31": "$893", "2006-10-31": "$464", "2006-07-31": "$472", "2006-04-30": "$376", "2006-01-31": "$713", "2005-10-31": "$353", "2005-07-31": "$392", "2005-04-30": "$298", "2005-01-31": "$608"}}, "net-income": {"Kohl's Annual Net Income (Millions of US $)": {"2020": "$691", "2019": "$801", "2018": "$859", "2017": "$556", "2016": "$673", "2015": "$867", "2014": "$889", "2013": "$986", "2012": "$1,167", "2011": "$1,120", "2010": "$973", "2009": "$885", "2008": "$1,084", "2007": "$1,109", "2006": "$842", "2005": "$703"}, "Kohl's Quarterly Net Income (Millions of US $)": {"2020-10-31": "$-12", "2020-07-31": "$47", "2020-04-30": "$-541", "2020-01-31": "$265", "2019-10-31": "$123", "2019-07-31": "$241", "2019-04-30": "$62", "2019-01-31": "$273", "2018-10-31": "$161", "2018-07-31": "$292", "2018-04-30": "$75", "2018-01-31": "$468", "2017-10-31": "$117", "2017-07-31": "$208", "2017-04-30": "$66", "2017-01-31": "$253", "2016-10-31": "$146", "2016-07-31": "$140", "2016-04-30": "$17", "2016-01-31": "$296", "2015-10-31": "$120", "2015-07-31": "$130", "2015-04-30": "$127", "2015-01-31": "$368", "2014-10-31": "$142", "2014-07-31": "$232", "2014-04-30": "$125", "2014-01-31": "$334", "2013-10-31": "$177", "2013-07-31": "$231", "2013-04-30": "$147", "2013-01-31": "$377", "2012-10-31": "$215", "2012-07-31": "$240", "2012-04-30": "$154", "2012-01-31": "$456", "2011-10-31": "$211", "2011-07-31": "$299", "2011-04-30": "$201", "2011-01-31": "$490", "2010-10-31": "$176", "2010-07-31": "$255", "2010-04-30": "$199", "2010-01-31": "$414", "2009-10-31": "$193", "2009-07-31": "$229", "2009-04-30": "$137", "2009-01-31": "$336", "2008-10-31": "$160", "2008-07-31": "$236", "2008-04-30": "$153", "2008-01-31": "$412", "2007-10-31": "$194", "2007-07-31": "$269", "2007-04-30": "$209", "2007-01-31": "$485", "2006-10-31": "$224", "2006-07-31": "$232", "2006-04-30": "$167", "2006-01-31": "$375", "2005-10-31": "$155", "2005-07-31": "$187", "2005-04-30": "$125", "2005-01-31": "$319"}}, "eps-earnings-per-share-diluted": {"Kohl's Annual EPS": {"2020": "$4.37", "2019": "$4.84", "2018": "$5.12", "2017": "$3.11", "2016": "$3.46", "2015": "$4.24", "2014": "$4.05", "2013": "$4.17", "2012": "$4.30", "2011": "$3.66", "2010": "$3.17", "2009": "$2.89", "2008": "$3.39", "2007": "$3.31", "2006": "$2.43", "2005": "$2.04"}, "Kohl's Quarterly EPS": {"2020-10-31": "$-0.08", "2020-07-31": "$0.30", "2020-04-30": "$-3.52", "2020-01-31": "$1.70", "2019-10-31": "$0.78", "2019-07-31": "$1.51", "2019-04-30": "$0.38", "2019-01-31": "$1.65", "2018-10-31": "$0.98", "2018-07-31": "$1.76", "2018-04-30": "$0.45", "2018-01-31": "$2.79", "2017-10-31": "$0.70", "2017-07-31": "$1.24", "2017-04-30": "$0.39", "2017-01-31": "$1.42", "2016-10-31": "$0.83", "2016-07-31": "$0.77", "2016-04-30": "$0.09", "2016-01-31": "$1.54", "2015-10-31": "$0.63", "2015-07-31": "$0.66", "2015-04-30": "$0.63", "2015-01-31": "$1.81", "2014-10-31": "$0.70", "2014-07-31": "$1.13", "2014-04-30": "$0.60", "2014-01-31": "$1.54", "2013-10-31": "$0.81", "2013-07-31": "$1.04", "2013-04-30": "$0.66", "2013-01-31": "$1.63", "2012-10-31": "$0.91", "2012-07-31": "$1.00", "2012-04-30": "$0.63", "2012-01-31": "$1.73", "2011-10-31": "$0.80", "2011-07-31": "$1.08", "2011-04-30": "$0.69", "2011-01-31": "$1.62", "2010-10-31": "$0.57", "2010-07-31": "$0.83", "2010-04-30": "$0.64", "2010-01-31": "$1.34", "2009-10-31": "$0.63", "2009-07-31": "$0.75", "2009-04-30": "$0.45", "2009-01-31": "$1.11", "2008-10-31": "$0.52", "2008-07-31": "$0.77", "2008-04-30": "$0.49", "2008-01-31": "$1.31", "2007-10-31": "$0.61", "2007-07-31": "$0.83", "2007-04-30": "$0.64", "2007-01-31": "$1.46", "2006-10-31": "$0.68", "2006-07-31": "$0.69", "2006-04-30": "$0.48", "2006-01-31": "$1.08", "2005-10-31": "$0.45", "2005-07-31": "$0.54", "2005-04-30": "$0.36", "2005-01-31": "$0.92"}}, "shares-outstanding": {"Kohl's Annual Shares Outstanding (Millions of Shares)": {"2020": "158", "2019": "165", "2018": "168", "2017": "179", "2016": "195", "2015": "204", "2014": "220", "2013": "237", "2012": "271", "2011": "306", "2010": "306", "2009": "307", "2008": "320", "2007": "335", "2006": "347", "2005": "345"}, "Kohl's Quarterly Shares Outstanding (Millions of Shares)": {"2020-10-31": "154", "2020-07-31": "155", "2020-04-30": "154", "2020-01-31": "158", "2019-10-31": "157", "2019-07-31": "159", "2019-04-30": "162", "2019-01-31": "165", "2018-10-31": "165", "2018-07-31": "166", "2018-04-30": "167", "2018-01-31": "168", "2017-10-31": "166", "2017-07-31": "168", "2017-04-30": "171", "2017-01-31": "179", "2016-10-31": "177", "2016-07-31": "181", "2016-04-30": "184", "2016-01-31": "195", "2015-10-31": "192", "2015-07-31": "197", "2015-04-30": "202", "2015-01-31": "204", "2014-10-31": "203", "2014-07-31": "205", "2014-04-30": "208", "2014-01-31": "220", "2013-10-31": "218", "2013-07-31": "222", "2013-04-30": "223", "2013-01-31": "237", "2012-10-31": "235", "2012-07-31": "239", "2012-04-30": "245", "2012-01-31": "271", "2011-10-31": "265", "2011-07-31": "278", "2011-04-30": "290", "2011-01-31": "306", "2010-10-31": "308", "2010-07-31": "308", "2010-04-30": "309", "2010-01-31": "306", "2009-10-31": "308", "2009-07-31": "306", "2009-04-30": "306", "2009-01-31": "307", "2008-10-31": "305", "2008-07-31": "307", "2008-04-30": "309", "2008-01-31": "320", "2007-10-31": "319", "2007-07-31": "323", "2007-04-30": "325", "2007-01-31": "335", "2006-10-31": "330", "2006-07-31": "336", "2006-04-30": "347", "2006-01-31": "347", "2005-10-31": "347", "2005-07-31": "347", "2005-04-30": "346", "2005-01-31": "345"}}, "total-assets": {"Kohl's Annual Total Assets (Millions of US $)": {"2020": "$14,555", "2019": "$12,469", "2018": "$13,389", "2017": "$13,574", "2016": "$13,606", "2015": "$14,333", "2014": "$14,357", "2013": "$13,905", "2012": "$14,148", "2011": "$14,849", "2010": "$13,160", "2009": "$11,363", "2008": "$10,560", "2007": "$9,034", "2006": "$9,153", "2005": "$7,979"}, "Kohl's Quarterly Total Assets (Millions of US $)": {"2020-10-31": "$15,444", "2020-07-31": "$15,235", "2020-04-30": "$15,869", "2020-01-31": "$14,555", "2019-10-31": "$15,739", "2019-07-31": "$14,542", "2019-04-30": "$14,466", "2019-01-31": "$12,469", "2018-10-31": "$14,118", "2018-07-31": "$12,915", "2018-04-30": "$12,916", "2018-01-31": "$13,389", "2017-10-31": "$13,947", "2017-07-31": "$13,084", "2017-04-30": "$13,294", "2017-01-31": "$13,574", "2016-10-31": "$14,076", "2016-07-31": "$13,360", "2016-04-30": "$13,304", "2016-01-31": "$13,606", "2015-10-31": "$14,794", "2015-07-31": "$14,256", "2015-04-30": "$14,453", "2015-01-31": "$14,333", "2014-10-31": "$15,014", "2014-07-31": "$14,067", "2014-04-30": "$14,114", "2014-01-31": "$14,357", "2013-10-31": "$15,245", "2013-07-31": "$14,097", "2013-04-30": "$14,050", "2013-01-31": "$13,905", "2012-10-31": "$15,161", "2012-07-31": "$13,856", "2012-04-30": "$14,262", "2012-01-31": "$14,148", "2011-10-31": "$14,719", "2011-07-31": "$13,974", "2011-04-30": "$14,453", "2011-01-31": "$14,849", "2010-10-31": "$16,005", "2010-07-31": "$15,011", "2010-04-30": "$13,466", "2010-01-31": "$13,160", "2009-10-31": "$13,323", "2009-07-31": "$12,086", "2009-04-30": "$11,563", "2009-01-31": "$11,363", "2008-10-31": "$11,886", "2008-07-31": "$10,876", "2008-04-30": "$10,630", "2008-01-31": "$10,560", "2007-10-31": "$11,114", "2007-07-31": "$9,752", "2007-04-30": "$9,252", "2007-01-31": "$9,034", "2006-10-31": "$9,478", "2006-07-31": "$8,649", "2006-04-30": "$9,192", "2006-01-31": "$9,153", "2005-10-31": "$9,404", "2005-07-31": "$8,464", "2005-04-30": "$8,101", "2005-01-31": "$7,979"}}, "cash-on-hand": {"Kohl's Annual Cash on Hand (Millions of US $)": {"2020": "$723", "2019": "$934", "2018": "$1,308", "2017": "$1,074", "2016": "$707", "2015": "$1,407", "2014": "$971", "2013": "$537", "2012": "$1,205", "2011": "$2,277", "2010": "$2,267", "2009": "$643", "2008": "$664", "2007": "$620", "2006": "$287", "2005": "$205"}, "Kohl's Quarterly Cash on Hand (Millions of US $)": {"2020-10-31": "$1,939", "2020-07-31": "$2,428", "2020-04-30": "$2,039", "2020-01-31": "$723", "2019-10-31": "$490", "2019-07-31": "$625", "2019-04-30": "$543", "2019-01-31": "$934", "2018-10-31": "$1,047", "2018-07-31": "$1,066", "2018-04-30": "$822", "2018-01-31": "$1,308", "2017-10-31": "$736", "2017-07-31": "$552", "2017-04-30": "$625", "2017-01-31": "$1,074", "2016-10-31": "$597", "2016-07-31": "$700", "2016-04-30": "$423", "2016-01-31": "$707", "2015-10-31": "$501", "2015-07-31": "$934", "2015-04-30": "$1,195", "2015-01-31": "$1,407", "2014-10-31": "$631", "2014-07-31": "$746", "2014-04-30": "$717", "2014-01-31": "$971", "2013-10-31": "$598", "2013-07-31": "$592", "2013-04-30": "$518", "2013-01-31": "$537", "2012-10-31": "$550", "2012-07-31": "$600", "2012-04-30": "$1,029", "2012-01-31": "$1,205", "2011-10-31": "$760", "2011-07-31": "$1,169", "2011-04-30": "$1,668", "2011-01-31": "$2,277", "2010-10-31": "$2,441", "2010-07-31": "$2,518", "2010-04-30": "$2,388", "2010-01-31": "$2,267", "2009-10-31": "$1,503", "2009-07-31": "$1,310", "2009-04-30": "$856", "2009-01-31": "$643", "2008-10-31": "$279", "2008-07-31": "$288", "2008-04-30": "$273", "2008-01-31": "$664", "2007-10-31": "$321", "2007-07-31": "$265", "2007-04-30": "$504", "2007-01-31": "$620", "2006-10-31": "$518", "2006-07-31": "$682", "2006-04-30": "$1,596", "2006-01-31": "$287", "2005-10-31": "$133", "2005-07-31": "$250", "2005-04-30": "$120", "2005-01-31": "$205"}}, "long-term-debt": {"Kohl's Annual Long Term Debt (Millions of US $)": {"2020": "$3,223", "2019": "$3,384", "2018": "$4,388", "2017": "$4,480", "2016": "$4,581", "2015": "$4,638", "2014": "$4,722", "2013": "$4,448", "2012": "$4,150", "2011": "$3,512", "2010": "$2,052", "2009": "$2,053", "2008": "$2,052", "2007": "$1,040", "2006": "$1,046", "2005": "$1,103"}, "Kohl's Quarterly Long Term Debt (Millions of US $)": {"2020-10-31": "$3,852", "2020-07-31": "$4,806", "2020-04-30": "$4,800", "2020-01-31": "$3,223", "2019-10-31": "$3,188", "2019-07-31": "$3,125", "2019-04-30": "$3,080", "2019-01-31": "$3,384", "2018-10-31": "$3,800", "2018-07-31": "$3,810", "2018-04-30": "$3,864", "2018-01-31": "$4,388", "2017-10-31": "$4,418", "2017-07-31": "$4,433", "2017-04-30": "$4,452", "2017-01-31": "$4,480", "2016-10-31": "$4,496", "2016-07-31": "$4,502", "2016-04-30": "$4,563", "2016-01-31": "$4,581", "2015-10-31": "$4,609", "2015-07-31": "$4,612", "2015-04-30": "$4,620", "2015-01-31": "$4,638", "2014-10-31": "$4,665", "2014-07-31": "$4,674", "2014-04-30": "$4,711", "2014-01-31": "$4,722", "2013-10-31": "$4,742", "2013-07-31": "$4,440", "2013-04-30": "$4,430", "2013-01-31": "$4,448", "2012-10-31": "$4,478", "2012-07-31": "$4,138", "2012-04-30": "$4,149", "2012-01-31": "$4,150", "2011-10-31": "$4,144", "2011-07-31": "$3,481", "2011-04-30": "$3,490", "2011-01-31": "$3,512", "2010-10-31": "$3,499", "2010-07-31": "$3,589", "2010-04-30": "$1,754", "2010-01-31": "$2,052", "2009-10-31": "$2,054", "2009-07-31": "$2,053", "2009-04-30": "$2,056", "2009-01-31": "$2,053", "2008-10-31": "$2,057", "2008-07-31": "$2,050", "2008-04-30": "$2,048", "2008-01-31": "$2,052", "2007-10-31": "$2,046", "2007-07-31": "$1,041", "2007-04-30": "$1,041", "2007-01-31": "$1,040", "2006-10-31": "$1,040", "2006-07-31": "$1,041", "2006-04-30": "$1,044", "2006-01-31": "$1,046", "2005-10-31": "$1,040", "2005-07-31": "$1,036", "2005-04-30": "$1,018", "2005-01-31": "$1,103"}}, "total-liabilities": {"Kohl's Annual Total Liabilities (Millions of US $)": {"2020": "$9,105", "2019": "$6,942", "2018": "$7,970", "2017": "$8,397", "2016": "$8,115", "2015": "$8,342", "2014": "$8,379", "2013": "$7,857", "2012": "$7,640", "2011": "$6,999", "2010": "$5,307", "2009": "$4,624", "2008": "$4,458", "2007": "$3,431", "2006": "$3,196", "2005": "$2,945"}, "Kohl's Quarterly Total Liabilities (Millions of US $)": {"2020-10-31": "$10,606", "2020-07-31": "$10,398", "2020-04-30": "$11,079", "2020-01-31": "$9,105", "2019-10-31": "$10,384", "2019-07-31": "$9,087", "2019-04-30": "$9,024", "2019-01-31": "$6,942", "2018-10-31": "$8,665", "2018-07-31": "$7,428", "2018-04-30": "$7,560", "2018-01-31": "$7,970", "2017-10-31": "$8,925", "2017-07-31": "$8,063", "2017-04-30": "$8,307", "2017-01-31": "$8,397", "2016-10-31": "$8,969", "2016-07-31": "$8,145", "2016-04-30": "$8,007", "2016-01-31": "$8,115", "2015-10-31": "$9,320", "2015-07-31": "$8,579", "2015-04-30": "$8,436", "2015-01-31": "$8,342", "2014-10-31": "$9,209", "2014-07-31": "$8,258", "2014-04-30": "$8,257", "2014-01-31": "$8,379", "2013-10-31": "$9,321", "2013-07-31": "$8,044", "2013-04-30": "$8,029", "2013-01-31": "$7,857", "2012-10-31": "$9,055", "2012-07-31": "$7,668", "2012-04-30": "$7,962", "2012-01-31": "$7,640", "2011-10-31": "$8,248", "2011-07-31": "$6,896", "2011-04-30": "$6,891", "2011-01-31": "$6,999", "2010-10-31": "$7,692", "2010-07-31": "$6,902", "2010-04-30": "$5,369", "2010-01-31": "$5,307", "2009-10-31": "$5,928", "2009-07-31": "$4,950", "2009-04-30": "$4,678", "2009-01-31": "$4,624", "2008-10-31": "$5,491", "2008-07-31": "$4,643", "2008-04-30": "$4,536", "2008-01-31": "$4,458", "2007-10-31": "$5,305", "2007-07-31": "$3,920", "2007-04-30": "$3,341", "2007-01-31": "$3,431", "2006-10-31": "$3,949", "2006-07-31": "$3,330", "2006-04-30": "$3,113", "2006-01-31": "$3,196", "2005-10-31": "$3,841", "2005-07-31": "$3,069", "2005-04-30": "$2,921", "2005-01-31": "$2,945"}}, "total-share-holder-equity": {"Kohl's Annual Share Holder Equity (Millions of US $)": {"2020": "$5,450", "2019": "$5,527", "2018": "$5,419", "2017": "$5,177", "2016": "$5,491", "2015": "$5,991", "2014": "$5,978", "2013": "$6,048", "2012": "$6,508", "2011": "$7,850", "2010": "$7,853", "2009": "$6,739", "2008": "$6,102", "2007": "$5,603", "2006": "$5,957", "2005": "$5,034"}, "Kohl's Quarterly Share Holder Equity (Millions of US $)": {"2020-10-31": "$4,838", "2020-07-31": "$4,837", "2020-04-30": "$4,790", "2020-01-31": "$5,450", "2019-10-31": "$5,355", "2019-07-31": "$5,455", "2019-04-30": "$5,442", "2019-01-31": "$5,527", "2018-10-31": "$5,453", "2018-07-31": "$5,487", "2018-04-30": "$5,356", "2018-01-31": "$5,419", "2017-10-31": "$5,022", "2017-07-31": "$5,021", "2017-04-30": "$4,987", "2017-01-31": "$5,177", "2016-10-31": "$5,107", "2016-07-31": "$5,215", "2016-04-30": "$5,297", "2016-01-31": "$5,491", "2015-10-31": "$5,474", "2015-07-31": "$5,677", "2015-04-30": "$6,017", "2015-01-31": "$5,991", "2014-10-31": "$5,805", "2014-07-31": "$5,809", "2014-04-30": "$5,857", "2014-01-31": "$5,978", "2013-10-31": "$5,924", "2013-07-31": "$6,053", "2013-04-30": "$6,021", "2013-01-31": "$6,048", "2012-10-31": "$6,106", "2012-07-31": "$6,188", "2012-04-30": "$6,300", "2012-01-31": "$6,508", "2011-10-31": "$6,471", "2011-07-31": "$7,078", "2011-04-30": "$7,562", "2011-01-31": "$7,850", "2010-10-31": "$8,313", "2010-07-31": "$8,109", "2010-04-30": "$8,097", "2010-01-31": "$7,853", "2009-10-31": "$7,395", "2009-07-31": "$7,136", "2009-04-30": "$6,885", "2009-01-31": "$6,739", "2008-10-31": "$6,395", "2008-07-31": "$6,233", "2008-04-30": "$6,094", "2008-01-31": "$6,102", "2007-10-31": "$5,809", "2007-07-31": "$5,832", "2007-04-30": "$5,910", "2007-01-31": "$5,603", "2006-10-31": "$5,529", "2006-07-31": "$5,319", "2006-04-30": "$6,079", "2006-01-31": "$5,957", "2005-10-31": "$5,563", "2005-07-31": "$5,395", "2005-04-30": "$5,179", "2005-01-31": "$5,034"}}, "profit-margins": {"current": "-1.45%"}, "gross margin": {"2020-10-31": "35.36%", "2020-07-31": "35.74%", "2020-04-30": "37.14%", "2020-01-31": "39.22%", "2019-10-31": "39.46%", "2019-07-31": "39.59%", "2019-04-30": "39.74%", "2019-01-31": "39.70%", "2018-10-31": "39.65%", "2018-07-31": "39.59%", "2018-04-30": "39.47%", "2018-01-31": "39.37%", "2017-10-31": "41.60%", "2017-07-31": "40.94%", "2017-04-30": "40.26%", "2017-01-31": "39.31%", "2016-10-31": "35.93%", "2016-07-31": "35.93%", "2016-04-30": "35.84%", "2016-01-31": "36.13%", "2015-10-31": "36.42%", "2015-07-31": "36.44%", "2015-04-30": "36.44%", "2015-01-31": "36.40%", "2014-10-31": "36.48%", "2014-07-31": "36.54%", "2014-04-30": "36.57%", "2014-01-31": "36.49%", "2013-10-31": "36.23%", "2013-07-31": "36.38%", "2013-04-30": "36.36%", "2013-01-31": "36.26%", "2012-10-31": "37.22%", "2012-07-31": "37.32%", "2012-04-30": "37.69%", "2012-01-31": "38.18%", "2011-10-31": "38.38%", "2011-07-31": "38.35%", "2011-04-30": "38.24%", "2011-01-31": "38.24%", "2010-10-31": "38.15%", "2010-07-31": "38.04%", "2010-04-30": "37.93%", "2010-01-31": "37.83%", "2009-10-31": "37.35%", "2009-07-31": "37.21%", "2009-04-30": "37.12%", "2009-01-31": "36.95%", "2008-10-31": "36.75%", "2008-07-31": "36.67%", "2008-04-30": "36.49%", "2008-01-31": "36.51%", "2007-10-31": "36.88%", "2007-07-31": "36.86%", "2007-04-30": "36.54%", "2007-01-31": "36.38%", "2006-10-31": "35.99%", "2006-07-31": "35.80%", "2006-04-30": "35.64%", "2006-01-31": "35.56%", "2005-10-31": "35.51%"}, "operating margin": {"2020-10-31": "-1.06%", "2020-07-31": "0.03%", "2020-04-30": "1.44%", "2020-01-31": "5.50%", "2019-10-31": "5.70%", "2019-07-31": "5.97%", "2019-04-30": "6.31%", "2019-01-31": "6.73%", "2018-10-31": "7.27%", "2018-07-31": "7.28%", "2018-04-30": "7.12%", "2018-01-31": "7.05%", "2017-10-31": "6.54%", "2017-07-31": "6.84%", "2017-04-30": "6.38%", "2017-01-31": "6.01%", "2016-10-31": "6.62%", "2016-07-31": "6.63%", "2016-04-30": "7.24%", "2016-01-31": "8.09%", "2015-10-31": "8.70%", "2015-07-31": "8.70%", "2015-04-30": "8.85%", "2015-01-31": "8.88%", "2014-10-31": "8.75%", "2014-07-31": "9.04%", "2014-04-30": "9.02%", "2014-01-31": "9.15%", "2013-10-31": "9.44%", "2013-07-31": "9.73%", "2013-04-30": "9.81%", "2013-01-31": "9.80%", "2012-10-31": "10.59%", "2012-07-31": "10.60%", "2012-04-30": "11.06%", "2012-01-31": "11.48%", "2011-10-31": "11.95%", "2011-07-31": "11.74%", "2011-04-30": "11.51%", "2011-01-31": "11.38%", "2010-10-31": "11.45%", "2010-07-31": "11.46%", "2010-04-30": "11.15%", "2010-01-31": "10.82%", "2009-10-31": "9.34%", "2009-07-31": "9.15%", "2009-04-30": "9.24%", "2009-01-31": "9.37%", "2008-10-31": "9.89%", "2008-07-31": "10.15%", "2008-04-30": "10.46%", "2008-01-31": "10.95%", "2007-10-31": "11.62%", "2007-07-31": "11.97%", "2007-04-30": "11.76%", "2007-01-31": "11.63%", "2006-10-31": "11.10%", "2006-07-31": "10.80%", "2006-04-30": "10.65%", "2006-01-31": "10.53%", "2005-10-31": "10.32%"}, "ebitda margin": {"2020-10-31": "4.26%", "2020-07-31": "5.26%", "2020-04-30": "6.43%", "2020-01-31": "10.09%", "2019-10-31": "10.34%", "2019-07-31": "10.68%", "2019-04-30": "11.04%", "2019-01-31": "11.49%", "2018-10-31": "12.11%", "2018-07-31": "12.15%", "2018-04-30": "12.05%", "2018-01-31": "11.98%", "2017-10-31": "11.30%", "2017-07-31": "11.60%", "2017-04-30": "11.15%", "2017-01-31": "10.78%", "2016-10-31": "11.60%", "2016-07-31": "11.60%", "2016-04-30": "12.18%", "2016-01-31": "12.95%", "2015-10-31": "13.48%", "2015-07-31": "13.45%", "2015-04-30": "13.56%", "2015-01-31": "13.54%", "2014-10-31": "13.48%", "2014-07-31": "13.75%", "2014-04-30": "13.73%", "2014-01-31": "13.82%", "2013-10-31": "14.00%", "2013-07-31": "14.19%", "2013-04-30": "14.20%", "2013-01-31": "14.12%", "2012-10-31": "14.89%", "2012-07-31": "14.89%", "2012-04-30": "15.23%", "2012-01-31": "15.61%", "2011-10-31": "16.04%", "2011-07-31": "15.90%", "2011-04-30": "15.78%", "2011-01-31": "15.45%", "2010-10-31": "15.97%", "2010-07-31": "15.70%", "2010-04-30": "15.12%", "2010-01-31": "14.83%", "2009-10-31": "12.79%", "2009-07-31": "12.57%", "2009-04-30": "12.61%", "2009-01-31": "12.67%", "2008-10-31": "13.05%", "2008-07-31": "13.18%", "2008-04-30": "13.35%", "2008-01-31": "13.70%", "2007-10-31": "14.24%", "2007-07-31": "14.50%", "2007-04-30": "14.27%", "2007-01-31": "14.14%", "2006-10-31": "13.64%", "2006-07-31": "13.37%", "2006-04-30": "13.20%", "2006-01-31": "13.06%", "2005-10-31": "12.87%"}, "pre tax profit margin": {"2020-10-31": "-2.65%", "2020-07-31": "-1.30%", "2020-04-30": "0.32%", "2020-01-31": "4.51%", "2019-10-31": "4.57%", "2019-07-31": "4.74%", "2019-04-30": "5.03%", "2019-01-31": "5.15%", "2018-10-31": "5.73%", "2018-07-31": "5.69%", "2018-04-30": "5.46%", "2018-01-31": "5.56%", "2017-10-31": "5.06%", "2017-07-31": "5.33%", "2017-04-30": "4.84%", "2017-01-31": "4.45%", "2016-10-31": "4.98%", "2016-07-31": "4.76%", "2016-04-30": "4.66%", "2016-01-31": "5.50%", "2015-10-31": "6.07%", "2015-07-31": "6.25%", "2015-04-30": "7.08%", "2015-01-31": "7.09%", "2014-10-31": "6.93%", "2014-07-31": "7.23%", "2014-04-30": "7.22%", "2014-01-31": "7.38%", "2013-10-31": "7.69%", "2013-07-31": "8.00%", "2013-04-30": "8.09%", "2013-01-31": "8.10%", "2012-10-31": "8.92%", "2012-07-31": "8.94%", "2012-04-30": "9.44%", "2012-01-31": "9.89%", "2011-10-31": "10.15%", "2011-07-31": "9.90%", "2011-04-30": "9.63%", "2011-01-31": "9.72%", "2010-10-31": "9.26%", "2010-07-31": "9.52%", "2010-04-30": "9.44%", "2010-01-31": "9.07%", "2009-10-31": "8.59%", "2009-07-31": "8.41%", "2009-04-30": "8.53%", "2009-01-31": "8.69%", "2008-10-31": "9.27%", "2008-07-31": "9.59%", "2008-04-30": "9.99%", "2008-01-31": "10.57%", "2007-10-31": "11.31%", "2007-07-31": "11.72%", "2007-04-30": "11.53%", "2007-01-31": "11.37%", "2006-10-31": "10.77%", "2006-07-31": "10.40%", "2006-04-30": "10.17%", "2006-01-31": "10.01%", "2005-10-31": "9.79%"}, "net profit margin": {"2020-10-31": "-1.45%", "2020-07-31": "-0.61%", "2020-04-30": "0.48%", "2020-01-31": "3.46%", "2019-10-31": "3.50%", "2019-07-31": "3.69%", "2019-04-30": "3.92%", "2019-01-31": "3.96%", "2018-10-31": "4.87%", "2018-07-31": "4.67%", "2018-04-30": "4.29%", "2018-01-31": "4.28%", "2017-10-31": "3.18%", "2017-07-31": "3.37%", "2017-04-30": "3.06%", "2017-01-31": "2.83%", "2016-10-31": "3.17%", "2016-07-31": "3.02%", "2016-04-30": "2.95%", "2016-01-31": "3.50%", "2015-10-31": "3.89%", "2015-07-31": "4.02%", "2015-04-30": "4.56%", "2015-01-31": "4.56%", "2014-10-31": "4.43%", "2014-07-31": "4.60%", "2014-04-30": "4.59%", "2014-01-31": "4.67%", "2013-10-31": "4.84%", "2013-07-31": "5.02%", "2013-04-30": "5.09%", "2013-01-31": "5.11%", "2012-10-31": "5.62%", "2012-07-31": "5.63%", "2012-04-30": "5.93%", "2012-01-31": "6.21%", "2011-10-31": "6.38%", "2011-07-31": "6.25%", "2011-04-30": "6.06%", "2011-01-31": "6.09%", "2010-10-31": "5.79%", "2010-07-31": "5.94%", "2010-04-30": "5.89%", "2010-01-31": "5.66%", "2009-10-31": "5.35%", "2009-07-31": "5.23%", "2009-04-30": "5.30%", "2009-01-31": "5.40%", "2008-10-31": "5.77%", "2008-07-31": "5.97%", "2008-04-30": "6.22%", "2008-01-31": "6.58%", "2007-10-31": "7.04%", "2007-07-31": "7.30%", "2007-04-30": "7.20%", "2007-01-31": "7.10%", "2006-10-31": "6.72%", "2006-07-31": "6.49%", "2006-04-30": "6.36%", "2006-01-31": "6.26%", "2005-10-31": "6.13%"}, "pe ratio": {"current": "0.00", "2021-02-05": "0.00", "2020-10-31": "0.00", "2020-07-31": "0.00", "2020-04-30": "36.20", "2020-01-31": "9.35", "2019-10-31": "11.19", "2019-07-31": "11.09", "2019-04-30": "13.68", "2019-01-31": "12.90", "2018-10-31": "11.41", "2018-07-31": "11.59", "2018-04-30": "10.64", "2018-01-31": "11.12", "2017-10-31": "9.66", "2017-07-31": "9.12", "2017-04-30": "9.65", "2017-01-31": "10.64", "2016-10-31": "11.09", "2016-07-31": "11.10", "2016-04-30": "12.10", "2016-01-31": "11.38", "2015-10-31": "9.75", "2015-07-31": "12.61", "2015-04-30": "13.03", "2015-01-31": "10.87", "2014-10-31": "10.47", "2014-07-31": "9.99", "2014-04-30": "10.38", "2014-01-31": "9.38", "2013-10-31": "10.21", "2013-07-31": "9.24", "2013-04-30": "8.23", "2013-01-31": "8.09", "2012-10-31": "8.93", "2012-07-31": "8.49", "2012-04-30": "8.32", "2012-01-31": "7.42", "2011-10-31": "8.80", "2011-07-31": "9.41", "2011-04-30": "9.60", "2011-01-31": "9.43", "2010-10-31": "10.22", "2010-07-31": "9.51", "2010-04-30": "11.26", "2010-01-31": "10.92", "2009-10-31": "13.67", "2009-07-31": "12.05", "2009-04-30": "11.18", "2009-01-31": "8.92", "2008-10-31": "7.96", "2008-07-31": "9.23", "2008-04-30": "10.55", "2008-01-31": "9.40", "2007-10-31": "10.81", "2007-07-31": "11.72", "2007-04-30": "14.85", "2007-01-31": "14.91", "2006-10-31": "16.87"}, "price sales": {"2021-02-05": "0.46", "2020-10-31": "0.20", "2020-07-31": "0.17", "2020-04-30": "0.16", "2020-01-31": "0.33", "2019-10-31": "0.39", "2019-07-31": "0.41", "2019-04-30": "0.54", "2019-01-31": "0.51", "2018-10-31": "0.56", "2018-07-31": "0.54", "2018-04-30": "0.46", "2018-01-31": "0.48", "2017-10-31": "0.31", "2017-07-31": "0.31", "2017-04-30": "0.30", "2017-01-31": "0.30", "2016-10-31": "0.36", "2016-07-31": "0.34", "2016-04-30": "0.36", "2016-01-31": "0.41", "2015-10-31": "0.38", "2015-07-31": "0.51", "2015-04-30": "0.60", "2015-01-31": "0.50", "2014-10-31": "0.47", "2014-07-31": "0.46", "2014-04-30": "0.48", "2014-01-31": "0.44", "2013-10-31": "0.50", "2013-07-31": "0.47", "2013-04-30": "0.42", "2013-01-31": "0.42", "2012-10-31": "0.51", "2012-07-31": "0.49", "2012-04-30": "0.51", "2012-01-31": "0.48", "2011-10-31": "0.57", "2011-07-31": "0.61", "2011-04-30": "0.61", "2011-01-31": "0.59", "2010-10-31": "0.61", "2010-07-31": "0.57", "2010-04-30": "0.67", "2010-01-31": "0.63", "2009-10-31": "0.73", "2009-07-31": "0.63", "2009-04-30": "0.59", "2009-01-31": "0.48", "2008-10-31": "0.46", "2008-07-31": "0.55", "2008-04-30": "0.66", "2008-01-31": "0.62", "2007-10-31": "0.76", "2007-07-31": "0.86", "2007-04-30": "1.08", "2007-01-31": "1.07", "2006-10-31": "1.13"}, "price book": {"current": "1.61", "2021-02-05": "1.62", "2020-10-31": "0.70", "2020-07-31": "0.62", "2020-04-30": "0.61", "2020-01-31": "1.18", "2019-10-31": "1.42", "2019-07-31": "1.48", "2019-04-30": "1.95", "2019-01-31": "1.85", "2018-10-31": "2.07", "2018-07-31": "2.02", "2018-04-30": "1.74", "2018-01-31": "1.77", "2017-10-31": "1.22", "2017-07-31": "1.20", "2017-04-30": "1.14", "2017-01-31": "1.12", "2016-10-31": "1.25", "2016-07-31": "1.18", "2016-04-30": "1.25", "2016-01-31": "1.35", "2015-10-31": "1.28", "2015-07-31": "1.66", "2015-04-30": "1.88", "2015-01-31": "1.55", "2014-10-31": "1.46", "2014-07-31": "1.44", "2014-04-30": "1.48", "2014-01-31": "1.35", "2013-10-31": "1.54", "2013-07-31": "1.42", "2013-04-30": "1.28", "2013-01-31": "1.25", "2012-10-31": "1.47", "2012-07-31": "1.37", "2012-04-30": "1.38", "2012-01-31": "1.25", "2011-10-31": "1.48", "2011-07-31": "1.48", "2011-04-30": "1.39", "2011-01-31": "1.32", "2010-10-31": "1.33", "2010-07-31": "1.27", "2010-04-30": "1.46", "2010-01-31": "1.38", "2009-10-31": "1.66", "2009-07-31": "1.46", "2009-04-30": "1.41", "2009-01-31": "1.16", "2008-10-31": "1.17", "2008-07-31": "1.43", "2008-04-30": "1.72", "2008-01-31": "1.62", "2007-10-31": "2.08", "2007-07-31": "2.32", "2007-04-30": "2.83", "2007-01-31": "2.84", "2006-10-31": "2.88", "2006-07-31": "2.44", "2006-04-30": "2.19", "2006-01-31": "1.80"}, "price fcf": {"2021-02-05": "", "2020-10-31": "$8.19", "2020-07-31": "$5.53", "2020-04-30": "$5.00", "2020-01-31": "$5.08", "2019-10-31": "$5.76", "2019-07-31": "$6.33", "2019-04-30": "$7.12", "2019-01-31": "$9.27", "2018-10-31": "$9.97", "2018-07-31": "$10.63", "2018-04-30": "$8.58", "2018-01-31": "$6.07", "2017-10-31": "$5.72", "2017-07-31": "$4.79", "2017-04-30": "$6.93", "2017-01-31": "$7.74", "2016-10-31": "$8.78", "2016-07-31": "$7.01", "2016-04-30": "$4.25", "2016-01-31": "$4.07", "2015-10-31": "$4.01", "2015-07-31": "$4.72", "2015-04-30": "$6.20", "2015-01-31": "$6.58", "2014-10-31": "$4.94", "2014-07-31": "$5.22", "2014-04-30": "$4.89", "2014-01-31": "$5.64", "2013-10-31": "$4.28", "2013-07-31": "$3.54", "2013-04-30": "$1.81", "2013-01-31": "$2.03", "2012-10-31": "$3.45", "2012-07-31": "$3.67", "2012-04-30": "$4.95", "2012-01-31": "$4.47", "2011-10-31": "$4.00", "2011-07-31": "$3.81", "2011-04-30": "$3.29", "2011-01-31": "$3.10", "2010-10-31": "$3.02", "2010-07-31": "$3.82", "2010-04-30": "$4.90", "2010-01-31": "$5.26", "2009-10-31": "$4.92", "2009-07-31": "$3.37", "2009-04-30": "$2.65", "2009-01-31": "$2.23", "2008-10-31": "$1.81", "2008-07-31": "$1.09", "2008-04-30": "$-0.20", "2008-01-31": "$-1.05", "2007-10-31": "$-1.39", "2007-07-31": "$0.08", "2007-04-30": "$1.02", "2007-01-31": "$5.84", "2006-10-31": "$4.48"}, "net worth": {"value": "$7.81B"}, "current ratio": {"current": "1.60", "2020-10-31": "1.60", "2020-07-31": "2.22", "2020-04-30": "1.88", "2020-01-31": "1.68", "2019-10-31": "1.42", "2019-07-31": "1.65", "2019-04-30": "1.66", "2019-01-31": "1.77", "2018-10-31": "1.58", "2018-07-31": "1.82", "2018-04-30": "1.76", "2018-01-31": "1.99", "2017-10-31": "1.61", "2017-07-31": "1.79", "2017-04-30": "1.72", "2017-01-31": "1.76", "2016-10-31": "1.60", "2016-07-31": "1.77", "2016-04-30": "1.83", "2016-01-31": "1.87", "2015-10-31": "1.54", "2015-07-31": "1.73", "2015-04-30": "1.91", "2015-01-31": "1.95", "2014-10-31": "1.66", "2014-07-31": "1.88", "2014-04-30": "1.94", "2014-01-31": "1.93", "2013-10-31": "1.64", "2013-07-31": "1.82", "2013-04-30": "1.82", "2013-01-31": "1.86", "2012-10-31": "1.57", "2012-07-31": "1.69", "2012-04-30": "1.67", "2012-01-31": "1.85", "2011-10-31": "1.68", "2011-07-31": "1.77", "2011-04-30": "1.98", "2011-01-31": "2.03", "2010-10-31": "1.92", "2010-07-31": "2.09", "2010-04-30": "2.08", "2010-01-31": "2.30", "2009-10-31": "1.85", "2009-07-31": "2.02", "2009-04-30": "2.09", "2009-01-31": "2.02", "2008-10-31": "1.55", "2008-07-31": "1.66", "2008-04-30": "1.79", "2008-01-31": "2.10", "2007-10-31": "1.62", "2007-07-31": "1.38", "2007-04-30": "1.89", "2007-01-31": "1.78", "2006-10-31": "1.61", "2006-07-31": "1.76", "2006-04-30": "2.51", "2006-01-31": "2.44", "2005-10-31": "1.91", "2005-07-31": "2.34", "2005-04-30": "2.41", "2005-01-31": "2.50"}, "quick ratio": {"2020-10-31": "0.64", "2020-07-31": "1.17", "2020-04-30": "0.80", "2020-01-31": "0.40", "2019-10-31": "0.22", "2019-07-31": "0.36", "2019-04-30": "0.34", "2019-01-31": "0.50", "2018-10-31": "0.37", "2018-07-31": "0.53", "2018-04-30": "0.44", "2018-01-31": "0.68", "2017-10-31": "0.31", "2017-07-31": "0.35", "2017-04-30": "0.35", "2017-01-31": "0.49", "2016-10-31": "0.27", "2016-07-31": "0.37", "2016-04-30": "0.29", "2016-01-31": "0.38", "2015-10-31": "0.21", "2015-07-31": "0.39", "2015-04-30": "0.51", "2015-01-31": "0.62", "2014-10-31": "0.31", "2014-07-31": "0.44", "2014-04-30": "0.44", "2014-01-31": "0.52", "2013-10-31": "0.28", "2013-07-31": "0.38", "2013-04-30": "0.35", "2013-01-31": "0.38", "2012-10-31": "0.26", "2012-07-31": "0.37", "2012-04-30": "0.49", "2012-01-31": "0.62", "2011-10-31": "0.39", "2011-07-31": "0.59", "2011-04-30": "0.77", "2011-01-31": "0.94", "2010-10-31": "0.78", "2010-07-31": "1.03", "2010-04-30": "0.98", "2010-01-31": "1.07", "2009-10-31": "0.59", "2009-07-31": "0.74", "2009-04-30": "0.60", "2009-01-31": "0.50", "2008-10-31": "0.19", "2008-07-31": "0.26", "2008-04-30": "0.26", "2008-01-31": "0.49", "2007-10-31": "0.19", "2007-07-31": "0.20", "2007-04-30": "0.38", "2007-01-31": "0.43", "2006-10-31": "0.28", "2006-07-31": "0.46", "2006-04-30": "1.08", "2006-01-31": "1.16", "2005-10-31": "0.72", "2005-07-31": "1.00", "2005-04-30": "1.02", "2005-01-31": "1.17"}, "debt equity ratio": {"current": "0.80", "2020-10-31": "2.19", "2020-07-31": "2.15", "2020-04-30": "2.31", "2020-01-31": "1.67", "2019-10-31": "1.94", "2019-07-31": "1.67", "2019-04-30": "1.66", "2019-01-31": "1.26", "2018-10-31": "1.59", "2018-07-31": "1.35", "2018-04-30": "1.41", "2018-01-31": "1.47", "2017-10-31": "1.78", "2017-07-31": "1.61", "2017-04-30": "1.67", "2017-01-31": "1.62", "2016-10-31": "1.76", "2016-07-31": "1.56", "2016-04-30": "1.51", "2016-01-31": "1.48", "2015-10-31": "1.70", "2015-07-31": "1.51", "2015-04-30": "1.40", "2015-01-31": "1.39", "2014-10-31": "1.59", "2014-07-31": "1.42", "2014-04-30": "1.41", "2014-01-31": "1.40", "2013-10-31": "1.57", "2013-07-31": "1.33", "2013-04-30": "1.33", "2013-01-31": "1.30", "2012-10-31": "1.48", "2012-07-31": "1.24", "2012-04-30": "1.26", "2012-01-31": "1.17", "2011-10-31": "1.28", "2011-07-31": "0.97", "2011-04-30": "0.91", "2011-01-31": "0.89", "2010-10-31": "0.93", "2010-07-31": "0.85", "2010-04-30": "0.66", "2010-01-31": "0.68", "2009-10-31": "0.80", "2009-07-31": "0.69", "2009-04-30": "0.68", "2009-01-31": "0.69", "2008-10-31": "0.86", "2008-07-31": "0.75", "2008-04-30": "0.74", "2008-01-31": "0.73", "2007-10-31": "0.91", "2007-07-31": "0.67", "2007-04-30": "0.57", "2007-01-31": "0.61", "2006-10-31": "0.71", "2006-07-31": "0.63", "2006-04-30": "0.51", "2006-01-31": "0.54", "2005-10-31": "0.69", "2005-07-31": "0.57", "2005-04-30": "0.56", "2005-01-31": "0.59"}, "return on equity": {"2020-10-31": "-4.84%", "2020-07-31": "-2.08%", "2020-04-30": "1.67%", "2020-01-31": "12.74%", "2019-10-31": "12.84%", "2019-07-31": "13.48%", "2019-04-30": "14.39%", "2019-01-31": "14.68%", "2018-10-31": "18.35%", "2018-07-31": "17.89%", "2018-04-30": "16.68%", "2018-01-31": "16.80%", "2017-10-31": "12.75%", "2017-07-31": "13.27%", "2017-04-30": "11.81%", "2017-01-31": "10.69%", "2016-10-31": "11.35%", "2016-07-31": "10.67%", "2016-04-30": "10.26%", "2016-01-31": "11.88%", "2015-10-31": "12.87%", "2015-07-31": "13.06%", "2015-04-30": "14.72%", "2015-01-31": "14.78%", "2014-10-31": "14.21%", "2014-07-31": "14.73%", "2014-04-30": "14.56%", "2014-01-31": "14.83%", "2013-10-31": "15.50%", "2013-07-31": "16.01%", "2013-04-30": "16.07%", "2013-01-31": "16.01%", "2012-10-31": "16.97%", "2012-07-31": "16.66%", "2012-04-30": "17.00%", "2012-01-31": "16.90%", "2011-10-31": "16.59%", "2011-07-31": "15.14%", "2011-04-30": "14.10%", "2011-01-31": "13.84%", "2010-10-31": "12.90%", "2010-07-31": "13.49%", "2010-04-30": "13.58%", "2010-01-31": "13.30%", "2009-10-31": "12.72%", "2009-07-31": "12.70%", "2009-04-30": "13.24%", "2009-01-31": "13.90%", "2008-10-31": "15.49%", "2008-07-31": "16.42%", "2008-04-30": "17.25%", "2008-01-31": "18.33%", "2007-10-31": "19.99%", "2007-07-31": "20.76%", "2007-04-30": "20.57%", "2007-01-31": "19.67%", "2006-10-31": "17.44%", "2006-07-31": "16.21%", "2006-04-30": "15.38%", "2006-01-31": "15.24%", "2005-10-31": "14.85%"}, "return on assets": {"2020-10-31": "-1.58%", "2020-07-31": "-0.69%", "2020-04-30": "0.58%", "2020-01-31": "4.66%", "2019-10-31": "4.89%", "2019-07-31": "5.30%", "2019-04-30": "5.84%", "2019-01-31": "6.11%", "2018-10-31": "7.47%", "2018-07-31": "7.16%", "2018-04-30": "6.51%", "2018-01-31": "6.40%", "2017-10-31": "4.78%", "2017-07-31": "4.98%", "2017-04-30": "4.46%", "2017-01-31": "4.09%", "2016-10-31": "4.41%", "2016-07-31": "4.16%", "2016-04-30": "4.02%", "2016-01-31": "4.71%", "2015-10-31": "5.15%", "2015-07-31": "5.28%", "2015-04-30": "6.01%", "2015-01-31": "6.03%", "2014-10-31": "5.79%", "2014-07-31": "6.01%", "2014-04-30": "6.00%", "2014-01-31": "6.16%", "2013-10-31": "6.51%", "2013-07-31": "6.78%", "2013-04-30": "6.87%", "2013-01-31": "6.90%", "2012-10-31": "7.42%", "2012-07-31": "7.45%", "2012-04-30": "7.85%", "2012-01-31": "8.15%", "2011-10-31": "8.28%", "2011-07-31": "7.87%", "2011-04-30": "7.44%", "2011-01-31": "7.55%", "2010-10-31": "7.24%", "2010-07-31": "7.72%", "2010-04-30": "7.96%", "2010-01-31": "7.76%", "2009-10-31": "7.41%", "2009-07-31": "7.35%", "2009-04-30": "7.61%", "2009-01-31": "7.91%", "2008-10-31": "8.75%", "2008-07-31": "9.22%", "2008-04-30": "9.78%", "2008-01-31": "10.66%", "2007-10-31": "11.82%", "2007-07-31": "12.66%", "2007-04-30": "12.63%", "2007-01-31": "12.19%", "2006-10-31": "10.95%", "2006-07-31": "10.21%", "2006-04-30": "9.76%", "2006-01-31": "9.59%", "2005-10-31": "9.26%"}, "return on investments": {"2020-10-31": "-1.93%", "2020-07-31": "0.05%", "2020-04-30": "2.97%", "2020-01-31": "12.81%", "2019-10-31": "13.18%", "2019-07-31": "13.53%", "2019-04-30": "14.11%", "2019-01-31": "14.84%", "2018-10-31": "15.83%", "2018-07-31": "15.74%", "2018-04-30": "15.20%", "2018-01-31": "14.85%", "2017-10-31": "13.93%", "2017-07-31": "14.33%", "2017-04-30": "13.14%", "2017-01-31": "12.18%", "2016-10-31": "12.74%", "2016-07-31": "12.65%", "2016-04-30": "13.69%", "2016-01-31": "15.12%", "2015-10-31": "16.00%", "2015-07-31": "15.82%", "2015-04-30": "16.00%", "2015-01-31": "16.03%", "2014-10-31": "15.58%", "2014-07-31": "16.08%", "2014-04-30": "16.07%", "2014-01-31": "16.47%", "2013-10-31": "17.29%", "2013-07-31": "17.89%", "2013-04-30": "18.02%", "2013-01-31": "18.06%", "2012-10-31": "19.12%", "2012-07-31": "19.01%", "2012-04-30": "19.75%", "2012-01-31": "20.13%", "2011-10-31": "20.65%", "2011-07-31": "19.57%", "2011-04-30": "18.57%", "2011-01-31": "18.71%", "2010-10-31": "19.09%", "2010-07-31": "20.03%", "2010-04-30": "20.41%", "2010-01-31": "19.84%", "2009-10-31": "17.19%", "2009-07-31": "17.06%", "2009-04-30": "17.59%", "2009-01-31": "18.25%", "2008-10-31": "19.92%", "2008-07-31": "20.86%", "2008-04-30": "22.29%", "2008-01-31": "24.19%", "2007-10-31": "26.96%", "2007-07-31": "28.80%", "2007-04-30": "28.32%", "2007-01-31": "27.18%", "2006-10-31": "24.36%", "2006-07-31": "22.83%", "2006-04-30": "21.80%", "2006-01-31": "21.59%", "2005-10-31": "20.88%"}, "return on tangible equity": {"2020-10-31": "-4.84%", "2020-07-31": "-2.08%", "2020-04-30": "1.67%", "2020-01-31": "12.74%", "2019-10-31": "12.84%", "2019-07-31": "13.48%", "2019-04-30": "14.39%", "2019-01-31": "14.68%", "2018-10-31": "18.35%", "2018-07-31": "17.89%", "2018-04-30": "16.68%", "2018-01-31": "16.80%", "2017-10-31": "12.75%", "2017-07-31": "13.27%", "2017-04-30": "11.81%", "2017-01-31": "10.69%", "2016-10-31": "11.35%", "2016-07-31": "10.67%", "2016-04-30": "10.26%", "2016-01-31": "11.88%", "2015-10-31": "12.87%", "2015-07-31": "13.06%", "2015-04-30": "14.72%", "2015-01-31": "14.78%", "2014-10-31": "14.21%", "2014-07-31": "14.73%", "2014-04-30": "14.56%", "2014-01-31": "14.83%", "2013-10-31": "15.50%", "2013-07-31": "16.01%", "2013-04-30": "16.07%", "2013-01-31": "16.01%", "2012-10-31": "16.97%", "2012-07-31": "16.66%", "2012-04-30": "17.00%", "2012-01-31": "16.90%", "2011-10-31": "16.59%", "2011-07-31": "15.14%", "2011-04-30": "14.10%", "2011-01-31": "13.93%", "2010-10-31": "13.06%", "2010-07-31": "13.76%", "2010-04-30": "13.95%", "2010-01-31": "13.67%", "2009-10-31": "13.08%", "2009-07-31": "13.08%", "2009-04-30": "13.67%", "2009-01-31": "14.37%", "2008-10-31": "16.03%", "2008-07-31": "17.03%", "2008-04-30": "17.91%", "2008-01-31": "19.05%", "2007-10-31": "20.79%", "2007-07-31": "21.61%", "2007-04-30": "21.46%", "2007-01-31": "20.50%", "2006-10-31": "18.16%", "2006-07-31": "16.88%", "2006-04-30": "16.00%", "2006-01-31": "15.90%", "2005-10-31": "15.52%"}, "dividend yield history": {"last payout": "$0.00", "last yield": "0.00%"}}