{"ticker": "KOS", "price": {"title": "Kosmos Energy Historical Annual Stock Price Data", "value": 2.68, "historical": {"2020": {"Average Stock Price": "2.1454", "Year Open": "5.6500", "Year High": "6.6800", "Year Low": "0.5292", "Year Close": "2.3500", "Annual % Change": "-58.77%"}, "2019": {"Average Stock Price": "6.0297", "Year Open": "4.1200", "Year High": "7.4800", "Year Low": "4.1200", "Year Close": "5.7000", "Annual % Change": "40.05%"}, "2018": {"Average Stock Price": "7.0547", "Year Open": "6.9800", "Year High": "9.7100", "Year Low": "3.6500", "Year Close": "4.0700", "Annual % Change": "-40.58%"}, "2017": {"Average Stock Price": "6.7907", "Year Open": "7.2500", "Year High": "8.5300", "Year Low": "5.5900", "Year Close": "6.8500", "Annual % Change": "-2.28%"}, "2016": {"Average Stock Price": "5.4850", "Year Open": "5.3400", "Year High": "7.0500", "Year Low": "3.5000", "Year Close": "7.0100", "Annual % Change": "34.81%"}, "2015": {"Average Stock Price": "7.7001", "Year Open": "8.4800", "Year High": "9.7800", "Year Low": "4.7300", "Year Close": "5.2000", "Annual % Change": "-38.02%"}, "2014": {"Average Stock Price": "10.0781", "Year Open": "11.2100", "Year High": "11.2300", "Year Low": "7.0900", "Year Close": "8.3900", "Annual % Change": "-24.96%"}, "2013": {"Average Stock Price": "10.9116", "Year Open": "12.6400", "Year High": "13.0000", "Year Low": "9.7500", "Year Close": "11.1800", "Annual % Change": "-9.47%"}, "2012": {"Average Stock Price": "11.7192", "Year Open": "12.7100", "Year High": "14.7300", "Year Low": "9.2900", "Year Close": "12.3500", "Annual % Change": "0.73%"}, "2011": {"Average Stock Price": "14.5225", "Year Open": "18.2400", "Year High": "19.2400", "Year Low": "10.5300", "Year Close": "12.2600", "Annual % Change": "0.00%"}}}, "market cap": {"value": "$1.09B"}, "income statement": {"Revenue": {"2019-12-31": "1509.90900", "2018-12-31": "902.36900", "2017-12-31": "636.83600", "2016-12-31": "385.35500", "2015-12-31": "471.55600", "2014-12-31": "882.73800", "2013-12-31": "852.15300", "2012-12-31": "671.10100", "2011-12-31": "676.78000", "2010-12-31": "9.34000", "2009-12-31": "10.19500", "2008-12-31": "7.59300"}, "Cost Of Goods Sold": {"2019-12-31": "583.56800", "2018-12-31": "526.21900", "2017-12-31": "342.90000", "2016-12-31": "321.64700", "2015-12-31": "261.53900", "2014-12-31": "193.64100", "2013-12-31": "327.10500", "2012-12-31": "195.76100", "2011-12-31": "212.30400", "2010-12-31": "73.12600", "2009-12-31": "22.12700", "2008-12-31": "15.37300"}, "Gross Profit": {"2019-12-31": "926.34110", "2018-12-31": "376.15000", "2017-12-31": "293.93600", "2016-12-31": "63.70800", "2015-12-31": "210.01700", "2014-12-31": "689.09700", "2013-12-31": "525.04800", "2012-12-31": "475.34000", "2011-12-31": "464.47600", "2010-12-31": "-63.78600", "2009-12-31": "-11.93200", "2008-12-31": "-7.78000"}, "Research And Development Expenses": {"2019-12-31": "", "2018-12-31": "", "2017-12-31": "", "2016-12-31": "", "2015-12-31": "", "2014-12-31": "", "2013-12-31": "", "2012-12-31": "", "2011-12-31": "", "2010-12-31": "", "2009-12-31": "", "2008-12-31": ""}, "SG&A Expenses": {"2019-12-31": "110.01000", "2018-12-31": "99.85600", "2017-12-31": "68.30200", "2016-12-31": "87.62300", "2015-12-31": "136.80900", "2014-12-31": "135.23100", "2013-12-31": "158.42100", "2012-12-31": "157.08700", "2011-12-31": "111.23500", "2010-12-31": "98.96700", "2009-12-31": "55.61900", "2008-12-31": "40.01500"}, "Other Operating Income Or Expenses": {"2019-12-31": "24.25400", "2018-12-31": "-6.95500", "2017-12-31": "0.82000", "2016-12-31": "-14.96100", "2015-12-31": "", "2014-12-31": "", "2013-12-31": "", "2012-12-31": "", "2011-12-31": "", "2010-12-31": "", "2009-12-31": "", "2008-12-31": ""}, "Operating Expenses": {"2019-12-31": "1233.18500", "2018-12-31": "962.86500", "2017-12-31": "665.58500", "2016-12-31": "564.63500", "2015-12-31": "554.31400", "2014-12-31": "538.69400", "2013-12-31": "708.07010", "2012-12-31": "538.55510", "2011-12-31": "480.20100", "2010-12-31": "203.34300", "2009-12-31": "82.14900", "2008-12-31": "56.10700"}, "Operating Income": {"2019-12-31": "276.72410", "2018-12-31": "-60.49600", "2017-12-31": "-28.74900", "2016-12-31": "-179.28000", "2015-12-31": "-82.75800", "2014-12-31": "344.04390", "2013-12-31": "144.08290", "2012-12-31": "132.54600", "2011-12-31": "196.57900", "2010-12-31": "-194.00300", "2009-12-31": "-71.95400", "2008-12-31": "-48.51400"}, "Total Non-Operating Income/Expense": {"2019-12-31": "-251.60700", "2018-12-31": "9.63600", "2017-12-31": "-149.10600", "2016-12-31": "-115.28400", "2015-12-31": "168.19400", "2014-12-31": "234.22400", "2013-12-31": "-68.12900", "2012-12-31": "-98.39000", "2011-12-31": "-97.53600", "2010-12-31": "-128.77700", "2009-12-31": "-6.82000", "2008-12-31": "-0.02200"}, "Pre-Tax Income": {"2019-12-31": "25.11700", "2018-12-31": "-50.86000", "2017-12-31": "-177.85500", "2016-12-31": "-294.56400", "2015-12-31": "85.43600", "2014-12-31": "578.26800", "2013-12-31": "75.95400", "2012-12-31": "34.15600", "2011-12-31": "99.04300", "2010-12-31": "-322.78000", "2009-12-31": "-78.77400", "2008-12-31": "-48.53600"}, "Income Taxes": {"2019-12-31": "80.89400", "2018-12-31": "43.13100", "2017-12-31": "44.93700", "2016-12-31": "-10.78400", "2015-12-31": "155.27200", "2014-12-31": "298.89800", "2013-12-31": "166.99800", "2012-12-31": "101.18400", "2011-12-31": "76.68600", "2010-12-31": "-77.10800", "2009-12-31": "0.97300", "2008-12-31": "0.26900"}, "Income After Taxes": {"2019-12-31": "-55.77700", "2018-12-31": "-93.99100", "2017-12-31": "-222.79200", "2016-12-31": "-283.78000", "2015-12-31": "-69.83600", "2014-12-31": "279.37000", "2013-12-31": "-91.04400", "2012-12-31": "-67.02800", "2011-12-31": "22.35700", "2010-12-31": "-245.67200", "2009-12-31": "-79.74700", "2008-12-31": "-48.80500"}, "Other Income": {"2019-12-31": "", "2018-12-31": "", "2017-12-31": "", "2016-12-31": "", "2015-12-31": "", "2014-12-31": "", "2013-12-31": "", "2012-12-31": "", "2011-12-31": "", "2010-12-31": "", "2009-12-31": "", "2008-12-31": ""}, "Income From Continuous Operations": {"2019-12-31": "-55.77700", "2018-12-31": "-93.99100", "2017-12-31": "-222.79200", "2016-12-31": "-283.78000", "2015-12-31": "-69.83600", "2014-12-31": "279.37000", "2013-12-31": "-91.04400", "2012-12-31": "-67.02800", "2011-12-31": "22.35700", "2010-12-31": "-245.67200", "2009-12-31": "-79.74700", "2008-12-31": "-48.80500"}, "Income From Discontinued Operations": {"2019-12-31": "", "2018-12-31": "", "2017-12-31": "", "2016-12-31": "", "2015-12-31": "", "2014-12-31": "", "2013-12-31": "", "2012-12-31": "", "2011-12-31": "", "2010-12-31": "", "2009-12-31": "", "2008-12-31": ""}, "Net Income": {"2019-12-31": "-55.77700", "2018-12-31": "-93.99100", "2017-12-31": "-222.79200", "2016-12-31": "-283.78000", "2015-12-31": "-69.83600", "2014-12-31": "279.37000", "2013-12-31": "-91.04400", "2012-12-31": "-67.02800", "2011-12-31": "-2.08500", "2010-12-31": "-322.98500", "2009-12-31": "-131.27500", "2008-12-31": "-70.25400"}, "EBITDA": {"2019-12-31": "849.84210", "2018-12-31": "278.71800", "2017-12-31": "236.65800", "2016-12-31": "-28.67200", "2015-12-31": "83.53200", "2014-12-31": "552.67190", "2013-12-31": "377.68100", "2012-12-31": "327.23690", "2011-12-31": "353.24100", "2010-12-31": "-162.75300", "2009-12-31": "-67.55100", "2008-12-31": "-47.79500"}, "EBIT": {"2019-12-31": "276.72410", "2018-12-31": "-60.49600", "2017-12-31": "-28.74900", "2016-12-31": "-179.28000", "2015-12-31": "-82.75800", "2014-12-31": "344.04390", "2013-12-31": "144.08290", "2012-12-31": "132.54600", "2011-12-31": "196.57900", "2010-12-31": "-194.00300", "2009-12-31": "-71.95400", "2008-12-31": "-48.51400"}, "Basic Shares Outstanding": {"2019-12-31": "401.36800", "2018-12-31": "404.58500", "2017-12-31": "388.37500", "2016-12-31": "385.40200", "2015-12-31": "382.61000", "2014-12-31": "379.19500", "2013-12-31": "376.81900", "2012-12-31": "371.84700", "2011-12-31": "368.47400", "2010-12-31": "", "2009-12-31": "", "2008-12-31": ""}, "Shares Outstanding": {"2019-12-31": "401.36800", "2018-12-31": "404.58500", "2017-12-31": "388.37500", "2016-12-31": "385.40200", "2015-12-31": "382.61000", "2014-12-31": "386.11900", "2013-12-31": "376.81900", "2012-12-31": "371.84700", "2011-12-31": "368.60700", "2010-12-31": "", "2009-12-31": "", "2008-12-31": ""}, "Basic EPS": {"2019-12-31": "-0.14000", "2018-12-31": "-0.23000", "2017-12-31": "-0.57000", "2016-12-31": "-0.74000", "2015-12-31": "-0.18000", "2014-12-31": "0.73000", "2013-12-31": "-0.24000", "2012-12-31": "-0.18000", "2011-12-31": "0.09000", "2010-12-31": "", "2009-12-31": "", "2008-12-31": ""}, "EPS - Earnings Per Share": {"2019-12-31": "-0.14000", "2018-12-31": "-0.23000", "2017-12-31": "-0.57000", "2016-12-31": "-0.74000", "2015-12-31": "-0.18000", "2014-12-31": "0.72000", "2013-12-31": "-0.24000", "2012-12-31": "-0.18000", "2011-12-31": "0.09000", "2010-12-31": "0.00000", "2009-12-31": "0.00000", "2008-12-31": "0.00000"}}, "income statement, quarterly": {"Revenue": {"2020-09-30": "224.78700", "2020-06-30": "127.31400", "2020-03-31": "177.78100", "2019-12-31": "460.21510", "2019-09-30": "356.97000", "2019-06-30": "395.93400", "2019-03-31": "296.79000", "2018-12-31": "309.50000", "2018-09-30": "250.21900", "2018-06-30": "215.47300", "2018-03-31": "127.17700", "2017-12-31": "187.10400", "2017-09-30": "151.24200", "2017-06-30": "146.52400", "2017-03-31": "151.96600", "2016-12-31": "210.91700", "2016-09-30": "66.62900", "2016-06-30": "45.67600", "2016-03-31": "62.13300", "2015-12-31": "121.86800", "2015-09-30": "95.31800", "2015-06-30": "121.81300", "2015-03-31": "132.55700", "2014-12-31": "178.14400", "2014-09-30": "138.36700", "2014-06-30": "329.16600", "2014-03-31": "237.06100", "2013-12-31": "214.60600", "2013-09-30": "215.37900", "2013-06-30": "193.77800", "2013-03-31": "228.39000", "2012-12-31": "218.64600", "2012-09-30": "223.23700", "2012-06-30": "112.67100", "2012-03-31": "116.54700", "2011-12-31": "221.67200", "2011-09-30": "232.84500", "2011-06-30": "126.85300", "2011-03-31": "95.41000", "2010-12-31": "3.01000", "2010-09-30": "1.98800", "2010-06-30": "1.91000", "2010-03-31": "2.44300", "2009-12-31": "", "2008-12-31": ""}, "Cost Of Goods Sold": {"2020-09-30": "98.25400", "2020-06-30": "104.45800", "2020-03-31": "106.20800", "2019-12-31": "234.23000", "2019-09-30": "118.31300", "2019-06-30": "120.88200", "2019-03-31": "110.14300", "2018-12-31": "127.64600", "2018-09-30": "203.31600", "2018-06-30": "127.29600", "2018-03-31": "67.96100", "2017-12-31": "99.54400", "2017-09-30": "76.17000", "2017-06-30": "41.58600", "2017-03-31": "125.60000", "2016-12-31": "119.50200", "2016-09-30": "79.81200", "2016-06-30": "69.08300", "2016-03-31": "53.25000", "2015-12-31": "53.67400", "2015-09-30": "42.06100", "2015-06-30": "34.76300", "2015-03-31": "131.04100", "2014-12-31": "81.62300", "2014-09-30": "36.43100", "2014-06-30": "46.45500", "2014-03-31": "29.13200", "2013-12-31": "53.07000", "2013-09-30": "108.18300", "2013-06-30": "117.19600", "2013-03-31": "48.65600", "2012-12-31": "29.29800", "2012-09-30": "83.00000", "2012-06-30": "36.49300", "2012-03-31": "46.97000", "2011-12-31": "49.16600", "2011-09-30": "35.19000", "2011-06-30": "99.52100", "2011-03-31": "28.42700", "2010-12-31": "20.37000", "2010-09-30": "18.96000", "2010-06-30": "7.62500", "2010-03-31": "26.17900", "2009-12-31": "", "2008-12-31": ""}, "Gross Profit": {"2020-09-30": "126.53300", "2020-06-30": "22.85600", "2020-03-31": "71.57300", "2019-12-31": "225.98510", "2019-09-30": "238.65700", "2019-06-30": "275.05200", "2019-03-31": "186.64700", "2018-12-31": "181.85400", "2018-09-30": "46.90300", "2018-06-30": "88.17700", "2018-03-31": "59.21600", "2017-12-31": "87.56000", "2017-09-30": "75.07200", "2017-06-30": "104.93800", "2017-03-31": "26.36600", "2016-12-31": "91.41500", "2016-09-30": "-13.18300", "2016-06-30": "-23.40700", "2016-03-31": "8.88300", "2015-12-31": "68.19400", "2015-09-30": "53.25700", "2015-06-30": "87.05000", "2015-03-31": "1.51600", "2014-12-31": "96.52100", "2014-09-30": "101.93600", "2014-06-30": "282.71100", "2014-03-31": "207.92900", "2013-12-31": "161.53600", "2013-09-30": "107.19600", "2013-06-30": "76.58200", "2013-03-31": "179.73400", "2012-12-31": "189.34800", "2012-09-30": "140.23700", "2012-06-30": "76.17800", "2012-03-31": "69.57700", "2011-12-31": "172.50600", "2011-09-30": "197.65500", "2011-06-30": "27.33200", "2011-03-31": "66.98300", "2010-12-31": "-17.36000", "2010-09-30": "-16.97200", "2010-06-30": "-5.71500", "2010-03-31": "-23.73600", "2009-12-31": "", "2008-12-31": ""}, "Research And Development Expenses": {"2020-09-30": "", "2020-06-30": "", "2020-03-31": "", "2019-12-31": "", "2019-09-30": "", "2019-06-30": "", "2019-03-31": "", "2018-12-31": "", "2018-09-30": "", "2018-06-30": "", "2018-03-31": "", "2017-12-31": "", "2017-09-30": "", "2017-06-30": "", "2017-03-31": "", "2016-12-31": "", "2016-09-30": "", "2016-06-30": "", "2016-03-31": "", "2015-12-31": "", "2015-09-30": "", "2015-06-30": "", "2015-03-31": "", "2014-12-31": "", "2014-09-30": "", "2014-06-30": "", "2014-03-31": "", "2013-12-31": "", "2013-09-30": "", "2013-06-30": "", "2013-03-31": "", "2012-12-31": "", "2012-09-30": "", "2012-06-30": "", "2012-03-31": "", "2011-12-31": "", "2011-09-30": "", "2011-06-30": "", "2011-03-31": "", "2010-12-31": "0.00000", "2010-09-30": "", "2010-06-30": "", "2010-03-31": "", "2009-12-31": "", "2008-12-31": ""}, "SG&A Expenses": {"2020-09-30": "18.26900", "2020-06-30": "18.18600", "2020-03-31": "20.91100", "2019-12-31": "21.30700", "2019-09-30": "24.72300", "2019-06-30": "28.07200", "2019-03-31": "35.90800", "2018-12-31": "34.51300", "2018-09-30": "25.96300", "2018-06-30": "17.49700", "2018-03-31": "21.88300", "2017-12-31": "17.74700", "2017-09-30": "20.02900", "2017-06-30": "14.73900", "2017-03-31": "15.78700", "2016-12-31": "27.95100", "2016-09-30": "21.91400", "2016-06-30": "19.83800", "2016-03-31": "17.92000", "2015-12-31": "30.27100", "2015-09-30": "26.69200", "2015-06-30": "41.17900", "2015-03-31": "38.66700", "2014-12-31": "40.19000", "2014-09-30": "35.14800", "2014-06-30": "32.48000", "2014-03-31": "27.41300", "2013-12-31": "39.63400", "2013-09-30": "38.07700", "2013-06-30": "41.63900", "2013-03-31": "39.07100", "2012-12-31": "43.06700", "2012-09-30": "39.89800", "2012-06-30": "34.79900", "2012-03-31": "39.32300", "2011-12-31": "39.09500", "2011-09-30": "39.09300", "2011-06-30": "19.76000", "2011-03-31": "13.28700", "2010-12-31": "48.17000", "2010-09-30": "27.84500", "2010-06-30": "12.02900", "2010-03-31": "10.93000", "2009-12-31": "", "2008-12-31": ""}, "Other Operating Income Or Expenses": {"2020-09-30": "-2.46500", "2020-06-30": "-0.05200", "2020-03-31": "-8.03800", "2019-12-31": "19.08000", "2019-09-30": "-12.56900", "2019-06-30": "-2.27800", "2019-03-31": "20.02100", "2018-12-31": "14.85700", "2018-09-30": "-12.33400", "2018-06-30": "-1.02900", "2018-03-31": "-8.44900", "2017-12-31": "-0.51400", "2017-09-30": "3.90600", "2017-06-30": "0.00200", "2017-03-31": "-2.57400", "2016-12-31": "-9.01500", "2016-09-30": "-5.94600", "2016-06-30": "", "2016-03-31": "", "2015-12-31": "", "2015-09-30": "", "2015-06-30": "", "2015-03-31": "", "2014-12-31": "", "2014-09-30": "", "2014-06-30": "", "2014-03-31": "", "2013-12-31": "", "2013-09-30": "", "2013-06-30": "", "2013-03-31": "", "2012-12-31": "", "2012-09-30": "", "2012-06-30": "", "2012-03-31": "", "2011-12-31": "", "2011-09-30": "", "2011-06-30": "", "2011-03-31": "", "2010-12-31": "", "2010-09-30": "", "2010-06-30": "", "2010-03-31": "", "2009-12-31": "", "2008-12-31": ""}, "Operating Expenses": {"2020-09-30": "230.21900", "2020-06-30": "244.55300", "2020-03-31": "228.45900", "2019-12-31": "384.13200", "2019-09-30": "302.25800", "2019-06-30": "302.67000", "2019-03-31": "244.12500", "2018-12-31": "268.53000", "2018-09-30": "321.65400", "2018-06-30": "220.11100", "2018-03-31": "152.57000", "2017-12-31": "192.09900", "2017-09-30": "165.78300", "2017-06-30": "128.76400", "2017-03-31": "178.93900", "2016-12-31": "230.84100", "2016-09-30": "125.51000", "2016-06-30": "105.84800", "2016-03-31": "102.43600", "2015-12-31": "129.37700", "2015-09-30": "104.74800", "2015-06-30": "113.47400", "2015-03-31": "206.71500", "2014-12-31": "166.99400", "2014-09-30": "108.49200", "2014-06-30": "160.28500", "2014-03-31": "102.92300", "2013-12-31": "131.40110", "2013-09-30": "207.41300", "2013-06-30": "220.18200", "2013-03-31": "149.07400", "2012-12-31": "123.04810", "2012-09-30": "188.88600", "2012-06-30": "106.48500", "2012-03-31": "120.13600", "2011-12-31": "141.96400", "2011-09-30": "119.07000", "2011-06-30": "144.34400", "2011-03-31": "74.82300", "2010-12-31": "77.59000", "2010-09-30": "55.02700", "2010-06-30": "27.20500", "2010-03-31": "43.54600", "2009-12-31": "", "2008-12-31": ""}, "Operating Income": {"2020-09-30": "-5.43200", "2020-06-30": "-117.23900", "2020-03-31": "-50.67800", "2019-12-31": "76.08320", "2019-09-30": "54.71200", "2019-06-30": "93.26400", "2019-03-31": "52.66500", "2018-12-31": "40.97000", "2018-09-30": "-71.43500", "2018-06-30": "-4.63800", "2018-03-31": "-25.39300", "2017-12-31": "-4.99500", "2017-09-30": "-14.54100", "2017-06-30": "17.76000", "2017-03-31": "-26.97300", "2016-12-31": "-19.92400", "2016-09-30": "-58.88100", "2016-06-30": "-60.17200", "2016-03-31": "-40.30300", "2015-12-31": "-7.50900", "2015-09-30": "-9.43000", "2015-06-30": "8.33900", "2015-03-31": "-74.15800", "2014-12-31": "11.14990", "2014-09-30": "29.87500", "2014-06-30": "168.88100", "2014-03-31": "134.13800", "2013-12-31": "83.20500", "2013-09-30": "7.96600", "2013-06-30": "-26.40400", "2013-03-31": "79.31600", "2012-12-31": "95.59800", "2012-09-30": "34.35100", "2012-06-30": "6.18600", "2012-03-31": "-3.58900", "2011-12-31": "79.70800", "2011-09-30": "113.77500", "2011-06-30": "-17.49100", "2011-03-31": "20.58700", "2010-12-31": "-74.58000", "2010-09-30": "-53.03900", "2010-06-30": "-25.29500", "2010-03-31": "-41.10300", "2009-12-31": "", "2008-12-31": ""}, "Total Non-Operating Income/Expense": {"2020-09-30": "-31.06000", "2020-06-30": "-129.57700", "2020-03-31": "-66.54600", "2019-12-31": "-78.36000", "2019-09-30": "-15.17700", "2019-06-30": "-43.82500", "2019-03-31": "-114.24500", "2018-12-31": "246.05500", "2018-09-30": "-43.25800", "2018-06-30": "-143.98000", "2018-03-31": "-49.18100", "2017-12-31": "-116.54800", "2017-09-30": "-50.37900", "2017-06-30": "-2.48800", "2017-03-31": "20.30900", "2016-12-31": "-37.49600", "2016-09-30": "6.62000", "2016-06-30": "-63.69600", "2016-03-31": "-20.71200", "2015-12-31": "73.47400", "2015-09-30": "131.91300", "2015-06-30": "-58.14100", "2015-03-31": "20.94800", "2014-12-31": "246.48400", "2014-09-30": "27.71600", "2014-06-30": "-31.59000", "2014-03-31": "-8.38600", "2013-12-31": "-36.60900", "2013-09-30": "-18.23000", "2013-06-30": "1.84100", "2013-03-31": "-15.13100", "2012-12-31": "-27.53800", "2012-09-30": "-44.67800", "2012-06-30": "-8.50800", "2012-03-31": "-17.66600", "2011-12-31": "-17.20400", "2011-09-30": "-11.51800", "2011-06-30": "19.93500", "2011-03-31": "-88.74900", "2010-12-31": "-67.81000", "2010-09-30": "-29.51600", "2010-06-30": "-7.58300", "2010-03-31": "-23.87600", "2009-12-31": "", "2008-12-31": ""}, "Pre-Tax Income": {"2020-09-30": "-36.49200", "2020-06-30": "-246.81600", "2020-03-31": "-117.22400", "2019-12-31": "-2.27700", "2019-09-30": "39.53500", "2019-06-30": "49.43900", "2019-03-31": "-61.58000", "2018-12-31": "287.02500", "2018-09-30": "-114.69300", "2018-06-30": "-148.61800", "2018-03-31": "-74.57400", "2017-12-31": "-121.54300", "2017-09-30": "-64.92000", "2017-06-30": "15.27200", "2017-03-31": "-6.66400", "2016-12-31": "-57.42000", "2016-09-30": "-52.26100", "2016-06-30": "-123.86800", "2016-03-31": "-61.01500", "2015-12-31": "65.96500", "2015-09-30": "122.48300", "2015-06-30": "-49.80200", "2015-03-31": "-53.21000", "2014-12-31": "257.63400", "2014-09-30": "57.59100", "2014-06-30": "137.29100", "2014-03-31": "125.75200", "2013-12-31": "46.59600", "2013-09-30": "-10.26400", "2013-06-30": "-24.56300", "2013-03-31": "64.18500", "2012-12-31": "68.06000", "2012-09-30": "-10.32700", "2012-06-30": "-2.32200", "2012-03-31": "-21.25500", "2011-12-31": "62.50400", "2011-09-30": "102.25700", "2011-06-30": "2.44400", "2011-03-31": "-68.16200", "2010-12-31": "-142.39000", "2010-09-30": "-82.55500", "2010-06-30": "-32.87800", "2010-03-31": "-64.97900", "2009-12-31": "", "2008-12-31": ""}, "Income Taxes": {"2020-09-30": "0.89200", "2020-06-30": "-47.42500", "2020-03-31": "65.54300", "2019-12-31": "33.49600", "2019-09-30": "23.47000", "2019-06-30": "32.60200", "2019-03-31": "-8.67400", "2018-12-31": "101.46000", "2018-09-30": "11.36400", "2018-06-30": "-45.34500", "2018-03-31": "-24.34800", "2017-12-31": "0.53600", "2017-09-30": "-1.51500", "2017-06-30": "23.73900", "2017-03-31": "22.17700", "2016-12-31": "-0.72000", "2016-09-30": "7.50200", "2016-06-30": "-15.54400", "2016-03-31": "-2.02200", "2015-12-31": "41.96500", "2015-09-30": "62.21800", "2015-06-30": "25.39000", "2015-03-31": "25.69900", "2014-12-31": "128.86300", "2014-09-30": "38.46800", "2014-06-30": "80.78400", "2014-03-31": "50.78300", "2013-12-31": "42.43000", "2013-09-30": "34.22400", "2013-06-30": "46.25300", "2013-03-31": "44.09100", "2012-12-31": "36.45400", "2012-09-30": "25.92300", "2012-06-30": "22.52100", "2012-03-31": "16.28600", "2011-12-31": "28.18100", "2011-09-30": "50.48100", "2011-06-30": "11.53500", "2011-03-31": "-13.51100", "2010-12-31": "-76.92400", "2010-09-30": "-0.00600", "2010-06-30": "-0.39500", "2010-03-31": "0.22700", "2009-12-31": "", "2008-12-31": ""}, "Income After Taxes": {"2020-09-30": "-37.38400", "2020-06-30": "-199.39100", "2020-03-31": "-182.76700", "2019-12-31": "-35.77300", "2019-09-30": "16.06500", "2019-06-30": "16.83700", "2019-03-31": "-52.90600", "2018-12-31": "185.56500", "2018-09-30": "-126.05700", "2018-06-30": "-103.27300", "2018-03-31": "-50.22600", "2017-12-31": "-122.07900", "2017-09-30": "-63.40500", "2017-06-30": "-8.46700", "2017-03-31": "-28.84100", "2016-12-31": "-56.70000", "2016-09-30": "-59.76300", "2016-06-30": "-108.32400", "2016-03-31": "-58.99300", "2015-12-31": "24.00000", "2015-09-30": "60.26500", "2015-06-30": "-75.19200", "2015-03-31": "-78.90900", "2014-12-31": "128.77100", "2014-09-30": "19.12300", "2014-06-30": "56.50700", "2014-03-31": "74.96900", "2013-12-31": "4.16600", "2013-09-30": "-44.48800", "2013-06-30": "-70.81600", "2013-03-31": "20.09400", "2012-12-31": "31.60600", "2012-09-30": "-36.25000", "2012-06-30": "-24.84300", "2012-03-31": "-37.54100", "2011-12-31": "34.32300", "2011-09-30": "51.77600", "2011-06-30": "-9.09100", "2011-03-31": "-54.65100", "2010-12-31": "-65.46600", "2010-09-30": "-82.54900", "2010-06-30": "-32.48300", "2010-03-31": "-65.20600", "2009-12-31": "", "2008-12-31": ""}, "Other Income": {"2020-09-30": "", "2020-06-30": "", "2020-03-31": "", "2019-12-31": "", "2019-09-30": "", "2019-06-30": "", "2019-03-31": "", "2018-12-31": "", "2018-09-30": "", "2018-06-30": "", "2018-03-31": "", "2017-12-31": "", "2017-09-30": "", "2017-06-30": "", "2017-03-31": "", "2016-12-31": "", "2016-09-30": "", "2016-06-30": "", "2016-03-31": "", "2015-12-31": "", "2015-09-30": "", "2015-06-30": "", "2015-03-31": "", "2014-12-31": "", "2014-09-30": "", "2014-06-30": "", "2014-03-31": "", "2013-12-31": "", "2013-09-30": "", "2013-06-30": "", "2013-03-31": "", "2012-12-31": "", "2012-09-30": "", "2012-06-30": "", "2012-03-31": "", "2011-12-31": "", "2011-09-30": "", "2011-06-30": "", "2011-03-31": "", "2010-12-31": "", "2010-09-30": "", "2010-06-30": "", "2010-03-31": "", "2009-12-31": "", "2008-12-31": ""}, "Income From Continuous Operations": {"2020-09-30": "-37.38400", "2020-06-30": "-199.39100", "2020-03-31": "-182.76700", "2019-12-31": "-35.77300", "2019-09-30": "16.06500", "2019-06-30": "16.83700", "2019-03-31": "-52.90600", "2018-12-31": "185.56500", "2018-09-30": "-126.05700", "2018-06-30": "-103.27300", "2018-03-31": "-50.22600", "2017-12-31": "-122.07900", "2017-09-30": "-63.40500", "2017-06-30": "-8.46700", "2017-03-31": "-28.84100", "2016-12-31": "-56.70000", "2016-09-30": "-59.76300", "2016-06-30": "-108.32400", "2016-03-31": "-58.99300", "2015-12-31": "24.00000", "2015-09-30": "60.26500", "2015-06-30": "-75.19200", "2015-03-31": "-78.90900", "2014-12-31": "128.77100", "2014-09-30": "19.12300", "2014-06-30": "56.50700", "2014-03-31": "74.96900", "2013-12-31": "4.16600", "2013-09-30": "-44.48800", "2013-06-30": "-70.81600", "2013-03-31": "20.09400", "2012-12-31": "31.60600", "2012-09-30": "-36.25000", "2012-06-30": "-24.84300", "2012-03-31": "-37.54100", "2011-12-31": "34.32300", "2011-09-30": "51.77600", "2011-06-30": "-9.09100", "2011-03-31": "-54.65100", "2010-12-31": "-65.45000", "2010-09-30": "-82.54900", "2010-06-30": "-32.48300", "2010-03-31": "-65.20600", "2009-12-31": "", "2008-12-31": ""}, "Income From Discontinued Operations": {"2020-09-30": "", "2020-06-30": "", "2020-03-31": "", "2019-12-31": "", "2019-09-30": "", "2019-06-30": "", "2019-03-31": "", "2018-12-31": "", "2018-09-30": "", "2018-06-30": "", "2018-03-31": "", "2017-12-31": "", "2017-09-30": "", "2017-06-30": "", "2017-03-31": "", "2016-12-31": "", "2016-09-30": "", "2016-06-30": "", "2016-03-31": "", "2015-12-31": "", "2015-09-30": "", "2015-06-30": "", "2015-03-31": "", "2014-12-31": "", "2014-09-30": "", "2014-06-30": "", "2014-03-31": "", "2013-12-31": "", "2013-09-30": "", "2013-06-30": "", "2013-03-31": "", "2012-12-31": "", "2012-09-30": "", "2012-06-30": "", "2012-03-31": "", "2011-12-31": "", "2011-09-30": "", "2011-06-30": "", "2011-03-31": "", "2010-12-31": "0.00000", "2010-09-30": "", "2010-06-30": "", "2010-03-31": "", "2009-12-31": "", "2008-12-31": ""}, "Net Income": {"2020-09-30": "-37.38400", "2020-06-30": "-199.39100", "2020-03-31": "-182.76700", "2019-12-31": "-35.77300", "2019-09-30": "16.06500", "2019-06-30": "16.83700", "2019-03-31": "-52.90600", "2018-12-31": "185.56500", "2018-09-30": "-126.05700", "2018-06-30": "-103.27300", "2018-03-31": "-50.22600", "2017-12-31": "-122.07900", "2017-09-30": "-63.40500", "2017-06-30": "-8.46700", "2017-03-31": "-28.84100", "2016-12-31": "-56.70000", "2016-09-30": "-59.76300", "2016-06-30": "-108.32400", "2016-03-31": "-58.99300", "2015-12-31": "24.00000", "2015-09-30": "60.26500", "2015-06-30": "-75.19200", "2015-03-31": "-78.90900", "2014-12-31": "128.77100", "2014-09-30": "19.12300", "2014-06-30": "56.50700", "2014-03-31": "74.96900", "2013-12-31": "4.16600", "2013-09-30": "-44.48800", "2013-06-30": "-70.81600", "2013-03-31": "20.09400", "2012-12-31": "31.60600", "2012-09-30": "-36.25000", "2012-06-30": "-24.84300", "2012-03-31": "-37.54100", "2011-12-31": "36.66900", "2011-09-30": "49.43000", "2011-06-30": "-16.68600", "2011-03-31": "-71.49800", "2010-12-31": "-65.45000", "2010-09-30": "-99.21000", "2010-06-30": "-48.67900", "2010-03-31": "-80.95100", "2009-12-31": "", "2008-12-31": ""}, "EBITDA": {"2020-09-30": "108.05400", "2020-06-30": "6.81000", "2020-03-31": "44.90700", "2019-12-31": "226.04110", "2019-09-30": "203.65000", "2019-06-30": "247.00400", "2019-03-31": "173.14700", "2018-12-31": "164.50800", "2018-09-30": "10.95200", "2018-06-30": "71.93400", "2018-03-31": "31.32400", "2017-12-31": "71.84900", "2017-09-30": "61.50100", "2017-06-30": "92.75200", "2017-03-31": "10.55600", "2016-12-31": "57.00000", "2016-09-30": "-38.49200", "2016-06-30": "-40.69400", "2016-03-31": "-6.48600", "2015-12-31": "40.47400", "2015-09-30": "29.11900", "2015-06-30": "48.48000", "2015-03-31": "-34.54100", "2014-12-31": "58.95690", "2014-09-30": "69.42700", "2014-06-30": "240.98600", "2014-03-31": "183.30200", "2013-12-31": "132.95600", "2013-09-30": "69.11900", "2013-06-30": "34.94300", "2013-03-31": "140.66300", "2012-12-31": "155.26500", "2012-09-30": "100.33900", "2012-06-30": "41.37900", "2012-03-31": "30.25400", "2011-12-31": "133.41100", "2011-09-30": "158.56200", "2011-06-30": "7.57200", "2011-03-31": "53.69600", "2010-12-31": "-65.54000", "2010-09-30": "-44.81700", "2010-06-30": "-17.74400", "2010-03-31": "-34.66600", "2009-12-31": "", "2008-12-31": ""}, "EBIT": {"2020-09-30": "-5.43200", "2020-06-30": "-117.23900", "2020-03-31": "-50.67800", "2019-12-31": "76.08310", "2019-09-30": "54.71200", "2019-06-30": "93.26400", "2019-03-31": "52.66500", "2018-12-31": "40.97000", "2018-09-30": "-71.43500", "2018-06-30": "-4.63800", "2018-03-31": "-25.39300", "2017-12-31": "-4.99500", "2017-09-30": "-14.54100", "2017-06-30": "17.76000", "2017-03-31": "-26.97300", "2016-12-31": "-19.92400", "2016-09-30": "-58.88100", "2016-06-30": "-60.17200", "2016-03-31": "-40.30300", "2015-12-31": "-7.50900", "2015-09-30": "-9.43000", "2015-06-30": "8.33900", "2015-03-31": "-74.15800", "2014-12-31": "11.15000", "2014-09-30": "29.87500", "2014-06-30": "168.88100", "2014-03-31": "134.13800", "2013-12-31": "83.20500", "2013-09-30": "7.96600", "2013-06-30": "-26.40400", "2013-03-31": "79.31600", "2012-12-31": "95.59800", "2012-09-30": "34.35100", "2012-06-30": "6.18600", "2012-03-31": "-3.58900", "2011-12-31": "79.70800", "2011-09-30": "113.77500", "2011-06-30": "-17.49100", "2011-03-31": "20.58700", "2010-12-31": "-74.58000", "2010-09-30": "-53.03900", "2010-06-30": "-25.29500", "2010-03-31": "-41.10300", "2009-12-31": "", "2008-12-31": ""}, "Basic Shares Outstanding": {"2020-09-30": "405.40900", "2020-06-30": "405.19500", "2020-03-31": "404.75900", "2019-12-31": "401.36800", "2019-09-30": "401.46600", "2019-06-30": "401.32300", "2019-03-31": "401.16400", "2018-12-31": "404.58500", "2018-09-30": "404.53600", "2018-06-30": "396.82600", "2018-03-31": "395.60000", "2017-12-31": "388.37500", "2017-09-30": "389.05800", "2017-06-30": "387.95200", "2017-03-31": "387.31200", "2016-12-31": "385.40200", "2016-09-30": "386.02600", "2016-06-30": "384.91800", "2016-03-31": "384.43500", "2015-12-31": "382.61000", "2015-09-30": "383.92400", "2015-06-30": "382.13800", "2015-03-31": "380.35500", "2014-12-31": "379.19500", "2014-09-30": "379.96900", "2014-06-30": "378.82000", "2014-03-31": "377.83000", "2013-12-31": "376.81900", "2013-09-30": "377.65400", "2013-06-30": "376.56300", "2013-03-31": "375.28400", "2012-12-31": "371.84700", "2012-09-30": "373.44800", "2012-06-30": "370.72000", "2012-03-31": "369.22700", "2011-12-31": "368.47400", "2011-09-30": "368.99600", "2011-06-30": "", "2011-03-31": "", "2010-12-31": "", "2010-09-30": "", "2010-06-30": "", "2010-03-31": "", "2009-12-31": "", "2008-12-31": ""}, "Shares Outstanding": {"2020-09-30": "405.40900", "2020-06-30": "405.19500", "2020-03-31": "404.75900", "2019-12-31": "401.36800", "2019-09-30": "410.99200", "2019-06-30": "408.23000", "2019-03-31": "401.16400", "2018-12-31": "404.58500", "2018-09-30": "404.53600", "2018-06-30": "396.82600", "2018-03-31": "395.60000", "2017-12-31": "388.37500", "2017-09-30": "389.05800", "2017-06-30": "387.95200", "2017-03-31": "387.31200", "2016-12-31": "385.40200", "2016-09-30": "386.02600", "2016-06-30": "384.91800", "2016-03-31": "384.43500", "2015-12-31": "382.61000", "2015-09-30": "390.58600", "2015-06-30": "382.13800", "2015-03-31": "380.35500", "2014-12-31": "386.11900", "2014-09-30": "382.19000", "2014-06-30": "381.81800", "2014-03-31": "381.47200", "2013-12-31": "376.81900", "2013-09-30": "377.65400", "2013-06-30": "376.56300", "2013-03-31": "375.65100", "2012-12-31": "371.84700", "2012-09-30": "373.44800", "2012-06-30": "370.72000", "2012-03-31": "369.22700", "2011-12-31": "368.60700", "2011-09-30": "369.34100", "2011-06-30": "", "2011-03-31": "", "2010-12-31": "", "2010-09-30": "", "2010-06-30": "", "2010-03-31": "", "2009-12-31": "", "2008-12-31": ""}, "Basic EPS": {"2020-09-30": "-0.09000", "2020-06-30": "-0.49000", "2020-03-31": "-0.45000", "2019-12-31": "-0.09000", "2019-09-30": "0.04000", "2019-06-30": "0.04000", "2019-03-31": "-0.13000", "2018-12-31": "0.47000", "2018-09-30": "-0.31000", "2018-06-30": "-0.26000", "2018-03-31": "-0.13000", "2017-12-31": "-0.32000", "2017-09-30": "-0.16000", "2017-06-30": "-0.02000", "2017-03-31": "-0.07000", "2016-12-31": "-0.16000", "2016-09-30": "-0.15000", "2016-06-30": "-0.28000", "2016-03-31": "-0.15000", "2015-12-31": "0.07000", "2015-09-30": "0.16000", "2015-06-30": "-0.20000", "2015-03-31": "-0.21000", "2014-12-31": "0.33000", "2014-09-30": "0.05000", "2014-06-30": "0.15000", "2014-03-31": "0.20000", "2013-12-31": "0.02000", "2013-09-30": "-0.12000", "2013-06-30": "-0.19000", "2013-03-31": "0.05000", "2012-12-31": "0.09000", "2012-09-30": "-0.10000", "2012-06-30": "-0.07000", "2012-03-31": "-0.10000", "2011-12-31": "-0.04000", "2011-09-30": "0.13000", "2011-06-30": "", "2011-03-31": "", "2010-12-31": "", "2010-09-30": "", "2010-06-30": "", "2010-03-31": "", "2009-12-31": "", "2008-12-31": ""}, "EPS - Earnings Per Share": {"2020-09-30": "-0.09000", "2020-06-30": "-0.49000", "2020-03-31": "-0.45000", "2019-12-31": "-0.09000", "2019-09-30": "0.04000", "2019-06-30": "0.04000", "2019-03-31": "-0.13000", "2018-12-31": "0.47000", "2018-09-30": "-0.31000", "2018-06-30": "-0.26000", "2018-03-31": "-0.13000", "2017-12-31": "-0.32000", "2017-09-30": "-0.16000", "2017-06-30": "-0.02000", "2017-03-31": "-0.07000", "2016-12-31": "-0.16000", "2016-09-30": "-0.15000", "2016-06-30": "-0.28000", "2016-03-31": "-0.15000", "2015-12-31": "0.08000", "2015-09-30": "0.15000", "2015-06-30": "-0.20000", "2015-03-31": "-0.21000", "2014-12-31": "0.33000", "2014-09-30": "0.05000", "2014-06-30": "0.15000", "2014-03-31": "0.19000", "2013-12-31": "0.02000", "2013-09-30": "-0.12000", "2013-06-30": "-0.19000", "2013-03-31": "0.05000", "2012-12-31": "0.09000", "2012-09-30": "-0.10000", "2012-06-30": "-0.07000", "2012-03-31": "-0.10000", "2011-12-31": "-0.04000", "2011-09-30": "0.13000", "2011-06-30": "0.00000", "2011-03-31": "0.00000", "2010-12-31": "0.00000", "2010-09-30": "0.00000", "2010-06-30": "0.00000", "2010-03-31": "0.00000", "2009-12-31": "0.00000", "2008-12-31": "0.00000"}}, "balance sheet": {"Cash On Hand": {"2019-12-31": "228.80400", "2018-12-31": "178.04200", "2017-12-31": "289.79200", "2016-12-31": "218.56300", "2015-12-31": "303.53700", "2014-12-31": "570.75700", "2013-12-31": "619.58290", "2012-12-31": "536.50500", "2011-12-31": "696.83900", "2010-12-31": "180.41500", "2009-12-31": "139.50500", "2008-12-31": ""}, "Receivables": {"2019-12-31": "174.29300", "2018-12-31": "140.00600", "2017-12-31": "160.96100", "2016-12-31": "143.33700", "2015-12-31": "138.03200", "2014-12-31": "163.54400", "2013-12-31": "21.32600", "2012-12-31": "134.21600", "2011-12-31": "310.15500", "2010-12-31": "238.95300", "2009-12-31": "96.62700", "2008-12-31": ""}, "Inventory": {"2019-12-31": "114.41200", "2018-12-31": "84.82700", "2017-12-31": "71.86100", "2016-12-31": "74.38000", "2015-12-31": "85.17300", "2014-12-31": "55.35400", "2013-12-31": "47.42400", "2012-12-31": "33.28100", "2011-12-31": "27.10100", "2010-12-31": "37.67400", "2009-12-31": "19.62100", "2008-12-31": ""}, "Pre-Paid Expenses": {"2019-12-31": "36.19200", "2018-12-31": "68.04000", "2017-12-31": "9.30600", "2016-12-31": "7.20900", "2015-12-31": "24.76600", "2014-12-31": "25.27800", "2013-12-31": "27.01000", "2012-12-31": "10.47000", "2011-12-31": "13.91300", "2010-12-31": "13.27800", "2009-12-31": "0.84800", "2008-12-31": ""}, "Other Current Assets": {"2019-12-31": "12.85600", "2018-12-31": "38.78500", "2017-12-31": "1.68200", "2016-12-31": "31.69800", "2015-12-31": "182.64000", "2014-12-31": "163.27500", "2013-12-31": "", "2012-12-31": "1.06100", "2011-12-31": "", "2010-12-31": "", "2009-12-31": "", "2008-12-31": ""}, "Total Current Assets": {"2019-12-31": "566.55700", "2018-12-31": "509.70000", "2017-12-31": "533.60200", "2016-12-31": "475.18700", "2015-12-31": "734.14800", "2014-12-31": "1010.47600", "2013-12-31": "734.96100", "2012-12-31": "750.11800", "2011-12-31": "1112.48100", "2010-12-31": "559.92000", "2009-12-31": "256.72800", "2008-12-31": ""}, "Property, Plant, And Equipment": {"2019-12-31": "3642.33200", "2018-12-31": "3459.70100", "2017-12-31": "2317.82800", "2016-12-31": "2708.89200", "2015-12-31": "2322.83900", "2014-12-31": "1784.84600", "2013-12-31": "1522.96200", "2012-12-31": "1525.76200", "2011-12-31": "1377.04100", "2010-12-31": "998.00000", "2009-12-31": "604.00700", "2008-12-31": ""}, "Long-Term Investments": {"2019-12-31": "", "2018-12-31": "51.89600", "2017-12-31": "236.51400", "2016-12-31": "", "2015-12-31": "", "2014-12-31": "", "2013-12-31": "", "2012-12-31": "", "2011-12-31": "", "2010-12-31": "", "2009-12-31": "", "2008-12-31": ""}, "Goodwill And Intangible Assets": {"2019-12-31": "", "2018-12-31": "", "2017-12-31": "", "2016-12-31": "", "2015-12-31": "", "2014-12-31": "", "2013-12-31": "", "2012-12-31": "", "2011-12-31": "", "2010-12-31": "", "2009-12-31": "", "2008-12-31": "0.00000"}, "Other Long-Term Assets": {"2019-12-31": "25.81300", "2018-12-31": "24.94900", "2017-12-31": "44.69100", "2016-12-31": "68.64800", "2015-12-31": "67.18100", "2014-12-31": "105.33500", "2013-12-31": "31.50000", "2012-12-31": "29.88400", "2011-12-31": "3.80000", "2010-12-31": "33.50100", "2009-12-31": "119.72900", "2008-12-31": ""}, "Total Long-Term Assets": {"2019-12-31": "3750.67500", "2018-12-31": "3578.48900", "2017-12-31": "2659.00100", "2016-12-31": "2866.27800", "2015-12-31": "2468.90200", "2014-12-31": "1916.38300", "2013-12-31": "1610.86500", "2012-12-31": "1616.00500", "2011-12-31": "1439.45300", "2010-12-31": "1131.61500", "2009-12-31": "765.32900", "2008-12-31": ""}, "Total Assets": {"2019-12-31": "4317.23200", "2018-12-31": "4088.18900", "2017-12-31": "3192.60300", "2016-12-31": "3341.46500", "2015-12-31": "3203.05000", "2014-12-31": "2926.85900", "2013-12-31": "2345.82600", "2012-12-31": "2366.12300", "2011-12-31": "2551.93400", "2010-12-31": "1691.53500", "2009-12-31": "1022.05700", "2008-12-31": "0.00000"}, "Total Current Liabilities": {"2019-12-31": "539.10100", "2018-12-31": "384.30800", "2017-12-31": "428.73000", "2016-12-31": "370.02500", "2015-12-31": "456.74100", "2014-12-31": "448.77100", "2013-12-31": "219.32400", "2012-12-31": "190.25300", "2011-12-31": "339.60700", "2010-12-31": "482.05700", "2009-12-31": "139.64700", "2008-12-31": ""}, "Long Term Debt": {"2019-12-31": "2008.06300", "2018-12-31": "2120.54700", "2017-12-31": "1282.79700", "2016-12-31": "1321.87400", "2015-12-31": "860.87800", "2014-12-31": "748.36200", "2013-12-31": "900.00000", "2012-12-31": "1000.00000", "2011-12-31": "1110.00000", "2010-12-31": "800.00000", "2009-12-31": "285.00000", "2008-12-31": ""}, "Other Non-Current Liabilities": {"2019-12-31": "275.14500", "2018-12-31": "164.67700", "2017-12-31": "107.41600", "2016-12-31": "86.14600", "2015-12-31": "57.72900", "2014-12-31": "52.80600", "2013-12-31": "63.94100", "2012-12-31": "42.82700", "2011-12-31": "33.99300", "2010-12-31": "32.87000", "2009-12-31": "1.36900", "2008-12-31": ""}, "Total Long Term Liabilities": {"2019-12-31": "2936.42900", "2018-12-31": "2762.40300", "2017-12-31": "1866.76100", "2016-12-31": "1890.24100", "2015-12-31": "1420.79600", "2014-12-31": "1139.12900", "2013-12-31": "1134.16700", "2012-12-31": "1146.96400", "2011-12-31": "1191.60100", "2010-12-31": "845.38300", "2009-12-31": "287.02200", "2008-12-31": ""}, "Total Liabilities": {"2019-12-31": "3475.53000", "2018-12-31": "3146.71100", "2017-12-31": "2295.49100", "2016-12-31": "2260.26600", "2015-12-31": "1877.53700", "2014-12-31": "1587.90000", "2013-12-31": "1353.49100", "2012-12-31": "1337.21700", "2011-12-31": "1531.20800", "2010-12-31": "1327.44000", "2009-12-31": "426.66900", "2008-12-31": "0.00000"}, "Common Stock Net": {"2019-12-31": "4.45800", "2018-12-31": "4.42900", "2017-12-31": "3.98600", "2016-12-31": "3.95900", "2015-12-31": "3.93900", "2014-12-31": "3.92400", "2013-12-31": "3.92000", "2012-12-31": "3.91400", "2011-12-31": "3.90500", "2010-12-31": "0.51600", "2009-12-31": "0.51600", "2008-12-31": "0.00000"}, "Retained Earnings (Accumulated Deficit)": {"2019-12-31": "-1222.97000", "2018-12-31": "-1167.19300", "2017-12-31": "-1073.20200", "2016-12-31": "-850.41000", "2015-12-31": "-564.68600", "2014-12-31": "-494.85000", "2013-12-31": "-774.22000", "2012-12-31": "-683.17600", "2011-12-31": "-616.14800", "2010-12-31": "-615.51500", "2009-12-31": "-237.48000", "2008-12-31": ""}, "Comprehensive Income": {"2019-12-31": "", "2018-12-31": "", "2017-12-31": "", "2016-12-31": "", "2015-12-31": "", "2014-12-31": "0.76700", "2013-12-31": "2.15800", "2012-12-31": "3.68500", "2011-12-31": "3.52200", "2010-12-31": "0.58800", "2009-12-31": "", "2008-12-31": ""}, "Other Share Holders Equity": {"2019-12-31": "", "2018-12-31": "", "2017-12-31": "", "2016-12-31": "", "2015-12-31": "", "2014-12-31": "", "2013-12-31": "", "2012-12-31": "", "2011-12-31": "", "2010-12-31": "", "2009-12-31": "", "2008-12-31": "0.00000"}, "Share Holder Equity": {"2019-12-31": "841.70200", "2018-12-31": "941.47800", "2017-12-31": "897.11200", "2016-12-31": "1081.19900", "2015-12-31": "1325.51300", "2014-12-31": "1338.95900", "2013-12-31": "992.33500", "2012-12-31": "1028.90600", "2011-12-31": "1020.72600", "2010-12-31": "364.09500", "2009-12-31": "595.38800", "2008-12-31": "0.00000"}, "Total Liabilities And Share Holders Equity": {"2019-12-31": "4317.23200", "2018-12-31": "4088.18900", "2017-12-31": "3192.60300", "2016-12-31": "3341.46500", "2015-12-31": "3203.05000", "2014-12-31": "2926.85900", "2013-12-31": "2345.82600", "2012-12-31": "2366.12300", "2011-12-31": "2551.93400", "2010-12-31": "1691.53500", "2009-12-31": "1022.05700", "2008-12-31": "0.00000"}}, "balance sheet, quarterly": {"Cash On Hand": {"2020-09-30": "301.64600", "2020-06-30": "164.27700", "2020-03-31": "130.21500", "2019-12-31": "228.80400", "2019-09-30": "211.39100", "2019-06-30": "177.23500", "2019-03-31": "134.96000", "2018-12-31": "178.04200", "2018-09-30": "198.02200", "2018-06-30": "137.31800", "2018-03-31": "234.21900", "2017-12-31": "289.79200", "2017-09-30": "220.01400", "2017-06-30": "203.25000", "2017-03-31": "219.02900", "2016-12-31": "218.56300", "2016-09-30": "134.62800", "2016-06-30": "140.24500", "2016-03-31": "241.47400", "2015-12-31": "303.53700", "2015-09-30": "402.80500", "2015-06-30": "284.11100", "2015-03-31": "376.45000", "2014-12-31": "570.75700", "2014-09-30": "635.24690", "2014-06-30": "641.18300", "2014-03-31": "548.16300", "2013-12-31": "619.58290", "2013-09-30": "459.64400", "2013-06-30": "528.25000", "2013-03-31": "517.74400", "2012-12-31": "536.50500", "2012-09-30": "420.98600", "2012-06-30": "652.90500", "2012-03-31": "768.96300", "2011-12-31": "696.83900", "2011-09-30": "679.39100", "2011-06-30": "844.49300", "2011-03-31": "290.70400", "2010-12-31": "180.41500", "2010-09-30": "", "2010-06-30": "", "2010-03-31": "", "2009-12-31": "139.50000", "2008-12-31": ""}, "Receivables": {"2020-09-30": "85.28300", "2020-06-30": "116.56100", "2020-03-31": "202.40200", "2019-12-31": "174.29300", "2019-09-30": "129.03700", "2019-06-30": "160.94400", "2019-03-31": "186.16800", "2018-12-31": "140.00600", "2018-09-30": "231.50500", "2018-06-30": "155.20700", "2018-03-31": "97.39400", "2017-12-31": "160.96100", "2017-09-30": "142.85500", "2017-06-30": "159.61400", "2017-03-31": "178.60500", "2016-12-31": "143.33700", "2016-09-30": "91.87500", "2016-06-30": "139.34700", "2016-03-31": "94.87000", "2015-12-31": "138.03200", "2015-09-30": "129.00400", "2015-06-30": "144.42200", "2015-03-31": "153.22900", "2014-12-31": "163.54400", "2014-09-30": "116.13500", "2014-06-30": "156.95700", "2014-03-31": "108.62600", "2013-12-31": "21.32600", "2013-09-30": "189.65300", "2013-06-30": "45.74200", "2013-03-31": "137.26700", "2012-12-31": "134.21600", "2012-09-30": "222.06700", "2012-06-30": "162.32700", "2012-03-31": "129.20600", "2011-12-31": "310.15500", "2011-09-30": "318.72200", "2011-06-30": "286.32400", "2011-03-31": "232.85000", "2010-12-31": "238.95300", "2010-09-30": "", "2010-06-30": "", "2010-03-31": "", "2009-12-31": "96.62000", "2008-12-31": ""}, "Inventory": {"2020-09-30": "142.23200", "2020-06-30": "130.29900", "2020-03-31": "140.06800", "2019-12-31": "114.41200", "2019-09-30": "140.21800", "2019-06-30": "108.52800", "2019-03-31": "87.29500", "2018-12-31": "84.82700", "2018-09-30": "90.00300", "2018-06-30": "71.08500", "2018-03-31": "79.71000", "2017-12-31": "71.86100", "2017-09-30": "74.27500", "2017-06-30": "79.87100", "2017-03-31": "84.42400", "2016-12-31": "74.38000", "2016-09-30": "82.06200", "2016-06-30": "71.07800", "2016-03-31": "67.22700", "2015-12-31": "85.17300", "2015-09-30": "76.36600", "2015-06-30": "70.07800", "2015-03-31": "73.75000", "2014-12-31": "55.35400", "2014-09-30": "57.57100", "2014-06-30": "39.83900", "2014-03-31": "42.49000", "2013-12-31": "47.42400", "2013-09-30": "33.11800", "2013-06-30": "53.48200", "2013-03-31": "30.12000", "2012-12-31": "33.28100", "2012-09-30": "37.99200", "2012-06-30": "50.42600", "2012-03-31": "40.19800", "2011-12-31": "27.10100", "2011-09-30": "33.01000", "2011-06-30": "42.58000", "2011-03-31": "29.55800", "2010-12-31": "37.67400", "2010-09-30": "", "2010-06-30": "", "2010-03-31": "", "2009-12-31": "19.62000", "2008-12-31": ""}, "Pre-Paid Expenses": {"2020-09-30": "32.80600", "2020-06-30": "39.57300", "2020-03-31": "29.80200", "2019-12-31": "36.19200", "2019-09-30": "47.31500", "2019-06-30": "41.49600", "2019-03-31": "58.40400", "2018-12-31": "68.04000", "2018-09-30": "58.94900", "2018-06-30": "33.63800", "2018-03-31": "31.31100", "2017-12-31": "9.30600", "2017-09-30": "9.35900", "2017-06-30": "7.49100", "2017-03-31": "6.85700", "2016-12-31": "7.20900", "2016-09-30": "9.60200", "2016-06-30": "5.78100", "2016-03-31": "11.09200", "2015-12-31": "24.76600", "2015-09-30": "32.73600", "2015-06-30": "19.02400", "2015-03-31": "29.67700", "2014-12-31": "25.27800", "2014-09-30": "20.08600", "2014-06-30": "51.70600", "2014-03-31": "37.49400", "2013-12-31": "27.01000", "2013-09-30": "11.59600", "2013-06-30": "14.40900", "2013-03-31": "10.76800", "2012-12-31": "10.47000", "2012-09-30": "9.80100", "2012-06-30": "15.25700", "2012-03-31": "14.12600", "2011-12-31": "13.91300", "2011-09-30": "15.73300", "2011-06-30": "22.02300", "2011-03-31": "14.02400", "2010-12-31": "13.27800", "2010-09-30": "", "2010-06-30": "", "2010-03-31": "", "2009-12-31": "", "2008-12-31": ""}, "Other Current Assets": {"2020-09-30": "30.49900", "2020-06-30": "30.28900", "2020-03-31": "112.02800", "2019-12-31": "12.85600", "2019-09-30": "22.06700", "2019-06-30": "11.51100", "2019-03-31": "17.30000", "2018-12-31": "38.78500", "2018-09-30": "62.30000", "2018-06-30": "20.66300", "2018-03-31": "6.24100", "2017-12-31": "1.68200", "2017-09-30": "22.64600", "2017-06-30": "63.24900", "2017-03-31": "56.87600", "2016-12-31": "31.69800", "2016-09-30": "68.43400", "2016-06-30": "96.72300", "2016-03-31": "155.79600", "2015-12-31": "182.64000", "2015-09-30": "164.17200", "2015-06-30": "110.67400", "2015-03-31": "163.86900", "2014-12-31": "163.27500", "2014-09-30": "6.84800", "2014-06-30": "", "2014-03-31": "0.51000", "2013-12-31": "", "2013-09-30": "0.91700", "2013-06-30": "1.25400", "2013-03-31": "3.20400", "2012-12-31": "1.06100", "2012-09-30": "3.18500", "2012-06-30": "1.51200", "2012-03-31": "", "2011-12-31": "", "2011-09-30": "", "2011-06-30": "", "2011-03-31": "", "2010-12-31": "", "2010-09-30": "", "2010-06-30": "", "2010-03-31": "", "2009-12-31": "0.97000", "2008-12-31": ""}, "Total Current Assets": {"2020-09-30": "592.46600", "2020-06-30": "480.99900", "2020-03-31": "614.51500", "2019-12-31": "566.55700", "2019-09-30": "550.02800", "2019-06-30": "499.71400", "2019-03-31": "484.12700", "2018-12-31": "509.70000", "2018-09-30": "640.77900", "2018-06-30": "417.91100", "2018-03-31": "448.87500", "2017-12-31": "533.60200", "2017-09-30": "469.14900", "2017-06-30": "513.47500", "2017-03-31": "545.79100", "2016-12-31": "475.18700", "2016-09-30": "386.60100", "2016-06-30": "453.17400", "2016-03-31": "570.45900", "2015-12-31": "734.14800", "2015-09-30": "817.40200", "2015-06-30": "636.46900", "2015-03-31": "831.43700", "2014-12-31": "1010.47600", "2014-09-30": "846.36100", "2014-06-30": "905.54900", "2014-03-31": "760.08900", "2013-12-31": "734.96100", "2013-09-30": "709.44300", "2013-06-30": "652.41200", "2013-03-31": "726.90900", "2012-12-31": "750.11800", "2012-09-30": "742.07100", "2012-06-30": "938.70800", "2012-03-31": "1006.27800", "2011-12-31": "1112.48100", "2011-09-30": "1096.98300", "2011-06-30": "1287.31100", "2011-03-31": "670.39300", "2010-12-31": "559.92000", "2010-09-30": "", "2010-06-30": "", "2010-03-31": "", "2009-12-31": "256.72000", "2008-12-31": ""}, "Property, Plant, And Equipment": {"2020-09-30": "3366.30400", "2020-06-30": "3378.66500", "2020-03-31": "3442.93700", "2019-12-31": "3642.33200", "2019-09-30": "3799.03600", "2019-06-30": "3847.57300", "2019-03-31": "3914.80300", "2018-12-31": "3459.70100", "2018-09-30": "3509.53700", "2018-06-30": "2263.06400", "2018-03-31": "2306.53700", "2017-12-31": "2317.82800", "2017-09-30": "2258.40100", "2017-06-30": "2297.42500", "2017-03-31": "2344.83300", "2016-12-31": "2708.89200", "2016-09-30": "2758.21800", "2016-06-30": "2686.12900", "2016-03-31": "2536.25200", "2015-12-31": "2322.83900", "2015-09-30": "2120.54100", "2015-06-30": "1960.68100", "2015-03-31": "1821.15400", "2014-12-31": "1784.84600", "2014-09-30": "1653.60100", "2014-06-30": "1564.40400", "2014-03-31": "1544.82100", "2013-12-31": "1522.96200", "2013-09-30": "1501.71400", "2013-06-30": "1481.96400", "2013-03-31": "1542.31300", "2012-12-31": "1525.76200", "2012-09-30": "1490.40000", "2012-06-30": "1459.91200", "2012-03-31": "1393.82100", "2011-12-31": "1377.04100", "2011-09-30": "1131.00600", "2011-06-30": "1065.23200", "2011-03-31": "1082.27500", "2010-12-31": "998.00000", "2010-09-30": "", "2010-06-30": "", "2010-03-31": "", "2009-12-31": "607.20000", "2008-12-31": ""}, "Long-Term Investments": {"2020-09-30": "", "2020-06-30": "", "2020-03-31": "", "2019-12-31": "", "2019-09-30": "", "2019-06-30": "", "2019-03-31": "", "2018-12-31": "51.89600", "2018-09-30": "88.65200", "2018-06-30": "151.31000", "2018-03-31": "190.21100", "2017-12-31": "236.51400", "2017-09-30": "122.66400", "2017-06-30": "127.46700", "2017-03-31": "133.89300", "2016-12-31": "", "2016-09-30": "", "2016-06-30": "", "2016-03-31": "", "2015-12-31": "", "2015-09-30": "", "2015-06-30": "", "2015-03-31": "", "2014-12-31": "", "2014-09-30": "", "2014-06-30": "", "2014-03-31": "", "2013-12-31": "", "2013-09-30": "", "2013-06-30": "", "2013-03-31": "", "2012-12-31": "", "2012-09-30": "", "2012-06-30": "", "2012-03-31": "", "2011-12-31": "", "2011-09-30": "", "2011-06-30": "", "2011-03-31": "", "2010-12-31": "", "2010-09-30": "", "2010-06-30": "", "2010-03-31": "", "2009-12-31": "", "2008-12-31": ""}, "Goodwill And Intangible Assets": {"2020-09-30": "", "2020-06-30": "", "2020-03-31": "", "2019-12-31": "", "2019-09-30": "", "2019-06-30": "", "2019-03-31": "", "2018-12-31": "", "2018-09-30": "", "2018-06-30": "", "2018-03-31": "", "2017-12-31": "", "2017-09-30": "", "2017-06-30": "", "2017-03-31": "", "2016-12-31": "", "2016-09-30": "", "2016-06-30": "", "2016-03-31": "", "2015-12-31": "", "2015-09-30": "", "2015-06-30": "", "2015-03-31": "", "2014-12-31": "", "2014-09-30": "", "2014-06-30": "", "2014-03-31": "", "2013-12-31": "", "2013-09-30": "", "2013-06-30": "", "2013-03-31": "", "2012-12-31": "", "2012-09-30": "", "2012-06-30": "", "2012-03-31": "", "2011-12-31": "", "2011-09-30": "", "2011-06-30": "", "2011-03-31": "", "2010-12-31": "", "2010-09-30": "0.00000", "2010-06-30": "0.00000", "2010-03-31": "0.00000", "2009-12-31": "0.00000", "2008-12-31": "0.00000"}, "Other Long-Term Assets": {"2020-09-30": "29.25400", "2020-06-30": "33.67700", "2020-03-31": "52.37100", "2019-12-31": "25.81300", "2019-09-30": "37.42500", "2019-06-30": "38.96800", "2019-03-31": "40.82900", "2018-12-31": "24.94900", "2018-09-30": "27.16300", "2018-06-30": "20.27300", "2018-03-31": "32.83900", "2017-12-31": "44.69100", "2017-09-30": "34.96900", "2017-06-30": "56.01500", "2017-03-31": "67.06900", "2016-12-31": "68.64800", "2016-09-30": "72.46200", "2016-06-30": "74.79400", "2016-03-31": "51.42700", "2015-12-31": "67.18100", "2015-09-30": "71.12200", "2015-06-30": "54.37600", "2015-03-31": "93.60000", "2014-12-31": "105.33500", "2014-09-30": "20.01700", "2014-06-30": "35.25000", "2014-03-31": "35.25000", "2013-12-31": "31.50000", "2013-09-30": "26.21700", "2013-06-30": "32.01900", "2013-03-31": "29.88400", "2012-12-31": "29.88400", "2012-09-30": "29.30000", "2012-06-30": "3.80000", "2012-03-31": "3.80000", "2011-12-31": "3.80000", "2011-09-30": "3.50000", "2011-06-30": "2.27000", "2011-03-31": "62.74600", "2010-12-31": "33.50100", "2010-09-30": "", "2010-06-30": "", "2010-03-31": "", "2009-12-31": "161.31000", "2008-12-31": ""}, "Total Long-Term Assets": {"2020-09-30": "3501.03500", "2020-06-30": "3505.49200", "2020-03-31": "3569.44700", "2019-12-31": "3750.67500", "2019-09-30": "3918.23100", "2019-06-30": "3966.02000", "2019-03-31": "4017.72900", "2018-12-31": "3578.48900", "2018-09-30": "3688.68500", "2018-06-30": "2485.53200", "2018-03-31": "2581.65300", "2017-12-31": "2659.00100", "2017-09-30": "2501.29900", "2017-06-30": "2562.88400", "2017-03-31": "2637.25800", "2016-12-31": "2866.27800", "2016-09-30": "2915.21600", "2016-06-30": "2840.08800", "2016-03-31": "2664.36000", "2015-12-31": "2468.90200", "2015-09-30": "2287.64300", "2015-06-30": "2104.79400", "2015-03-31": "1990.45500", "2014-12-31": "1916.38300", "2014-09-30": "1756.84600", "2014-06-30": "1672.50700", "2014-03-31": "1653.27200", "2013-12-31": "1610.86500", "2013-09-30": "1585.63600", "2013-06-30": "1573.31800", "2013-03-31": "1631.76900", "2012-12-31": "1616.00500", "2012-09-30": "1577.08900", "2012-06-30": "1522.94500", "2012-03-31": "1458.75600", "2011-12-31": "1439.45300", "2011-09-30": "1193.84400", "2011-06-30": "1126.73700", "2011-03-31": "1166.91800", "2010-12-31": "1131.61500", "2010-09-30": "", "2010-06-30": "", "2010-03-31": "", "2009-12-31": "768.51000", "2008-12-31": ""}, "Total Assets": {"2020-09-30": "4093.50100", "2020-06-30": "3986.49100", "2020-03-31": "4183.96200", "2019-12-31": "4317.23200", "2019-09-30": "4468.25900", "2019-06-30": "4465.73400", "2019-03-31": "4501.85600", "2018-12-31": "4088.18900", "2018-09-30": "4329.46400", "2018-06-30": "2903.44300", "2018-03-31": "3030.52800", "2017-12-31": "3192.60300", "2017-09-30": "2970.44800", "2017-06-30": "3076.35900", "2017-03-31": "3183.04900", "2016-12-31": "3341.46500", "2016-09-30": "3301.81700", "2016-06-30": "3293.26200", "2016-03-31": "3234.81900", "2015-12-31": "3203.05000", "2015-09-30": "3105.04500", "2015-06-30": "2741.26300", "2015-03-31": "2821.89200", "2014-12-31": "2926.85900", "2014-09-30": "2603.20700", "2014-06-30": "2578.05600", "2014-03-31": "2413.36100", "2013-12-31": "2345.82600", "2013-09-30": "2295.07900", "2013-06-30": "2225.73000", "2013-03-31": "2358.67800", "2012-12-31": "2366.12300", "2012-09-30": "2319.16000", "2012-06-30": "2461.65300", "2012-03-31": "2465.03400", "2011-12-31": "2551.93400", "2011-09-30": "2290.82700", "2011-06-30": "2414.04800", "2011-03-31": "1837.31100", "2010-12-31": "1691.53500", "2010-09-30": "0.00000", "2010-06-30": "0.00000", "2010-03-31": "0.00000", "2009-12-31": "1022.05000", "2008-12-31": "0.00000"}, "Total Current Liabilities": {"2020-09-30": "565.21000", "2020-06-30": "448.91900", "2020-03-31": "515.83700", "2019-12-31": "539.10100", "2019-09-30": "472.37500", "2019-06-30": "442.64900", "2019-03-31": "413.72700", "2018-12-31": "384.30800", "2018-09-30": "628.44900", "2018-06-30": "436.40000", "2018-03-31": "358.50800", "2017-12-31": "428.73000", "2017-09-30": "283.12200", "2017-06-30": "282.34000", "2017-03-31": "344.75200", "2016-12-31": "370.02500", "2016-09-30": "282.45700", "2016-06-30": "363.33200", "2016-03-31": "380.76500", "2015-12-31": "456.74100", "2015-09-30": "455.35200", "2015-06-30": "303.96500", "2015-03-31": "331.97000", "2014-12-31": "448.77100", "2014-09-30": "288.96400", "2014-06-30": "326.93800", "2014-03-31": "262.19400", "2013-12-31": "219.32400", "2013-09-30": "224.14200", "2013-06-30": "142.76700", "2013-03-31": "125.12900", "2012-12-31": "190.25300", "2012-09-30": "217.64600", "2012-06-30": "248.06400", "2012-03-31": "265.17400", "2011-12-31": "339.60700", "2011-09-30": "268.65600", "2011-06-30": "177.22900", "2011-03-31": "177.84700", "2010-12-31": "482.05700", "2010-09-30": "", "2010-06-30": "", "2010-03-31": "", "2009-12-31": "139.64000", "2008-12-31": ""}, "Long Term Debt": {"2020-09-30": "2191.43300", "2020-06-30": "2107.65300", "2020-03-31": "2059.92900", "2019-12-31": "2008.06300", "2019-09-30": "2106.20200", "2019-06-30": "2129.34000", "2019-03-31": "2195.82600", "2018-12-31": "2120.54700", "2018-09-30": "2094.53400", "2018-06-30": "1167.77500", "2018-03-31": "1265.19600", "2017-12-31": "1282.79700", "2017-09-30": "1080.35200", "2017-06-30": "1127.50300", "2017-03-31": "1174.67700", "2016-12-31": "1321.87400", "2016-09-30": "1319.09400", "2016-06-30": "1191.33400", "2016-03-31": "1013.59600", "2015-12-31": "860.87800", "2015-09-30": "899.35500", "2015-06-30": "798.54300", "2015-03-31": "794.43400", "2014-12-31": "748.36200", "2014-09-30": "794.10600", "2014-06-30": "800.00000", "2014-03-31": "800.00000", "2013-12-31": "900.00000", "2013-09-30": "900.00000", "2013-06-30": "900.00000", "2013-03-31": "1000.00000", "2012-12-31": "1000.00000", "2012-09-30": "1000.00000", "2012-06-30": "1110.00000", "2012-03-31": "1110.00000", "2011-12-31": "1110.00000", "2011-09-30": "1000.00000", "2011-06-30": "1300.00000", "2011-03-31": "1300.00000", "2010-12-31": "800.00000", "2010-09-30": "", "2010-06-30": "", "2010-03-31": "", "2009-12-31": "285.00000", "2008-12-31": ""}, "Other Non-Current Liabilities": {"2020-09-30": "287.13800", "2020-06-30": "331.64100", "2020-03-31": "270.43000", "2019-12-31": "275.14500", "2019-09-30": "319.84400", "2019-06-30": "311.74200", "2019-03-31": "311.58800", "2018-12-31": "164.67700", "2018-09-30": "269.72200", "2018-06-30": "162.21900", "2018-03-31": "111.84600", "2017-12-31": "107.41600", "2017-09-30": "85.84000", "2017-06-30": "85.69300", "2017-03-31": "96.18600", "2016-12-31": "86.14600", "2016-09-30": "88.28000", "2016-06-30": "81.89700", "2016-03-31": "66.44100", "2015-12-31": "57.72900", "2015-09-30": "63.30500", "2015-06-30": "64.99300", "2015-03-31": "64.07300", "2014-12-31": "52.80600", "2014-09-30": "57.82900", "2014-06-30": "73.39300", "2014-03-31": "60.93100", "2013-12-31": "63.94100", "2013-09-30": "55.44700", "2013-06-30": "52.29600", "2013-03-31": "52.46700", "2012-12-31": "42.82700", "2012-09-30": "41.26300", "2012-06-30": "37.72800", "2012-03-31": "37.42000", "2011-12-31": "33.99300", "2011-09-30": "44.95700", "2011-06-30": "32.71800", "2011-03-31": "35.61300", "2010-12-31": "32.87000", "2010-09-30": "", "2010-06-30": "", "2010-03-31": "", "2009-12-31": "1.36000", "2008-12-31": ""}, "Total Long Term Liabilities": {"2020-09-30": "3102.72700", "2020-06-30": "3083.38500", "2020-03-31": "3022.97700", "2019-12-31": "2936.42900", "2019-09-30": "3104.85400", "2019-06-30": "3138.87400", "2019-03-31": "3211.53600", "2018-12-31": "2762.40300", "2018-09-30": "2766.08200", "2018-06-30": "1722.91200", "2018-03-31": "1828.61600", "2017-12-31": "1866.76100", "2017-09-30": "1678.08300", "2017-06-30": "1731.16600", "2017-03-31": "1776.98500", "2016-12-31": "1890.24100", "2016-09-30": "1891.11400", "2016-06-30": "1751.23400", "2016-03-31": "1577.93200", "2015-12-31": "1420.79600", "2015-09-30": "1360.74100", "2015-06-30": "1222.10500", "2015-03-31": "1204.97200", "2014-12-31": "1139.12900", "2014-09-30": "1123.31100", "2014-06-30": "1098.16000", "2014-03-31": "1066.44000", "2013-12-31": "1134.16700", "2013-09-30": "1100.64000", "2013-06-30": "1081.53700", "2013-03-31": "1166.05200", "2012-12-31": "1146.96400", "2012-09-30": "1129.29000", "2012-06-30": "1224.34600", "2012-03-31": "1195.17100", "2011-12-31": "1191.60100", "2011-09-30": "1057.47000", "2011-06-30": "1345.23100", "2011-03-31": "1348.12600", "2010-12-31": "845.38300", "2010-09-30": "", "2010-06-30": "", "2010-03-31": "", "2009-12-31": "287.01000", "2008-12-31": ""}, "Total Liabilities": {"2020-09-30": "3667.93700", "2020-06-30": "3532.30400", "2020-03-31": "3538.81400", "2019-12-31": "3475.53000", "2019-09-30": "3577.22900", "2019-06-30": "3581.52300", "2019-03-31": "3625.26300", "2018-12-31": "3146.71100", "2018-09-30": "3394.53100", "2018-06-30": "2159.31200", "2018-03-31": "2187.12400", "2017-12-31": "2295.49100", "2017-09-30": "1961.20500", "2017-06-30": "2013.50600", "2017-03-31": "2121.73700", "2016-12-31": "2260.26600", "2016-09-30": "2173.57100", "2016-06-30": "2114.56600", "2016-03-31": "1958.69700", "2015-12-31": "1877.53700", "2015-09-30": "1816.09300", "2015-06-30": "1526.07000", "2015-03-31": "1536.94200", "2014-12-31": "1587.90000", "2014-09-30": "1412.27500", "2014-06-30": "1425.09800", "2014-03-31": "1328.63400", "2013-12-31": "1353.49100", "2013-09-30": "1324.78200", "2013-06-30": "1224.30400", "2013-03-31": "1291.18100", "2012-12-31": "1337.21700", "2012-09-30": "1346.93600", "2012-06-30": "1472.41000", "2012-03-31": "1460.34500", "2011-12-31": "1531.20800", "2011-09-30": "1326.12600", "2011-06-30": "1522.46000", "2011-03-31": "1525.97300", "2010-12-31": "1327.44000", "2010-09-30": "0.00000", "2010-06-30": "0.00000", "2010-03-31": "0.00000", "2009-12-31": "426.66000", "2008-12-31": "0.00000"}, "Common Stock Net": {"2020-09-30": "4.49700", "2020-06-30": "4.49600", "2020-03-31": "4.49400", "2019-12-31": "4.45800", "2019-09-30": "4.45800", "2019-06-30": "4.45600", "2019-03-31": "4.45500", "2018-12-31": "4.42900", "2018-09-30": "4.42900", "2018-06-30": "4.07600", "2018-03-31": "4.05000", "2017-12-31": "3.98600", "2017-09-30": "3.98500", "2017-06-30": "3.98300", "2017-03-31": "3.96800", "2016-12-31": "3.95900", "2016-09-30": "3.95700", "2016-06-30": "3.95300", "2016-03-31": "3.94200", "2015-12-31": "3.93900", "2015-09-30": "3.93900", "2015-06-30": "3.93700", "2015-03-31": "3.93100", "2014-12-31": "3.92400", "2014-09-30": "3.92400", "2014-06-30": "3.92300", "2014-03-31": "3.92000", "2013-12-31": "3.92000", "2013-09-30": "3.92000", "2013-06-30": "3.91900", "2013-03-31": "3.91400", "2012-12-31": "3.91400", "2012-09-30": "3.91400", "2012-06-30": "3.91400", "2012-03-31": "3.90800", "2011-12-31": "3.90500", "2011-09-30": "3.90200", "2011-06-30": "3.90100", "2011-03-31": "0.51600", "2010-12-31": "0.51600", "2010-09-30": "0.00000", "2010-06-30": "0.00000", "2010-03-31": "0.00000", "2009-12-31": "0.51000", "2008-12-31": "0.00000"}, "Retained Earnings (Accumulated Deficit)": {"2020-09-30": "-1642.51200", "2020-06-30": "-1605.12800", "2020-03-31": "-1405.73700", "2019-12-31": "-1222.97000", "2019-09-30": "-1187.19700", "2019-06-30": "-1203.26200", "2019-03-31": "-1220.09900", "2018-12-31": "-1167.19300", "2018-09-30": "-1352.75800", "2018-06-30": "-1226.70100", "2018-03-31": "-1123.42800", "2017-12-31": "-1073.20200", "2017-09-30": "-951.12300", "2017-06-30": "-887.71800", "2017-03-31": "-879.25100", "2016-12-31": "-850.41000", "2016-09-30": "-793.71000", "2016-06-30": "-733.94700", "2016-03-31": "-623.67900", "2015-12-31": "-564.68600", "2015-09-30": "-588.68600", "2015-06-30": "-648.95100", "2015-03-31": "-573.75900", "2014-12-31": "-494.85000", "2014-09-30": "-623.62100", "2014-06-30": "-642.74400", "2014-03-31": "-699.25100", "2013-12-31": "-774.22000", "2013-09-30": "-778.38600", "2013-06-30": "-733.89800", "2013-03-31": "-663.08200", "2012-12-31": "-683.17600", "2012-09-30": "-714.78200", "2012-06-30": "-678.53200", "2012-03-31": "-653.68900", "2011-12-31": "-616.14800", "2011-09-30": "-650.47100", "2011-06-30": "-702.24700", "2011-03-31": "-686.57700", "2010-12-31": "-615.51500", "2010-09-30": "", "2010-06-30": "", "2010-03-31": "", "2009-12-31": "-237.48000", "2008-12-31": ""}, "Comprehensive Income": {"2020-09-30": "", "2020-06-30": "", "2020-03-31": "", "2019-12-31": "", "2019-09-30": "", "2019-06-30": "", "2019-03-31": "", "2018-12-31": "", "2018-09-30": "", "2018-06-30": "", "2018-03-31": "", "2017-12-31": "", "2017-09-30": "", "2017-06-30": "", "2017-03-31": "", "2016-12-31": "", "2016-09-30": "", "2016-06-30": "", "2016-03-31": "", "2015-12-31": "", "2015-09-30": "", "2015-06-30": "0.37800", "2015-03-31": "0.57300", "2014-12-31": "0.76700", "2014-09-30": "1.05700", "2014-06-30": "1.34700", "2014-03-31": "1.75200", "2013-12-31": "2.15800", "2013-09-30": "2.56300", "2013-06-30": "2.96800", "2013-03-31": "3.32600", "2012-12-31": "3.68500", "2012-09-30": "3.81700", "2012-06-30": "3.95000", "2012-03-31": "3.73600", "2011-12-31": "3.52200", "2011-09-30": "3.52200", "2011-06-30": "2.32900", "2011-03-31": "2.04600", "2010-12-31": "0.58800", "2010-09-30": "", "2010-06-30": "", "2010-03-31": "", "2009-12-31": "", "2008-12-31": ""}, "Other Share Holders Equity": {"2020-09-30": "", "2020-06-30": "", "2020-03-31": "", "2019-12-31": "", "2019-09-30": "", "2019-06-30": "", "2019-03-31": "", "2018-12-31": "", "2018-09-30": "", "2018-06-30": "", "2018-03-31": "", "2017-12-31": "", "2017-09-30": "", "2017-06-30": "", "2017-03-31": "", "2016-12-31": "", "2016-09-30": "", "2016-06-30": "", "2016-03-31": "", "2015-12-31": "", "2015-09-30": "", "2015-06-30": "", "2015-03-31": "", "2014-12-31": "", "2014-09-30": "", "2014-06-30": "", "2014-03-31": "", "2013-12-31": "", "2013-09-30": "", "2013-06-30": "", "2013-03-31": "", "2012-12-31": "", "2012-09-30": "", "2012-06-30": "", "2012-03-31": "", "2011-12-31": "", "2011-09-30": "", "2011-06-30": "", "2011-03-31": "", "2010-12-31": "", "2010-09-30": "0.00000", "2010-06-30": "0.00000", "2010-03-31": "0.00000", "2009-12-31": "0.00000", "2008-12-31": "0.00000"}, "Share Holder Equity": {"2020-09-30": "425.56400", "2020-06-30": "454.18700", "2020-03-31": "645.14800", "2019-12-31": "841.70200", "2019-09-30": "891.03000", "2019-06-30": "884.21100", "2019-03-31": "876.59300", "2018-12-31": "941.47800", "2018-09-30": "934.93300", "2018-06-30": "744.13100", "2018-03-31": "843.40400", "2017-12-31": "897.11200", "2017-09-30": "1009.24300", "2017-06-30": "1062.85300", "2017-03-31": "1061.31200", "2016-12-31": "1081.19900", "2016-09-30": "1128.24600", "2016-06-30": "1178.69600", "2016-03-31": "1276.12200", "2015-12-31": "1325.51300", "2015-09-30": "1288.95200", "2015-06-30": "1215.19300", "2015-03-31": "1284.95000", "2014-12-31": "1338.95900", "2014-09-30": "1190.93200", "2014-06-30": "1152.95800", "2014-03-31": "1084.72700", "2013-12-31": "992.33500", "2013-09-30": "970.29700", "2013-06-30": "1001.42600", "2013-03-31": "1067.49700", "2012-12-31": "1028.90600", "2012-09-30": "972.22400", "2012-06-30": "989.24300", "2012-03-31": "1004.68900", "2011-12-31": "1020.72600", "2011-09-30": "964.70100", "2011-06-30": "891.58800", "2011-03-31": "311.33800", "2010-12-31": "364.09500", "2010-09-30": "0.00000", "2010-06-30": "0.00000", "2010-03-31": "0.00000", "2009-12-31": "595.38000", "2008-12-31": "0.00000"}, "Total Liabilities And Share Holders Equity": {"2020-09-30": "4093.50100", "2020-06-30": "3986.49100", "2020-03-31": "4183.96200", "2019-12-31": "4317.23200", "2019-09-30": "4468.25900", "2019-06-30": "4465.73400", "2019-03-31": "4501.85600", "2018-12-31": "4088.18900", "2018-09-30": "4329.46400", "2018-06-30": "2903.44300", "2018-03-31": "3030.52800", "2017-12-31": "3192.60300", "2017-09-30": "2970.44800", "2017-06-30": "3076.35900", "2017-03-31": "3183.04900", "2016-12-31": "3341.46500", "2016-09-30": "3301.81700", "2016-06-30": "3293.26200", "2016-03-31": "3234.81900", "2015-12-31": "3203.05000", "2015-09-30": "3105.04500", "2015-06-30": "2741.26300", "2015-03-31": "2821.89200", "2014-12-31": "2926.85900", "2014-09-30": "2603.20700", "2014-06-30": "2578.05600", "2014-03-31": "2413.36100", "2013-12-31": "2345.82600", "2013-09-30": "2295.07900", "2013-06-30": "2225.73000", "2013-03-31": "2358.67800", "2012-12-31": "2366.12300", "2012-09-30": "2319.16000", "2012-06-30": "2461.65300", "2012-03-31": "2465.03400", "2011-12-31": "2551.93400", "2011-09-30": "2290.82700", "2011-06-30": "2414.04800", "2011-03-31": "1837.31100", "2010-12-31": "1691.53500", "2010-09-30": "0.00000", "2010-06-30": "0.00000", "2010-03-31": "0.00000", "2009-12-31": "1022.05000", "2008-12-31": "0.00000"}}, "cash flow statement": {"Net Income/Loss": {"2019-12-31": "-55.77700", "2018-12-31": "-93.99100", "2017-12-31": "-222.79200", "2016-12-31": "-283.78000", "2015-12-31": "-69.83600", "2014-12-31": "279.37000", "2013-12-31": "-91.04400", "2012-12-31": "-67.02800", "2011-12-31": "22.35700", "2010-12-31": "-245.67200", "2009-12-31": "-79.74700", "2008-12-31": "-48.80500"}, "Total Depreciation And Amortization - Cash Flow": {"2019-12-31": "573.11800", "2018-12-31": "339.21400", "2017-12-31": "265.40700", "2016-12-31": "150.60800", "2015-12-31": "166.29000", "2014-12-31": "208.62800", "2013-12-31": "233.59800", "2012-12-31": "194.69100", "2011-12-31": "156.66200", "2010-12-31": "31.25000", "2009-12-31": "4.40300", "2008-12-31": "0.71900"}, "Other Non-Cash Items": {"2019-12-31": "80.05700", "2018-12-31": "-3.71500", "2017-12-31": "196.58100", "2016-12-31": "258.05600", "2015-12-31": "270.05100", "2014-12-31": "9.34600", "2013-12-31": "248.65300", "2012-12-31": "190.90100", "2011-12-31": "220.34900", "2010-12-31": "69.90500", "2009-12-31": "3.64100", "2008-12-31": "4.18900"}, "Total Non-Cash Items": {"2019-12-31": "653.17500", "2018-12-31": "335.49900", "2017-12-31": "461.98800", "2016-12-31": "408.66400", "2015-12-31": "436.34100", "2014-12-31": "217.97400", "2013-12-31": "482.25100", "2012-12-31": "385.59200", "2011-12-31": "377.01100", "2010-12-31": "101.15500", "2009-12-31": "8.04400", "2008-12-31": "4.90800"}, "Change In Accounts Receivable": {"2019-12-31": "-29.73500", "2018-12-31": "175.95400", "2017-12-31": "29.36500", "2016-12-31": "-20.55800", "2015-12-31": "2.20900", "2014-12-31": "-156.19200", "2013-12-31": "111.67700", "2012-12-31": "176.90500", "2011-12-31": "-122.85900", "2010-12-31": "-100.60500", "2009-12-31": "-34.53100", "2008-12-31": "-28.70100"}, "Change In Inventories": {"2019-12-31": "-28.97000", "2018-12-31": "8.84800", "2017-12-31": "1.65300", "2016-12-31": "-4.10700", "2015-12-31": "-29.85500", "2014-12-31": "-8.10000", "2013-12-31": "-16.76300", "2012-12-31": "-7.38500", "2011-12-31": "4.17600", "2010-12-31": "-12.69900", "2009-12-31": "-14.46500", "2008-12-31": "-2.41200"}, "Change In Accounts Payable": {"2019-12-31": "-83.92100", "2018-12-31": "7.44000", "2017-12-31": "-94.43400", "2016-12-31": "-75.48700", "2015-12-31": "111.28900", "2014-12-31": "90.22800", "2013-12-31": "-34.68300", "2012-12-31": "-126.40100", "2011-12-31": "89.21400", "2010-12-31": "65.80000", "2009-12-31": "80.88300", "2008-12-31": "7.05100"}, "Change In Assets/Liabilities": {"2019-12-31": "164.30900", "2018-12-31": "-176.12400", "2017-12-31": "54.88500", "2016-12-31": "13.99000", "2015-12-31": "-17.24400", "2014-12-31": "24.18100", "2013-12-31": "66.05000", "2012-12-31": "1.95700", "2011-12-31": "-7.94300", "2010-12-31": "-0.50000", "2009-12-31": "9.93800", "2008-12-31": "2.28800"}, "Total Change In Assets/Liabilities": {"2019-12-31": "21.68300", "2018-12-31": "16.11800", "2017-12-31": "-8.53100", "2016-12-31": "-86.16200", "2015-12-31": "66.39900", "2014-12-31": "-49.88300", "2013-12-31": "126.28100", "2012-12-31": "45.07600", "2011-12-31": "-37.41200", "2010-12-31": "-48.00400", "2009-12-31": "41.82500", "2008-12-31": "-21.77400"}, "Cash Flow From Operating Activities": {"2019-12-31": "628.15000", "2018-12-31": "260.49100", "2017-12-31": "236.61700", "2016-12-31": "52.07700", "2015-12-31": "440.77900", "2014-12-31": "443.58600", "2013-12-31": "522.40400", "2012-12-31": "371.53000", "2011-12-31": "364.90900", "2010-12-31": "-191.80000", "2009-12-31": "-27.59100", "2008-12-31": "-65.67100"}, "Net Change In Property, Plant, And Equipment": {"2019-12-31": "-337.01300", "2018-12-31": "-208.03800", "2017-12-31": "78.71500", "2016-12-31": "-537.76290", "2015-12-31": "-796.43300", "2014-12-31": "-368.60300", "2013-12-31": "-322.38300", "2012-12-31": "-378.98400", "2011-12-31": "-483.24600", "2010-12-31": "-446.16400", "2009-12-31": "-418.31500", "2008-12-31": "-160.08200"}, "Net Change In Intangible Assets": {"2019-12-31": "", "2018-12-31": "", "2017-12-31": "", "2016-12-31": "", "2015-12-31": "", "2014-12-31": "", "2013-12-31": "", "2012-12-31": "", "2011-12-31": "", "2010-12-31": "", "2009-12-31": "", "2008-12-31": ""}, "Net Acquisitions/Divestitures": {"2019-12-31": "", "2018-12-31": "-961.76400", "2017-12-31": "", "2016-12-31": "", "2015-12-31": "", "2014-12-31": "", "2013-12-31": "", "2012-12-31": "", "2011-12-31": "", "2010-12-31": "", "2009-12-31": "", "2008-12-31": ""}, "Net Change In Short-term Investments": {"2019-12-31": "-26.91800", "2018-12-31": "", "2017-12-31": "", "2016-12-31": "", "2015-12-31": "", "2014-12-31": "", "2013-12-31": "", "2012-12-31": "", "2011-12-31": "13.65300", "2010-12-31": "-61.81100", "2009-12-31": "-52.07800", "2008-12-31": ""}, "Net Change In Long-Term Investments": {"2019-12-31": "", "2018-12-31": "", "2017-12-31": "-231.28000", "2016-12-31": "", "2015-12-31": "", "2014-12-31": "", "2013-12-31": "", "2012-12-31": "", "2011-12-31": "", "2010-12-31": "", "2009-12-31": "", "2008-12-31": ""}, "Net Change In Investments - Total": {"2019-12-31": "-26.91800", "2018-12-31": "", "2017-12-31": "-231.28000", "2016-12-31": "", "2015-12-31": "", "2014-12-31": "", "2013-12-31": "", "2012-12-31": "", "2011-12-31": "13.65300", "2010-12-31": "-61.81100", "2009-12-31": "-52.07800", "2008-12-31": ""}, "Investing Activities - Other": {"2019-12-31": "", "2018-12-31": "184.66400", "2017-12-31": "", "2016-12-31": "", "2015-12-31": "", "2014-12-31": "", "2013-12-31": "-1.75000", "2012-12-31": "-23.67800", "2011-12-31": "84.45300", "2010-12-31": "-82.00000", "2009-12-31": "-30.00000", "2008-12-31": "3.20000"}, "Cash Flow From Investing Activities": {"2019-12-31": "-363.93100", "2018-12-31": "-985.13800", "2017-12-31": "-152.56500", "2016-12-31": "-537.76300", "2015-12-31": "-796.43300", "2014-12-31": "-368.60300", "2013-12-31": "-324.13300", "2012-12-31": "-402.66200", "2011-12-31": "-385.14000", "2010-12-31": "-589.97500", "2009-12-31": "-500.39300", "2008-12-31": "-156.88200"}, "Net Long-Term Debt": {"2019-12-31": "-143.46300", "2018-12-31": "850.00000", "2017-12-31": "-50.00000", "2016-12-31": "450.00000", "2015-12-31": "-100.00000", "2014-12-31": "-400.00000", "2013-12-31": "-100.00000", "2012-12-31": "-110.00000", "2011-12-31": "65.00000", "2010-12-31": "760.00000", "2009-12-31": "285.00000", "2008-12-31": ""}, "Net Current Debt": {"2019-12-31": "", "2018-12-31": "", "2017-12-31": "", "2016-12-31": "", "2015-12-31": "", "2014-12-31": "", "2013-12-31": "", "2012-12-31": "", "2011-12-31": "", "2010-12-31": "", "2009-12-31": "", "2008-12-31": ""}, "Debt Issuance/Retirement Net - Total": {"2019-12-31": "-143.46300", "2018-12-31": "850.00000", "2017-12-31": "-50.00000", "2016-12-31": "450.00000", "2015-12-31": "-100.00000", "2014-12-31": "-400.00000", "2013-12-31": "-100.00000", "2012-12-31": "-110.00000", "2011-12-31": "65.00000", "2010-12-31": "760.00000", "2009-12-31": "285.00000", "2008-12-31": ""}, "Net Common Equity Issued/Repurchased": {"2019-12-31": "-1.98300", "2018-12-31": "-206.05100", "2017-12-31": "-2.19400", "2016-12-31": "-1.98100", "2015-12-31": "188.66400", "2014-12-31": "282.90400", "2013-12-31": "-13.10100", "2012-12-31": "-8.37800", "2011-12-31": "", "2010-12-31": "", "2009-12-31": "325.34400", "2008-12-31": "332.65600"}, "Net Total Equity Issued/Repurchased": {"2019-12-31": "-1.98300", "2018-12-31": "-206.05100", "2017-12-31": "-2.19400", "2016-12-31": "-1.98100", "2015-12-31": "188.66400", "2014-12-31": "282.90400", "2013-12-31": "-13.10100", "2012-12-31": "-8.37800", "2011-12-31": "", "2010-12-31": "", "2009-12-31": "325.34400", "2008-12-31": "332.65600"}, "Total Common And Preferred Stock Dividends Paid": {"2019-12-31": "-72.59900", "2018-12-31": "", "2017-12-31": "", "2016-12-31": "", "2015-12-31": "", "2014-12-31": "", "2013-12-31": "", "2012-12-31": "", "2011-12-31": "", "2010-12-31": "", "2009-12-31": "", "2008-12-31": ""}, "Financial Activities - Other": {"2019-12-31": "-2.44400", "2018-12-31": "-38.67200", "2017-12-31": "-0.06700", "2016-12-31": "", "2015-12-31": "-9.03000", "2014-12-31": "-22.08800", "2013-12-31": "-2.22600", "2012-12-31": "-8.41800", "2011-12-31": "527.90800", "2010-12-31": "-17.31500", "2009-12-31": "-90.64900", "2008-12-31": "-1.57200"}, "Cash Flow From Financial Activities": {"2019-12-31": "-220.48900", "2018-12-31": "605.27700", "2017-12-31": "-52.26100", "2016-12-31": "448.01900", "2015-12-31": "79.63400", "2014-12-31": "-139.18400", "2013-12-31": "-115.32700", "2012-12-31": "-126.79600", "2011-12-31": "592.90800", "2010-12-31": "742.68500", "2009-12-31": "519.69500", "2008-12-31": "331.08400"}, "Net Cash Flow": {"2019-12-31": "43.73000", "2018-12-31": "-119.37000", "2017-12-31": "31.79100", "2016-12-31": "-37.66700", "2015-12-31": "-276.02000", "2014-12-31": "-64.20100", "2013-12-31": "82.94400", "2012-12-31": "-157.92800", "2011-12-31": "572.67700", "2010-12-31": "-39.09000", "2009-12-31": "-8.28900", "2008-12-31": "108.53100"}, "Stock-Based Compensation": {"2019-12-31": "32.37000", "2018-12-31": "35.23000", "2017-12-31": "39.91300", "2016-12-31": "40.08400", "2015-12-31": "75.05700", "2014-12-31": "79.54100", "2013-12-31": "69.02600", "2012-12-31": "83.42300", "2011-12-31": "50.96600", "2010-12-31": "13.79100", "2009-12-31": "3.46800", "2008-12-31": "3.67100"}, "Common Stock Dividends Paid": {"2019-12-31": "-72.59900", "2018-12-31": "", "2017-12-31": "", "2016-12-31": "", "2015-12-31": "", "2014-12-31": "", "2013-12-31": "", "2012-12-31": "", "2011-12-31": "", "2010-12-31": "", "2009-12-31": "", "2008-12-31": ""}}, "cash flow statement, quarterly": {"Net Income/Loss": {"2020-09-30": -37.384, "2020-06-30": -199.391, "2020-03-31": "-182.76700", "2019-12-31": -35.773, "2019-09-30": 16.065, "2019-06-30": 16.837, "2019-03-31": "-52.90600", "2018-12-31": 185.565, "2018-09-30": -126.057, "2018-06-30": -103.273, "2018-03-31": "-50.22600", "2017-12-31": -122.079, "2017-09-30": -63.405, "2017-06-30": -8.467, "2017-03-31": "-28.84100", "2016-12-31": -56.7, "2016-09-30": -59.763, "2016-06-30": -108.324, "2016-03-31": "-58.99300", "2015-12-31": 24, "2015-09-30": 60.265, "2015-06-30": -75.192, "2015-03-31": "-78.90900", "2014-12-31": 128.771, "2014-09-30": 19.123, "2014-06-30": 56.507, "2014-03-31": "74.96900", "2013-12-31": 4.166, "2013-09-30": -44.488, "2013-06-30": -70.816, "2013-03-31": "20.09400", "2012-12-31": 31.606, "2012-09-30": -36.25, "2012-06-30": -24.843, "2012-03-31": "-37.54100", "2011-12-31": 34.323, "2011-09-30": 51.776, "2011-06-30": -9.091, "2011-03-31": "-54.65100", "2010-12-31": -65.432, "2010-09-30": -82.549, "2010-06-30": -32.483, "2010-03-31": "-65.20600", "2009-12-31": -30.94, "2008-12-31": -48.8}, "Total Depreciation And Amortization - Cash Flow": {"2020-09-30": 113.486, "2020-06-30": 124.049, "2020-03-31": "95.58500", "2019-12-31": 149.958, "2019-09-30": 148.938, "2019-06-30": 153.74, "2019-03-31": "120.48200", "2018-12-31": 123.538, "2018-09-30": 82.387, "2018-06-30": 76.572, "2018-03-31": "56.71700", "2017-12-31": 76.844, "2017-09-30": 76.042, "2017-06-30": 74.992, "2017-03-31": "37.52900", "2016-12-31": 76.924, "2016-09-30": 20.389, "2016-06-30": 19.478, "2016-03-31": "33.81700", "2015-12-31": 47.983, "2015-09-30": 38.549, "2015-06-30": 40.141, "2015-03-31": "39.61700", "2014-12-31": 47.807, "2014-09-30": 39.552, "2014-06-30": 72.105, "2014-03-31": "49.16400", "2013-12-31": 49.751, "2013-09-30": 61.153, "2013-06-30": 61.347, "2013-03-31": "61.34700", "2012-12-31": 59.667, "2012-09-30": 65.988, "2012-06-30": 35.193, "2012-03-31": "33.84300", "2011-12-31": 53.703, "2011-09-30": 44.787, "2011-06-30": 25.063, "2011-03-31": "33.10900", "2010-12-31": 9.04, "2010-09-30": 8.222, "2010-06-30": 7.551, "2010-03-31": "6.43700", "2009-12-31": 3.69, "2008-12-31": 0.71}, "Other Non-Cash Items": {"2020-09-30": -25.526, "2020-06-30": 94.167, "2020-03-31": "124.26500", "2019-12-31": 81.058, "2019-09-30": -38.738, "2019-06-30": -6.608, "2019-03-31": "44.34500", "2018-12-31": -191.788, "2018-09-30": 77.351, "2018-06-30": 99.5, "2018-03-31": "11.22200", "2017-12-31": 98.72, "2017-09-30": 66.011, "2017-06-30": 26.823, "2017-03-31": "5.02700", "2016-12-31": 60.176, "2016-09-30": 39.357, "2016-06-30": 93.093, "2016-03-31": "65.43000", "2015-12-31": 42.17, "2015-09-30": -10.658, "2015-06-30": 127.745, "2015-03-31": "110.79400", "2014-12-31": -113.018, "2014-09-30": 22.914, "2014-06-30": 74.764, "2014-03-31": "24.68600", "2013-12-31": 50.098, "2013-09-30": 41.687, "2013-06-30": 111.578, "2013-03-31": "45.29000", "2012-12-31": 66.37, "2012-09-30": 40.063, "2012-06-30": 47.572, "2012-03-31": "36.89600", "2011-12-31": 34.036, "2011-09-30": 61.788, "2011-06-30": 63.403, "2011-03-31": "61.12200", "2010-12-31": -0.524, "2010-09-30": 33.486, "2010-06-30": -0.155, "2010-03-31": "37.09800", "2009-12-31": 0, "2008-12-31": 0}, "Total Non-Cash Items": {"2020-09-30": 87.96, "2020-06-30": 218.216, "2020-03-31": "219.85000", "2019-12-31": 231.016, "2019-09-30": 110.2, "2019-06-30": 147.132, "2019-03-31": "164.82700", "2018-12-31": -68.25, "2018-09-30": 159.738, "2018-06-30": 176.072, "2018-03-31": "67.93900", "2017-12-31": 175.564, "2017-09-30": 142.053, "2017-06-30": 101.815, "2017-03-31": "42.55600", "2016-12-31": 137.1, "2016-09-30": 59.746, "2016-06-30": 112.571, "2016-03-31": "99.24700", "2015-12-31": 90.153, "2015-09-30": 27.891, "2015-06-30": 167.886, "2015-03-31": "150.41100", "2014-12-31": -65.211, "2014-09-30": 62.466, "2014-06-30": 146.869, "2014-03-31": "73.85000", "2013-12-31": 99.849, "2013-09-30": 102.84, "2013-06-30": 172.925, "2013-03-31": "106.63700", "2012-12-31": 126.037, "2012-09-30": 106.051, "2012-06-30": 82.765, "2012-03-31": "70.73900", "2011-12-31": 87.739, "2011-09-30": 106.575, "2011-06-30": 88.466, "2011-03-31": "94.23100", "2010-12-31": -61.389, "2010-09-30": 41.708, "2010-06-30": 7.396, "2010-03-31": "43.53500", "2009-12-31": 3.69, "2008-12-31": 0.71}, "Change In Accounts Receivable": {"2020-09-30": 30.514, "2020-06-30": 84.525, "2020-03-31": "-26.93200", "2019-12-31": -42.621, "2019-09-30": 36.882, "2019-06-30": 23.223, "2019-03-31": "-47.21900", "2018-12-31": 116.636, "2018-09-30": 49.251, "2018-06-30": -57.87, "2018-03-31": "67.93700", "2017-12-31": 26.133, "2017-09-30": 31.483, "2017-06-30": 16.602, "2017-03-31": "-44.85300", "2016-12-31": -50.391, "2016-09-30": 41.058, "2016-06-30": -51.119, "2016-03-31": "39.89400", "2015-12-31": -15.339, "2015-09-30": 8.933, "2015-06-30": -27.311, "2015-03-31": "35.92600", "2014-12-31": -51.484, "2014-09-30": 30.923, "2014-06-30": -72.065, "2014-03-31": "-63.56600", "2013-12-31": 168.402, "2013-09-30": -144.817, "2013-06-30": 90.474, "2013-03-31": "-2.38200", "2012-12-31": 87.803, "2012-09-30": -66.782, "2012-06-30": -26.635, "2012-03-31": "182.51900", "2011-12-31": -82.58, "2011-09-30": -51.424, "2011-06-30": 6.764, "2011-03-31": "4.38100", "2010-12-31": -40.909, "2010-09-30": -1.124, "2010-06-30": -50.506, "2010-03-31": "-8.06600", "2009-12-31": 0, "2008-12-31": 0}, "Change In Inventories": {"2020-09-30": -13.133, "2020-06-30": 9.408, "2020-03-31": "-27.12300", "2019-12-31": 22.973, "2019-09-30": -32.922, "2019-06-30": -21.233, "2019-03-31": "2.21200", "2018-12-31": 4.87, "2018-09-30": 3.178, "2018-06-30": 8.649, "2018-03-31": "-7.84900", "2017-12-31": 1.595, "2017-09-30": 6.096, "2017-06-30": 4.006, "2017-03-31": "-10.04400", "2016-12-31": 7.959, "2016-09-30": -10.984, "2016-06-30": -3.319, "2016-03-31": "2.23700", "2015-12-31": -8.796, "2015-09-30": -6.305, "2015-06-30": 3.689, "2015-03-31": "-18.44300", "2014-12-31": 2.097, "2014-09-30": -17.716, "2014-06-30": 2.647, "2014-03-31": "4.87200", "2013-12-31": -14.344, "2013-09-30": 9.508, "2013-06-30": -15.564, "2013-03-31": "3.63700", "2012-12-31": 0.427, "2012-09-30": 6.263, "2012-06-30": -8.372, "2012-03-31": "-5.70300", "2011-12-31": 2.05, "2011-09-30": 1.579, "2011-06-30": -6.873, "2011-03-31": "7.42000", "2010-12-31": -9.511, "2010-09-30": -0.481, "2010-06-30": -0.749, "2010-03-31": "-1.95800", "2009-12-31": 0, "2008-12-31": 0}, "Change In Accounts Payable": {"2020-09-30": 1.182, "2020-06-30": -82.822, "2020-03-31": "79.00900", "2019-12-31": -22.012, "2019-09-30": 14.122, "2019-06-30": -16.7, "2019-03-31": "-59.33100", "2018-12-31": 22.618, "2018-09-30": -1.862, "2018-06-30": -9.762, "2018-03-31": "-3.55400", "2017-12-31": 25.891, "2017-09-30": 11.155, "2017-06-30": -128.575, "2017-03-31": "-2.90500", "2016-12-31": 46.655, "2016-09-30": -41.783, "2016-06-30": -21.858, "2016-03-31": "-58.50100", "2015-12-31": 36.353, "2015-09-30": 109.617, "2015-06-30": 23.605, "2015-03-31": "-58.28600", "2014-12-31": 94.562, "2014-09-30": 1.11, "2014-06-30": -14.835, "2014-03-31": "9.39100", "2013-12-31": -4.646, "2013-09-30": 34.863, "2013-06-30": 15.17, "2013-03-31": "-80.07000", "2012-12-31": 0.624, "2012-09-30": -60.489, "2012-06-30": 5.649, "2012-03-31": "-72.18500", "2011-12-31": 55.485, "2011-09-30": 81.457, "2011-06-30": 7.598, "2011-03-31": "-55.32600", "2010-12-31": 31.226, "2010-09-30": 15.719, "2010-06-30": 69.924, "2010-03-31": "-51.06900", "2009-12-31": 0, "2008-12-31": 0}, "Change In Assets/Liabilities": {"2020-09-30": 14.21, "2020-06-30": -78.364, "2020-03-31": "-82.97400", "2019-12-31": 74.822, "2019-09-30": 31.356, "2019-06-30": 88.042, "2019-03-31": "-29.91100", "2018-12-31": -92.823, "2018-09-30": 4.778, "2018-06-30": 2.706, "2018-03-31": "-90.78500", "2017-12-31": 32.561, "2017-09-30": -16.354, "2017-06-30": 25.594, "2017-03-31": "13.08400", "2016-12-31": 33.08, "2016-09-30": -28.108, "2016-06-30": 32.254, "2016-03-31": "-23.23600", "2015-12-31": 40.785, "2015-09-30": -12.129, "2015-06-30": -5.05, "2015-03-31": "-40.85000", "2014-12-31": -37.876, "2014-09-30": -9.497, "2014-06-30": 53.264, "2014-03-31": "18.29000", "2013-12-31": -12.82, "2013-09-30": 44.932, "2013-06-30": 16.381, "2013-03-31": "17.55700", "2012-12-31": -25.228, "2012-09-30": 37.876, "2012-06-30": -14.668, "2012-03-31": "3.97700", "2011-12-31": -0.268, "2011-09-30": 21.768, "2011-06-30": -23.439, "2011-03-31": "-6.00400", "2010-12-31": 16.506, "2010-09-30": -1.293, "2010-06-30": 2.459, "2010-03-31": "-18.17200", "2009-12-31": 0, "2008-12-31": 0}, "Total Change In Assets/Liabilities": {"2020-09-30": 32.773, "2020-06-30": -67.253, "2020-03-31": "-58.02000", "2019-12-31": 33.162, "2019-09-30": 49.438, "2019-06-30": 73.332, "2019-03-31": "-134.24900", "2018-12-31": 51.301, "2018-09-30": 55.345, "2018-06-30": -56.277, "2018-03-31": "-34.25100", "2017-12-31": 86.18, "2017-09-30": 32.38, "2017-06-30": -82.373, "2017-03-31": "-44.71800", "2016-12-31": 37.303, "2016-09-30": -39.817, "2016-06-30": -44.042, "2016-03-31": "-39.60600", "2015-12-31": 53.003, "2015-09-30": 100.116, "2015-06-30": -5.067, "2015-03-31": "-81.65300", "2014-12-31": 7.299, "2014-09-30": 4.82, "2014-06-30": -30.989, "2014-03-31": "-31.01300", "2013-12-31": 136.592, "2013-09-30": -55.514, "2013-06-30": 106.461, "2013-03-31": "-61.25800", "2012-12-31": 63.626, "2012-09-30": -83.132, "2012-06-30": -44.026, "2012-03-31": "108.60800", "2011-12-31": -25.313, "2011-09-30": 53.38, "2011-06-30": -15.95, "2011-03-31": "-49.52900", "2010-12-31": -2.684, "2010-09-30": 12.821, "2010-06-30": 21.128, "2010-03-31": "-79.26500", "2009-12-31": 63.59, "2008-12-31": -21.77}, "Cash Flow From Operating Activities": {"2020-09-30": 83.493, "2020-06-30": -45.873, "2020-03-31": "-16.96300", "2019-12-31": 227.874, "2019-09-30": 177.886, "2019-06-30": 239.737, "2019-03-31": "-17.34700", "2018-12-31": 170.244, "2018-09-30": 89.814, "2018-06-30": 17.449, "2018-03-31": "-17.01600", "2017-12-31": 142.205, "2017-09-30": 111.926, "2017-06-30": 12.868, "2017-03-31": "-30.38200", "2016-12-31": 117.7, "2016-09-30": -41.545, "2016-06-30": -39.695, "2016-03-31": "15.61700", "2015-12-31": 168.3, "2015-09-30": 189.026, "2015-06-30": 92.433, "2015-03-31": "-8.98000", "2014-12-31": 71.352, "2014-09-30": 86.173, "2014-06-30": 172.475, "2014-03-31": "113.58600", "2013-12-31": 241.055, "2013-09-30": 4.479, "2013-06-30": 210.001, "2013-03-31": "66.86900", "2012-12-31": 221.42, "2012-09-30": -10.575, "2012-06-30": 15.782, "2012-03-31": "144.90300", "2011-12-31": 97.763, "2011-09-30": 212.647, "2011-06-30": 64.536, "2011-03-31": "-10.03700", "2010-12-31": -58.62, "2010-09-30": -28.107, "2010-06-30": -4.047, "2010-03-31": "-101.02600", "2009-12-31": 38.08, "2008-12-31": -65.67}, "Net Change In Property, Plant, And Equipment": {"2020-09-30": -80.485, "2020-06-30": -51.525, "2020-03-31": "-83.54000", "2019-12-31": -88.08, "2019-09-30": -90.435, "2019-06-30": -79.05, "2019-03-31": "-79.44800", "2018-12-31": -68.876, "2018-09-30": -43.697, "2018-06-30": -58.996, "2018-03-31": "-36.46900", "2017-12-31": -41.002, "2017-09-30": -58.092, "2017-06-30": 5.971, "2017-03-31": "171.83800", "2016-12-31": -30.7139, "2016-09-30": -88.94, "2016-06-30": -191.491, "2016-03-31": "-226.61800", "2015-12-31": -264.99, "2015-09-30": -175.316, "2015-06-30": -170.948, "2015-03-31": "-185.17900", "2014-12-31": -135.297, "2014-09-30": -104.244, "2014-06-30": -66.729, "2014-03-31": "-62.33300", "2013-12-31": -74.219, "2013-09-30": -78.305, "2013-06-30": -85.554, "2013-03-31": "-84.30500", "2012-12-31": -97.273, "2012-09-30": -86.724, "2012-06-30": -123.807, "2012-03-31": "-71.18000", "2011-12-31": -199.22, "2011-09-30": -76.416, "2011-06-30": -91.538, "2011-03-31": "-116.07200", "2010-12-31": -114.874, "2010-09-30": -108.987, "2010-06-30": -110.932, "2010-03-31": "-111.36700", "2009-12-31": -258.23, "2008-12-31": -160.08}, "Net Change In Intangible Assets": {"2020-09-30": 0, "2020-06-30": 0, "2020-03-31": "", "2019-12-31": 0, "2019-09-30": 0, "2019-06-30": 0, "2019-03-31": "", "2018-12-31": 0, "2018-09-30": 0, "2018-06-30": 0, "2018-03-31": "", "2017-12-31": 0, "2017-09-30": 0, "2017-06-30": 0, "2017-03-31": "", "2016-12-31": 0, "2016-09-30": 0, "2016-06-30": 0, "2016-03-31": "", "2015-12-31": 0, "2015-09-30": 0, "2015-06-30": 0, "2015-03-31": "", "2014-12-31": 0, "2014-09-30": 0, "2014-06-30": 0, "2014-03-31": "", "2013-12-31": 0, "2013-09-30": 0, "2013-06-30": 0, "2013-03-31": "", "2012-12-31": 0, "2012-09-30": 0, "2012-06-30": 0, "2012-03-31": "", "2011-12-31": 0, "2011-09-30": 0, "2011-06-30": 0, "2011-03-31": "", "2010-12-31": 0, "2010-09-30": 0, "2010-06-30": 0, "2010-03-31": "", "2009-12-31": 0, "2008-12-31": 0}, "Net Acquisitions/Divestitures": {"2020-09-30": 0, "2020-06-30": 0, "2020-03-31": "", "2019-12-31": 0, "2019-09-30": 0, "2019-06-30": 0, "2019-03-31": "", "2018-12-31": 0, "2018-09-30": -961.764, "2018-06-30": 0, "2018-03-31": "", "2017-12-31": 0, "2017-09-30": 0, "2017-06-30": 0, "2017-03-31": "", "2016-12-31": 0, "2016-09-30": 0, "2016-06-30": 0, "2016-03-31": "", "2015-12-31": 0, "2015-09-30": 0, "2015-06-30": 0, "2015-03-31": "", "2014-12-31": 0, "2014-09-30": 0, "2014-06-30": 0, "2014-03-31": "", "2013-12-31": 0, "2013-09-30": 0, "2013-06-30": 0, "2013-03-31": "", "2012-12-31": 0, "2012-09-30": 0, "2012-06-30": 0, "2012-03-31": "", "2011-12-31": 0, "2011-09-30": 0, "2011-06-30": 0, "2011-03-31": "", "2010-12-31": 0, "2010-09-30": 0, "2010-06-30": 0, "2010-03-31": "", "2009-12-31": 0, "2008-12-31": 0}, "Net Change In Short-term Investments": {"2020-09-30": -11.212, "2020-06-30": -18.379, "2020-03-31": "-23.98300", "2019-12-31": -7.353, "2019-09-30": -13.582, "2019-06-30": -5.983, "2019-03-31": "", "2018-12-31": 0, "2018-09-30": 0, "2018-06-30": 0, "2018-03-31": "", "2017-12-31": 0, "2017-09-30": 0, "2017-06-30": 0, "2017-03-31": "", "2016-12-31": 0, "2016-09-30": 0, "2016-06-30": 0, "2016-03-31": "", "2015-12-31": 0, "2015-09-30": 0, "2015-06-30": 0, "2015-03-31": "", "2014-12-31": 0, "2014-09-30": 0, "2014-06-30": 0, "2014-03-31": "", "2013-12-31": 0, "2013-09-30": 0, "2013-06-30": 0, "2013-03-31": "", "2012-12-31": 0, "2012-09-30": 0, "2012-06-30": 0, "2012-03-31": "", "2011-12-31": 9.205, "2011-09-30": 0.667, "2011-06-30": 2.055, "2011-03-31": "1.72600", "2010-12-31": -0.933, "2010-09-30": -9.613, "2010-06-30": -26.76, "2010-03-31": "-24.50500", "2009-12-31": 0, "2008-12-31": 0}, "Net Change In Long-Term Investments": {"2020-09-30": 0, "2020-06-30": 0, "2020-03-31": "", "2019-12-31": 0, "2019-09-30": 0, "2019-06-30": 0, "2019-03-31": "", "2018-12-31": 0, "2018-09-30": 0, "2018-06-30": 0, "2018-03-31": "", "2017-12-31": -231.28, "2017-09-30": 0, "2017-06-30": 0, "2017-03-31": "", "2016-12-31": 0, "2016-09-30": 0, "2016-06-30": 0, "2016-03-31": "", "2015-12-31": 0, "2015-09-30": 0, "2015-06-30": 0, "2015-03-31": "", "2014-12-31": 0, "2014-09-30": 0, "2014-06-30": 0, "2014-03-31": "", "2013-12-31": 0, "2013-09-30": 0, "2013-06-30": 0, "2013-03-31": "", "2012-12-31": 0, "2012-09-30": 0, "2012-06-30": 0, "2012-03-31": "", "2011-12-31": 0, "2011-09-30": 0, "2011-06-30": 0, "2011-03-31": "", "2010-12-31": 0, "2010-09-30": 0, "2010-06-30": 0, "2010-03-31": "", "2009-12-31": 0, "2008-12-31": 0}, "Net Change In Investments - Total": {"2020-09-30": -11.212, "2020-06-30": -18.379, "2020-03-31": "-23.98300", "2019-12-31": -7.353, "2019-09-30": -13.582, "2019-06-30": -5.983, "2019-03-31": "", "2018-12-31": 0, "2018-09-30": 0, "2018-06-30": 0, "2018-03-31": "", "2017-12-31": -231.28, "2017-09-30": 0, "2017-06-30": 0, "2017-03-31": "", "2016-12-31": 0, "2016-09-30": 0, "2016-06-30": 0, "2016-03-31": "", "2015-12-31": 0, "2015-09-30": 0, "2015-06-30": 0, "2015-03-31": "", "2014-12-31": 0, "2014-09-30": 0, "2014-06-30": 0, "2014-03-31": "", "2013-12-31": 0, "2013-09-30": 0, "2013-06-30": 0, "2013-03-31": "", "2012-12-31": 0, "2012-09-30": 0, "2012-06-30": 0, "2012-03-31": "", "2011-12-31": 9.205, "2011-09-30": 0.667, "2011-06-30": 2.055, "2011-03-31": "1.72600", "2010-12-31": -0.932, "2010-09-30": -9.613, "2010-06-30": -26.76, "2010-03-31": "-24.50500", "2009-12-31": -52.07, "2008-12-31": 0}, "Investing Activities - Other": {"2020-09-30": 0, "2020-06-30": 0, "2020-03-31": "", "2019-12-31": 0, "2019-09-30": 0, "2019-06-30": 0, "2019-03-31": "", "2018-12-31": 42.036, "2018-09-30": 62.658, "2018-06-30": 38.9, "2018-03-31": "41.07000", "2017-12-31": 0, "2017-09-30": 0, "2017-06-30": 0, "2017-03-31": "", "2016-12-31": 0, "2016-09-30": 0, "2016-06-30": 0, "2016-03-31": "", "2015-12-31": 9.594, "2015-09-30": -0.02, "2015-06-30": -9.515, "2015-03-31": "-0.05900", "2014-12-31": -2.229, "2014-09-30": 4.056, "2014-06-30": 0.583, "2014-03-31": "-2.41000", "2013-12-31": -8.964, "2013-09-30": 5.249, "2013-06-30": 1.079, "2013-03-31": "0.88600", "2012-12-31": -0.589, "2012-09-30": -23.882, "2012-06-30": 0.721, "2012-03-31": "0.07200", "2011-12-31": -1.098, "2011-09-30": 1.265, "2011-06-30": -27.714, "2011-03-31": "112.00000", "2010-12-31": -23, "2010-09-30": 51.4, "2010-06-30": 0, "2010-03-31": "-110.40000", "2009-12-31": -33.2, "2008-12-31": 3.2}, "Cash Flow From Investing Activities": {"2020-09-30": -91.697, "2020-06-30": -69.904, "2020-03-31": "-107.52300", "2019-12-31": -95.433, "2019-09-30": -104.017, "2019-06-30": -85.033, "2019-03-31": "-79.44800", "2018-12-31": -26.84, "2018-09-30": -942.803, "2018-06-30": -20.096, "2018-03-31": "4.60100", "2017-12-31": -272.282, "2017-09-30": -58.092, "2017-06-30": 5.971, "2017-03-31": "171.83800", "2016-12-31": -30.714, "2016-09-30": -88.94, "2016-06-30": -191.491, "2016-03-31": "-226.61800", "2015-12-31": -255.396, "2015-09-30": -175.336, "2015-06-30": -180.463, "2015-03-31": "-185.23800", "2014-12-31": -137.526, "2014-09-30": -100.188, "2014-06-30": -66.146, "2014-03-31": "-64.74300", "2013-12-31": -83.183, "2013-09-30": -73.056, "2013-06-30": -84.475, "2013-03-31": "-83.41900", "2012-12-31": -97.862, "2012-09-30": -110.606, "2012-06-30": -123.086, "2012-03-31": "-71.10800", "2011-12-31": -191.113, "2011-09-30": -74.484, "2011-06-30": -117.197, "2011-03-31": "-2.34600", "2010-12-31": -138.806, "2010-09-30": -67.2, "2010-06-30": -137.692, "2010-03-31": "-246.27200", "2009-12-31": -343.51, "2008-12-31": -156.88}, "Net Long-Term Debt": {"2020-09-30": 150, "2020-06-30": 100, "2020-03-31": "50.00000", "2019-12-31": -100, "2019-09-30": -25, "2019-06-30": -93.463, "2019-03-31": "75.00000", "2018-12-31": 25, "2018-09-30": 925, "2018-06-30": -100, "2018-03-31": "", "2017-12-31": 200, "2017-09-30": -50, "2017-06-30": -50, "2017-03-31": "-150.00000", "2016-12-31": 0, "2016-09-30": 125, "2016-06-30": 175, "2016-03-31": "150.00000", "2015-12-31": 0, "2015-09-30": 100, "2015-06-30": -200, "2015-03-31": "", "2014-12-31": 0, "2014-09-30": -300, "2014-06-30": 0, "2014-03-31": "-100.00000", "2013-12-31": 0, "2013-09-30": 0, "2013-06-30": -100, "2013-03-31": "", "2012-12-31": 0, "2012-09-30": -110, "2012-06-30": 0, "2012-03-31": "", "2011-12-31": 110, "2011-09-30": -300, "2011-06-30": 0, "2011-03-31": "255.00000", "2010-12-31": 95, "2010-09-30": 150, "2010-06-30": 75, "2010-03-31": "440.00000", "2009-12-31": 0, "2008-12-31": 0}, "Net Current Debt": {"2020-09-30": 0, "2020-06-30": 0, "2020-03-31": "", "2019-12-31": 0, "2019-09-30": 0, "2019-06-30": 0, "2019-03-31": "", "2018-12-31": 0, "2018-09-30": 0, "2018-06-30": 0, "2018-03-31": "", "2017-12-31": 0, "2017-09-30": 0, "2017-06-30": 0, "2017-03-31": "", "2016-12-31": 0, "2016-09-30": 0, "2016-06-30": 0, "2016-03-31": "", "2015-12-31": 0, "2015-09-30": 0, "2015-06-30": 0, "2015-03-31": "", "2014-12-31": 0, "2014-09-30": 0, "2014-06-30": 0, "2014-03-31": "", "2013-12-31": 0, "2013-09-30": 0, "2013-06-30": 0, "2013-03-31": "", "2012-12-31": 0, "2012-09-30": 0, "2012-06-30": 0, "2012-03-31": "", "2011-12-31": 0, "2011-09-30": 0, "2011-06-30": 0, "2011-03-31": "", "2010-12-31": 0, "2010-09-30": 0, "2010-06-30": 0, "2010-03-31": "", "2009-12-31": 0, "2008-12-31": 0}, "Debt Issuance/Retirement Net - Total": {"2020-09-30": 150, "2020-06-30": 100, "2020-03-31": "50.00000", "2019-12-31": -100, "2019-09-30": -25, "2019-06-30": -93.463, "2019-03-31": "75.00000", "2018-12-31": 25, "2018-09-30": 925, "2018-06-30": -100, "2018-03-31": "", "2017-12-31": 200, "2017-09-30": -50, "2017-06-30": -50, "2017-03-31": "-150.00000", "2016-12-31": 0, "2016-09-30": 125, "2016-06-30": 175, "2016-03-31": "150.00000", "2015-12-31": 0, "2015-09-30": 100, "2015-06-30": -200, "2015-03-31": "", "2014-12-31": 0, "2014-09-30": -300, "2014-06-30": 0, "2014-03-31": "-100.00000", "2013-12-31": 0, "2013-09-30": 0, "2013-06-30": -100, "2013-03-31": "", "2012-12-31": 0, "2012-09-30": -110, "2012-06-30": 0, "2012-03-31": "", "2011-12-31": 110, "2011-09-30": -300, "2011-06-30": 0, "2011-03-31": "255.00000", "2010-12-31": 95, "2010-09-30": 150, "2010-06-30": 75, "2010-03-31": "440.00000", "2009-12-31": 285, "2008-12-31": 0}, "Net Common Equity Issued/Repurchased": {"2020-09-30": 0, "2020-06-30": 0, "2020-03-31": "-4.94700", "2019-12-31": 0, "2019-09-30": 0, "2019-06-30": -0.003, "2019-03-31": "-1.98000", "2018-12-31": -188.356, "2018-09-30": 0, "2018-06-30": -5.821, "2018-03-31": "-11.87400", "2017-12-31": -0.078, "2017-09-30": -0.171, "2017-06-30": -0.83, "2017-03-31": "-1.11500", "2016-12-31": -0.051, "2016-09-30": -0.132, "2016-06-30": -0.724, "2016-03-31": "-1.07400", "2015-12-31": -0.129, "2015-09-30": -0.026, "2015-06-30": 188.967, "2015-03-31": "-0.14800", "2014-12-31": -0.029, "2014-09-30": 293.873, "2014-06-30": -10.869, "2014-03-31": "-0.07100", "2013-12-31": -0.032, "2013-09-30": -0.028, "2013-06-30": -12.959, "2013-03-31": "-0.08200", "2012-12-31": 0, "2012-09-30": 0, "2012-06-30": -8.378, "2012-03-31": "", "2011-12-31": 0, "2011-09-30": 0, "2011-06-30": 0, "2011-03-31": "", "2010-12-31": 0, "2010-09-30": 0, "2010-06-30": 0, "2010-03-31": "", "2009-12-31": 0, "2008-12-31": 0}, "Net Total Equity Issued/Repurchased": {"2020-09-30": 0, "2020-06-30": 0, "2020-03-31": "-4.94700", "2019-12-31": 0, "2019-09-30": 0, "2019-06-30": -0.003, "2019-03-31": "-1.98000", "2018-12-31": -188.356, "2018-09-30": 0, "2018-06-30": -5.821, "2018-03-31": "-11.87400", "2017-12-31": -0.078, "2017-09-30": -0.171, "2017-06-30": -0.83, "2017-03-31": "-1.11500", "2016-12-31": -0.051, "2016-09-30": -0.132, "2016-06-30": -0.724, "2016-03-31": "-1.07400", "2015-12-31": -0.129, "2015-09-30": -0.026, "2015-06-30": 188.967, "2015-03-31": "-0.14800", "2014-12-31": -0.029, "2014-09-30": 293.873, "2014-06-30": -10.869, "2014-03-31": "-0.07100", "2013-12-31": -0.032, "2013-09-30": -0.028, "2013-06-30": -12.959, "2013-03-31": "-0.08200", "2012-12-31": 0, "2012-09-30": 0, "2012-06-30": -8.378, "2012-03-31": "", "2011-12-31": 0, "2011-09-30": 0, "2011-06-30": 0, "2011-03-31": "", "2010-12-31": 0, "2010-09-30": 0, "2010-06-30": 0, "2010-03-31": "", "2009-12-31": -7.31, "2008-12-31": 332.65}, "Total Common And Preferred Stock Dividends Paid": {"2020-09-30": 0.007, "2020-06-30": -0.025, "2020-03-31": "-19.15600", "2019-12-31": -18.152, "2019-09-30": -18.158, "2019-06-30": -18.142, "2019-03-31": "-18.14700", "2018-12-31": 0, "2018-09-30": 0, "2018-06-30": 0, "2018-03-31": "", "2017-12-31": 0, "2017-09-30": 0, "2017-06-30": 0, "2017-03-31": "", "2016-12-31": 0, "2016-09-30": 0, "2016-06-30": 0, "2016-03-31": "", "2015-12-31": 0, "2015-09-30": 0, "2015-06-30": 0, "2015-03-31": "", "2014-12-31": 0, "2014-09-30": 0, "2014-06-30": 0, "2014-03-31": "", "2013-12-31": 0, "2013-09-30": 0, "2013-06-30": 0, "2013-03-31": "", "2012-12-31": 0, "2012-09-30": 0, "2012-06-30": 0, "2012-03-31": "", "2011-12-31": 0, "2011-09-30": 0, "2011-06-30": 0, "2011-03-31": "", "2010-12-31": 0, "2010-09-30": 0, "2010-06-30": 0, "2010-03-31": "", "2009-12-31": 0, "2008-12-31": 0}, "Financial Activities - Other": {"2020-09-30": -4.434, "2020-06-30": 49.864, "2020-03-31": "", "2019-12-31": -0.001, "2019-09-30": -0.462, "2019-06-30": -0.821, "2019-03-31": "-1.16000", "2018-12-31": -1.927, "2018-09-30": -11.002, "2018-06-30": -0.774, "2018-03-31": "-24.96900", "2017-12-31": -0.067, "2017-09-30": 0, "2017-06-30": 0, "2017-03-31": "", "2016-12-31": 0, "2016-09-30": 0, "2016-06-30": 0, "2016-03-31": "", "2015-12-31": 0.001, "2015-09-30": -0.24, "2015-06-30": -8.791, "2015-03-31": "", "2014-12-31": -0.516, "2014-09-30": -0.863, "2014-06-30": -1.857, "2014-03-31": "-18.85200", "2013-12-31": 0.001, "2013-09-30": -0.002, "2013-06-30": -0.982, "2013-03-31": "-1.24300", "2012-12-31": -8.044, "2012-09-30": 0.88, "2012-06-30": 0.345, "2012-03-31": "-1.59900", "2011-12-31": 0, "2011-09-30": 0, "2011-06-30": 580.236, "2011-03-31": "-52.32800", "2010-12-31": 0.005, "2010-09-30": -14.055, "2010-06-30": -3.281, "2010-03-31": "0.02100", "2009-12-31": -89.07, "2008-12-31": -1.57}, "Cash Flow From Financial Activities": {"2020-09-30": 145.573, "2020-06-30": 149.839, "2020-03-31": "25.89700", "2019-12-31": -118.153, "2019-09-30": -43.62, "2019-06-30": -112.429, "2019-03-31": "53.71300", "2018-12-31": -165.283, "2018-09-30": 913.998, "2018-06-30": -106.595, "2018-03-31": "-36.84300", "2017-12-31": 199.855, "2017-09-30": -50.171, "2017-06-30": -50.83, "2017-03-31": "-151.11500", "2016-12-31": -0.051, "2016-09-30": 124.868, "2016-06-30": 174.276, "2016-03-31": "148.92600", "2015-12-31": -0.128, "2015-09-30": 99.734, "2015-06-30": -19.824, "2015-03-31": "-0.14800", "2014-12-31": -0.545, "2014-09-30": -6.99, "2014-06-30": -12.726, "2014-03-31": "-118.92300", "2013-12-31": -0.031, "2013-09-30": -0.03, "2013-06-30": -113.941, "2013-03-31": "-1.32500", "2012-12-31": -8.044, "2012-09-30": -109.12, "2012-06-30": -8.033, "2012-03-31": "-1.59900", "2011-12-31": 110, "2011-09-30": -300, "2011-06-30": 580.236, "2011-03-31": "202.67200", "2010-12-31": 94.995, "2010-09-30": 135.945, "2010-06-30": 71.719, "2010-03-31": "440.02100", "2009-12-31": 188.61, "2008-12-31": 331.08}, "Net Cash Flow": {"2020-09-30": 137.369, "2020-06-30": 34.062, "2020-03-31": "-98.58900", "2019-12-31": 14.288, "2019-09-30": 30.249, "2019-06-30": 42.275, "2019-03-31": "-43.08200", "2018-12-31": -21.879, "2018-09-30": 61.009, "2018-06-30": -109.242, "2018-03-31": "-49.25800", "2017-12-31": 69.778, "2017-09-30": 3.663, "2017-06-30": -31.991, "2017-03-31": "-9.65900", "2016-12-31": 86.935, "2016-09-30": -5.617, "2016-06-30": -56.91, "2016-03-31": "-62.07500", "2015-12-31": -87.224, "2015-09-30": 113.424, "2015-06-30": -107.854, "2015-03-31": "-194.36600", "2014-12-31": -66.719, "2014-09-30": -21.005, "2014-06-30": 93.603, "2014-03-31": "-70.08000", "2013-12-31": 157.841, "2013-09-30": -68.607, "2013-06-30": 11.585, "2013-03-31": "-17.87500", "2012-12-31": 115.514, "2012-09-30": -230.301, "2012-06-30": -115.337, "2012-03-31": "72.19600", "2011-12-31": 16.65, "2011-09-30": -161.837, "2011-06-30": 527.575, "2011-03-31": "190.28900", "2010-12-31": -102.431, "2010-09-30": 40.638, "2010-06-30": -70.02, "2010-03-31": "92.72300", "2009-12-31": -116.81, "2008-12-31": 108.53}, "Stock-Based Compensation": {"2020-09-30": 8.699, "2020-06-30": 8.347, "2020-03-31": "9.34600", "2019-12-31": 4.988, "2019-09-30": 9.45, "2019-06-30": 9.491, "2019-03-31": "8.44100", "2018-12-31": 9.255, "2018-09-30": 8.89, "2018-06-30": 9.068, "2018-03-31": "8.01700", "2017-12-31": 9.968, "2017-09-30": 9.616, "2017-06-30": 10.499, "2017-03-31": "9.83000", "2016-12-31": 9.693, "2016-09-30": 9.229, "2016-06-30": 10.527, "2016-03-31": "10.63500", "2015-12-31": 12.657, "2015-09-30": 13.873, "2015-06-30": 23.344, "2015-03-31": "25.18300", "2014-12-31": 19.6, "2014-09-30": 19.043, "2014-06-30": 22.998, "2014-03-31": "17.90000", "2013-12-31": 18.234, "2013-09-30": 13.792, "2013-06-30": 18.062, "2013-03-31": "18.93800", "2012-12-31": 25.208, "2012-09-30": 19.364, "2012-06-30": 17.561, "2012-03-31": "21.29000", "2011-12-31": 21.702, "2011-09-30": 20.144, "2011-06-30": 8.684, "2011-03-31": "0.43600", "2010-12-31": 12.119, "2010-09-30": 0.419, "2010-06-30": 0.598, "2010-03-31": "0.65500", "2009-12-31": 0, "2008-12-31": 0}, "Common Stock Dividends Paid": {"2020-09-30": 0.007, "2020-06-30": -0.025, "2020-03-31": "-19.15600", "2019-12-31": -18.152, "2019-09-30": -18.158, "2019-06-30": -18.142, "2019-03-31": "-18.14700", "2018-12-31": 0, "2018-09-30": 0, "2018-06-30": 0, "2018-03-31": "", "2017-12-31": 0, "2017-09-30": 0, "2017-06-30": 0, "2017-03-31": "", "2016-12-31": 0, "2016-09-30": 0, "2016-06-30": 0, "2016-03-31": "", "2015-12-31": 0, "2015-09-30": 0, "2015-06-30": 0, "2015-03-31": "", "2014-12-31": 0, "2014-09-30": 0, "2014-06-30": 0, "2014-03-31": "", "2013-12-31": 0, "2013-09-30": 0, "2013-06-30": 0, "2013-03-31": "", "2012-12-31": 0, "2012-09-30": 0, "2012-06-30": 0, "2012-03-31": "", "2011-12-31": 0, "2011-09-30": 0, "2011-06-30": 0, "2011-03-31": "", "2010-12-31": 0, "2010-09-30": 0, "2010-06-30": 0, "2010-03-31": "", "2009-12-31": 0, "2008-12-31": 0}}, "financial ratios": {"Current Ratio": {"2019-12-31": "1.05090", "2018-12-31": "1.32630", "2017-12-31": "1.24460", "2016-12-31": "1.28420", "2015-12-31": "1.60740", "2014-12-31": "2.25170", "2013-12-31": "3.35100", "2012-12-31": "3.94270", "2011-12-31": "3.27580", "2010-12-31": "1.16150", "2009-12-31": "1.83840", "2008-12-31": ""}, "Long-term Debt / Capital": {"2019-12-31": "0.70460", "2018-12-31": "0.69250", "2017-12-31": "0.58850", "2016-12-31": "0.55010", "2015-12-31": "0.39370", "2014-12-31": "0.35850", "2013-12-31": "0.47560", "2012-12-31": "0.49290", "2011-12-31": "0.52090", "2010-12-31": "0.68720", "2009-12-31": "0.32370", "2008-12-31": ""}, "Debt/Equity Ratio": {"2019-12-31": "2.38570", "2018-12-31": "2.25240", "2017-12-31": "1.42990", "2016-12-31": "1.22260", "2015-12-31": "0.64950", "2014-12-31": "0.55890", "2013-12-31": "0.90700", "2012-12-31": "0.97190", "2011-12-31": "1.08750", "2010-12-31": "2.87010", "2009-12-31": "0.47870", "2008-12-31": ""}, "Gross Margin": {"2019-12-31": "61.35080", "2018-12-31": "41.68470", "2017-12-31": "46.15570", "2016-12-31": "16.53230", "2015-12-31": "44.53700", "2014-12-31": "78.06360", "2013-12-31": "61.61430", "2012-12-31": "70.82990", "2011-12-31": "68.63030", "2010-12-31": "-682.93360", "2009-12-31": "-117.03780", "2008-12-31": "-102.46280"}, "Operating Margin": {"2019-12-31": "18.32720", "2018-12-31": "-6.70410", "2017-12-31": "-4.51440", "2016-12-31": "-46.52330", "2015-12-31": "-17.55000", "2014-12-31": "38.97460", "2013-12-31": "16.90810", "2012-12-31": "19.75050", "2011-12-31": "29.04620", "2010-12-31": "-2077.12000", "2009-12-31": "-705.77740", "2008-12-31": "-638.93070"}, "EBIT Margin": {"2019-12-31": "18.32720", "2018-12-31": "-6.70410", "2017-12-31": "-4.51440", "2016-12-31": "-46.52330", "2015-12-31": "-17.55000", "2014-12-31": "38.97460", "2013-12-31": "16.90810", "2012-12-31": "19.75050", "2011-12-31": "29.04620", "2010-12-31": "-2077.12000", "2009-12-31": "-705.77740", "2008-12-31": "-638.93070"}, "EBITDA Margin": {"2019-12-31": "56.28430", "2018-12-31": "30.88740", "2017-12-31": "37.16150", "2016-12-31": "-7.44040", "2015-12-31": "17.71410", "2014-12-31": "62.60880", "2013-12-31": "44.32080", "2012-12-31": "48.76120", "2011-12-31": "52.19440", "2010-12-31": "-1742.53700", "2009-12-31": "-662.58950", "2008-12-31": "-629.46140"}, "Pre-Tax Profit Margin": {"2019-12-31": "1.66350", "2018-12-31": "-5.63630", "2017-12-31": "-27.92790", "2016-12-31": "-76.43960", "2015-12-31": "18.11790", "2014-12-31": "65.50850", "2013-12-31": "8.91320", "2012-12-31": "5.08950", "2011-12-31": "14.63450", "2010-12-31": "-3455.88900", "2009-12-31": "-772.67290", "2008-12-31": "-639.22030"}, "Net Profit Margin": {"2019-12-31": "-3.69410", "2018-12-31": "-10.41600", "2017-12-31": "-34.98420", "2016-12-31": "-73.64120", "2015-12-31": "-14.80970", "2014-12-31": "31.64810", "2013-12-31": "-10.68400", "2012-12-31": "-9.98780", "2011-12-31": "-0.30810", "2010-12-31": "-3458.08300", "2009-12-31": "-1287.64100", "2008-12-31": "-925.24690"}, "Asset Turnover": {"2019-12-31": "0.34970", "2018-12-31": "0.22070", "2017-12-31": "0.19950", "2016-12-31": "0.11530", "2015-12-31": "0.14720", "2014-12-31": "0.30160", "2013-12-31": "0.36330", "2012-12-31": "0.28360", "2011-12-31": "0.26520", "2010-12-31": "0.00550", "2009-12-31": "0.01000", "2008-12-31": ""}, "Inventory Turnover Ratio": {"2019-12-31": "5.10060", "2018-12-31": "6.20340", "2017-12-31": "4.77170", "2016-12-31": "4.32440", "2015-12-31": "3.07070", "2014-12-31": "3.49820", "2013-12-31": "6.89750", "2012-12-31": "5.88210", "2011-12-31": "7.83380", "2010-12-31": "1.94100", "2009-12-31": "1.12770", "2008-12-31": ""}, "Receiveable Turnover": {"2019-12-31": "8.66310", "2018-12-31": "6.44520", "2017-12-31": "3.95650", "2016-12-31": "2.68850", "2015-12-31": "3.41630", "2014-12-31": "5.39760", "2013-12-31": "39.95840", "2012-12-31": "5.00020", "2011-12-31": "2.18210", "2010-12-31": "0.03910", "2009-12-31": "0.10550", "2008-12-31": ""}, "Days Sales In Receivables": {"2019-12-31": "42.13300", "2018-12-31": "56.63110", "2017-12-31": "92.25420", "2016-12-31": "135.76570", "2015-12-31": "106.84140", "2014-12-31": "67.62320", "2013-12-31": "9.13450", "2012-12-31": "72.99770", "2011-12-31": "167.27230", "2010-12-31": "9338.10000", "2009-12-31": "3459.42700", "2008-12-31": ""}, "ROE - Return On Equity": {"2019-12-31": "-6.62670", "2018-12-31": "-9.98330", "2017-12-31": "-24.83440", "2016-12-31": "-26.24680", "2015-12-31": "-5.26860", "2014-12-31": "20.86470", "2013-12-31": "-9.17470", "2012-12-31": "-6.51450", "2011-12-31": "2.19030", "2010-12-31": "39.98500", "2009-12-31": "36.60540", "2008-12-31": ""}, "Return On Tangible Equity": {"2019-12-31": "-6.62670", "2018-12-31": "-9.98330", "2017-12-31": "-24.83440", "2016-12-31": "-26.24680", "2015-12-31": "-5.26860", "2014-12-31": "20.86470", "2013-12-31": "-9.17470", "2012-12-31": "-6.51450", "2011-12-31": "2.19030", "2010-12-31": "-67.47470", "2009-12-31": "-13.39410", "2008-12-31": ""}, "ROA - Return On Assets": {"2019-12-31": "-1.29200", "2018-12-31": "-2.29910", "2017-12-31": "-6.97840", "2016-12-31": "-8.49270", "2015-12-31": "-2.18030", "2014-12-31": "9.54500", "2013-12-31": "-3.88110", "2012-12-31": "-2.83280", "2011-12-31": "0.87610", "2010-12-31": "-14.52360", "2009-12-31": "-7.80260", "2008-12-31": ""}, "ROI - Return On Investment": {"2019-12-31": "-1.95720", "2018-12-31": "-3.06960", "2017-12-31": "-10.22020", "2016-12-31": "-11.80910", "2015-12-31": "-3.19410", "2014-12-31": "13.38410", "2013-12-31": "-4.81120", "2012-12-31": "-3.30370", "2011-12-31": "1.04930", "2010-12-31": "-21.10410", "2009-12-31": "-9.05820", "2008-12-31": ""}, "Book Value Per Share": {"2019-12-31": "2.09630", "2018-12-31": "2.36170", "2017-12-31": "2.30380", "2016-12-31": "2.79550", "2015-12-31": "3.44210", "2014-12-31": "3.46080", "2013-12-31": "2.56040", "2012-12-31": "2.64710", "2011-12-31": "2.61800", "2010-12-31": "19.09260", "2009-12-31": "31.89520", "2008-12-31": ""}, "Operating Cash Flow Per Share": {"2019-12-31": 0.9212, "2018-12-31": 0.0346, "2017-12-31": 0.4741, "2016-12-31": -1.0169, "2015-12-31": 0.0032, "2014-12-31": -0.2376, "2013-12-31": 0.3873, "2012-12-31": 0.0091, "2011-12-31": 0.99, "2010-12-31": 0, "2009-12-31": 0, "2008-12-31": 0}, "Free Cash Flow Per Share": {"2019-12-31": 0.5958, "2018-12-31": -0.6823, "2017-12-31": 2.0721, "2016-12-31": -0.3307, "2015-12-31": -1.1237, "2014-12-31": -0.3366, "2013-12-31": 0.5508, "2012-12-31": 0.301, "2011-12-31": -0.321, "2010-12-31": 0, "2009-12-31": 0, "2008-12-31": 0}}, "financial ratios, quarterly": {"Current Ratio": {"2020-09-30": "1.04820", "2020-06-30": "1.07150", "2020-03-31": "1.19130", "2019-12-31": "1.05090", "2019-09-30": "1.16440", "2019-06-30": "1.12890", "2019-03-31": "1.17020", "2018-12-31": "1.32630", "2018-09-30": "1.01960", "2018-06-30": "0.95760", "2018-03-31": "1.25210", "2017-12-31": "1.24460", "2017-09-30": "1.65710", "2017-06-30": "1.81860", "2017-03-31": "1.58310", "2016-12-31": "1.28420", "2016-09-30": "1.36870", "2016-06-30": "1.24730", "2016-03-31": "1.49820", "2015-12-31": "1.60740", "2015-09-30": "1.79510", "2015-06-30": "2.09390", "2015-03-31": "2.50460", "2014-12-31": "2.25170", "2014-09-30": "2.92900", "2014-06-30": "2.76980", "2014-03-31": "2.89900", "2013-12-31": "3.35100", "2013-09-30": "3.16520", "2013-06-30": "4.56980", "2013-03-31": "5.80930", "2012-12-31": "3.94270", "2012-09-30": "3.40950", "2012-06-30": "3.78410", "2012-03-31": "3.79480", "2011-12-31": "3.27580", "2011-09-30": "4.08320", "2011-06-30": "7.26350", "2011-03-31": "3.76950", "2010-12-31": "1.16150", "2010-09-30": "", "2010-06-30": "", "2010-03-31": "", "2009-12-31": "", "2008-12-31": ""}, "Long-term Debt / Capital": {"2020-09-30": "0.83740", "2020-06-30": "0.82270", "2020-03-31": "0.76150", "2019-12-31": "0.70460", "2019-09-30": "0.70270", "2019-06-30": "0.70660", "2019-03-31": "0.71470", "2018-12-31": "0.69250", "2018-09-30": "0.69140", "2018-06-30": "0.61080", "2018-03-31": "0.60000", "2017-12-31": "0.58850", "2017-09-30": "0.51700", "2017-06-30": "0.51480", "2017-03-31": "0.52540", "2016-12-31": "0.55010", "2016-09-30": "0.53900", "2016-06-30": "0.50270", "2016-03-31": "0.44270", "2015-12-31": "0.39370", "2015-09-30": "0.41100", "2015-06-30": "0.39650", "2015-03-31": "0.38210", "2014-12-31": "0.35850", "2014-09-30": "0.40000", "2014-06-30": "0.40960", "2014-03-31": "0.42450", "2013-12-31": "0.47560", "2013-09-30": "0.48120", "2013-06-30": "0.47330", "2013-03-31": "0.48370", "2012-12-31": "0.49290", "2012-09-30": "0.50700", "2012-06-30": "0.52880", "2012-03-31": "0.52490", "2011-12-31": "0.52090", "2011-09-30": "0.50900", "2011-06-30": "0.59320", "2011-03-31": "0.80680", "2010-12-31": "0.68720", "2010-09-30": "", "2010-06-30": "", "2010-03-31": "", "2009-12-31": "", "2008-12-31": ""}, "Debt/Equity Ratio": {"2020-09-30": "5.54870", "2020-06-30": "4.76380", "2020-03-31": "3.19300", "2019-12-31": "2.38570", "2019-09-30": "2.36380", "2019-06-30": "2.40820", "2019-03-31": "2.50500", "2018-12-31": "2.25240", "2018-09-30": "2.24030", "2018-06-30": "1.56930", "2018-03-31": "1.50010", "2017-12-31": "1.42990", "2017-09-30": "1.07050", "2017-06-30": "1.06080", "2017-03-31": "1.10680", "2016-12-31": "1.22260", "2016-09-30": "1.16920", "2016-06-30": "1.01070", "2016-03-31": "0.79430", "2015-12-31": "0.64950", "2015-09-30": "0.69770", "2015-06-30": "0.65710", "2015-03-31": "0.61830", "2014-12-31": "0.55890", "2014-09-30": "0.66680", "2014-06-30": "0.69390", "2014-03-31": "0.73750", "2013-12-31": "0.90700", "2013-09-30": "0.92760", "2013-06-30": "0.89870", "2013-03-31": "0.93680", "2012-12-31": "0.97190", "2012-09-30": "1.02860", "2012-06-30": "1.12210", "2012-03-31": "1.10480", "2011-12-31": "1.08750", "2011-09-30": "1.03660", "2011-06-30": "1.45810", "2011-03-31": "4.17550", "2010-12-31": "2.87010", "2010-09-30": "", "2010-06-30": "", "2010-03-31": "", "2009-12-31": "", "2008-12-31": ""}, "Gross Margin": {"2020-09-30": "56.29020", "2020-06-30": "17.95250", "2020-03-31": "40.25910", "2019-12-31": "49.10420", "2019-09-30": "66.85630", "2019-06-30": "69.46920", "2019-03-31": "62.88860", "2018-12-31": "58.75740", "2018-09-30": "18.74480", "2018-06-30": "40.92250", "2018-03-31": "46.56190", "2017-12-31": "46.79750", "2017-09-30": "49.63700", "2017-06-30": "71.61830", "2017-03-31": "17.34990", "2016-12-31": "43.34170", "2016-09-30": "-19.78570", "2016-06-30": "-51.24570", "2016-03-31": "14.29680", "2015-12-31": "55.95730", "2015-09-30": "55.87300", "2015-06-30": "71.46200", "2015-03-31": "1.14370", "2014-12-31": "54.18150", "2014-09-30": "73.67080", "2014-06-30": "85.88710", "2014-03-31": "87.71120", "2013-12-31": "75.27090", "2013-09-30": "49.77090", "2013-06-30": "39.52050", "2013-03-31": "78.69610", "2012-12-31": "86.60030", "2012-09-30": "62.81980", "2012-06-30": "67.61100", "2012-03-31": "59.69870", "2011-12-31": "77.82040", "2011-09-30": "84.88690", "2011-06-30": "21.54620", "2011-03-31": "70.20540", "2010-12-31": "-577.07640", "2010-09-30": "-853.72220", "2010-06-30": "-299.21470", "2010-03-31": "-971.59220", "2009-12-31": "", "2008-12-31": ""}, "Operating Margin": {"2020-09-30": "-2.41650", "2020-06-30": "-92.08650", "2020-03-31": "-28.50590", "2019-12-31": "16.53210", "2019-09-30": "15.32680", "2019-06-30": "23.55540", "2019-03-31": "17.74490", "2018-12-31": "13.23750", "2018-09-30": "-28.54900", "2018-06-30": "-2.15250", "2018-03-31": "-19.96670", "2017-12-31": "-2.66960", "2017-09-30": "-9.61440", "2017-06-30": "12.12090", "2017-03-31": "-17.74940", "2016-12-31": "-9.44640", "2016-09-30": "-88.37140", "2016-06-30": "-131.73660", "2016-03-31": "-64.86570", "2015-12-31": "-6.16160", "2015-09-30": "-9.89320", "2015-06-30": "6.84570", "2015-03-31": "-55.94420", "2014-12-31": "6.25890", "2014-09-30": "21.59110", "2014-06-30": "51.30570", "2014-03-31": "56.58380", "2013-12-31": "38.77100", "2013-09-30": "3.69860", "2013-06-30": "-13.62590", "2013-03-31": "34.72830", "2012-12-31": "43.72270", "2012-09-30": "15.38770", "2012-06-30": "5.49030", "2012-03-31": "-3.07940", "2011-12-31": "35.95760", "2011-09-30": "48.86300", "2011-06-30": "-13.78840", "2011-03-31": "21.57740", "2010-12-31": "-2477.74100", "2010-09-30": "-2667.95800", "2010-06-30": "-1324.34600", "2010-03-31": "-1682.48100", "2009-12-31": "", "2008-12-31": ""}, "EBIT Margin": {"2020-09-30": "-2.41650", "2020-06-30": "-92.08650", "2020-03-31": "-28.50590", "2019-12-31": "16.53210", "2019-09-30": "15.32680", "2019-06-30": "23.55540", "2019-03-31": "17.74490", "2018-12-31": "13.23750", "2018-09-30": "-28.54900", "2018-06-30": "-2.15250", "2018-03-31": "-19.96670", "2017-12-31": "-2.66970", "2017-09-30": "-9.61440", "2017-06-30": "12.12090", "2017-03-31": "-17.74940", "2016-12-31": "-9.44640", "2016-09-30": "-88.37140", "2016-06-30": "-131.73660", "2016-03-31": "-64.86570", "2015-12-31": "-6.16160", "2015-09-30": "-9.89320", "2015-06-30": "6.84570", "2015-03-31": "-55.94420", "2014-12-31": "6.25900", "2014-09-30": "21.59110", "2014-06-30": "51.30570", "2014-03-31": "56.58380", "2013-12-31": "38.77100", "2013-09-30": "3.69860", "2013-06-30": "-13.62590", "2013-03-31": "34.72830", "2012-12-31": "43.72270", "2012-09-30": "15.38770", "2012-06-30": "5.49030", "2012-03-31": "-3.07940", "2011-12-31": "35.95760", "2011-09-30": "48.86300", "2011-06-30": "-13.78840", "2011-03-31": "21.57740", "2010-12-31": "-2477.74100", "2010-09-30": "-2667.95800", "2010-06-30": "-1324.34600", "2010-03-31": "-1682.48100", "2009-12-31": "", "2008-12-31": ""}, "EBITDA Margin": {"2020-09-30": "", "2020-06-30": "", "2020-03-31": "", "2019-12-31": "", "2019-09-30": "", "2019-06-30": "", "2019-03-31": "", "2018-12-31": "", "2018-09-30": "", "2018-06-30": "", "2018-03-31": "", "2017-12-31": "", "2017-09-30": "", "2017-06-30": "", "2017-03-31": "", "2016-12-31": "", "2016-09-30": "", "2016-06-30": "", "2016-03-31": "", "2015-12-31": "", "2015-09-30": "", "2015-06-30": "", "2015-03-31": "", "2014-12-31": "", "2014-09-30": "", "2014-06-30": "", "2014-03-31": "", "2013-12-31": "", "2013-09-30": "", "2013-06-30": "", "2013-03-31": "", "2012-12-31": "", "2012-09-30": "", "2012-06-30": "", "2012-03-31": "", "2011-12-31": "", "2011-09-30": "", "2011-06-30": "", "2011-03-31": "", "2010-12-31": "", "2010-09-30": "", "2010-06-30": "", "2010-03-31": "", "2009-12-31": "", "2008-12-31": ""}, "Pre-Tax Profit Margin": {"2020-09-30": "-16.23400", "2020-06-30": "-193.86400", "2020-03-31": "-65.93730", "2019-12-31": "-0.49480", "2019-09-30": "11.07520", "2019-06-30": "12.48670", "2019-03-31": "-20.74870", "2018-12-31": "92.73830", "2018-09-30": "-45.83710", "2018-06-30": "-68.97290", "2018-03-31": "-58.63800", "2017-12-31": "-64.96010", "2017-09-30": "-42.92460", "2017-06-30": "10.42290", "2017-03-31": "-4.38520", "2016-12-31": "-27.22400", "2016-09-30": "-78.43580", "2016-06-30": "-271.18840", "2016-03-31": "-98.20060", "2015-12-31": "54.12820", "2015-09-30": "128.49930", "2015-06-30": "-40.88400", "2015-03-31": "-40.14120", "2014-12-31": "144.62120", "2014-09-30": "41.62190", "2014-06-30": "41.70870", "2014-03-31": "53.04630", "2013-12-31": "21.71240", "2013-09-30": "-4.76560", "2013-06-30": "-12.67590", "2013-03-31": "28.10320", "2012-12-31": "31.12790", "2012-09-30": "-4.62600", "2012-06-30": "-2.06090", "2012-03-31": "-18.23730", "2011-12-31": "28.19660", "2011-09-30": "43.91630", "2011-06-30": "1.92660", "2011-03-31": "-71.44120", "2010-12-31": "-4730.56500", "2010-09-30": "-4152.66600", "2010-06-30": "-1721.36100", "2010-03-31": "-2659.80300", "2009-12-31": "", "2008-12-31": ""}, "Net Profit Margin": {"2020-09-30": "-16.63090", "2020-06-30": "-156.61360", "2020-03-31": "-102.80460", "2019-12-31": "-7.77310", "2019-09-30": "4.50040", "2019-06-30": "4.25250", "2019-03-31": "-17.82610", "2018-12-31": "59.95640", "2018-09-30": "-50.37870", "2018-06-30": "-47.92850", "2018-03-31": "-39.49300", "2017-12-31": "-65.24660", "2017-09-30": "-41.92290", "2017-06-30": "-5.77860", "2017-03-31": "-18.97860", "2016-12-31": "-26.88260", "2016-09-30": "-89.69520", "2016-06-30": "-237.15740", "2016-03-31": "-94.94630", "2015-12-31": "19.69340", "2015-09-30": "63.22520", "2015-06-30": "-61.72740", "2015-03-31": "-59.52840", "2014-12-31": "72.28480", "2014-09-30": "13.82050", "2014-06-30": "17.16670", "2014-03-31": "31.62440", "2013-12-31": "1.94120", "2013-09-30": "-20.65570", "2013-06-30": "-36.54490", "2013-03-31": "8.79810", "2012-12-31": "14.45530", "2012-09-30": "-16.23840", "2012-06-30": "-22.04920", "2012-03-31": "-32.21100", "2011-12-31": "16.54200", "2011-09-30": "21.22870", "2011-06-30": "-13.15380", "2011-03-31": "-74.93760", "2010-12-31": "-2174.41800", "2010-09-30": "-4990.44300", "2010-06-30": "-2548.63900", "2010-03-31": "-3313.58900", "2009-12-31": "", "2008-12-31": ""}, "Asset Turnover": {"2020-09-30": "0.05490", "2020-06-30": "0.03190", "2020-03-31": "0.04250", "2019-12-31": "0.10660", "2019-09-30": "0.07990", "2019-06-30": "0.08870", "2019-03-31": "0.06590", "2018-12-31": "0.07570", "2018-09-30": "0.05780", "2018-06-30": "0.07420", "2018-03-31": "0.04200", "2017-12-31": "0.05860", "2017-09-30": "0.05090", "2017-06-30": "0.04760", "2017-03-31": "0.04770", "2016-12-31": "0.06310", "2016-09-30": "0.02020", "2016-06-30": "0.01390", "2016-03-31": "0.01920", "2015-12-31": "0.03800", "2015-09-30": "0.03070", "2015-06-30": "0.04440", "2015-03-31": "0.04700", "2014-12-31": "0.06090", "2014-09-30": "0.05320", "2014-06-30": "0.12770", "2014-03-31": "0.09820", "2013-12-31": "0.09150", "2013-09-30": "0.09380", "2013-06-30": "0.08710", "2013-03-31": "0.09680", "2012-12-31": "0.09240", "2012-09-30": "0.09630", "2012-06-30": "0.04580", "2012-03-31": "0.04730", "2011-12-31": "0.08690", "2011-09-30": "0.10160", "2011-06-30": "0.05250", "2011-03-31": "0.05190", "2010-12-31": "0.00180", "2010-09-30": "", "2010-06-30": "", "2010-03-31": "", "2009-12-31": "", "2008-12-31": ""}, "Inventory Turnover Ratio": {"2020-09-30": "0.69080", "2020-06-30": "0.80170", "2020-03-31": "0.75830", "2019-12-31": "2.04730", "2019-09-30": "0.84380", "2019-06-30": "1.11380", "2019-03-31": "1.26170", "2018-12-31": "1.50480", "2018-09-30": "2.25900", "2018-06-30": "1.79080", "2018-03-31": "0.85260", "2017-12-31": "1.38520", "2017-09-30": "1.02550", "2017-06-30": "0.52070", "2017-03-31": "1.48770", "2016-12-31": "1.60660", "2016-09-30": "0.97260", "2016-06-30": "0.97190", "2016-03-31": "0.79210", "2015-12-31": "0.63020", "2015-09-30": "0.55080", "2015-06-30": "0.49610", "2015-03-31": "1.77680", "2014-12-31": "1.47460", "2014-09-30": "0.63280", "2014-06-30": "1.16610", "2014-03-31": "0.68560", "2013-12-31": "1.11910", "2013-09-30": "3.26660", "2013-06-30": "2.19130", "2013-03-31": "1.61540", "2012-12-31": "0.88030", "2012-09-30": "2.18470", "2012-06-30": "0.72370", "2012-03-31": "1.16850", "2011-12-31": "1.81420", "2011-09-30": "1.06600", "2011-06-30": "2.33730", "2011-03-31": "0.96170", "2010-12-31": "0.54070", "2010-09-30": "", "2010-06-30": "", "2010-03-31": "", "2009-12-31": "", "2008-12-31": ""}, "Receiveable Turnover": {"2020-09-30": "2.63580", "2020-06-30": "1.09230", "2020-03-31": "0.87840", "2019-12-31": "2.64050", "2019-09-30": "2.76640", "2019-06-30": "2.46010", "2019-03-31": "1.59420", "2018-12-31": "2.21060", "2018-09-30": "1.08080", "2018-06-30": "1.38830", "2018-03-31": "1.30580", "2017-12-31": "1.16240", "2017-09-30": "1.05870", "2017-06-30": "0.91800", "2017-03-31": "0.85080", "2016-12-31": "1.47150", "2016-09-30": "0.72520", "2016-06-30": "0.32780", "2016-03-31": "0.65490", "2015-12-31": "0.88290", "2015-09-30": "0.73890", "2015-06-30": "0.84350", "2015-03-31": "0.86510", "2014-12-31": "1.08930", "2014-09-30": "1.19140", "2014-06-30": "2.09720", "2014-03-31": "2.18240", "2013-12-31": "10.06310", "2013-09-30": "1.13560", "2013-06-30": "4.23630", "2013-03-31": "1.66380", "2012-12-31": "1.62910", "2012-09-30": "1.00530", "2012-06-30": "0.69410", "2012-03-31": "0.90200", "2011-12-31": "0.71470", "2011-09-30": "0.73060", "2011-06-30": "0.44300", "2011-03-31": "0.40970", "2010-12-31": "0.01260", "2010-09-30": "", "2010-06-30": "", "2010-03-31": "", "2009-12-31": "", "2008-12-31": ""}, "Days Sales In Receivables": {"2020-09-30": "34.14550", "2020-06-30": "82.39860", "2020-03-31": "102.46410", "2019-12-31": "34.08490", "2019-09-30": "32.53310", "2019-06-30": "36.58430", "2019-03-31": "56.45450", "2018-12-31": "40.71260", "2018-09-30": "83.26890", "2018-06-30": "64.82780", "2018-03-31": "68.92330", "2017-12-31": "77.42480", "2017-09-30": "85.00910", "2017-06-30": "98.04030", "2017-03-31": "105.77660", "2016-12-31": "61.16310", "2016-09-30": "124.10140", "2016-06-30": "274.56940", "2016-03-31": "137.41970", "2015-12-31": "101.93720", "2015-09-30": "121.80660", "2015-06-30": "106.70440", "2015-03-31": "104.03530", "2014-12-31": "82.62400", "2014-09-30": "75.53930", "2014-06-30": "42.91490", "2014-03-31": "41.23980", "2013-12-31": "8.94360", "2013-09-30": "79.24990", "2013-06-30": "21.24480", "2013-03-31": "54.09180", "2012-12-31": "55.24660", "2012-09-30": "89.52830", "2012-06-30": "129.66450", "2012-03-31": "99.77550", "2011-12-31": "125.92460", "2011-09-30": "123.19350", "2011-06-30": "203.14190", "2011-03-31": "219.64680", "2010-12-31": "7144.77400", "2010-09-30": "", "2010-06-30": "", "2010-03-31": "", "2009-12-31": "", "2008-12-31": ""}, "ROE - Return On Equity": {"2020-09-30": "-8.78460", "2020-06-30": "-43.90060", "2020-03-31": "-28.32950", "2019-12-31": "-4.25010", "2019-09-30": "1.80300", "2019-06-30": "1.90420", "2019-03-31": "-6.03540", "2018-12-31": "19.71000", "2018-09-30": "-13.48300", "2018-06-30": "-13.87830", "2018-03-31": "-5.95520", "2017-12-31": "-13.60800", "2017-09-30": "-6.28240", "2017-06-30": "-0.79660", "2017-03-31": "-2.71750", "2016-12-31": "-5.24420", "2016-09-30": "-5.29700", "2016-06-30": "-9.19020", "2016-03-31": "-4.62280", "2015-12-31": "1.81060", "2015-09-30": "4.67550", "2015-06-30": "-6.18770", "2015-03-31": "-6.14100", "2014-12-31": "9.61720", "2014-09-30": "1.60570", "2014-06-30": "4.90100", "2014-03-31": "6.91130", "2013-12-31": "0.41980", "2013-09-30": "-4.58500", "2013-06-30": "-7.07150", "2013-03-31": "1.88230", "2012-12-31": "3.07180", "2012-09-30": "-3.72860", "2012-06-30": "-2.51130", "2012-03-31": "-3.73660", "2011-12-31": "3.36260", "2011-09-30": "5.36710", "2011-06-30": "-1.01960", "2011-03-31": "7.98970", "2010-12-31": "10.65250", "2010-09-30": "", "2010-06-30": "", "2010-03-31": "", "2009-12-31": "", "2008-12-31": ""}, "Return On Tangible Equity": {"2020-09-30": "-8.78460", "2020-06-30": "-43.90060", "2020-03-31": "-28.32950", "2019-12-31": "-4.25010", "2019-09-30": "1.80300", "2019-06-30": "1.90420", "2019-03-31": "-6.03540", "2018-12-31": "19.71000", "2018-09-30": "-13.48300", "2018-06-30": "-13.87830", "2018-03-31": "-5.95520", "2017-12-31": "-13.60800", "2017-09-30": "-6.28240", "2017-06-30": "-0.79660", "2017-03-31": "-2.71750", "2016-12-31": "-5.24420", "2016-09-30": "-5.29700", "2016-06-30": "-9.19020", "2016-03-31": "-4.62280", "2015-12-31": "1.81060", "2015-09-30": "4.67550", "2015-06-30": "-6.18770", "2015-03-31": "-6.14100", "2014-12-31": "9.61720", "2014-09-30": "1.60570", "2014-06-30": "4.90100", "2014-03-31": "6.91130", "2013-12-31": "0.41980", "2013-09-30": "-4.58500", "2013-06-30": "-7.07150", "2013-03-31": "1.88230", "2012-12-31": "3.07180", "2012-09-30": "-3.72860", "2012-06-30": "-2.51130", "2012-03-31": "-3.73660", "2011-12-31": "3.36260", "2011-09-30": "5.36710", "2011-06-30": "-1.01960", "2011-03-31": "-17.55360", "2010-12-31": "-17.97610", "2010-09-30": "", "2010-06-30": "", "2010-03-31": "", "2009-12-31": "", "2008-12-31": ""}, "ROA - Return On Assets": {"2020-09-30": "-0.91330", "2020-06-30": "-5.00170", "2020-03-31": "-4.36830", "2019-12-31": "-0.82860", "2019-09-30": "0.35950", "2019-06-30": "0.37700", "2019-03-31": "-1.17520", "2018-12-31": "4.53910", "2018-09-30": "-2.91160", "2018-06-30": "-3.55690", "2018-03-31": "-1.65730", "2017-12-31": "-3.82380", "2017-09-30": "-2.13450", "2017-06-30": "-0.27520", "2017-03-31": "-0.90610", "2016-12-31": "-1.69690", "2016-09-30": "-1.81000", "2016-06-30": "-3.28930", "2016-03-31": "-1.82370", "2015-12-31": "0.74930", "2015-09-30": "1.94090", "2015-06-30": "-2.74300", "2015-03-31": "-2.79630", "2014-12-31": "4.39960", "2014-09-30": "0.73460", "2014-06-30": "2.19180", "2014-03-31": "3.10640", "2013-12-31": "0.17760", "2013-09-30": "-1.93840", "2013-06-30": "-3.18170", "2013-03-31": "0.85190", "2012-12-31": "1.33580", "2012-09-30": "-1.56310", "2012-06-30": "-1.00920", "2012-03-31": "-1.52290", "2011-12-31": "1.34500", "2011-09-30": "2.26010", "2011-06-30": "-0.37660", "2011-03-31": "-2.97450", "2010-12-31": "-3.86930", "2010-09-30": "", "2010-06-30": "", "2010-03-31": "", "2009-12-31": "", "2008-12-31": ""}, "ROI - Return On Investment": {"2020-09-30": "-1.42850", "2020-06-30": "-7.78310", "2020-03-31": "-6.75640", "2019-12-31": "-1.25530", "2019-09-30": "0.53600", "2019-06-30": "0.55870", "2019-03-31": "-1.72200", "2018-12-31": "6.06020", "2018-09-30": "-4.16100", "2018-06-30": "-5.40160", "2018-03-31": "-2.38200", "2017-12-31": "-5.60020", "2017-09-30": "-3.03430", "2017-06-30": "-0.38660", "2017-03-31": "-1.28990", "2016-12-31": "-2.35950", "2016-09-30": "-2.44200", "2016-06-30": "-4.57060", "2016-03-31": "-2.57640", "2015-12-31": "1.09770", "2015-09-30": "2.75400", "2015-06-30": "-3.73400", "2015-03-31": "-3.79480", "2014-12-31": "6.16920", "2014-09-30": "0.96340", "2014-06-30": "2.89340", "2014-03-31": "3.97770", "2013-12-31": "0.22020", "2013-09-30": "-2.37870", "2013-06-30": "-3.72440", "2013-03-31": "0.97190", "2012-12-31": "1.55780", "2012-09-30": "-1.83800", "2012-06-30": "-1.18340", "2012-03-31": "-1.77520", "2011-12-31": "1.61090", "2011-09-30": "2.63530", "2011-06-30": "-0.41480", "2011-03-31": "-3.39170", "2010-12-31": "-5.62240", "2010-09-30": "", "2010-06-30": "", "2010-03-31": "", "2009-12-31": "", "2008-12-31": ""}, "Book Value Per Share": {"2020-09-30": "1.04970", "2020-06-30": "1.12060", "2020-03-31": "1.59250", "2019-12-31": "2.09630", "2019-09-30": "2.21930", "2019-06-30": "2.20300", "2019-03-31": "2.18460", "2018-12-31": "2.36170", "2018-09-30": "2.15620", "2018-06-30": "1.86830", "2018-03-31": "2.13130", "2017-12-31": "2.30380", "2017-09-30": "2.59210", "2017-06-30": "2.73110", "2017-03-31": "2.73790", "2016-12-31": "2.79550", "2016-09-30": "2.91810", "2016-06-30": "3.05210", "2016-03-31": "3.31320", "2015-12-31": "3.44210", "2015-09-30": "3.34730", "2015-06-30": "3.15680", "2015-03-31": "3.31520", "2014-12-31": "3.46080", "2014-09-30": "3.07860", "2014-06-30": "2.98080", "2014-03-31": "2.79860", "2013-12-31": "2.56040", "2013-09-30": "2.50360", "2013-06-30": "2.58220", "2013-03-31": "2.74710", "2012-12-31": "2.64710", "2012-09-30": "2.49960", "2012-06-30": "2.54150", "2012-03-31": "2.57470", "2011-12-31": "2.61800", "2011-09-30": "2.47630", "2011-06-30": "2.28900", "2011-03-31": "16.30900", "2010-12-31": "19.09260", "2010-09-30": "", "2010-06-30": "", "2010-03-31": "", "2009-12-31": "", "2008-12-31": ""}, "Operating Cash Flow Per Share": {"2020-09-30": 0.2061, "2020-06-30": -0.1132, "2020-03-31": "-0.04190", "2019-12-31": 0.5911, "2019-09-30": 0.4291, "2019-06-30": 0.588, "2019-03-31": "-0.04320", "2018-12-31": 0.4207, "2018-09-30": 0.222, "2018-06-30": 0.0441, "2018-03-31": "-0.04300", "2017-12-31": 0.3665, "2017-09-30": 0.2878, "2017-06-30": 0.0333, "2017-03-31": "-0.07840", "2016-12-31": 0.3051, "2016-09-30": -0.1074, "2016-06-30": -0.1032, "2016-03-31": "0.04060", "2015-12-31": 0.4544, "2015-09-30": 0.4792, "2015-06-30": 0.242, "2015-03-31": "-0.02360", "2014-12-31": 0.1748, "2014-09-30": 0.2248, "2014-06-30": 0.4514, "2014-03-31": "0.29780", "2013-12-31": 0.6414, "2013-09-30": 0.0097, "2013-06-30": 0.5573, "2013-03-31": "0.17800", "2012-12-31": 0.5971, "2012-09-30": -0.0314, "2012-06-30": 0.041, "2012-03-31": "0.39240", "2011-12-31": 0.2667, "2011-09-30": 0.7233, "2011-06-30": 0, "2011-03-31": "", "2010-12-31": 0, "2010-09-30": 0, "2010-06-30": 0, "2010-03-31": "", "2009-12-31": 0, "2008-12-31": 0}, "Free Cash Flow Per Share": {"2020-09-30": 0.0077, "2020-06-30": -0.2401, "2020-03-31": "-0.24830", "2019-12-31": 0.3572, "2019-09-30": 0.2117, "2019-06-30": 0.3978, "2019-03-31": "-0.24130", "2018-12-31": 0.2505, "2018-09-30": 0.1186, "2018-06-30": -0.1043, "2018-03-31": "-0.13520", "2017-12-31": 0.2615, "2017-09-30": 0.1372, "2017-06-30": 0.048, "2017-03-31": "0.36520", "2016-12-31": 0.2233, "2016-09-30": -0.3347, "2016-06-30": -0.5999, "2016-03-31": "-0.54890", "2015-12-31": -0.2665, "2015-09-30": 0.0505, "2015-06-30": -0.203, "2015-03-31": "-0.51050", "2014-12-31": -0.1693, "2014-09-30": -0.0477, "2014-06-30": 0.2768, "2014-03-31": "0.13440", "2013-12-31": 0.4429, "2013-09-30": -0.1963, "2013-06-30": 0.3306, "2013-03-31": "-0.04640", "2012-12-31": 0.3324, "2012-09-30": -0.2599, "2012-06-30": -0.2922, "2012-03-31": "0.19970", "2011-12-31": -0.2753, "2011-09-30": -0.0457, "2011-06-30": 0, "2011-03-31": "", "2010-12-31": 0, "2010-09-30": 0, "2010-06-30": 0, "2010-03-31": "", "2009-12-31": 0, "2008-12-31": 0}}, "revenue": {"Kosmos Energy Annual Revenue (Millions of US $)": {"2019": "$1,510", "2018": "$902", "2017": "$637", "2016": "$385", "2015": "$472", "2014": "$883", "2013": "$852", "2012": "$671", "2011": "$677", "2010": "$9", "2009": "$10", "2008": "$8"}, "Kosmos Energy Quarterly Revenue (Millions of US $)": {"2020-09-30": "$225", "2020-06-30": "$127", "2020-03-31": "$178", "2019-12-31": "$460", "2019-09-30": "$357", "2019-06-30": "$396", "2019-03-31": "$297", "2018-12-31": "$310", "2018-09-30": "$250", "2018-06-30": "$215", "2018-03-31": "$127", "2017-12-31": "$187", "2017-09-30": "$151", "2017-06-30": "$147", "2017-03-31": "$152", "2016-12-31": "$211", "2016-09-30": "$67", "2016-06-30": "$46", "2016-03-31": "$62", "2015-12-31": "$122", "2015-09-30": "$95", "2015-06-30": "$122", "2015-03-31": "$133", "2014-12-31": "$178", "2014-09-30": "$138", "2014-06-30": "$329", "2014-03-31": "$237", "2013-12-31": "$215", "2013-09-30": "$215", "2013-06-30": "$194", "2013-03-31": "$228", "2012-12-31": "$219", "2012-09-30": "$223", "2012-06-30": "$113", "2012-03-31": "$117", "2011-12-31": "$222", "2011-09-30": "$233", "2011-06-30": "$127", "2011-03-31": "$95", "2010-12-31": "$3", "2010-09-30": "$2", "2010-06-30": "$2", "2010-03-31": "$2", "2009-12-31": "", "2008-12-31": ""}}, "gross-profit": {"Kosmos Energy Annual Gross Profit (Millions of US $)": {"2019": "$926", "2018": "$376", "2017": "$294", "2016": "$64", "2015": "$210", "2014": "$689", "2013": "$525", "2012": "$475", "2011": "$464", "2010": "$-64", "2009": "$-12", "2008": "$-8"}, "Kosmos Energy Quarterly Gross Profit (Millions of US $)": {"2020-09-30": "$127", "2020-06-30": "$23", "2020-03-31": "$72", "2019-12-31": "$226", "2019-09-30": "$239", "2019-06-30": "$275", "2019-03-31": "$187", "2018-12-31": "$182", "2018-09-30": "$47", "2018-06-30": "$88", "2018-03-31": "$59", "2017-12-31": "$88", "2017-09-30": "$75", "2017-06-30": "$105", "2017-03-31": "$26", "2016-12-31": "$91", "2016-09-30": "$-13", "2016-06-30": "$-23", "2016-03-31": "$9", "2015-12-31": "$68", "2015-09-30": "$53", "2015-06-30": "$87", "2015-03-31": "$2", "2014-12-31": "$97", "2014-09-30": "$102", "2014-06-30": "$283", "2014-03-31": "$208", "2013-12-31": "$162", "2013-09-30": "$107", "2013-06-30": "$77", "2013-03-31": "$180", "2012-12-31": "$189", "2012-09-30": "$140", "2012-06-30": "$76", "2012-03-31": "$70", "2011-12-31": "$173", "2011-09-30": "$198", "2011-06-30": "$27", "2011-03-31": "$67", "2010-12-31": "$-17", "2010-09-30": "$-17", "2010-06-30": "$-6", "2010-03-31": "$-24", "2009-12-31": "", "2008-12-31": ""}}, "operating-income": {"Kosmos Energy Annual Operating Income (Millions of US $)": {"2019": "$277", "2018": "$-60", "2017": "$-29", "2016": "$-179", "2015": "$-83", "2014": "$344", "2013": "$144", "2012": "$133", "2011": "$197", "2010": "$-194", "2009": "$-72", "2008": "$-49"}, "Kosmos Energy Quarterly Operating Income (Millions of US $)": {"2020-09-30": "$-5", "2020-06-30": "$-117", "2020-03-31": "$-51", "2019-12-31": "$76", "2019-09-30": "$55", "2019-06-30": "$93", "2019-03-31": "$53", "2018-12-31": "$41", "2018-09-30": "$-71", "2018-06-30": "$-5", "2018-03-31": "$-25", "2017-12-31": "$-5", "2017-09-30": "$-15", "2017-06-30": "$18", "2017-03-31": "$-27", "2016-12-31": "$-20", "2016-09-30": "$-59", "2016-06-30": "$-60", "2016-03-31": "$-40", "2015-12-31": "$-8", "2015-09-30": "$-9", "2015-06-30": "$8", "2015-03-31": "$-74", "2014-12-31": "$11", "2014-09-30": "$30", "2014-06-30": "$169", "2014-03-31": "$134", "2013-12-31": "$83", "2013-09-30": "$8", "2013-06-30": "$-26", "2013-03-31": "$79", "2012-12-31": "$96", "2012-09-30": "$34", "2012-06-30": "$6", "2012-03-31": "$-4", "2011-12-31": "$80", "2011-09-30": "$114", "2011-06-30": "$-17", "2011-03-31": "$21", "2010-12-31": "$-75", "2010-09-30": "$-53", "2010-06-30": "$-25", "2010-03-31": "$-41", "2009-12-31": "", "2008-12-31": ""}}, "ebitda": {"Kosmos Energy Annual EBITDA (Millions of US $)": {"2019": "$850", "2018": "$279", "2017": "$237", "2016": "$-29", "2015": "$84", "2014": "$553", "2013": "$378", "2012": "$327", "2011": "$353", "2010": "$-163", "2009": "$-68", "2008": "$-48"}, "Kosmos Energy Quarterly EBITDA (Millions of US $)": {"2020-09-30": "$108", "2020-06-30": "$7", "2020-03-31": "$45", "2019-12-31": "$226", "2019-09-30": "$204", "2019-06-30": "$247", "2019-03-31": "$173", "2018-12-31": "$165", "2018-09-30": "$11", "2018-06-30": "$72", "2018-03-31": "$31", "2017-12-31": "$72", "2017-09-30": "$62", "2017-06-30": "$93", "2017-03-31": "$11", "2016-12-31": "$57", "2016-09-30": "$-38", "2016-06-30": "$-41", "2016-03-31": "$-6", "2015-12-31": "$40", "2015-09-30": "$29", "2015-06-30": "$48", "2015-03-31": "$-35", "2014-12-31": "$59", "2014-09-30": "$69", "2014-06-30": "$241", "2014-03-31": "$183", "2013-12-31": "$133", "2013-09-30": "$69", "2013-06-30": "$35", "2013-03-31": "$141", "2012-12-31": "$155", "2012-09-30": "$100", "2012-06-30": "$41", "2012-03-31": "$30", "2011-12-31": "$133", "2011-09-30": "$159", "2011-06-30": "$8", "2011-03-31": "$54", "2010-12-31": "$-66", "2010-09-30": "$-45", "2010-06-30": "$-18", "2010-03-31": "$-35", "2009-12-31": "", "2008-12-31": ""}}, "net-income": {"Kosmos Energy Annual Net Income (Millions of US $)": {"2019": "$-56", "2018": "$-94", "2017": "$-223", "2016": "$-284", "2015": "$-70", "2014": "$279", "2013": "$-91", "2012": "$-67", "2011": "$-2", "2010": "$-323", "2009": "$-131", "2008": "$-70"}, "Kosmos Energy Quarterly Net Income (Millions of US $)": {"2020-09-30": "$-37", "2020-06-30": "$-199", "2020-03-31": "$-183", "2019-12-31": "$-36", "2019-09-30": "$16", "2019-06-30": "$17", "2019-03-31": "$-53", "2018-12-31": "$186", "2018-09-30": "$-126", "2018-06-30": "$-103", "2018-03-31": "$-50", "2017-12-31": "$-122", "2017-09-30": "$-63", "2017-06-30": "$-8", "2017-03-31": "$-29", "2016-12-31": "$-57", "2016-09-30": "$-60", "2016-06-30": "$-108", "2016-03-31": "$-59", "2015-12-31": "$24", "2015-09-30": "$60", "2015-06-30": "$-75", "2015-03-31": "$-79", "2014-12-31": "$129", "2014-09-30": "$19", "2014-06-30": "$57", "2014-03-31": "$75", "2013-12-31": "$4", "2013-09-30": "$-44", "2013-06-30": "$-71", "2013-03-31": "$20", "2012-12-31": "$32", "2012-09-30": "$-36", "2012-06-30": "$-25", "2012-03-31": "$-38", "2011-12-31": "$37", "2011-09-30": "$49", "2011-06-30": "$-17", "2011-03-31": "$-71", "2010-12-31": "$-65", "2010-09-30": "$-99", "2010-06-30": "$-49", "2010-03-31": "$-81", "2009-12-31": "", "2008-12-31": ""}}, "eps-earnings-per-share-diluted": {"Kosmos Energy Annual EPS": {"2019": "$-0.14", "2018": "$-0.23", "2017": "$-0.57", "2016": "$-0.74", "2015": "$-0.18", "2014": "$0.72", "2013": "$-0.24", "2012": "$-0.18", "2011": "$0.09", "2010": "$0.00", "2009": "$0.00", "2008": "$0.00"}, "Kosmos Energy Quarterly EPS": {"2020-09-30": "$-0.09", "2020-06-30": "$-0.49", "2020-03-31": "$-0.45", "2019-12-31": "$-0.09", "2019-09-30": "$0.04", "2019-06-30": "$0.04", "2019-03-31": "$-0.13", "2018-12-31": "$0.47", "2018-09-30": "$-0.31", "2018-06-30": "$-0.26", "2018-03-31": "$-0.13", "2017-12-31": "$-0.32", "2017-09-30": "$-0.16", "2017-06-30": "$-0.02", "2017-03-31": "$-0.07", "2016-12-31": "$-0.16", "2016-09-30": "$-0.15", "2016-06-30": "$-0.28", "2016-03-31": "$-0.15", "2015-12-31": "$0.08", "2015-09-30": "$0.15", "2015-06-30": "$-0.20", "2015-03-31": "$-0.21", "2014-12-31": "$0.33", "2014-09-30": "$0.05", "2014-06-30": "$0.15", "2014-03-31": "$0.19", "2013-12-31": "$0.02", "2013-09-30": "$-0.12", "2013-06-30": "$-0.19", "2013-03-31": "$0.05", "2012-12-31": "$0.09", "2012-09-30": "$-0.10", "2012-06-30": "$-0.07", "2012-03-31": "$-0.10", "2011-12-31": "$-0.04", "2011-09-30": "$0.13", "2011-06-30": "$0.00", "2011-03-31": "$0.00", "2010-12-31": "$0.00", "2010-09-30": "$0.00", "2010-06-30": "$0.00", "2010-03-31": "$0.00", "2009-12-31": "$0.00", "2008-12-31": "$0.00"}}, "shares-outstanding": {"Kosmos Energy Annual Shares Outstanding (Millions of Shares)": {"2019": "401", "2018": "405", "2017": "388", "2016": "385", "2015": "383", "2014": "386", "2013": "377", "2012": "372", "2011": "369", "2010": "", "2009": "", "2008": ""}, "Kosmos Energy Quarterly Shares Outstanding (Millions of Shares)": {"2020-09-30": "405", "2020-06-30": "405", "2020-03-31": "405", "2019-12-31": "401", "2019-09-30": "411", "2019-06-30": "408", "2019-03-31": "401", "2018-12-31": "405", "2018-09-30": "405", "2018-06-30": "397", "2018-03-31": "396", "2017-12-31": "388", "2017-09-30": "389", "2017-06-30": "388", "2017-03-31": "387", "2016-12-31": "385", "2016-09-30": "386", "2016-06-30": "385", "2016-03-31": "384", "2015-12-31": "383", "2015-09-30": "391", "2015-06-30": "382", "2015-03-31": "380", "2014-12-31": "386", "2014-09-30": "382", "2014-06-30": "382", "2014-03-31": "381", "2013-12-31": "377", "2013-09-30": "378", "2013-06-30": "377", "2013-03-31": "376", "2012-12-31": "372", "2012-09-30": "373", "2012-06-30": "371", "2012-03-31": "369", "2011-12-31": "369", "2011-09-30": "369", "2011-06-30": "", "2011-03-31": "", "2010-12-31": "", "2010-09-30": "", "2010-06-30": "", "2010-03-31": "", "2009-12-31": "", "2008-12-31": ""}}, "total-assets": {"Kosmos Energy Annual Total Assets (Millions of US $)": {"2019": "$4,317", "2018": "$4,088", "2017": "$3,193", "2016": "$3,341", "2015": "$3,203", "2014": "$2,927", "2013": "$2,346", "2012": "$2,366", "2011": "$2,552", "2010": "$1,692", "2009": "$1,022", "2008": "$0"}, "Kosmos Energy Quarterly Total Assets (Millions of US $)": {"2020-09-30": "$4,094", "2020-06-30": "$3,986", "2020-03-31": "$4,184", "2019-12-31": "$4,317", "2019-09-30": "$4,468", "2019-06-30": "$4,466", "2019-03-31": "$4,502", "2018-12-31": "$4,088", "2018-09-30": "$4,329", "2018-06-30": "$2,903", "2018-03-31": "$3,031", "2017-12-31": "$3,193", "2017-09-30": "$2,970", "2017-06-30": "$3,076", "2017-03-31": "$3,183", "2016-12-31": "$3,341", "2016-09-30": "$3,302", "2016-06-30": "$3,293", "2016-03-31": "$3,235", "2015-12-31": "$3,203", "2015-09-30": "$3,105", "2015-06-30": "$2,741", "2015-03-31": "$2,822", "2014-12-31": "$2,927", "2014-09-30": "$2,603", "2014-06-30": "$2,578", "2014-03-31": "$2,413", "2013-12-31": "$2,346", "2013-09-30": "$2,295", "2013-06-30": "$2,226", "2013-03-31": "$2,359", "2012-12-31": "$2,366", "2012-09-30": "$2,319", "2012-06-30": "$2,462", "2012-03-31": "$2,465", "2011-12-31": "$2,552", "2011-09-30": "$2,291", "2011-06-30": "$2,414", "2011-03-31": "$1,837", "2010-12-31": "$1,692", "2010-09-30": "$0", "2010-06-30": "$0", "2010-03-31": "$0", "2009-12-31": "$1,022", "2008-12-31": "$0"}}, "cash-on-hand": {"Kosmos Energy Annual Cash on Hand (Millions of US $)": {"2019": "$229", "2018": "$178", "2017": "$290", "2016": "$219", "2015": "$304", "2014": "$571", "2013": "$620", "2012": "$537", "2011": "$697", "2010": "$180", "2009": "$140", "2008": "$"}, "Kosmos Energy Quarterly Cash on Hand (Millions of US $)": {"2020-09-30": "$302", "2020-06-30": "$164", "2020-03-31": "$130", "2019-12-31": "$229", "2019-09-30": "$211", "2019-06-30": "$177", "2019-03-31": "$135", "2018-12-31": "$178", "2018-09-30": "$198", "2018-06-30": "$137", "2018-03-31": "$234", "2017-12-31": "$290", "2017-09-30": "$220", "2017-06-30": "$203", "2017-03-31": "$219", "2016-12-31": "$219", "2016-09-30": "$135", "2016-06-30": "$140", "2016-03-31": "$241", "2015-12-31": "$304", "2015-09-30": "$403", "2015-06-30": "$284", "2015-03-31": "$376", "2014-12-31": "$571", "2014-09-30": "$635", "2014-06-30": "$641", "2014-03-31": "$548", "2013-12-31": "$620", "2013-09-30": "$460", "2013-06-30": "$528", "2013-03-31": "$518", "2012-12-31": "$537", "2012-09-30": "$421", "2012-06-30": "$653", "2012-03-31": "$769", "2011-12-31": "$697", "2011-09-30": "$679", "2011-06-30": "$844", "2011-03-31": "$291", "2010-12-31": "$180", "2010-09-30": "", "2010-06-30": "", "2010-03-31": "", "2009-12-31": "$140", "2008-12-31": ""}}, "long-term-debt": {"Kosmos Energy Annual Long Term Debt (Millions of US $)": {"2019": "$2,008", "2018": "$2,121", "2017": "$1,283", "2016": "$1,322", "2015": "$861", "2014": "$748", "2013": "$900", "2012": "$1,000", "2011": "$1,110", "2010": "$800", "2009": "$285", "2008": "$"}, "Kosmos Energy Quarterly Long Term Debt (Millions of US $)": {"2020-09-30": "$2,191", "2020-06-30": "$2,108", "2020-03-31": "$2,060", "2019-12-31": "$2,008", "2019-09-30": "$2,106", "2019-06-30": "$2,129", "2019-03-31": "$2,196", "2018-12-31": "$2,121", "2018-09-30": "$2,095", "2018-06-30": "$1,168", "2018-03-31": "$1,265", "2017-12-31": "$1,283", "2017-09-30": "$1,080", "2017-06-30": "$1,128", "2017-03-31": "$1,175", "2016-12-31": "$1,322", "2016-09-30": "$1,319", "2016-06-30": "$1,191", "2016-03-31": "$1,014", "2015-12-31": "$861", "2015-09-30": "$899", "2015-06-30": "$799", "2015-03-31": "$794", "2014-12-31": "$748", "2014-09-30": "$794", "2014-06-30": "$800", "2014-03-31": "$800", "2013-12-31": "$900", "2013-09-30": "$900", "2013-06-30": "$900", "2013-03-31": "$1,000", "2012-12-31": "$1,000", "2012-09-30": "$1,000", "2012-06-30": "$1,110", "2012-03-31": "$1,110", "2011-12-31": "$1,110", "2011-09-30": "$1,000", "2011-06-30": "$1,300", "2011-03-31": "$1,300", "2010-12-31": "$800", "2010-09-30": "", "2010-06-30": "", "2010-03-31": "", "2009-12-31": "$285", "2008-12-31": ""}}, "total-liabilities": {"Kosmos Energy Annual Total Liabilities (Millions of US $)": {"2019": "$3,476", "2018": "$3,147", "2017": "$2,295", "2016": "$2,260", "2015": "$1,878", "2014": "$1,588", "2013": "$1,353", "2012": "$1,337", "2011": "$1,531", "2010": "$1,327", "2009": "$427", "2008": "$0"}, "Kosmos Energy Quarterly Total Liabilities (Millions of US $)": {"2020-09-30": "$3,668", "2020-06-30": "$3,532", "2020-03-31": "$3,539", "2019-12-31": "$3,476", "2019-09-30": "$3,577", "2019-06-30": "$3,582", "2019-03-31": "$3,625", "2018-12-31": "$3,147", "2018-09-30": "$3,395", "2018-06-30": "$2,159", "2018-03-31": "$2,187", "2017-12-31": "$2,295", "2017-09-30": "$1,961", "2017-06-30": "$2,014", "2017-03-31": "$2,122", "2016-12-31": "$2,260", "2016-09-30": "$2,174", "2016-06-30": "$2,115", "2016-03-31": "$1,959", "2015-12-31": "$1,878", "2015-09-30": "$1,816", "2015-06-30": "$1,526", "2015-03-31": "$1,537", "2014-12-31": "$1,588", "2014-09-30": "$1,412", "2014-06-30": "$1,425", "2014-03-31": "$1,329", "2013-12-31": "$1,353", "2013-09-30": "$1,325", "2013-06-30": "$1,224", "2013-03-31": "$1,291", "2012-12-31": "$1,337", "2012-09-30": "$1,347", "2012-06-30": "$1,472", "2012-03-31": "$1,460", "2011-12-31": "$1,531", "2011-09-30": "$1,326", "2011-06-30": "$1,522", "2011-03-31": "$1,526", "2010-12-31": "$1,327", "2010-09-30": "$0", "2010-06-30": "$0", "2010-03-31": "$0", "2009-12-31": "$427", "2008-12-31": "$0"}}, "total-share-holder-equity": {"Kosmos Energy Annual Share Holder Equity (Millions of US $)": {"2019": "$842", "2018": "$941", "2017": "$897", "2016": "$1,081", "2015": "$1,326", "2014": "$1,339", "2013": "$992", "2012": "$1,029", "2011": "$1,021", "2010": "$364", "2009": "$595", "2008": "$0"}, "Kosmos Energy Quarterly Share Holder Equity (Millions of US $)": {"2020-09-30": "$426", "2020-06-30": "$454", "2020-03-31": "$645", "2019-12-31": "$842", "2019-09-30": "$891", "2019-06-30": "$884", "2019-03-31": "$877", "2018-12-31": "$941", "2018-09-30": "$935", "2018-06-30": "$744", "2018-03-31": "$843", "2017-12-31": "$897", "2017-09-30": "$1,009", "2017-06-30": "$1,063", "2017-03-31": "$1,061", "2016-12-31": "$1,081", "2016-09-30": "$1,128", "2016-06-30": "$1,179", "2016-03-31": "$1,276", "2015-12-31": "$1,326", "2015-09-30": "$1,289", "2015-06-30": "$1,215", "2015-03-31": "$1,285", "2014-12-31": "$1,339", "2014-09-30": "$1,191", "2014-06-30": "$1,153", "2014-03-31": "$1,085", "2013-12-31": "$992", "2013-09-30": "$970", "2013-06-30": "$1,001", "2013-03-31": "$1,067", "2012-12-31": "$1,029", "2012-09-30": "$972", "2012-06-30": "$989", "2012-03-31": "$1,005", "2011-12-31": "$1,021", "2011-09-30": "$965", "2011-06-30": "$892", "2011-03-31": "$311", "2010-12-31": "$364", "2010-09-30": "$0", "2010-06-30": "$0", "2010-03-31": "$0", "2009-12-31": "$595", "2008-12-31": "$0"}}, "profit-margins": {"current": "-45.99%"}, "gross margin": {"2020-09-30": "45.25%", "2020-06-30": "49.91%", "2020-03-31": "58.38%", "2019-12-31": "61.39%", "2019-09-30": "64.93%", "2019-06-30": "55.15%", "2019-03-31": "47.01%", "2018-12-31": "41.69%", "2018-09-30": "36.20%", "2018-06-30": "45.59%", "2018-03-31": "53.43%", "2017-12-31": "46.15%", "2017-09-30": "44.93%", "2017-06-30": "36.22%", "2017-03-31": "17.02%", "2016-12-31": "16.58%", "2016-09-30": "13.80%", "2016-06-30": "32.92%", "2016-03-31": "54.11%", "2015-12-31": "44.49%", "2015-09-30": "45.27%", "2015-06-30": "50.44%", "2015-03-31": "62.21%", "2014-12-31": "78.23%", "2014-09-30": "82.15%", "2014-06-30": "76.31%", "2014-03-31": "64.34%", "2013-12-31": "61.74%", "2013-09-30": "64.60%", "2013-06-30": "67.82%", "2013-03-31": "74.71%", "2012-12-31": "70.68%", "2012-09-30": "68.00%", "2012-06-30": "75.47%", "2012-03-31": "66.95%", "2011-12-31": "68.69%", "2011-09-30": "60.04%", "2011-06-30": "26.43%", "2011-03-31": "26.47%", "2010-12-31": "-711.11%"}, "operating margin": {"2020-09-30": "-9.80%", "2020-06-30": "-3.30%", "2020-03-31": "12.44%", "2019-12-31": "18.34%", "2019-09-30": "17.79%", "2019-06-30": "9.26%", "2019-03-31": "1.68%", "2018-12-31": "-6.65%", "2018-09-30": "-13.61%", "2018-06-30": "-7.35%", "2018-03-31": "-4.41%", "2017-12-31": "-4.55%", "2017-09-30": "-6.66%", "2017-06-30": "-15.25%", "2017-03-31": "-34.87%", "2016-12-31": "-46.37%", "2016-09-30": "-56.23%", "2016-06-30": "-36.00%", "2016-03-31": "-12.22%", "2015-12-31": "-17.58%", "2015-09-30": "-12.12%", "2015-06-30": "-4.38%", "2015-03-31": "17.48%", "2014-12-31": "39.00%", "2014-09-30": "45.27%", "2014-06-30": "39.56%", "2014-03-31": "23.11%", "2013-12-31": "16.90%", "2013-09-30": "18.34%", "2013-06-30": "21.18%", "2013-03-31": "27.46%", "2012-12-31": "19.64%", "2012-09-30": "17.19%", "2012-06-30": "28.61%", "2012-03-31": "24.75%", "2011-12-31": "29.25%", "2011-09-30": "9.39%", "2011-06-30": "-54.63%", "2011-03-31": "-129.41%", "2010-12-31": "-2155.56%"}, "ebitda margin": {"2020-09-30": "38.99%", "2020-06-30": "42.96%", "2020-03-31": "51.91%", "2019-12-31": "56.29%", "2019-09-30": "58.01%", "2019-06-30": "47.57%", "2019-03-31": "39.27%", "2018-12-31": "30.93%", "2018-09-30": "23.88%", "2018-06-30": "34.85%", "2018-03-31": "42.16%", "2017-12-31": "37.36%", "2017-09-30": "33.74%", "2017-06-30": "21.32%", "2017-03-31": "-2.31%", "2016-12-31": "-7.25%", "2016-09-30": "-15.15%", "2016-06-30": "6.77%", "2016-03-31": "27.68%", "2015-12-31": "17.37%", "2015-09-30": "19.13%", "2015-06-30": "24.69%", "2015-03-31": "42.93%", "2014-12-31": "62.59%", "2014-09-30": "68.12%", "2014-06-30": "62.85%", "2014-03-31": "48.78%", "2013-12-31": "44.37%", "2013-09-30": "46.73%", "2013-06-30": "49.88%", "2013-03-31": "55.81%", "2012-12-31": "48.51%", "2012-09-30": "45.04%", "2012-06-30": "52.99%", "2012-03-31": "47.21%", "2011-12-31": "52.29%", "2011-09-30": "33.84%", "2011-06-30": "-21.59%", "2011-03-31": "-73.53%", "2010-12-31": "-1822.22%"}, "pre tax profit margin": {"2020-09-30": "-40.61%", "2020-06-30": "-29.06%", "2020-03-31": "-2.16%", "2019-12-31": "1.66%", "2019-09-30": "23.09%", "2019-06-30": "12.69%", "2019-03-31": "-3.64%", "2018-12-31": "-5.76%", "2018-09-30": "-59.18%", "2018-06-30": "-60.44%", "2018-03-31": "-40.36%", "2017-12-31": "-28.10%", "2017-09-30": "-17.25%", "2017-06-30": "-17.50%", "2017-03-31": "-50.42%", "2016-12-31": "-76.17%", "2016-09-30": "-57.58%", "2016-06-30": "0.92%", "2016-03-31": "19.20%", "2015-12-31": "18.01%", "2015-09-30": "52.46%", "2015-06-30": "37.30%", "2015-03-31": "51.41%", "2014-12-31": "65.65%", "2014-09-30": "40.04%", "2014-06-30": "30.12%", "2014-03-31": "16.03%", "2013-12-31": "8.92%", "2013-09-30": "11.33%", "2013-06-30": "11.23%", "2013-03-31": "15.33%", "2012-12-31": "5.21%", "2012-09-30": "4.44%", "2012-06-30": "20.73%", "2012-03-31": "20.89%", "2011-12-31": "14.62%", "2011-09-30": "-23.14%", "2011-06-30": "-128.19%", "2011-03-31": "-319.61%", "2010-12-31": "-3588.89%"}, "net profit margin": {"2020-09-30": "-45.96%", "2020-06-30": "-35.83%", "2020-03-31": "-13.37%", "2019-12-31": "-3.71%", "2019-09-30": "12.21%", "2019-06-30": "1.92%", "2019-03-31": "-8.96%", "2018-12-31": "-10.31%", "2018-09-30": "-51.48%", "2018-06-30": "-49.71%", "2018-03-31": "-39.71%", "2017-12-31": "-34.85%", "2017-09-30": "-23.75%", "2017-06-30": "-26.69%", "2017-03-31": "-53.36%", "2016-12-31": "-73.58%", "2016-09-30": "-68.35%", "2016-06-30": "-25.54%", "2016-03-31": "-12.47%", "2015-12-31": "-14.83%", "2015-09-30": "6.63%", "2015-06-30": "-1.05%", "2015-03-31": "16.20%", "2014-12-31": "31.75%", "2014-09-30": "16.87%", "2014-06-30": "9.24%", "2014-03-31": "-4.18%", "2013-12-31": "-10.68%", "2013-09-30": "-7.36%", "2013-06-30": "-6.37%", "2013-03-31": "-1.15%", "2012-12-31": "-9.97%", "2012-09-30": "-9.19%", "2012-06-30": "3.36%", "2012-03-31": "4.43%", "2011-12-31": "-0.30%", "2011-09-30": "-22.71%", "2011-06-30": "-111.01%", "2011-03-31": "-278.43%", "2010-12-31": "-3266.67%"}, "pe ratio": {"current": "0.00", "2021-02-05": "0.00", "2020-09-30": "0.00", "2020-06-30": "0.00", "2020-03-31": "0.00", "2019-12-31": "0.00", "2019-09-30": "16.02", "2019-06-30": "202.43", "2019-03-31": "0.00", "2018-12-31": "0.00", "2018-09-30": "0.00", "2018-06-30": "0.00", "2018-03-31": "0.00", "2017-12-31": "0.00", "2017-09-30": "0.00", "2017-06-30": "0.00", "2017-03-31": "0.00", "2016-12-31": "0.00", "2016-09-30": "0.00", "2016-06-30": "0.00", "2016-03-31": "0.00", "2015-12-31": "0.00", "2015-09-30": "76.04", "2015-06-30": "0.00", "2015-03-31": "23.58", "2014-12-31": "11.12", "2014-09-30": "23.75", "2014-06-30": "46.57", "2014-03-31": "0.00", "2013-12-31": "0.00", "2013-09-30": "0.00", "2013-06-30": "0.00", "2013-03-31": "0.00", "2012-12-31": "0.00", "2012-09-30": "0.00", "2012-06-30": "210.81", "2012-03-31": "140.33"}, "price sales": {"2021-02-05": "1.09", "2020-09-30": "0.40", "2020-06-30": "0.60", "2020-03-31": "0.26", "2019-12-31": "1.50", "2019-09-30": "1.82", "2019-06-30": "1.96", "2019-03-31": "2.24", "2018-12-31": "1.73", "2018-09-30": "4.54", "2018-06-30": "4.55", "2018-03-31": "3.83", "2017-12-31": "3.98", "2017-09-30": "4.45", "2017-06-30": "4.10", "2017-03-31": "5.16", "2016-12-31": "6.69", "2016-09-30": "7.93", "2016-06-30": "6.17", "2016-03-31": "5.32", "2015-12-31": "4.03", "2015-09-30": "3.88", "2015-06-30": "5.39", "2015-03-31": "3.71", "2014-12-31": "3.47", "2014-09-30": "3.93", "2014-06-30": "4.08", "2014-03-31": "4.61", "2013-12-31": "4.71", "2013-09-30": "4.30", "2013-06-30": "4.20", "2013-03-31": "5.14", "2012-12-31": "6.53", "2012-09-30": "5.97", "2012-06-30": "5.69", "2012-03-31": "8.16"}, "price book": {"current": "2.55", "2021-02-05": "2.55", "2020-09-30": "0.93", "2020-06-30": "1.48", "2020-03-31": "0.56", "2019-12-31": "2.67", "2019-09-30": "2.74", "2019-06-30": "2.76", "2019-03-31": "2.74", "2018-12-31": "1.64", "2018-09-30": "4.14", "2018-06-30": "4.22", "2018-03-31": "2.82", "2017-12-31": "2.84", "2017-09-30": "2.93", "2017-06-30": "2.24", "2017-03-31": "2.32", "2016-12-31": "2.39", "2016-09-30": "2.10", "2016-06-30": "1.70", "2016-03-31": "1.68", "2015-12-31": "1.44", "2015-09-30": "1.59", "2015-06-30": "2.55", "2015-03-31": "2.28", "2014-12-31": "2.31", "2014-09-30": "3.09", "2014-06-30": "3.59", "2014-03-31": "3.75", "2013-12-31": "4.17", "2013-09-30": "3.92", "2013-06-30": "3.75", "2013-03-31": "3.92", "2012-12-31": "4.45", "2012-09-30": "4.35", "2012-06-30": "4.15", "2012-03-31": "4.91", "2011-12-31": "4.47", "2011-09-30": "4.51", "2011-06-30": "7.08"}, "price fcf": {"2021-02-05": "", "2020-09-30": "$-0.12", "2020-06-30": "$0.08", "2020-03-31": "$0.72", "2019-12-31": "$0.73", "2019-09-30": "$0.62", "2019-06-30": "$0.53", "2019-03-31": "$0.02", "2018-12-31": "$0.13", "2018-09-30": "$0.14", "2018-06-30": "$0.16", "2018-03-31": "$0.31", "2017-12-31": "$0.81", "2017-09-30": "$0.77", "2017-06-30": "$0.30", "2017-03-31": "$-0.35", "2016-12-31": "$-1.26", "2016-09-30": "$-1.75", "2016-06-30": "$-1.36", "2016-03-31": "$-0.97", "2015-12-31": "$-0.93", "2015-09-30": "$-0.83", "2015-06-30": "$-0.93", "2015-03-31": "$-0.45", "2014-12-31": "$0.19", "2014-09-30": "$0.81", "2014-06-30": "$0.66", "2014-03-31": "$0.71", "2013-12-31": "$0.53", "2013-09-30": "$0.42", "2013-06-30": "$0.36", "2013-03-31": "$-0.27", "2012-12-31": "$-0.02", "2012-09-30": "$-0.63", "2012-06-30": "$-0.41", "2012-03-31": "$-0.12"}, "net worth": {"value": "$1.09B"}, "current ratio": {"2020-09-30": "1.05", "2020-06-30": "1.07", "2020-03-31": "1.19", "2019-12-31": "1.05", "2019-09-30": "1.16", "2019-06-30": "1.13", "2019-03-31": "1.17", "2018-12-31": "1.33", "2018-09-30": "1.02", "2018-06-30": "0.96", "2018-03-31": "1.25", "2017-12-31": "1.25", "2017-09-30": "1.66", "2017-06-30": "1.82", "2017-03-31": "1.58", "2016-12-31": "1.28", "2016-09-30": "1.37", "2016-06-30": "1.25", "2016-03-31": "1.50", "2015-12-31": "1.61", "2015-09-30": "1.80", "2015-06-30": "2.09", "2015-03-31": "2.51", "2014-12-31": "2.25", "2014-09-30": "2.93", "2014-06-30": "2.77", "2014-03-31": "2.90", "2013-12-31": "3.35", "2013-09-30": "3.17", "2013-06-30": "4.57", "2013-03-31": "5.81", "2012-12-31": "3.94", "2012-09-30": "3.41", "2012-06-30": "3.78", "2012-03-31": "3.80", "2011-12-31": "3.28", "2011-09-30": "4.08", "2011-06-30": "7.26", "2011-03-31": "3.77", "2010-12-31": "1.16", "2010-09-30": "0.00", "2010-06-30": "0.00", "2010-03-31": "0.00", "2009-12-31": "1.84", "2008-12-31": "0.00"}, "quick ratio": {"2020-09-30": "0.80", "2020-06-30": "0.78", "2020-03-31": "0.92", "2019-12-31": "0.84", "2019-09-30": "0.87", "2019-06-30": "0.88", "2019-03-31": "0.96", "2018-12-31": "1.11", "2018-09-30": "0.88", "2018-06-30": "0.80", "2018-03-31": "1.03", "2017-12-31": "1.08", "2017-09-30": "1.40", "2017-06-30": "1.54", "2017-03-31": "1.34", "2016-12-31": "1.08", "2016-09-30": "1.08", "2016-06-30": "1.05", "2016-03-31": "1.32", "2015-12-31": "1.42", "2015-09-30": "1.63", "2015-06-30": "1.86", "2015-03-31": "2.28", "2014-12-31": "2.13", "2014-09-30": "2.73", "2014-06-30": "2.65", "2014-03-31": "2.74", "2013-12-31": "3.14", "2013-09-30": "3.02", "2013-06-30": "4.20", "2013-03-31": "5.57", "2012-12-31": "3.77", "2012-09-30": "3.24", "2012-06-30": "3.58", "2012-03-31": "3.64", "2011-12-31": "3.20", "2011-09-30": "3.96", "2011-06-30": "7.02", "2011-03-31": "3.60", "2010-12-31": "1.08", "2010-09-30": "0.00", "2010-06-30": "0.00", "2010-03-31": "0.00", "2009-12-31": "1.70", "2008-12-31": "0.00"}, "debt equity ratio": {"current": "5.15", "2020-09-30": "8.62", "2020-06-30": "7.78", "2020-03-31": "5.49", "2019-12-31": "4.13", "2019-09-30": "4.02", "2019-06-30": "4.05", "2019-03-31": "4.14", "2018-12-31": "3.34", "2018-09-30": "3.63", "2018-06-30": "2.90", "2018-03-31": "2.59", "2017-12-31": "2.56", "2017-09-30": "1.94", "2017-06-30": "1.89", "2017-03-31": "2.00", "2016-12-31": "2.09", "2016-09-30": "1.93", "2016-06-30": "1.79", "2016-03-31": "1.54", "2015-12-31": "1.42", "2015-09-30": "1.41", "2015-06-30": "1.26", "2015-03-31": "1.20", "2014-12-31": "1.19", "2014-09-30": "1.19", "2014-06-30": "1.24", "2014-03-31": "1.23", "2013-12-31": "1.36", "2013-09-30": "1.37", "2013-06-30": "1.22", "2013-03-31": "1.21", "2012-12-31": "1.30", "2012-09-30": "1.39", "2012-06-30": "1.49", "2012-03-31": "1.45", "2011-12-31": "1.50", "2011-09-30": "1.38", "2011-06-30": "1.71", "2011-03-31": "4.90", "2010-12-31": "3.65", "2010-09-30": "0.00", "2010-06-30": "0.00", "2010-03-31": "0.00", "2009-12-31": "0.72", "2008-12-31": "0.00"}, "return on equity": {"2020-09-30": "-76.89%", "2020-06-30": "-56.78%", "2020-03-31": "-22.81%", "2019-12-31": "-6.41%", "2019-09-30": "18.48%", "2019-06-30": "2.64%", "2019-03-31": "-10.98%", "2018-12-31": "-10.74%", "2018-09-30": "-46.91%", "2018-06-30": "-38.71%", "2018-03-31": "-25.50%", "2017-12-31": "-22.03%", "2017-09-30": "-14.90%", "2017-06-30": "-14.22%", "2017-03-31": "-22.84%", "2016-12-31": "-24.36%", "2016-09-30": "-16.54%", "2016-06-30": "-6.55%", "2016-03-31": "-3.92%", "2015-12-31": "-5.47%", "2015-09-30": "2.73%", "2015-06-30": "-0.48%", "2015-03-31": "10.14%", "2014-12-31": "23.49%", "2014-09-30": "14.02%", "2014-06-30": "8.76%", "2014-03-31": "-3.56%", "2013-12-31": "-9.03%", "2013-09-30": "-6.20%", "2013-06-30": "-5.41%", "2013-03-31": "-0.89%", "2012-12-31": "-6.71%", "2012-09-30": "-6.22%", "2012-06-30": "2.31%", "2012-03-31": "3.19%", "2011-12-31": "-0.25%", "2011-09-30": "-16.43%", "2011-06-30": "-64.33%", "2011-03-31": "-168.30%", "2010-12-31": "-323.08%"}, "return on assets": {"2020-09-30": "-10.98%", "2020-06-30": "-9.48%", "2020-03-31": "-4.27%", "2019-12-31": "-1.26%", "2019-09-30": "3.79%", "2019-06-30": "0.55%", "2019-03-31": "-2.43%", "2018-12-31": "-2.59%", "2018-09-30": "-11.92%", "2018-06-30": "-11.18%", "2018-03-31": "-7.92%", "2017-12-31": "-7.15%", "2017-09-30": "-5.00%", "2017-06-30": "-4.77%", "2017-03-31": "-7.74%", "2016-12-31": "-8.63%", "2016-09-30": "-6.23%", "2016-06-30": "-2.59%", "2016-03-31": "-1.63%", "2015-12-31": "-2.36%", "2015-09-30": "1.21%", "2015-06-30": "-0.22%", "2015-03-31": "4.61%", "2014-12-31": "10.65%", "2014-09-30": "6.24%", "2014-06-30": "3.82%", "2014-03-31": "-1.55%", "2013-12-31": "-3.95%", "2013-09-30": "-2.73%", "2013-06-30": "-2.37%", "2013-03-31": "-0.38%", "2012-12-31": "-2.79%", "2012-09-30": "-2.53%", "2012-06-30": "0.94%", "2012-03-31": "1.28%", "2011-12-31": "-0.09%", "2011-09-30": "-5.05%", "2011-06-30": "-16.96%", "2011-03-31": "-32.19%", "2010-12-31": "-69.50%"}, "return on investments": {"2020-09-30": "-3.61%", "2020-06-30": "-1.33%", "2020-03-31": "5.98%", "2019-12-31": "9.29%", "2019-09-30": "7.97%", "2019-06-30": "3.81%", "2019-03-31": "0.65%", "2018-12-31": "-2.37%", "2018-09-30": "-4.59%", "2018-06-30": "-2.41%", "2018-03-31": "-1.26%", "2017-12-31": "-1.33%", "2017-09-30": "-1.97%", "2017-06-30": "-3.79%", "2017-03-31": "-7.02%", "2016-12-31": "-7.53%", "2016-09-30": "-7.19%", "2016-06-30": "-5.18%", "2016-03-31": "-2.26%", "2015-12-31": "-3.92%", "2015-09-30": "-3.06%", "2015-06-30": "-1.22%", "2015-03-31": "6.71%", "2014-12-31": "17.40%", "2014-09-30": "21.57%", "2014-06-30": "20.74%", "2014-03-31": "10.55%", "2013-12-31": "7.45%", "2013-09-30": "7.98%", "2013-06-30": "9.19%", "2013-03-31": "10.53%", "2012-12-31": "6.43%", "2012-09-30": "5.58%", "2012-06-30": "9.43%", "2012-03-31": "8.24%", "2011-12-31": "10.03%", "2011-09-30": "2.48%", "2011-06-30": "-9.99%", "2011-03-31": "-19.03%", "2010-12-31": "-66.67%"}, "return on tangible equity": {"2020-09-30": "-76.89%", "2020-06-30": "-56.78%", "2020-03-31": "-22.81%", "2019-12-31": "-6.41%", "2019-09-30": "18.48%", "2019-06-30": "2.64%", "2019-03-31": "-10.98%", "2018-12-31": "-10.74%", "2018-09-30": "-46.91%", "2018-06-30": "-38.71%", "2018-03-31": "-25.50%", "2017-12-31": "-22.03%", "2017-09-30": "-14.90%", "2017-06-30": "-14.22%", "2017-03-31": "-22.84%", "2016-12-31": "-24.36%", "2016-09-30": "-16.54%", "2016-06-30": "-6.55%", "2016-03-31": "-3.92%", "2015-12-31": "-5.47%", "2015-09-30": "2.73%", "2015-06-30": "-0.48%", "2015-03-31": "10.14%", "2014-12-31": "23.49%", "2014-09-30": "14.02%", "2014-06-30": "8.76%", "2014-03-31": "-3.56%", "2013-12-31": "-9.03%", "2013-09-30": "-6.20%", "2013-06-30": "-5.41%", "2013-03-31": "-0.89%", "2012-12-31": "-6.71%", "2012-09-30": "-6.22%", "2012-06-30": "2.31%", "2012-03-31": "3.19%", "2011-12-31": "-0.25%", "2011-09-30": "-16.43%", "2011-06-30": "-64.33%", "2011-03-31": "-168.30%", "2010-12-31": "-323.08%"}, "dividend yield history": {"last payout": "$0.00", "last yield": "0.00%"}}