{"ticker": "KR", "price": {"title": "Kroger Historical Annual Stock Price Data", "value": 33.15, "historical": {"2021": {"Average Stock Price": "33.4538", "Year Open": "32.1300", "Year High": "38.7500", "Year Low": "31.5200", "Year Close": "33.1500", "Annual % Change": "4.38%"}, "2020": {"Average Stock Price": "32.2051", "Year Open": "28.6600", "Year High": "36.6000", "Year Low": "26.8600", "Year Close": "31.7600", "Annual % Change": "9.56%"}, "2019": {"Average Stock Price": "25.3521", "Year Open": "27.3000", "Year High": "29.8000", "Year Low": "20.8200", "Year Close": "28.9900", "Annual % Change": "5.42%"}, "2018": {"Average Stock Price": "27.7643", "Year Open": "28.3000", "Year High": "32.5600", "Year Low": "22.9800", "Year Close": "27.5000", "Annual % Change": "0.18%"}, "2017": {"Average Stock Price": "26.5125", "Year Open": "33.7200", "Year High": "34.9100", "Year Low": "19.9400", "Year Close": "27.4500", "Annual % Change": "-20.46%"}, "2016": {"Average Stock Price": "35.0810", "Year Open": "41.1600", "Year High": "42.0900", "Year Low": "28.8400", "Year Close": "34.5100", "Annual % Change": "-17.50%"}, "2015": {"Average Stock Price": "36.9866", "Year Open": "31.7650", "Year High": "42.6400", "Year Low": "31.5400", "Year Close": "41.8300", "Annual % Change": "30.29%"}, "2014": {"Average Stock Price": "24.4073", "Year Open": "19.6400", "Year High": "32.2550", "Year Low": "17.6900", "Year Close": "32.1050", "Annual % Change": "62.43%"}, "2013": {"Average Stock Price": "17.8807", "Year Open": "13.1850", "Year High": "21.7100", "Year Low": "12.6400", "Year Close": "19.7650", "Annual % Change": "51.92%"}, "2012": {"Average Stock Price": "11.8182", "Year Open": "12.2600", "Year High": "13.4500", "Year Low": "10.5550", "Year Close": "13.0100", "Annual % Change": "7.43%"}, "2011": {"Average Stock Price": "11.6929", "Year Open": "11.0050", "Year High": "12.9150", "Year Low": "10.6450", "Year Close": "12.1100", "Annual % Change": "8.32%"}, "2010": {"Average Stock Price": "10.7728", "Year Open": "10.2400", "Year High": "11.9300", "Year Low": "9.5800", "Year Close": "11.1800", "Annual % Change": "8.91%"}, "2009": {"Average Stock Price": "10.9770", "Year Open": "13.2700", "Year High": "13.3350", "Year Low": "9.7300", "Year Close": "10.2650", "Annual % Change": "-22.26%"}, "2008": {"Average Stock Price": "13.3578", "Year Open": "12.8350", "Year High": "15.1750", "Year Low": "11.8100", "Year Close": "13.2050", "Annual % Change": "-1.12%"}, "2007": {"Average Stock Price": "13.7885", "Year Open": "11.5850", "Year High": "15.7050", "Year Low": "11.5850", "Year Close": "13.3550", "Annual % Change": "15.78%"}, "2006": {"Average Stock Price": "10.6422", "Year Open": "9.4750", "Year High": "12.1450", "Year Low": "9.1350", "Year Close": "11.5350", "Annual % Change": "22.19%"}, "2005": {"Average Stock Price": "9.1133", "Year Open": "8.5750", "Year High": "10.3100", "Year Low": "7.6350", "Year Close": "9.4400", "Annual % Change": "7.64%"}, "2004": {"Average Stock Price": "8.4617", "Year Open": "9.2400", "Year High": "9.7300", "Year Low": "7.3650", "Year Close": "8.7700", "Annual % Change": "-5.24%"}, "2003": {"Average Stock Price": "8.1924", "Year Open": "7.9900", "Year High": "9.8000", "Year Low": "6.0650", "Year Close": "9.2550", "Annual % Change": "19.81%"}, "2002": {"Average Stock Price": "9.5367", "Year Open": "10.2600", "Year High": "11.7400", "Year Low": "5.7050", "Year Close": "7.7250", "Annual % Change": "-25.97%"}, "2001": {"Average Stock Price": "12.1795", "Year Open": "13.3450", "Year High": "13.6800", "Year Low": "9.9600", "Year Close": "10.4350", "Annual % Change": "-22.88%"}, "2000": {"Average Stock Price": "10.2759", "Year Open": "9.4700", "Year High": "13.5300", "Year Low": "7.0950", "Year Close": "13.5300", "Annual % Change": "43.40%"}, "1999": {"Average Stock Price": "13.1305", "Year Open": "14.5000", "Year High": "17.1875", "Year Low": "7.4700", "Year Close": "9.4350", "Annual % Change": "-37.62%"}, "1998": {"Average Stock Price": "11.6677", "Year Open": "9.1400", "Year High": "15.1250", "Year Low": "8.6100", "Year Close": "15.1250", "Annual % Change": "64.63%"}, "1997": {"Average Stock Price": "7.2248", "Year Open": "5.9225", "Year High": "9.2200", "Year Low": "5.7038", "Year Close": "9.1875", "Annual % Change": "58.06%"}, "1996": {"Average Stock Price": "5.0907", "Year Open": "4.6875", "Year High": "5.9225", "Year Low": "4.2813", "Year Close": "5.8125", "Annual % Change": "24.40%"}, "1995": {"Average Stock Price": "3.6898", "Year Open": "3.0463", "Year High": "4.6725", "Year Low": "2.9525", "Year Close": "4.6725", "Annual % Change": "54.98%"}, "1994": {"Average Stock Price": "2.9951", "Year Open": "2.5775", "Year High": "3.3275", "Year Low": "2.4525", "Year Close": "3.0150", "Annual % Change": "19.88%"}, "1993": {"Average Stock Price": "2.3232", "Year Open": "1.8125", "Year High": "2.6875", "Year Low": "1.7813", "Year Close": "2.5150", "Annual % Change": "37.52%"}, "1992": {"Average Stock Price": "1.9464", "Year Open": "2.5000", "Year High": "2.6250", "Year Low": "1.4225", "Year Close": "1.8288", "Annual % Change": "-25.92%"}, "1991": {"Average Stock Price": "2.4166", "Year Open": "1.7188", "Year High": "3.0625", "Year Low": "1.6250", "Year Close": "2.4688", "Annual % Change": "38.60%"}, "1990": {"Average Stock Price": "1.7128", "Year Open": "1.9225", "Year High": "2.1250", "Year Low": "1.3600", "Year Close": "1.7813", "Annual % Change": "-3.39%"}, "1989": {"Average Stock Price": "1.7238", "Year Open": "1.1100", "Year High": "2.4525", "Year Low": "1.0475", "Year Close": "1.8438", "Annual % Change": "66.11%"}, "1988": {"Average Stock Price": "4.0340", "Year Open": "3.0938", "Year High": "7.2975", "Year Low": "1.0475", "Year Close": "1.1100", "Annual % Change": "-64.12%"}, "1987": {"Average Stock Price": "4.0649", "Year Open": "3.7650", "Year High": "5.0938", "Year Low": "2.9688", "Year Close": "3.0938", "Annual % Change": "-17.14%"}, "1986": {"Average Stock Price": "5.9315", "Year Open": "5.8125", "Year High": "8.1250", "Year Low": "3.6250", "Year Close": "3.7338", "Annual % Change": "-37.61%"}, "1985": {"Average Stock Price": "5.3608", "Year Open": "4.8750", "Year High": "6.1875", "Year Low": "4.7500", "Year Close": "5.9850", "Annual % Change": "21.99%"}, "1984": {"Average Stock Price": "4.3238", "Year Open": "4.5000", "Year High": "4.9225", "Year Low": "3.6400", "Year Close": "4.9063", "Annual % Change": "6.08%"}, "1983": {"Average Stock Price": "4.7587", "Year Open": "4.7813", "Year High": "5.3438", "Year Low": "4.2500", "Year Close": "4.6250", "Annual % Change": "-6.04%"}, "1982": {"Average Stock Price": "4.2830", "Year Open": "3.1713", "Year High": "5.8750", "Year Low": "2.9525", "Year Close": "4.9225", "Annual % Change": "51.46%"}, "1981": {"Average Stock Price": "2.9584", "Year Open": "2.7188", "Year High": "3.4688", "Year Low": "2.4375", "Year Close": "3.2500", "Annual % Change": "19.54%"}, "1980": {"Average Stock Price": "2.4275", "Year Open": "2.3125", "Year High": "2.9688", "Year Low": "1.8600", "Year Close": "2.7188", "Annual % Change": "14.48%"}, "1979": {"Average Stock Price": "3.5615", "Year Open": "4.4225", "Year High": "5.2500", "Year Low": "2.2188", "Year Close": "2.3750", "Annual % Change": "-46.66%"}, "1978": {"Average Stock Price": "3.9996", "Year Open": "3.3600", "Year High": "4.5625", "Year Low": "3.1725", "Year Close": "4.4525", "Annual % Change": "28.96%"}}}, "market cap": {"value": "$25.24B"}, "income statement": {"Revenue": {"2020-01-31": "122286.00000", "2019-01-31": "121852.00000", "2018-01-31": "123280.00000", "2017-01-31": "115337.00000", "2016-01-31": "109830.00000", "2015-01-31": "108465.00000", "2014-01-31": "98375.00000", "2013-01-31": "96619.00000", "2012-01-31": "90269.00000", "2011-01-31": "82049.00000", "2010-01-31": "76609.00000", "2009-01-31": "76148.00000", "2008-01-31": "70336.00000", "2007-01-31": "66111.00000", "2006-01-31": "60553.00000", "2005-01-31": "56434.00000"}, "Cost Of Goods Sold": {"2020-01-31": "95294.00000", "2019-01-31": "95103.00000", "2018-01-31": "95811.00000", "2017-01-31": "89502.00000", "2016-01-31": "85496.00000", "2015-01-31": "85512.00000", "2014-01-31": "78138.00000", "2013-01-31": "76726.00000", "2012-01-31": "71389.00000", "2011-01-31": "63803.00000", "2010-01-31": "58848.00000", "2009-01-31": "58544.00000", "2008-01-31": "53711.00000", "2007-01-31": "50115.00000", "2006-01-31": "45565.00000", "2005-01-31": "42140.00000"}, "Gross Profit": {"2020-01-31": "26992.00000", "2019-01-31": "26749.00000", "2018-01-31": "27469.00000", "2017-01-31": "25835.00000", "2016-01-31": "24334.00000", "2015-01-31": "22953.00000", "2014-01-31": "20237.00000", "2013-01-31": "19893.00000", "2012-01-31": "18880.00000", "2011-01-31": "18246.00000", "2010-01-31": "17761.00000", "2009-01-31": "17604.00000", "2008-01-31": "16625.00000", "2007-01-31": "15996.00000", "2006-01-31": "14988.00000", "2005-01-31": "14294.00000"}, "Research And Development Expenses": {"2020-01-31": "", "2019-01-31": "", "2018-01-31": "", "2017-01-31": "", "2016-01-31": "", "2015-01-31": "", "2014-01-31": "", "2013-01-31": "", "2012-01-31": "", "2011-01-31": "", "2010-01-31": "", "2009-01-31": "", "2008-01-31": "", "2007-01-31": "", "2006-01-31": "", "2005-01-31": ""}, "SG&A Expenses": {"2020-01-31": "21208.00000", "2019-01-31": "20786.00000", "2018-01-31": "21510.00000", "2017-01-31": "19162.00000", "2016-01-31": "17946.00000", "2015-01-31": "17161.00000", "2014-01-31": "15196.00000", "2013-01-31": "14849.00000", "2012-01-31": "15345.00000", "2011-01-31": "13823.00000", "2010-01-31": "13412.00000", "2009-01-31": "13050.00000", "2008-01-31": "12265.00000", "2007-01-31": "11839.00000", "2006-01-31": "11027.00000", "2005-01-31": "10611.00000"}, "Other Operating Income Or Expenses": {"2020-01-31": "", "2019-01-31": "", "2018-01-31": "", "2017-01-31": "", "2016-01-31": "", "2015-01-31": "", "2014-01-31": "", "2013-01-31": "", "2012-01-31": "", "2011-01-31": "", "2010-01-31": "", "2009-01-31": "", "2008-01-31": "", "2007-01-31": "", "2006-01-31": "", "2005-01-31": ""}, "Operating Expenses": {"2020-01-31": "120035.00000", "2019-01-31": "119238.00000", "2018-01-31": "120668.00000", "2017-01-31": "111885.00000", "2016-01-31": "106254.00000", "2015-01-31": "105328.00000", "2014-01-31": "95650.00000", "2013-01-31": "93855.00000", "2012-01-31": "88991.00000", "2011-01-31": "79867.00000", "2010-01-31": "75518.00000", "2009-01-31": "73696.00000", "2008-01-31": "67974.00000", "2007-01-31": "63875.00000", "2006-01-31": "58518.00000", "2005-01-31": "55591.00000"}, "Operating Income": {"2020-01-31": "2251.00000", "2019-01-31": "2614.00000", "2018-01-31": "2612.00000", "2017-01-31": "3452.00000", "2016-01-31": "3576.00000", "2015-01-31": "3137.00000", "2014-01-31": "2725.00000", "2013-01-31": "2764.00000", "2012-01-31": "1278.00000", "2011-01-31": "2182.00000", "2010-01-31": "1091.00000", "2009-01-31": "2452.00000", "2008-01-31": "2362.00000", "2007-01-31": "2236.00000", "2006-01-31": "2035.00000", "2005-01-31": "843.00000"}, "Total Non-Operating Income/Expense": {"2020-01-31": "-270.00000", "2019-01-31": "1364.00000", "2018-01-31": "-1128.00000", "2017-01-31": "-538.00000", "2016-01-31": "-482.00000", "2015-01-31": "-488.00000", "2014-01-31": "-443.00000", "2013-01-31": "-462.00000", "2012-01-31": "-435.00000", "2011-01-31": "-448.00000", "2010-01-31": "-502.00000", "2009-01-31": "-485.00000", "2008-01-31": "-474.00000", "2007-01-31": "-488.00000", "2006-01-31": "-510.00000", "2005-01-31": "-557.00000"}, "Pre-Tax Income": {"2020-01-31": "1981.00000", "2019-01-31": "3978.00000", "2018-01-31": "1484.00000", "2017-01-31": "2914.00000", "2016-01-31": "3094.00000", "2015-01-31": "2649.00000", "2014-01-31": "2282.00000", "2013-01-31": "2302.00000", "2012-01-31": "843.00000", "2011-01-31": "1734.00000", "2010-01-31": "589.00000", "2009-01-31": "1967.00000", "2008-01-31": "1888.00000", "2007-01-31": "1748.00000", "2006-01-31": "1525.00000", "2005-01-31": "286.00000"}, "Income Taxes": {"2020-01-31": "469.00000", "2019-01-31": "900.00000", "2018-01-31": "-405.00000", "2017-01-31": "957.00000", "2016-01-31": "1045.00000", "2015-01-31": "902.00000", "2014-01-31": "751.00000", "2013-01-31": "794.00000", "2012-01-31": "247.00000", "2011-01-31": "601.00000", "2010-01-31": "532.00000", "2009-01-31": "717.00000", "2008-01-31": "664.00000", "2007-01-31": "633.00000", "2006-01-31": "567.00000", "2005-01-31": "390.00000"}, "Income After Taxes": {"2020-01-31": "1512.00000", "2019-01-31": "3078.00000", "2018-01-31": "1889.00000", "2017-01-31": "1957.00000", "2016-01-31": "2049.00000", "2015-01-31": "1747.00000", "2014-01-31": "1531.00000", "2013-01-31": "1508.00000", "2012-01-31": "596.00000", "2011-01-31": "1133.00000", "2010-01-31": "57.00000", "2009-01-31": "1250.00000", "2008-01-31": "1224.00000", "2007-01-31": "1115.00000", "2006-01-31": "958.00000", "2005-01-31": "-104.00000"}, "Other Income": {"2020-01-31": "", "2019-01-31": "", "2018-01-31": "", "2017-01-31": "", "2016-01-31": "", "2015-01-31": "", "2014-01-31": "", "2013-01-31": "", "2012-01-31": "", "2011-01-31": "", "2010-01-31": "", "2009-01-31": "", "2008-01-31": "", "2007-01-31": "", "2006-01-31": "", "2005-01-31": ""}, "Income From Continuous Operations": {"2020-01-31": "1512.00000", "2019-01-31": "3078.00000", "2018-01-31": "1889.00000", "2017-01-31": "1957.00000", "2016-01-31": "2049.00000", "2015-01-31": "1747.00000", "2014-01-31": "1531.00000", "2013-01-31": "1508.00000", "2012-01-31": "596.00000", "2011-01-31": "1133.00000", "2010-01-31": "57.00000", "2009-01-31": "1250.00000", "2008-01-31": "1224.00000", "2007-01-31": "1115.00000", "2006-01-31": "958.00000", "2005-01-31": "-104.00000"}, "Income From Discontinued Operations": {"2020-01-31": "", "2019-01-31": "", "2018-01-31": "", "2017-01-31": "", "2016-01-31": "", "2015-01-31": "", "2014-01-31": "", "2013-01-31": "", "2012-01-31": "", "2011-01-31": "", "2010-01-31": "", "2009-01-31": "", "2008-01-31": "", "2007-01-31": "", "2006-01-31": "", "2005-01-31": ""}, "Net Income": {"2020-01-31": "1659.00000", "2019-01-31": "3110.00000", "2018-01-31": "1907.00000", "2017-01-31": "1975.00000", "2016-01-31": "2039.00000", "2015-01-31": "1728.00000", "2014-01-31": "1519.00000", "2013-01-31": "1497.00000", "2012-01-31": "602.00000", "2011-01-31": "1116.00000", "2010-01-31": "70.00000", "2009-01-31": "1249.00000", "2008-01-31": "1209.00000", "2007-01-31": "1115.00000", "2006-01-31": "958.00000", "2005-01-31": "-104.00000"}, "EBITDA": {"2020-01-31": "5540.00000", "2019-01-31": "5079.00000", "2018-01-31": "5158.00000", "2017-01-31": "5792.00000", "2016-01-31": "5665.00000", "2015-01-31": "5085.00000", "2014-01-31": "4428.00000", "2013-01-31": "4416.00000", "2012-01-31": "2916.00000", "2011-01-31": "3800.00000", "2010-01-31": "3729.00000", "2009-01-31": "3895.00000", "2008-01-31": "3717.00000", "2007-01-31": "3508.00000", "2006-01-31": "3300.00000", "2005-01-31": "2960.00000"}, "EBIT": {"2020-01-31": "2251.00000", "2019-01-31": "2614.00000", "2018-01-31": "2612.00000", "2017-01-31": "3452.00000", "2016-01-31": "3576.00000", "2015-01-31": "3137.00000", "2014-01-31": "2725.00000", "2013-01-31": "2764.00000", "2012-01-31": "1278.00000", "2011-01-31": "2182.00000", "2010-01-31": "1091.00000", "2009-01-31": "2452.00000", "2008-01-31": "2362.00000", "2007-01-31": "2236.00000", "2006-01-31": "2035.00000", "2005-01-31": "843.00000"}, "Basic Shares Outstanding": {"2020-01-31": "799.00000", "2019-01-31": "810.00000", "2018-01-31": "895.00000", "2017-01-31": "942.00000", "2016-01-31": "966.00000", "2015-01-31": "981.00000", "2014-01-31": "1028.00000", "2013-01-31": "1066.00000", "2012-01-31": "1180.00000", "2011-01-31": "1270.00000", "2010-01-31": "1294.00000", "2009-01-31": "1304.00000", "2008-01-31": "1380.00000", "2007-01-31": "1430.00000", "2006-01-31": "1448.00000", "2005-01-31": "1472.00000"}, "Shares Outstanding": {"2020-01-31": "805.00000", "2019-01-31": "818.00000", "2018-01-31": "904.00000", "2017-01-31": "958.00000", "2016-01-31": "980.00000", "2015-01-31": "993.00000", "2014-01-31": "1040.00000", "2013-01-31": "1074.00000", "2012-01-31": "1186.00000", "2011-01-31": "1276.00000", "2010-01-31": "1300.00000", "2009-01-31": "1316.00000", "2008-01-31": "1394.00000", "2007-01-31": "1446.00000", "2006-01-31": "1462.00000", "2005-01-31": "1472.00000"}, "Basic EPS": {"2020-01-31": "2.05000", "2019-01-31": "3.80000", "2018-01-31": "2.11000", "2017-01-31": "2.08000", "2016-01-31": "2.09000", "2015-01-31": "1.74000", "2014-01-31": "1.47000", "2013-01-31": "1.39000", "2012-01-31": "0.50500", "2011-01-31": "0.87500", "2010-01-31": "0.05500", "2009-01-31": "0.95500", "2008-01-31": "0.87500", "2007-01-31": "0.78000", "2006-01-31": "0.66000", "2005-01-31": "-0.07000"}, "EPS - Earnings Per Share": {"2020-01-31": "2.04000", "2019-01-31": "3.76000", "2018-01-31": "2.09000", "2017-01-31": "2.05000", "2016-01-31": "2.06000", "2015-01-31": "1.72000", "2014-01-31": "1.45000", "2013-01-31": "1.38500", "2012-01-31": "0.50500", "2011-01-31": "0.87000", "2010-01-31": "0.05500", "2009-01-31": "0.94500", "2008-01-31": "0.86500", "2007-01-31": "0.77000", "2006-01-31": "0.65500", "2005-01-31": "-0.07000"}}, "income statement, quarterly": {"Revenue": {"2020-10-31": "29723.00000", "2020-07-31": "30489.00000", "2020-04-30": "41549.00000", "2020-01-31": "28893.00000", "2019-10-31": "27974.00000", "2019-07-31": "28168.00000", "2019-04-30": "37251.00000", "2019-01-31": "28285.00000", "2018-10-31": "27831.00000", "2018-07-31": "28014.00000", "2018-04-30": "37722.00000", "2018-01-31": "31649.00000", "2017-10-31": "27749.00000", "2017-07-31": "27597.00000", "2017-04-30": "36285.00000", "2017-01-31": "27611.00000", "2016-10-31": "26557.00000", "2016-07-31": "26565.00000", "2016-04-30": "34604.00000", "2016-01-31": "26165.00000", "2015-10-31": "25075.00000", "2015-07-31": "25539.00000", "2015-04-30": "33051.00000", "2015-01-31": "25207.00000", "2014-10-31": "24987.00000", "2014-07-31": "25310.00000", "2014-04-30": "32961.00000", "2014-01-31": "23222.00000", "2013-10-31": "22470.00000", "2013-07-31": "22686.00000", "2013-04-30": "29997.00000", "2013-01-31": "24021.00000", "2012-10-31": "21807.00000", "2012-07-31": "21726.00000", "2012-04-30": "29065.00000", "2012-01-31": "21301.00000", "2011-10-31": "20594.00000", "2011-07-31": "20913.00000", "2011-04-30": "27461.00000", "2011-01-31": "19884.00000", "2010-10-31": "18667.00000", "2010-07-31": "18760.00000", "2010-04-30": "24738.00000", "2010-01-31": "18430.00000", "2009-10-31": "17662.00000", "2009-07-31": "17728.00000", "2009-04-30": "22789.00000", "2009-01-31": "17295.00000", "2008-10-31": "17615.00000", "2008-07-31": "18094.00000", "2008-04-30": "23144.00000", "2008-01-31": "17336.00000", "2007-10-31": "16135.00000", "2007-07-31": "16139.00000", "2007-04-30": "20726.00000", "2007-01-31": "16859.00000", "2006-10-31": "14699.00000", "2006-07-31": "15138.00000", "2006-04-30": "19415.00000", "2006-01-31": "14720.00000", "2005-10-31": "14020.00000", "2005-07-31": "13865.00000", "2005-04-30": "17948.00000", "2005-01-31": "13695.00000"}, "Cost Of Goods Sold": {"2020-10-31": "22901.00000", "2020-07-31": "23551.00000", "2020-04-30": "31454.00000", "2020-01-31": "22506.00000", "2019-10-31": "21798.00000", "2019-07-31": "22007.00000", "2019-04-30": "28983.00000", "2019-01-31": "21955.00000", "2018-10-31": "21753.00000", "2018-07-31": "21976.00000", "2018-04-30": "29419.00000", "2018-01-31": "24389.00000", "2017-10-31": "21532.00000", "2017-07-31": "21609.00000", "2017-04-30": "28281.00000", "2017-01-31": "21483.00000", "2016-10-31": "20653.00000", "2016-07-31": "20697.00000", "2016-04-30": "26669.00000", "2016-01-31": "20193.00000", "2015-10-31": "19478.00000", "2015-07-31": "20065.00000", "2015-04-30": "25760.00000", "2015-01-31": "19547.00000", "2014-10-31": "19764.00000", "2014-07-31": "20136.00000", "2014-04-30": "26065.00000", "2014-01-31": "18396.00000", "2013-10-31": "17866.00000", "2013-07-31": "18059.00000", "2013-04-30": "23817.00000", "2013-01-31": "18970.00000", "2012-10-31": "17383.00000", "2012-07-31": "17278.00000", "2012-04-30": "23095.00000", "2012-01-31": "16852.00000", "2011-10-31": "16358.00000", "2011-07-31": "16555.00000", "2011-04-30": "21624.00000", "2011-01-31": "15548.00000", "2010-10-31": "14550.00000", "2010-07-31": "14550.00000", "2010-04-30": "19155.00000", "2010-01-31": "14274.00000", "2009-10-31": "13662.00000", "2009-07-31": "13646.00000", "2009-04-30": "17266.00000", "2009-01-31": "13088.00000", "2008-10-31": "13545.00000", "2008-07-31": "14066.00000", "2008-04-30": "17845.00000", "2008-01-31": "13160.00000", "2007-10-31": "12402.00000", "2007-07-31": "12315.00000", "2007-04-30": "15834.00000", "2007-01-31": "12727.00000", "2006-10-31": "11131.00000", "2006-07-31": "11598.00000", "2006-04-30": "14659.00000", "2006-01-31": "11062.00000", "2005-10-31": "10596.00000", "2005-07-31": "10464.00000", "2005-04-30": "13443.00000", "2005-01-31": "10262.00000"}, "Gross Profit": {"2020-10-31": "6822.00000", "2020-07-31": "6938.00000", "2020-04-30": "10095.00000", "2020-01-31": "6387.00000", "2019-10-31": "6176.00000", "2019-07-31": "6161.00000", "2019-04-30": "8268.00000", "2019-01-31": "6330.00000", "2018-10-31": "6078.00000", "2018-07-31": "6038.00000", "2018-04-30": "8303.00000", "2018-01-31": "7260.00000", "2017-10-31": "6217.00000", "2017-07-31": "5988.00000", "2017-04-30": "8004.00000", "2017-01-31": "6128.00000", "2016-10-31": "5904.00000", "2016-07-31": "5868.00000", "2016-04-30": "7935.00000", "2016-01-31": "5972.00000", "2015-10-31": "5597.00000", "2015-07-31": "5474.00000", "2015-04-30": "7291.00000", "2015-01-31": "5660.00000", "2014-10-31": "5223.00000", "2014-07-31": "5174.00000", "2014-04-30": "6896.00000", "2014-01-31": "4826.00000", "2013-10-31": "4604.00000", "2013-07-31": "4627.00000", "2013-04-30": "6180.00000", "2013-01-31": "5051.00000", "2012-10-31": "4424.00000", "2012-07-31": "4448.00000", "2012-04-30": "5970.00000", "2012-01-31": "4449.00000", "2011-10-31": "4236.00000", "2011-07-31": "4358.00000", "2011-04-30": "5837.00000", "2011-01-31": "4336.00000", "2010-10-31": "4117.00000", "2010-07-31": "4210.00000", "2010-04-30": "5583.00000", "2010-01-31": "4156.00000", "2009-10-31": "4000.00000", "2009-07-31": "4082.00000", "2009-04-30": "5523.00000", "2009-01-31": "4207.00000", "2008-10-31": "4070.00000", "2008-07-31": "4028.00000", "2008-04-30": "5299.00000", "2008-01-31": "4176.00000", "2007-10-31": "3733.00000", "2007-07-31": "3824.00000", "2007-04-30": "4892.00000", "2007-01-31": "4132.00000", "2006-10-31": "3568.00000", "2006-07-31": "3540.00000", "2006-04-30": "4756.00000", "2006-01-31": "3658.00000", "2005-10-31": "3424.00000", "2005-07-31": "3401.00000", "2005-04-30": "4505.00000", "2005-01-31": "3433.00000"}, "Research And Development Expenses": {"2020-10-31": "", "2020-07-31": "", "2020-04-30": "", "2020-01-31": "", "2019-10-31": "", "2019-07-31": "", "2019-04-30": "", "2019-01-31": "", "2018-10-31": "", "2018-07-31": "", "2018-04-30": "", "2018-01-31": "", "2017-10-31": "", "2017-07-31": "", "2017-04-30": "", "2017-01-31": "", "2016-10-31": "", "2016-07-31": "", "2016-04-30": "", "2016-01-31": "", "2015-10-31": "", "2015-07-31": "", "2015-04-30": "", "2015-01-31": "", "2014-10-31": "", "2014-07-31": "", "2014-04-30": "", "2014-01-31": "", "2013-10-31": "", "2013-07-31": "", "2013-04-30": "", "2013-01-31": "", "2012-10-31": "", "2012-07-31": "", "2012-04-30": "", "2012-01-31": "", "2011-10-31": "", "2011-07-31": "", "2011-04-30": "", "2011-01-31": "", "2010-10-31": "", "2010-07-31": "", "2010-04-30": "", "2010-01-31": "", "2009-10-31": "", "2009-07-31": "", "2009-04-30": "", "2009-01-31": "", "2008-10-31": "", "2008-07-31": "", "2008-04-30": "", "2008-01-31": "", "2007-10-31": "", "2007-07-31": "", "2007-04-30": "", "2007-01-31": "", "2006-10-31": "", "2006-07-31": "", "2006-04-30": "", "2006-01-31": "", "2005-10-31": "", "2005-07-31": "", "2005-04-30": "", "2005-01-31": ""}, "SG&A Expenses": {"2020-10-31": "5194.00000", "2020-07-31": "5297.00000", "2020-04-30": "7671.00000", "2020-01-31": "4986.00000", "2019-10-31": "5097.00000", "2019-07-31": "4811.00000", "2019-04-30": "6314.00000", "2019-01-31": "5157.00000", "2018-10-31": "4661.00000", "2018-07-31": "4711.00000", "2018-04-30": "6257.00000", "2018-01-31": "5925.00000", "2017-10-31": "4701.00000", "2017-07-31": "4517.00000", "2017-04-30": "6367.00000", "2017-01-31": "4467.00000", "2016-10-31": "4443.00000", "2016-07-31": "4473.00000", "2016-04-30": "5779.00000", "2016-01-31": "4355.00000", "2015-10-31": "4169.00000", "2015-07-31": "4068.00000", "2015-04-30": "5354.00000", "2015-01-31": "4119.00000", "2014-10-31": "3954.00000", "2014-07-31": "3920.00000", "2014-04-30": "5168.00000", "2014-01-31": "3560.00000", "2013-10-31": "3537.00000", "2013-07-31": "3506.00000", "2013-04-30": "4593.00000", "2013-01-31": "3689.00000", "2012-10-31": "3305.00000", "2012-07-31": "3391.00000", "2012-04-30": "4464.00000", "2012-01-31": "4339.00000", "2011-10-31": "3318.00000", "2011-07-31": "3353.00000", "2011-04-30": "4335.00000", "2011-01-31": "3253.00000", "2010-10-31": "3189.00000", "2010-07-31": "3199.00000", "2010-04-30": "4182.00000", "2010-01-31": "3164.00000", "2009-10-31": "3137.00000", "2009-07-31": "3085.00000", "2009-04-30": "4026.00000", "2009-01-31": "3052.00000", "2008-10-31": "3104.00000", "2008-07-31": "3004.00000", "2008-04-30": "3890.00000", "2008-01-31": "3006.00000", "2007-10-31": "2823.00000", "2007-07-31": "2827.00000", "2007-04-30": "3609.00000", "2007-01-31": "2977.00000", "2006-10-31": "2685.00000", "2006-07-31": "2649.00000", "2006-04-30": "3528.00000", "2006-01-31": "2648.00000", "2005-10-31": "2556.00000", "2005-07-31": "2528.00000", "2005-04-30": "3295.00000", "2005-01-31": "2530.00000"}, "Other Operating Income Or Expenses": {"2020-10-31": "", "2020-07-31": "", "2020-04-30": "", "2020-01-31": "", "2019-10-31": "", "2019-07-31": "", "2019-04-30": "", "2019-01-31": "", "2018-10-31": "", "2018-07-31": "", "2018-04-30": "", "2018-01-31": "", "2017-10-31": "", "2017-07-31": "", "2017-04-30": "", "2017-01-31": "", "2016-10-31": "", "2016-07-31": "", "2016-04-30": "", "2016-01-31": "", "2015-10-31": "", "2015-07-31": "", "2015-04-30": "", "2015-01-31": "", "2014-10-31": "", "2014-07-31": "", "2014-04-30": "", "2014-01-31": "", "2013-10-31": "", "2013-07-31": "", "2013-04-30": "", "2013-01-31": "", "2012-10-31": "", "2012-07-31": "", "2012-04-30": "", "2012-01-31": "", "2011-10-31": "", "2011-07-31": "", "2011-04-30": "", "2011-01-31": "", "2010-10-31": "", "2010-07-31": "", "2010-04-30": "", "2010-01-31": "", "2009-10-31": "", "2009-07-31": "", "2009-04-30": "", "2009-01-31": "", "2008-10-31": "", "2008-07-31": "", "2008-04-30": "", "2008-01-31": "", "2007-10-31": "", "2007-07-31": "", "2007-04-30": "", "2007-01-31": "", "2006-10-31": "", "2006-07-31": "", "2006-04-30": "", "2006-01-31": "", "2005-10-31": "", "2005-07-31": "", "2005-04-30": "", "2005-01-31": ""}, "Operating Expenses": {"2020-10-31": "28931.00000", "2020-07-31": "29669.00000", "2020-04-30": "40223.00000", "2020-01-31": "28356.00000", "2019-10-31": "27720.00000", "2019-07-31": "27609.00000", "2019-04-30": "36350.00000", "2019-01-31": "27896.00000", "2018-10-31": "27184.00000", "2018-07-31": "27465.00000", "2018-04-30": "36693.00000", "2018-01-31": "31099.00000", "2017-10-31": "27002.00000", "2017-07-31": "26913.00000", "2017-04-30": "35654.00000", "2017-01-31": "26737.00000", "2016-10-31": "25844.00000", "2016-07-31": "25900.00000", "2016-04-30": "33404.00000", "2016-01-31": "25237.00000", "2015-10-31": "24303.00000", "2015-07-31": "24765.00000", "2015-04-30": "31949.00000", "2015-01-31": "24295.00000", "2014-10-31": "24336.00000", "2014-07-31": "24666.00000", "2014-04-30": "32031.00000", "2014-01-31": "22505.00000", "2013-10-31": "21936.00000", "2013-07-31": "22091.00000", "2013-04-30": "29118.00000", "2013-01-31": "23202.00000", "2012-10-31": "21211.00000", "2012-07-31": "21191.00000", "2012-04-30": "28251.00000", "2012-01-31": "21727.00000", "2011-10-31": "20189.00000", "2011-07-31": "20425.00000", "2011-04-30": "26650.00000", "2011-01-31": "19325.00000", "2010-10-31": "18261.00000", "2010-07-31": "18266.00000", "2010-04-30": "24015.00000", "2010-01-31": "17924.00000", "2009-10-31": "18420.00000", "2009-07-31": "17229.00000", "2009-04-30": "21945.00000", "2009-01-31": "16637.00000", "2008-10-31": "17136.00000", "2008-07-31": "17548.00000", "2008-04-30": "22375.00000", "2008-01-31": "16646.00000", "2007-10-31": "15690.00000", "2007-07-31": "15602.00000", "2007-04-30": "20036.00000", "2007-01-31": "16164.00000", "2006-10-31": "14250.00000", "2006-07-31": "14690.00000", "2006-04-30": "18771.00000", "2006-01-31": "14152.00000", "2005-10-31": "13605.00000", "2005-07-31": "13431.00000", "2005-04-30": "17330.00000", "2005-01-31": "14159.00000"}, "Operating Income": {"2020-10-31": "792.00000", "2020-07-31": "820.00000", "2020-04-30": "1326.00000", "2020-01-31": "537.00000", "2019-10-31": "254.00000", "2019-07-31": "559.00000", "2019-04-30": "901.00000", "2019-01-31": "389.00000", "2018-10-31": "647.00000", "2018-07-31": "549.00000", "2018-04-30": "1029.00000", "2018-01-31": "550.00000", "2017-10-31": "747.00000", "2017-07-31": "684.00000", "2017-04-30": "631.00000", "2017-01-31": "874.00000", "2016-10-31": "713.00000", "2016-07-31": "665.00000", "2016-04-30": "1200.00000", "2016-01-31": "928.00000", "2015-10-31": "772.00000", "2015-07-31": "774.00000", "2015-04-30": "1102.00000", "2015-01-31": "912.00000", "2014-10-31": "651.00000", "2014-07-31": "644.00000", "2014-04-30": "930.00000", "2014-01-31": "717.00000", "2013-10-31": "534.00000", "2013-07-31": "595.00000", "2013-04-30": "879.00000", "2013-01-31": "819.00000", "2012-10-31": "596.00000", "2012-07-31": "535.00000", "2012-04-30": "814.00000", "2012-01-31": "-426.00000", "2011-10-31": "405.00000", "2011-07-31": "488.00000", "2011-04-30": "811.00000", "2011-01-31": "559.00000", "2010-10-31": "406.00000", "2010-07-31": "494.00000", "2010-04-30": "723.00000", "2010-01-31": "506.00000", "2009-10-31": "-758.00000", "2009-07-31": "499.00000", "2009-04-30": "844.00000", "2009-01-31": "658.00000", "2008-10-31": "479.00000", "2008-07-31": "546.00000", "2008-04-30": "769.00000", "2008-01-31": "690.00000", "2007-10-31": "445.00000", "2007-07-31": "537.00000", "2007-04-30": "690.00000", "2007-01-31": "695.00000", "2006-10-31": "449.00000", "2006-07-31": "448.00000", "2006-04-30": "644.00000", "2006-01-31": "568.00000", "2005-10-31": "415.00000", "2005-07-31": "434.00000", "2005-04-30": "618.00000", "2005-01-31": "-464.00000"}, "Total Non-Operating Income/Expense": {"2020-10-31": "42.00000", "2020-07-31": "241.00000", "2020-04-30": "259.00000", "2020-01-31": "-147.00000", "2019-10-31": "-32.00000", "2019-07-31": "-179.00000", "2019-04-30": "88.00000", "2019-01-31": "-72.00000", "2018-10-31": "-248.00000", "2018-07-31": "79.00000", "2018-04-30": "1605.00000", "2018-01-31": "-655.00000", "2017-10-31": "-143.00000", "2017-07-31": "-144.00000", "2017-04-30": "-186.00000", "2017-01-31": "-143.00000", "2016-10-31": "-124.00000", "2016-07-31": "-116.00000", "2016-04-30": "-155.00000", "2016-01-31": "-113.00000", "2015-10-31": "-107.00000", "2015-07-31": "-114.00000", "2015-04-30": "-148.00000", "2015-01-31": "-115.00000", "2014-10-31": "-114.00000", "2014-07-31": "-112.00000", "2014-04-30": "-147.00000", "2014-01-31": "-107.00000", "2013-10-31": "-108.00000", "2013-07-31": "-99.00000", "2013-04-30": "-129.00000", "2013-01-31": "-112.00000", "2012-10-31": "-103.00000", "2012-07-31": "-106.00000", "2012-04-30": "-141.00000", "2012-01-31": "-101.00000", "2011-10-31": "-99.00000", "2011-07-31": "-97.00000", "2011-04-30": "-138.00000", "2011-01-31": "-111.00000", "2010-10-31": "-103.00000", "2010-07-31": "-102.00000", "2010-04-30": "-132.00000", "2010-01-31": "-119.00000", "2009-10-31": "-105.00000", "2009-07-31": "-115.00000", "2009-04-30": "-163.00000", "2009-01-31": "-116.00000", "2008-10-31": "-106.00000", "2008-07-31": "-111.00000", "2008-04-30": "-152.00000", "2008-01-31": "-114.00000", "2007-10-31": "-110.00000", "2007-07-31": "-104.00000", "2007-04-30": "-146.00000", "2007-01-31": "-116.00000", "2006-10-31": "-107.00000", "2006-07-31": "-110.00000", "2006-04-30": "-155.00000", "2006-01-31": "-116.00000", "2005-10-31": "-114.00000", "2005-07-31": "-121.00000", "2005-04-30": "-159.00000", "2005-01-31": "-116.00000"}, "Pre-Tax Income": {"2020-10-31": "834.00000", "2020-07-31": "1061.00000", "2020-04-30": "1585.00000", "2020-01-31": "390.00000", "2019-10-31": "222.00000", "2019-07-31": "380.00000", "2019-04-30": "989.00000", "2019-01-31": "317.00000", "2018-10-31": "399.00000", "2018-07-31": "628.00000", "2018-04-30": "2634.00000", "2018-01-31": "-105.00000", "2017-10-31": "604.00000", "2017-07-31": "540.00000", "2017-04-30": "445.00000", "2017-01-31": "731.00000", "2016-10-31": "589.00000", "2016-07-31": "549.00000", "2016-04-30": "1045.00000", "2016-01-31": "815.00000", "2015-10-31": "665.00000", "2015-07-31": "660.00000", "2015-04-30": "954.00000", "2015-01-31": "797.00000", "2014-10-31": "537.00000", "2014-07-31": "532.00000", "2014-04-30": "783.00000", "2014-01-31": "610.00000", "2013-10-31": "426.00000", "2013-07-31": "496.00000", "2013-04-30": "750.00000", "2013-01-31": "707.00000", "2012-10-31": "493.00000", "2012-07-31": "429.00000", "2012-04-30": "673.00000", "2012-01-31": "-527.00000", "2011-10-31": "306.00000", "2011-07-31": "391.00000", "2011-04-30": "673.00000", "2011-01-31": "448.00000", "2010-10-31": "303.00000", "2010-07-31": "392.00000", "2010-04-30": "591.00000", "2010-01-31": "387.00000", "2009-10-31": "-863.00000", "2009-07-31": "384.00000", "2009-04-30": "681.00000", "2009-01-31": "542.00000", "2008-10-31": "373.00000", "2008-07-31": "435.00000", "2008-04-30": "617.00000", "2008-01-31": "576.00000", "2007-10-31": "335.00000", "2007-07-31": "433.00000", "2007-04-30": "544.00000", "2007-01-31": "579.00000", "2006-10-31": "342.00000", "2006-07-31": "338.00000", "2006-04-30": "489.00000", "2006-01-31": "452.00000", "2005-10-31": "301.00000", "2005-07-31": "313.00000", "2005-04-30": "459.00000", "2005-01-31": "-580.00000"}, "Income Taxes": {"2020-10-31": "202.00000", "2020-07-31": "241.00000", "2020-04-30": "373.00000", "2020-01-31": "71.00000", "2019-10-31": "79.00000", "2019-07-31": "93.00000", "2019-04-30": "226.00000", "2019-01-31": "66.00000", "2018-10-31": "91.00000", "2018-07-31": "127.00000", "2018-04-30": "616.00000", "2018-01-31": "-957.00000", "2017-10-31": "215.00000", "2017-07-31": "189.00000", "2017-04-30": "148.00000", "2017-01-31": "230.00000", "2016-10-31": "206.00000", "2016-07-31": "171.00000", "2016-04-30": "350.00000", "2016-01-31": "250.00000", "2015-10-31": "238.00000", "2015-07-31": "227.00000", "2015-04-30": "330.00000", "2015-01-31": "274.00000", "2014-10-31": "172.00000", "2014-07-31": "182.00000", "2014-04-30": "274.00000", "2014-01-31": "184.00000", "2013-10-31": "125.00000", "2013-07-31": "176.00000", "2013-04-30": "266.00000", "2013-01-31": "239.00000", "2012-10-31": "175.00000", "2012-07-31": "148.00000", "2012-04-30": "232.00000", "2012-01-31": "-221.00000", "2011-10-31": "108.00000", "2011-07-31": "108.00000", "2011-04-30": "252.00000", "2011-01-31": "165.00000", "2010-10-31": "96.00000", "2010-07-31": "124.00000", "2010-04-30": "216.00000", "2010-01-31": "136.00000", "2009-10-31": "13.00000", "2009-07-31": "133.00000", "2009-04-30": "250.00000", "2009-01-31": "195.00000", "2008-10-31": "136.00000", "2008-07-31": "159.00000", "2008-04-30": "227.00000", "2008-01-31": "210.00000", "2007-10-31": "81.00000", "2007-07-31": "166.00000", "2007-04-30": "207.00000", "2007-01-31": "194.00000", "2006-10-31": "127.00000", "2006-07-31": "129.00000", "2006-04-30": "183.00000", "2006-01-31": "169.00000", "2005-10-31": "116.00000", "2005-07-31": "117.00000", "2005-04-30": "165.00000", "2005-01-31": "72.00000"}, "Income After Taxes": {"2020-10-31": "632.00000", "2020-07-31": "820.00000", "2020-04-30": "1212.00000", "2020-01-31": "319.00000", "2019-10-31": "143.00000", "2019-07-31": "287.00000", "2019-04-30": "763.00000", "2019-01-31": "251.00000", "2018-10-31": "308.00000", "2018-07-31": "501.00000", "2018-04-30": "2018.00000", "2018-01-31": "852.00000", "2017-10-31": "389.00000", "2017-07-31": "351.00000", "2017-04-30": "297.00000", "2017-01-31": "501.00000", "2016-10-31": "383.00000", "2016-07-31": "378.00000", "2016-04-30": "695.00000", "2016-01-31": "565.00000", "2015-10-31": "427.00000", "2015-07-31": "433.00000", "2015-04-30": "624.00000", "2015-01-31": "523.00000", "2014-10-31": "365.00000", "2014-07-31": "350.00000", "2014-04-30": "509.00000", "2014-01-31": "426.00000", "2013-10-31": "301.00000", "2013-07-31": "320.00000", "2013-04-30": "484.00000", "2013-01-31": "468.00000", "2012-10-31": "318.00000", "2012-07-31": "281.00000", "2012-04-30": "441.00000", "2012-01-31": "-306.00000", "2011-10-31": "198.00000", "2011-07-31": "283.00000", "2011-04-30": "421.00000", "2011-01-31": "283.00000", "2010-10-31": "207.00000", "2010-07-31": "268.00000", "2010-04-30": "375.00000", "2010-01-31": "251.00000", "2009-10-31": "-876.00000", "2009-07-31": "251.00000", "2009-04-30": "431.00000", "2009-01-31": "347.00000", "2008-10-31": "237.00000", "2008-07-31": "276.00000", "2008-04-30": "390.00000", "2008-01-31": "366.00000", "2007-10-31": "254.00000", "2007-07-31": "267.00000", "2007-04-30": "337.00000", "2007-01-31": "385.00000", "2006-10-31": "215.00000", "2006-07-31": "209.00000", "2006-04-30": "306.00000", "2006-01-31": "283.00000", "2005-10-31": "185.00000", "2005-07-31": "196.00000", "2005-04-30": "294.00000", "2005-01-31": "-652.00000"}, "Other Income": {"2020-10-31": "", "2020-07-31": "", "2020-04-30": "", "2020-01-31": "", "2019-10-31": "", "2019-07-31": "", "2019-04-30": "", "2019-01-31": "", "2018-10-31": "", "2018-07-31": "", "2018-04-30": "", "2018-01-31": "", "2017-10-31": "", "2017-07-31": "", "2017-04-30": "", "2017-01-31": "", "2016-10-31": "", "2016-07-31": "", "2016-04-30": "", "2016-01-31": "", "2015-10-31": "", "2015-07-31": "", "2015-04-30": "", "2015-01-31": "", "2014-10-31": "", "2014-07-31": "", "2014-04-30": "", "2014-01-31": "", "2013-10-31": "", "2013-07-31": "", "2013-04-30": "", "2013-01-31": "", "2012-10-31": "", "2012-07-31": "", "2012-04-30": "", "2012-01-31": "", "2011-10-31": "", "2011-07-31": "", "2011-04-30": "", "2011-01-31": "", "2010-10-31": "", "2010-07-31": "", "2010-04-30": "", "2010-01-31": "", "2009-10-31": "", "2009-07-31": "", "2009-04-30": "", "2009-01-31": "", "2008-10-31": "", "2008-07-31": "", "2008-04-30": "", "2008-01-31": "", "2007-10-31": "", "2007-07-31": "", "2007-04-30": "", "2007-01-31": "", "2006-10-31": "", "2006-07-31": "", "2006-04-30": "", "2006-01-31": "", "2005-10-31": "", "2005-07-31": "", "2005-04-30": "", "2005-01-31": ""}, "Income From Continuous Operations": {"2020-10-31": "632.00000", "2020-07-31": "820.00000", "2020-04-30": "1212.00000", "2020-01-31": "319.00000", "2019-10-31": "143.00000", "2019-07-31": "287.00000", "2019-04-30": "763.00000", "2019-01-31": "251.00000", "2018-10-31": "308.00000", "2018-07-31": "501.00000", "2018-04-30": "2018.00000", "2018-01-31": "852.00000", "2017-10-31": "389.00000", "2017-07-31": "351.00000", "2017-04-30": "297.00000", "2017-01-31": "501.00000", "2016-10-31": "383.00000", "2016-07-31": "378.00000", "2016-04-30": "695.00000", "2016-01-31": "565.00000", "2015-10-31": "427.00000", "2015-07-31": "433.00000", "2015-04-30": "624.00000", "2015-01-31": "523.00000", "2014-10-31": "365.00000", "2014-07-31": "350.00000", "2014-04-30": "509.00000", "2014-01-31": "426.00000", "2013-10-31": "301.00000", "2013-07-31": "320.00000", "2013-04-30": "484.00000", "2013-01-31": "468.00000", "2012-10-31": "318.00000", "2012-07-31": "281.00000", "2012-04-30": "441.00000", "2012-01-31": "-306.00000", "2011-10-31": "198.00000", "2011-07-31": "283.00000", "2011-04-30": "421.00000", "2011-01-31": "283.00000", "2010-10-31": "207.00000", "2010-07-31": "268.00000", "2010-04-30": "375.00000", "2010-01-31": "251.00000", "2009-10-31": "-876.00000", "2009-07-31": "251.00000", "2009-04-30": "431.00000", "2009-01-31": "347.00000", "2008-10-31": "237.00000", "2008-07-31": "276.00000", "2008-04-30": "390.00000", "2008-01-31": "366.00000", "2007-10-31": "254.00000", "2007-07-31": "267.00000", "2007-04-30": "337.00000", "2007-01-31": "385.00000", "2006-10-31": "215.00000", "2006-07-31": "209.00000", "2006-04-30": "306.00000", "2006-01-31": "283.00000", "2005-10-31": "185.00000", "2005-07-31": "196.00000", "2005-04-30": "294.00000", "2005-01-31": "-652.00000"}, "Income From Discontinued Operations": {"2020-10-31": "", "2020-07-31": "", "2020-04-30": "", "2020-01-31": "", "2019-10-31": "", "2019-07-31": "", "2019-04-30": "", "2019-01-31": "", "2018-10-31": "", "2018-07-31": "", "2018-04-30": "", "2018-01-31": "", "2017-10-31": "", "2017-07-31": "", "2017-04-30": "", "2017-01-31": "", "2016-10-31": "", "2016-07-31": "", "2016-04-30": "", "2016-01-31": "", "2015-10-31": "", "2015-07-31": "", "2015-04-30": "", "2015-01-31": "", "2014-10-31": "", "2014-07-31": "", "2014-04-30": "", "2014-01-31": "", "2013-10-31": "", "2013-07-31": "", "2013-04-30": "", "2013-01-31": "", "2012-10-31": "", "2012-07-31": "", "2012-04-30": "", "2012-01-31": "", "2011-10-31": "", "2011-07-31": "", "2011-04-30": "", "2011-01-31": "", "2010-10-31": "", "2010-07-31": "", "2010-04-30": "", "2010-01-31": "", "2009-10-31": "", "2009-07-31": "", "2009-04-30": "", "2009-01-31": "", "2008-10-31": "", "2008-07-31": "", "2008-04-30": "", "2008-01-31": "", "2007-10-31": "", "2007-07-31": "", "2007-04-30": "", "2007-01-31": "", "2006-10-31": "", "2006-07-31": "", "2006-04-30": "", "2006-01-31": "", "2005-10-31": "", "2005-07-31": "", "2005-04-30": "", "2005-01-31": ""}, "Net Income": {"2020-10-31": "631.00000", "2020-07-31": "819.00000", "2020-04-30": "1212.00000", "2020-01-31": "327.00000", "2019-10-31": "263.00000", "2019-07-31": "297.00000", "2019-04-30": "772.00000", "2019-01-31": "259.00000", "2018-10-31": "317.00000", "2018-07-31": "508.00000", "2018-04-30": "2026.00000", "2018-01-31": "854.00000", "2017-10-31": "397.00000", "2017-07-31": "353.00000", "2017-04-30": "303.00000", "2017-01-31": "505.00000", "2016-10-31": "391.00000", "2016-07-31": "383.00000", "2016-04-30": "696.00000", "2016-01-31": "559.00000", "2015-10-31": "428.00000", "2015-07-31": "433.00000", "2015-04-30": "619.00000", "2015-01-31": "518.00000", "2014-10-31": "362.00000", "2014-07-31": "347.00000", "2014-04-30": "501.00000", "2014-01-31": "422.00000", "2013-10-31": "299.00000", "2013-07-31": "317.00000", "2013-04-30": "481.00000", "2013-01-31": "462.00000", "2012-10-31": "317.00000", "2012-07-31": "279.00000", "2012-04-30": "439.00000", "2012-01-31": "-307.00000", "2011-10-31": "196.00000", "2011-07-31": "281.00000", "2011-04-30": "432.00000", "2011-01-31": "278.00000", "2010-10-31": "202.00000", "2010-07-31": "262.00000", "2010-04-30": "374.00000", "2010-01-31": "255.00000", "2009-10-31": "-875.00000", "2009-07-31": "255.00000", "2009-04-30": "435.00000", "2009-01-31": "349.00000", "2008-10-31": "237.00000", "2008-07-31": "277.00000", "2008-04-30": "386.00000", "2008-01-31": "351.00000", "2007-10-31": "254.00000", "2007-07-31": "267.00000", "2007-04-30": "337.00000", "2007-01-31": "385.00000", "2006-10-31": "215.00000", "2006-07-31": "209.00000", "2006-04-30": "306.00000", "2006-01-31": "283.00000", "2005-10-31": "185.00000", "2005-07-31": "196.00000", "2005-04-30": "294.00000", "2005-01-31": "-652.00000"}, "EBITDA": {"2020-10-31": "1568.00000", "2020-07-31": "1580.00000", "2020-04-30": "2344.00000", "2020-01-31": "1338.00000", "2019-10-31": "1026.00000", "2019-07-31": "1299.00000", "2019-04-30": "1877.00000", "2019-01-31": "970.00000", "2018-10-31": "1216.00000", "2018-07-31": "1123.00000", "2018-04-30": "1770.00000", "2018-01-31": "1225.00000", "2017-10-31": "1319.00000", "2017-07-31": "1247.00000", "2017-04-30": "1367.00000", "2017-01-31": "1446.00000", "2016-10-31": "1262.00000", "2016-07-31": "1190.00000", "2016-04-30": "1894.00000", "2016-01-31": "1436.00000", "2015-10-31": "1256.00000", "2015-07-31": "1251.00000", "2015-04-30": "1722.00000", "2015-01-31": "1379.00000", "2014-10-31": "1107.00000", "2014-07-31": "1088.00000", "2014-04-30": "1511.00000", "2014-01-31": "1119.00000", "2013-10-31": "929.00000", "2013-07-31": "982.00000", "2013-04-30": "1398.00000", "2013-01-31": "1206.00000", "2012-10-31": "977.00000", "2012-07-31": "918.00000", "2012-04-30": "1315.00000", "2012-01-31": "-34.00000", "2011-10-31": "778.00000", "2011-07-31": "862.00000", "2011-04-30": "1310.00000", "2011-01-31": "963.00000", "2010-10-31": "774.00000", "2010-07-31": "862.00000", "2010-04-30": "1201.00000", "2010-01-31": "874.00000", "2009-10-31": "711.00000", "2009-07-31": "847.00000", "2009-04-30": "1297.00000", "2009-01-31": "1006.00000", "2008-10-31": "814.00000", "2008-07-31": "873.00000", "2008-04-30": "1202.00000", "2008-01-31": "1015.00000", "2007-10-31": "760.00000", "2007-07-31": "848.00000", "2007-04-30": "1094.00000", "2007-01-31": "994.00000", "2006-10-31": "744.00000", "2006-07-31": "738.00000", "2006-04-30": "1032.00000", "2006-01-31": "864.00000", "2005-10-31": "702.00000", "2005-07-31": "727.00000", "2005-04-30": "1007.00000", "2005-01-31": "704.00000"}, "EBIT": {"2020-10-31": "792.00000", "2020-07-31": "820.00000", "2020-04-30": "1326.00000", "2020-01-31": "537.00000", "2019-10-31": "254.00000", "2019-07-31": "559.00000", "2019-04-30": "901.00000", "2019-01-31": "389.00000", "2018-10-31": "647.00000", "2018-07-31": "549.00000", "2018-04-30": "1029.00000", "2018-01-31": "550.00000", "2017-10-31": "747.00000", "2017-07-31": "684.00000", "2017-04-30": "631.00000", "2017-01-31": "874.00000", "2016-10-31": "713.00000", "2016-07-31": "665.00000", "2016-04-30": "1200.00000", "2016-01-31": "928.00000", "2015-10-31": "772.00000", "2015-07-31": "774.00000", "2015-04-30": "1102.00000", "2015-01-31": "912.00000", "2014-10-31": "651.00000", "2014-07-31": "644.00000", "2014-04-30": "930.00000", "2014-01-31": "717.00000", "2013-10-31": "534.00000", "2013-07-31": "595.00000", "2013-04-30": "879.00000", "2013-01-31": "819.00000", "2012-10-31": "596.00000", "2012-07-31": "535.00000", "2012-04-30": "814.00000", "2012-01-31": "-426.00000", "2011-10-31": "405.00000", "2011-07-31": "488.00000", "2011-04-30": "811.00000", "2011-01-31": "559.00000", "2010-10-31": "406.00000", "2010-07-31": "494.00000", "2010-04-30": "723.00000", "2010-01-31": "506.00000", "2009-10-31": "-758.00000", "2009-07-31": "499.00000", "2009-04-30": "844.00000", "2009-01-31": "658.00000", "2008-10-31": "479.00000", "2008-07-31": "546.00000", "2008-04-30": "769.00000", "2008-01-31": "690.00000", "2007-10-31": "445.00000", "2007-07-31": "537.00000", "2007-04-30": "690.00000", "2007-01-31": "695.00000", "2006-10-31": "449.00000", "2006-07-31": "448.00000", "2006-04-30": "644.00000", "2006-01-31": "568.00000", "2005-10-31": "415.00000", "2005-07-31": "434.00000", "2005-04-30": "618.00000", "2005-01-31": "-464.00000"}, "Basic Shares Outstanding": {"2020-10-31": "772.00000", "2020-07-31": "777.00000", "2020-04-30": "780.00000", "2020-01-31": "799.00000", "2019-10-31": "802.00000", "2019-07-31": "800.00000", "2019-04-30": "798.00000", "2019-01-31": "810.00000", "2018-10-31": "797.00000", "2018-07-31": "797.00000", "2018-04-30": "839.00000", "2018-01-31": "895.00000", "2017-10-31": "887.00000", "2017-07-31": "897.00000", "2017-04-30": "914.00000", "2017-01-31": "942.00000", "2016-10-31": "940.00000", "2016-07-31": "943.00000", "2016-04-30": "954.00000", "2016-01-31": "966.00000", "2015-10-31": "965.00000", "2015-07-31": "963.00000", "2015-04-30": "969.00000", "2015-01-31": "981.00000", "2014-10-31": "972.00000", "2014-07-31": "970.00000", "2014-04-30": "1002.00000", "2014-01-31": "1028.00000", "2013-10-31": "1030.00000", "2013-07-31": "1030.00000", "2013-04-30": "1028.00000", "2013-01-31": "1066.00000", "2012-10-31": "1036.00000", "2012-07-31": "1076.00000", "2012-04-30": "1112.00000", "2012-01-31": "1180.00000", "2011-10-31": "1166.00000", "2011-07-31": "1192.00000", "2011-04-30": "1216.00000", "2011-01-31": "1270.00000", "2010-10-31": "1266.00000", "2010-07-31": "1274.00000", "2010-04-30": "1282.00000", "2010-01-31": "1294.00000", "2009-10-31": "1292.00000", "2009-07-31": "1296.00000", "2009-04-30": "1296.00000", "2009-01-31": "1304.00000", "2008-10-31": "1298.00000", "2008-07-31": "1302.00000", "2008-04-30": "1314.00000", "2008-01-31": "1380.00000", "2007-10-31": "1356.00000", "2007-07-31": "1404.00000", "2007-04-30": "1412.00000", "2007-01-31": "1430.00000", "2006-10-31": "1424.00000", "2006-07-31": "1438.00000", "2006-04-30": "1444.00000", "2006-01-31": "1448.00000", "2005-10-31": "1448.00000", "2005-07-31": "1444.00000", "2005-04-30": "1454.00000", "2005-01-31": "1472.00000"}, "Shares Outstanding": {"2020-10-31": "780.00000", "2020-07-31": "786.00000", "2020-04-30": "788.00000", "2020-01-31": "805.00000", "2019-10-31": "807.00000", "2019-07-31": "805.00000", "2019-04-30": "805.00000", "2019-01-31": "818.00000", "2018-10-31": "807.00000", "2018-07-31": "805.00000", "2018-04-30": "846.00000", "2018-01-31": "904.00000", "2017-10-31": "893.00000", "2017-07-31": "905.00000", "2017-04-30": "925.00000", "2017-01-31": "958.00000", "2016-10-31": "953.00000", "2016-07-31": "959.00000", "2016-04-30": "966.00000", "2016-01-31": "980.00000", "2015-10-31": "979.00000", "2015-07-31": "977.00000", "2015-04-30": "983.00000", "2015-01-31": "993.00000", "2014-10-31": "984.00000", "2014-07-31": "982.00000", "2014-04-30": "1014.00000", "2014-01-31": "1040.00000", "2013-10-31": "1042.00000", "2013-07-31": "1042.00000", "2013-04-30": "1040.00000", "2013-01-31": "1074.00000", "2012-10-31": "1044.00000", "2012-07-31": "1082.00000", "2012-04-30": "1118.00000", "2012-01-31": "1186.00000", "2011-10-31": "1172.00000", "2011-07-31": "1200.00000", "2011-04-30": "1224.00000", "2011-01-31": "1276.00000", "2010-10-31": "1272.00000", "2010-07-31": "1280.00000", "2010-04-30": "1290.00000", "2010-01-31": "1300.00000", "2009-10-31": "1292.00000", "2009-07-31": "1302.00000", "2009-04-30": "1302.00000", "2009-01-31": "1316.00000", "2008-10-31": "1310.00000", "2008-07-31": "1316.00000", "2008-04-30": "1326.00000", "2008-01-31": "1394.00000", "2007-10-31": "1370.00000", "2007-07-31": "1418.00000", "2007-04-30": "1430.00000", "2007-01-31": "1446.00000", "2006-10-31": "1440.00000", "2006-07-31": "1450.00000", "2006-04-30": "1458.00000", "2006-01-31": "1462.00000", "2005-10-31": "1464.00000", "2005-07-31": "1460.00000", "2005-04-30": "1464.00000", "2005-01-31": "1472.00000"}, "Basic EPS": {"2020-10-31": "0.81000", "2020-07-31": "1.04000", "2020-04-30": "1.53000", "2020-01-31": "0.40000", "2019-10-31": "0.32000", "2019-07-31": "0.37000", "2019-04-30": "0.96000", "2019-01-31": "0.39000", "2018-10-31": "0.39000", "2018-07-31": "0.63000", "2018-04-30": "2.39000", "2018-01-31": "0.95000", "2017-10-31": "0.44000", "2017-07-31": "0.39000", "2017-04-30": "0.33000", "2017-01-31": "0.55000", "2016-10-31": "0.41000", "2016-07-31": "0.40000", "2016-04-30": "0.72000", "2016-01-31": "0.58000", "2015-10-31": "0.44000", "2015-07-31": "0.44000", "2015-04-30": "0.63000", "2015-01-31": "0.52500", "2014-10-31": "0.37000", "2014-07-31": "0.35000", "2014-04-30": "0.49500", "2014-01-31": "0.41000", "2013-10-31": "0.29000", "2013-07-31": "0.30500", "2013-04-30": "0.46500", "2013-01-31": "0.43500", "2012-10-31": "0.30500", "2012-07-31": "0.26000", "2012-04-30": "0.39000", "2012-01-31": "-0.25000", "2011-10-31": "0.16500", "2011-07-31": "0.23500", "2011-04-30": "0.35500", "2011-01-31": "0.22000", "2010-10-31": "0.16000", "2010-07-31": "0.20500", "2010-04-30": "0.29000", "2010-01-31": "0.20000", "2009-10-31": "-0.67500", "2009-07-31": "0.19500", "2009-04-30": "0.33500", "2009-01-31": "0.27500", "2008-10-31": "0.18000", "2008-07-31": "0.21000", "2008-04-30": "0.29000", "2008-01-31": "0.26000", "2007-10-31": "0.18500", "2007-07-31": "0.19000", "2007-04-30": "0.24000", "2007-01-31": "0.27500", "2006-10-31": "0.15000", "2006-07-31": "0.14500", "2006-04-30": "0.21000", "2006-01-31": "0.19500", "2005-10-31": "0.13000", "2005-07-31": "0.13500", "2005-04-30": "0.20000", "2005-01-31": "-0.43500"}, "EPS - Earnings Per Share": {"2020-10-31": "0.80000", "2020-07-31": "1.03000", "2020-04-30": "1.52000", "2020-01-31": "0.40000", "2019-10-31": "0.32000", "2019-07-31": "0.37000", "2019-04-30": "0.95000", "2019-01-31": "0.38000", "2018-10-31": "0.39000", "2018-07-31": "0.62000", "2018-04-30": "2.37000", "2018-01-31": "0.94000", "2017-10-31": "0.44000", "2017-07-31": "0.39000", "2017-04-30": "0.32000", "2017-01-31": "0.53000", "2016-10-31": "0.41000", "2016-07-31": "0.40000", "2016-04-30": "0.71000", "2016-01-31": "0.57000", "2015-10-31": "0.43000", "2015-07-31": "0.44000", "2015-04-30": "0.62000", "2015-01-31": "0.52000", "2014-10-31": "0.36000", "2014-07-31": "0.35000", "2014-04-30": "0.49000", "2014-01-31": "0.40500", "2013-10-31": "0.28500", "2013-07-31": "0.30000", "2013-04-30": "0.46000", "2013-01-31": "0.44000", "2012-10-31": "0.30000", "2012-07-31": "0.25500", "2012-04-30": "0.39000", "2012-01-31": "-0.24000", "2011-10-31": "0.16500", "2011-07-31": "0.23000", "2011-04-30": "0.35000", "2011-01-31": "0.21500", "2010-10-31": "0.16000", "2010-07-31": "0.20500", "2010-04-30": "0.29000", "2010-01-31": "0.20500", "2009-10-31": "-0.67500", "2009-07-31": "0.19500", "2009-04-30": "0.33000", "2009-01-31": "0.26500", "2008-10-31": "0.18000", "2008-07-31": "0.21000", "2008-04-30": "0.29000", "2008-01-31": "0.25500", "2007-10-31": "0.18500", "2007-07-31": "0.19000", "2007-04-30": "0.23500", "2007-01-31": "0.26500", "2006-10-31": "0.15000", "2006-07-31": "0.14500", "2006-04-30": "0.21000", "2006-01-31": "0.19500", "2005-10-31": "0.12500", "2005-07-31": "0.13500", "2005-04-30": "0.20000", "2005-01-31": "-0.43500"}}, "balance sheet": {"Cash On Hand": {"2020-01-31": "1578.00000", "2019-01-31": "1610.00000", "2018-01-31": "1508.00000", "2017-01-31": "1232.00000", "2016-01-31": "1200.00000", "2015-01-31": "1256.00000", "2014-01-31": "1359.00000", "2013-01-31": "1193.00000", "2012-01-31": "974.00000", "2011-01-31": "1491.00000", "2010-01-31": "1078.00000", "2009-01-31": "894.00000", "2008-01-31": "918.00000", "2007-01-31": "803.00000", "2006-01-31": "698.00000", "2005-01-31": "650.00000"}, "Receivables": {"2020-01-31": "1706.00000", "2019-01-31": "1589.00000", "2018-01-31": "1637.00000", "2017-01-31": "1649.00000", "2016-01-31": "1734.00000", "2015-01-31": "1266.00000", "2014-01-31": "1116.00000", "2013-01-31": "1051.00000", "2012-01-31": "949.00000", "2011-01-31": "845.00000", "2010-01-31": "909.00000", "2009-01-31": "944.00000", "2008-01-31": "786.00000", "2007-01-31": "778.00000", "2006-01-31": "686.00000", "2005-01-31": "828.00000"}, "Inventory": {"2020-01-31": "7084.00000", "2019-01-31": "6846.00000", "2018-01-31": "6533.00000", "2017-01-31": "6561.00000", "2016-01-31": "6168.00000", "2015-01-31": "5688.00000", "2014-01-31": "5651.00000", "2013-01-31": "5146.00000", "2012-01-31": "5114.00000", "2011-01-31": "4966.00000", "2010-01-31": "4935.00000", "2009-01-31": "4905.00000", "2008-01-31": "4849.00000", "2007-01-31": "4609.00000", "2006-01-31": "4486.00000", "2005-01-31": "4356.00000"}, "Pre-Paid Expenses": {"2020-01-31": "522.00000", "2019-01-31": "592.00000", "2018-01-31": "835.00000", "2017-01-31": "898.00000", "2016-01-31": "790.00000", "2015-01-31": "701.00000", "2014-01-31": "704.00000", "2013-01-31": "569.00000", "2012-01-31": "288.00000", "2011-01-31": "319.00000", "2010-01-31": "261.00000", "2009-01-31": "209.00000", "2008-01-31": "255.00000", "2007-01-31": "265.00000", "2006-01-31": "296.00000", "2005-01-31": "272.00000"}, "Other Current Assets": {"2020-01-31": "", "2019-01-31": "166.00000", "2018-01-31": "604.00000", "2017-01-31": "", "2016-01-31": "", "2015-01-31": "", "2014-01-31": "", "2013-01-31": "", "2012-01-31": "", "2011-01-31": "", "2010-01-31": "300.00000", "2009-01-31": "300.00000", "2008-01-31": "300.00000", "2007-01-31": "300.00000", "2006-01-31": "300.00000", "2005-01-31": "300.00000"}, "Total Current Assets": {"2020-01-31": "10890.00000", "2019-01-31": "10803.00000", "2018-01-31": "11117.00000", "2017-01-31": "10340.00000", "2016-01-31": "9892.00000", "2015-01-31": "8911.00000", "2014-01-31": "8830.00000", "2013-01-31": "7959.00000", "2012-01-31": "7325.00000", "2011-01-31": "7621.00000", "2010-01-31": "7483.00000", "2009-01-31": "7252.00000", "2008-01-31": "7108.00000", "2007-01-31": "6755.00000", "2006-01-31": "6466.00000", "2005-01-31": "6406.00000"}, "Property, Plant, And Equipment": {"2020-01-31": "21871.00000", "2019-01-31": "21635.00000", "2018-01-31": "21071.00000", "2017-01-31": "21016.00000", "2016-01-31": "19619.00000", "2015-01-31": "17912.00000", "2014-01-31": "16893.00000", "2013-01-31": "14848.00000", "2012-01-31": "14464.00000", "2011-01-31": "14147.00000", "2010-01-31": "13929.00000", "2009-01-31": "13161.00000", "2008-01-31": "12498.00000", "2007-01-31": "11779.00000", "2006-01-31": "11365.00000", "2005-01-31": "11497.00000"}, "Long-Term Investments": {"2020-01-31": "", "2019-01-31": "", "2018-01-31": "", "2017-01-31": "", "2016-01-31": "", "2015-01-31": "", "2014-01-31": "", "2013-01-31": "", "2012-01-31": "", "2011-01-31": "", "2010-01-31": "", "2009-01-31": "", "2008-01-31": "", "2007-01-31": "", "2006-01-31": "", "2005-01-31": ""}, "Goodwill And Intangible Assets": {"2020-01-31": "4142.00000", "2019-01-31": "4345.00000", "2018-01-31": "4025.00000", "2017-01-31": "4184.00000", "2016-01-31": "3777.00000", "2015-01-31": "3061.00000", "2014-01-31": "2837.00000", "2013-01-31": "1364.00000", "2012-01-31": "1138.00000", "2011-01-31": "1140.00000", "2010-01-31": "1158.00000", "2009-01-31": "2271.00000", "2008-01-31": "2144.00000", "2007-01-31": "2192.00000", "2006-01-31": "2192.00000", "2005-01-31": "2191.00000"}, "Other Long-Term Assets": {"2020-01-31": "1539.00000", "2019-01-31": "1335.00000", "2018-01-31": "984.00000", "2017-01-31": "965.00000", "2016-01-31": "609.00000", "2015-01-31": "613.00000", "2014-01-31": "721.00000", "2013-01-31": "463.00000", "2012-01-31": "549.00000", "2011-01-31": "597.00000", "2010-01-31": "556.00000", "2009-01-31": "573.00000", "2008-01-31": "543.00000", "2007-01-31": "489.00000", "2006-01-31": "459.00000", "2005-01-31": "397.00000"}, "Total Long-Term Assets": {"2020-01-31": "34366.00000", "2019-01-31": "27315.00000", "2018-01-31": "26080.00000", "2017-01-31": "26165.00000", "2016-01-31": "24005.00000", "2015-01-31": "21586.00000", "2014-01-31": "20451.00000", "2013-01-31": "16675.00000", "2012-01-31": "16151.00000", "2011-01-31": "15884.00000", "2010-01-31": "15643.00000", "2009-01-31": "16005.00000", "2008-01-31": "15185.00000", "2007-01-31": "14460.00000", "2006-01-31": "14016.00000", "2005-01-31": "14085.00000"}, "Total Assets": {"2020-01-31": "45256.00000", "2019-01-31": "38118.00000", "2018-01-31": "37197.00000", "2017-01-31": "36505.00000", "2016-01-31": "33897.00000", "2015-01-31": "30497.00000", "2014-01-31": "29281.00000", "2013-01-31": "24634.00000", "2012-01-31": "23476.00000", "2011-01-31": "23505.00000", "2010-01-31": "23126.00000", "2009-01-31": "23257.00000", "2008-01-31": "22293.00000", "2007-01-31": "21215.00000", "2006-01-31": "20482.00000", "2005-01-31": "20491.00000"}, "Total Current Liabilities": {"2020-01-31": "14243.00000", "2019-01-31": "14274.00000", "2018-01-31": "14197.00000", "2017-01-31": "12860.00000", "2016-01-31": "12971.00000", "2015-01-31": "11392.00000", "2014-01-31": "10705.00000", "2013-01-31": "11061.00000", "2012-01-31": "9105.00000", "2011-01-31": "8070.00000", "2010-01-31": "7727.00000", "2009-01-31": "7646.00000", "2008-01-31": "8683.00000", "2007-01-31": "7581.00000", "2006-01-31": "6715.00000", "2005-01-31": "6335.00000"}, "Long Term Debt": {"2020-01-31": "12111.00000", "2019-01-31": "12072.00000", "2018-01-31": "12029.00000", "2017-01-31": "11825.00000", "2016-01-31": "9709.00000", "2015-01-31": "9723.00000", "2014-01-31": "9653.00000", "2013-01-31": "6145.00000", "2012-01-31": "6850.00000", "2011-01-31": "7304.00000", "2010-01-31": "7477.00000", "2009-01-31": "7505.00000", "2008-01-31": "6529.00000", "2007-01-31": "6154.00000", "2006-01-31": "6678.00000", "2005-01-31": "7900.00000"}, "Other Non-Current Liabilities": {"2020-01-31": "1750.00000", "2019-01-31": "1881.00000", "2018-01-31": "1706.00000", "2017-01-31": "1659.00000", "2016-01-31": "1287.00000", "2015-01-31": "1268.00000", "2014-01-31": "1246.00000", "2013-01-31": "1127.00000", "2012-01-31": "1515.00000", "2011-01-31": "1137.00000", "2010-01-31": "1346.00000", "2009-01-31": "1248.00000", "2008-01-31": "1246.00000", "2007-01-31": "1835.00000", "2006-01-31": "1856.00000", "2005-01-31": "1796.00000"}, "Total Long Term Liabilities": {"2020-01-31": "22440.00000", "2019-01-31": "16009.00000", "2018-01-31": "16095.00000", "2017-01-31": "16935.00000", "2016-01-31": "14128.00000", "2015-01-31": "13663.00000", "2014-01-31": "13181.00000", "2013-01-31": "9359.00000", "2012-01-31": "10405.00000", "2011-01-31": "10137.00000", "2010-01-31": "10473.00000", "2009-01-31": "10311.00000", "2008-01-31": "8696.00000", "2007-01-31": "8711.00000", "2006-01-31": "9377.00000", "2005-01-31": "10537.00000"}, "Total Liabilities": {"2020-01-31": "36683.00000", "2019-01-31": "30283.00000", "2018-01-31": "30292.00000", "2017-01-31": "29795.00000", "2016-01-31": "27099.00000", "2015-01-31": "25055.00000", "2014-01-31": "23886.00000", "2013-01-31": "20420.00000", "2012-01-31": "19510.00000", "2011-01-31": "18207.00000", "2010-01-31": "18200.00000", "2009-01-31": "17957.00000", "2008-01-31": "17379.00000", "2007-01-31": "16292.00000", "2006-01-31": "16092.00000", "2005-01-31": "16872.00000"}, "Common Stock Net": {"2020-01-31": "1918.00000", "2019-01-31": "1918.00000", "2018-01-31": "1918.00000", "2017-01-31": "1918.00000", "2016-01-31": "1918.00000", "2015-01-31": "1918.00000", "2014-01-31": "959.00000", "2013-01-31": "959.00000", "2012-01-31": "959.00000", "2011-01-31": "959.00000", "2010-01-31": "958.00000", "2009-01-31": "955.00000", "2008-01-31": "947.00000", "2007-01-31": "937.00000", "2006-01-31": "927.00000", "2005-01-31": "918.00000"}, "Retained Earnings (Accumulated Deficit)": {"2020-01-31": "20978.00000", "2019-01-31": "19681.00000", "2018-01-31": "17007.00000", "2017-01-31": "15543.00000", "2016-01-31": "14011.00000", "2015-01-31": "12367.00000", "2014-01-31": "10981.00000", "2013-01-31": "9787.00000", "2012-01-31": "8571.00000", "2011-01-31": "8225.00000", "2010-01-31": "7364.00000", "2009-01-31": "7518.00000", "2008-01-31": "6480.00000", "2007-01-31": "5501.00000", "2006-01-31": "4573.00000", "2005-01-31": "3620.00000"}, "Comprehensive Income": {"2020-01-31": "-640.00000", "2019-01-31": "-346.00000", "2018-01-31": "-471.00000", "2017-01-31": "-715.00000", "2016-01-31": "-680.00000", "2015-01-31": "-812.00000", "2014-01-31": "-464.00000", "2013-01-31": "-753.00000", "2012-01-31": "-844.00000", "2011-01-31": "-550.00000", "2010-01-31": "-593.00000", "2009-01-31": "-495.00000", "2008-01-31": "-122.00000", "2007-01-31": "-259.00000", "2006-01-31": "-243.00000", "2005-01-31": "-202.00000"}, "Other Share Holders Equity": {"2020-01-31": "", "2019-01-31": "", "2018-01-31": "", "2017-01-31": "", "2016-01-31": "", "2015-01-31": "", "2014-01-31": "", "2013-01-31": "", "2012-01-31": "", "2011-01-31": "", "2010-01-31": "", "2009-01-31": "", "2008-01-31": "", "2007-01-31": "", "2006-01-31": "", "2005-01-31": ""}, "Share Holder Equity": {"2020-01-31": "8573.00000", "2019-01-31": "7835.00000", "2018-01-31": "6905.00000", "2017-01-31": "6710.00000", "2016-01-31": "6798.00000", "2015-01-31": "5442.00000", "2014-01-31": "5395.00000", "2013-01-31": "4214.00000", "2012-01-31": "3966.00000", "2011-01-31": "5298.00000", "2010-01-31": "4926.00000", "2009-01-31": "5300.00000", "2008-01-31": "4914.00000", "2007-01-31": "4923.00000", "2006-01-31": "4390.00000", "2005-01-31": "3619.00000"}, "Total Liabilities And Share Holders Equity": {"2020-01-31": "45256.00000", "2019-01-31": "38118.00000", "2018-01-31": "37197.00000", "2017-01-31": "36505.00000", "2016-01-31": "33897.00000", "2015-01-31": "30497.00000", "2014-01-31": "29281.00000", "2013-01-31": "24634.00000", "2012-01-31": "23476.00000", "2011-01-31": "23505.00000", "2010-01-31": "23126.00000", "2009-01-31": "23257.00000", "2008-01-31": "22293.00000", "2007-01-31": "21215.00000", "2006-01-31": "20482.00000", "2005-01-31": "20491.00000"}}, "balance sheet, quarterly": {"Cash On Hand": {"2020-10-31": "3282.00000", "2020-07-31": "3878.00000", "2020-04-30": "3868.00000", "2020-01-31": "1578.00000", "2019-10-31": "1579.00000", "2019-07-31": "1612.00000", "2019-04-30": "1475.00000", "2019-01-31": "1610.00000", "2018-10-31": "1527.00000", "2018-07-31": "1378.00000", "2018-04-30": "1744.00000", "2018-01-31": "1508.00000", "2017-10-31": "1515.00000", "2017-07-31": "1796.00000", "2017-04-30": "1308.00000", "2017-01-31": "1232.00000", "2016-10-31": "1417.00000", "2016-07-31": "1278.00000", "2016-04-30": "1283.00000", "2016-01-31": "1200.00000", "2015-10-31": "1236.00000", "2015-07-31": "1202.00000", "2015-04-30": "1214.00000", "2015-01-31": "1256.00000", "2014-10-31": "1206.00000", "2014-07-31": "1204.00000", "2014-04-30": "1202.00000", "2014-01-31": "1359.00000", "2013-10-31": "1225.00000", "2013-07-31": "1290.00000", "2013-04-30": "1098.00000", "2013-01-31": "1193.00000", "2012-10-31": "1355.00000", "2012-07-31": "1138.00000", "2012-04-30": "1350.00000", "2012-01-31": "974.00000", "2011-10-31": "1095.00000", "2011-07-31": "1449.00000", "2011-04-30": "1147.00000", "2011-01-31": "1491.00000", "2010-10-31": "1513.00000", "2010-07-31": "1785.00000", "2010-04-30": "1277.00000", "2010-01-31": "1078.00000", "2009-10-31": "1186.00000", "2009-07-31": "997.00000", "2009-04-30": "1295.00000", "2009-01-31": "894.00000", "2008-10-31": "890.00000", "2008-07-31": "932.00000", "2008-04-30": "968.00000", "2008-01-31": "918.00000", "2007-10-31": "746.00000", "2007-07-31": "728.00000", "2007-04-30": "759.00000", "2007-01-31": "803.00000", "2006-10-31": "737.00000", "2006-07-31": "1345.00000", "2006-04-30": "1182.00000", "2006-01-31": "698.00000", "2005-10-31": "799.00000", "2005-07-31": "889.00000", "2005-04-30": "656.00000", "2005-01-31": "650.00000"}, "Receivables": {"2020-10-31": "1610.00000", "2020-07-31": "1526.00000", "2020-04-30": "1552.00000", "2020-01-31": "1706.00000", "2019-10-31": "1600.00000", "2019-07-31": "1567.00000", "2019-04-30": "1560.00000", "2019-01-31": "1589.00000", "2018-10-31": "1510.00000", "2018-07-31": "1488.00000", "2018-04-30": "1583.00000", "2018-01-31": "1637.00000", "2017-10-31": "1452.00000", "2017-07-31": "1536.00000", "2017-04-30": "1394.00000", "2017-01-31": "1649.00000", "2016-10-31": "1488.00000", "2016-07-31": "1316.00000", "2016-04-30": "1314.00000", "2016-01-31": "1734.00000", "2015-10-31": "1253.00000", "2015-07-31": "1319.00000", "2015-04-30": "1218.00000", "2015-01-31": "1266.00000", "2014-10-31": "1154.00000", "2014-07-31": "1174.00000", "2014-04-30": "1108.00000", "2014-01-31": "1116.00000", "2013-10-31": "1044.00000", "2013-07-31": "942.00000", "2013-04-30": "961.00000", "2013-01-31": "1051.00000", "2012-10-31": "1039.00000", "2012-07-31": "941.00000", "2012-04-30": "922.00000", "2012-01-31": "949.00000", "2011-10-31": "877.00000", "2011-07-31": "859.00000", "2011-04-30": "854.00000", "2011-01-31": "845.00000", "2010-10-31": "847.00000", "2010-07-31": "805.00000", "2010-04-30": "828.00000", "2010-01-31": "909.00000", "2009-10-31": "817.00000", "2009-07-31": "774.00000", "2009-04-30": "795.00000", "2009-01-31": "944.00000", "2008-10-31": "807.00000", "2008-07-31": "770.00000", "2008-04-30": "781.00000", "2008-01-31": "786.00000", "2007-10-31": "735.00000", "2007-07-31": "680.00000", "2007-04-30": "719.00000", "2007-01-31": "778.00000", "2006-10-31": "718.00000", "2006-07-31": "709.00000", "2006-04-30": "696.00000", "2006-01-31": "686.00000", "2005-10-31": "664.00000", "2005-07-31": "641.00000", "2005-04-30": "616.00000", "2005-01-31": "828.00000"}, "Inventory": {"2020-10-31": "7478.00000", "2020-07-31": "6344.00000", "2020-04-30": "6297.00000", "2020-01-31": "7084.00000", "2019-10-31": "7412.00000", "2019-07-31": "6526.00000", "2019-04-30": "6707.00000", "2019-01-31": "6846.00000", "2018-10-31": "7083.00000", "2018-07-31": "6241.00000", "2018-04-30": "6387.00000", "2018-01-31": "6533.00000", "2017-10-31": "6917.00000", "2017-07-31": "6363.00000", "2017-04-30": "6359.00000", "2017-01-31": "6561.00000", "2016-10-31": "6976.00000", "2016-07-31": "6120.00000", "2016-04-30": "6066.00000", "2016-01-31": "6168.00000", "2015-10-31": "6324.00000", "2015-07-31": "5548.00000", "2015-04-30": "5722.00000", "2015-01-31": "5688.00000", "2014-10-31": "6130.00000", "2014-07-31": "5495.00000", "2014-04-30": "5648.00000", "2014-01-31": "5651.00000", "2013-10-31": "5628.00000", "2013-07-31": "4954.00000", "2013-04-30": "5076.00000", "2013-01-31": "5146.00000", "2012-10-31": "5550.00000", "2012-07-31": "4837.00000", "2012-04-30": "4977.00000", "2012-01-31": "5114.00000", "2011-10-31": "5507.00000", "2011-07-31": "4764.00000", "2011-04-30": "4835.00000", "2011-01-31": "4966.00000", "2010-10-31": "5256.00000", "2010-07-31": "4650.00000", "2010-04-30": "4772.00000", "2010-01-31": "4935.00000", "2009-10-31": "5245.00000", "2009-07-31": "4635.00000", "2009-04-30": "4811.00000", "2009-01-31": "4905.00000", "2008-10-31": "5368.00000", "2008-07-31": "4730.00000", "2008-04-30": "4870.00000", "2008-01-31": "4849.00000", "2007-10-31": "5186.00000", "2007-07-31": "4577.00000", "2007-04-30": "4696.00000", "2007-01-31": "4609.00000", "2006-10-31": "4968.00000", "2006-07-31": "4428.00000", "2006-04-30": "4445.00000", "2006-01-31": "4486.00000", "2005-10-31": "4786.00000", "2005-07-31": "4250.00000", "2005-04-30": "4292.00000", "2005-01-31": "4356.00000"}, "Pre-Paid Expenses": {"2020-10-31": "576.00000", "2020-07-31": "538.00000", "2020-04-30": "458.00000", "2020-01-31": "522.00000", "2019-10-31": "434.00000", "2019-07-31": "435.00000", "2019-04-30": "420.00000", "2019-01-31": "592.00000", "2018-10-31": "461.00000", "2018-07-31": "460.00000", "2018-04-30": "530.00000", "2018-01-31": "835.00000", "2017-10-31": "437.00000", "2017-07-31": "452.00000", "2017-04-30": "477.00000", "2017-01-31": "898.00000", "2016-10-31": "522.00000", "2016-07-31": "530.00000", "2016-04-30": "553.00000", "2016-01-31": "790.00000", "2015-10-31": "464.00000", "2015-07-31": "457.00000", "2015-04-30": "429.00000", "2015-01-31": "701.00000", "2014-10-31": "396.00000", "2014-07-31": "422.00000", "2014-04-30": "410.00000", "2014-01-31": "704.00000", "2013-10-31": "315.00000", "2013-07-31": "332.00000", "2013-04-30": "299.00000", "2013-01-31": "569.00000", "2012-10-31": "333.00000", "2012-07-31": "335.00000", "2012-04-30": "347.00000", "2012-01-31": "288.00000", "2011-10-31": "344.00000", "2011-07-31": "357.00000", "2011-04-30": "367.00000", "2011-01-31": "319.00000", "2010-10-31": "291.00000", "2010-07-31": "306.00000", "2010-04-30": "302.00000", "2010-01-31": "261.00000", "2009-10-31": "282.00000", "2009-07-31": "300.00000", "2009-04-30": "301.00000", "2009-01-31": "209.00000", "2008-10-31": "254.00000", "2008-07-31": "272.00000", "2008-04-30": "268.00000", "2008-01-31": "255.00000", "2007-10-31": "236.00000", "2007-07-31": "255.00000", "2007-04-30": "254.00000", "2007-01-31": "265.00000", "2006-10-31": "250.00000", "2006-07-31": "301.00000", "2006-04-30": "311.00000", "2006-01-31": "296.00000", "2005-10-31": "226.00000", "2005-07-31": "264.00000", "2005-04-30": "272.00000", "2005-01-31": "272.00000"}, "Other Current Assets": {"2020-10-31": "", "2020-07-31": "", "2020-04-30": "", "2020-01-31": "", "2019-10-31": "", "2019-07-31": "", "2019-04-30": "", "2019-01-31": "166.00000", "2018-10-31": "172.00000", "2018-07-31": "179.00000", "2018-04-30": "42.00000", "2018-01-31": "604.00000", "2017-10-31": "604.00000", "2017-07-31": "", "2017-04-30": "", "2017-01-31": "", "2016-10-31": "", "2016-07-31": "", "2016-04-30": "", "2016-01-31": "", "2015-10-31": "", "2015-07-31": "", "2015-04-30": "", "2015-01-31": "", "2014-10-31": "", "2014-07-31": "", "2014-04-30": "", "2014-01-31": "", "2013-10-31": "", "2013-07-31": "", "2013-04-30": "", "2013-01-31": "", "2012-10-31": "", "2012-07-31": "", "2012-04-30": "", "2012-01-31": "", "2011-10-31": "", "2011-07-31": "", "2011-04-30": "", "2011-01-31": "", "2010-10-31": "", "2010-07-31": "", "2010-04-30": "3.00000", "2010-01-31": "300.00000", "2009-10-31": "", "2009-07-31": "", "2009-04-30": "37.00000", "2009-01-31": "300.00000", "2008-10-31": "", "2008-07-31": "", "2008-04-30": "63.00000", "2008-01-31": "300.00000", "2007-10-31": "", "2007-07-31": "", "2007-04-30": "19.00000", "2007-01-31": "300.00000", "2006-10-31": "", "2006-07-31": "", "2006-04-30": "22.00000", "2006-01-31": "300.00000", "2005-10-31": "98.00000", "2005-07-31": "", "2005-04-30": "36.00000", "2005-01-31": "300.00000"}, "Total Current Assets": {"2020-10-31": "12946.00000", "2020-07-31": "12286.00000", "2020-04-30": "12175.00000", "2020-01-31": "10890.00000", "2019-10-31": "11025.00000", "2019-07-31": "10140.00000", "2019-04-30": "10162.00000", "2019-01-31": "10803.00000", "2018-10-31": "10753.00000", "2018-07-31": "9746.00000", "2018-04-30": "10286.00000", "2018-01-31": "11117.00000", "2017-10-31": "10925.00000", "2017-07-31": "10147.00000", "2017-04-30": "9538.00000", "2017-01-31": "10340.00000", "2016-10-31": "10403.00000", "2016-07-31": "9244.00000", "2016-04-30": "9216.00000", "2016-01-31": "9892.00000", "2015-10-31": "9277.00000", "2015-07-31": "8526.00000", "2015-04-30": "8583.00000", "2015-01-31": "8911.00000", "2014-10-31": "8886.00000", "2014-07-31": "8295.00000", "2014-04-30": "8368.00000", "2014-01-31": "8830.00000", "2013-10-31": "8212.00000", "2013-07-31": "7518.00000", "2013-04-30": "7434.00000", "2013-01-31": "7959.00000", "2012-10-31": "8277.00000", "2012-07-31": "7251.00000", "2012-04-30": "7596.00000", "2012-01-31": "7325.00000", "2011-10-31": "7823.00000", "2011-07-31": "7429.00000", "2011-04-30": "7203.00000", "2011-01-31": "7621.00000", "2010-10-31": "7907.00000", "2010-07-31": "7546.00000", "2010-04-30": "7182.00000", "2010-01-31": "7483.00000", "2009-10-31": "7530.00000", "2009-07-31": "6706.00000", "2009-04-30": "7239.00000", "2009-01-31": "7252.00000", "2008-10-31": "7319.00000", "2008-07-31": "6704.00000", "2008-04-30": "6950.00000", "2008-01-31": "7108.00000", "2007-10-31": "6903.00000", "2007-07-31": "6240.00000", "2007-04-30": "6447.00000", "2007-01-31": "6755.00000", "2006-10-31": "6673.00000", "2006-07-31": "6783.00000", "2006-04-30": "6656.00000", "2006-01-31": "6466.00000", "2005-10-31": "6573.00000", "2005-07-31": "6044.00000", "2005-04-30": "5872.00000", "2005-01-31": "6406.00000"}, "Property, Plant, And Equipment": {"2020-10-31": "21902.00000", "2020-07-31": "21881.00000", "2020-04-30": "21790.00000", "2020-01-31": "21871.00000", "2019-10-31": "21801.00000", "2019-07-31": "21820.00000", "2019-04-30": "21661.00000", "2019-01-31": "21635.00000", "2018-10-31": "21515.00000", "2018-07-31": "21316.00000", "2018-04-30": "21195.00000", "2018-01-31": "21071.00000", "2017-10-31": "20966.00000", "2017-07-31": "21308.00000", "2017-04-30": "21133.00000", "2017-01-31": "21016.00000", "2016-10-31": "20966.00000", "2016-07-31": "20687.00000", "2016-04-30": "20161.00000", "2016-01-31": "19619.00000", "2015-10-31": "18926.00000", "2015-07-31": "18573.00000", "2015-04-30": "18212.00000", "2015-01-31": "17912.00000", "2014-10-31": "17586.00000", "2014-07-31": "17263.00000", "2014-04-30": "17030.00000", "2014-01-31": "16893.00000", "2013-10-31": "15456.00000", "2013-07-31": "15084.00000", "2013-04-30": "14967.00000", "2013-01-31": "14848.00000", "2012-10-31": "14690.00000", "2012-07-31": "14600.00000", "2012-04-30": "14522.00000", "2012-01-31": "14464.00000", "2011-10-31": "14451.00000", "2011-07-31": "14267.00000", "2011-04-30": "14192.00000", "2011-01-31": "14147.00000", "2010-10-31": "14106.00000", "2010-07-31": "14003.00000", "2010-04-30": "13976.00000", "2010-01-31": "13929.00000", "2009-10-31": "13818.00000", "2009-07-31": "13606.00000", "2009-04-30": "13347.00000", "2009-01-31": "13161.00000", "2008-10-31": "13085.00000", "2008-07-31": "12825.00000", "2008-04-30": "12698.00000", "2008-01-31": "12498.00000", "2007-10-31": "12331.00000", "2007-07-31": "12121.00000", "2007-04-30": "11907.00000", "2007-01-31": "11779.00000", "2006-10-31": "11553.00000", "2006-07-31": "11431.00000", "2006-04-30": "11402.00000", "2006-01-31": "11365.00000", "2005-10-31": "11381.00000", "2005-07-31": "11435.00000", "2005-04-30": "11466.00000", "2005-01-31": "11497.00000"}, "Long-Term Investments": {"2020-10-31": "", "2020-07-31": "", "2020-04-30": "", "2020-01-31": "", "2019-10-31": "", "2019-07-31": "", "2019-04-30": "", "2019-01-31": "", "2018-10-31": "", "2018-07-31": "", "2018-04-30": "", "2018-01-31": "", "2017-10-31": "", "2017-07-31": "", "2017-04-30": "", "2017-01-31": "", "2016-10-31": "", "2016-07-31": "", "2016-04-30": "", "2016-01-31": "", "2015-10-31": "", "2015-07-31": "", "2015-04-30": "", "2015-01-31": "", "2014-10-31": "", "2014-07-31": "", "2014-04-30": "", "2014-01-31": "", "2013-10-31": "", "2013-07-31": "", "2013-04-30": "", "2013-01-31": "", "2012-10-31": "", "2012-07-31": "", "2012-04-30": "", "2012-01-31": "", "2011-10-31": "", "2011-07-31": "", "2011-04-30": "", "2011-01-31": "", "2010-10-31": "", "2010-07-31": "", "2010-04-30": "", "2010-01-31": "", "2009-10-31": "", "2009-07-31": "", "2009-04-30": "", "2009-01-31": "", "2008-10-31": "", "2008-07-31": "", "2008-04-30": "", "2008-01-31": "", "2007-10-31": "", "2007-07-31": "", "2007-04-30": "", "2007-01-31": "", "2006-10-31": "", "2006-07-31": "", "2006-04-30": "", "2006-01-31": "", "2005-10-31": "", "2005-07-31": "", "2005-04-30": "", "2005-01-31": ""}, "Goodwill And Intangible Assets": {"2020-10-31": "4088.00000", "2020-07-31": "4105.00000", "2020-04-30": "4120.00000", "2020-01-31": "4142.00000", "2019-10-31": "4162.00000", "2019-07-31": "4198.00000", "2019-04-30": "4210.00000", "2019-01-31": "4345.00000", "2018-10-31": "4288.00000", "2018-07-31": "4305.00000", "2018-04-30": "4025.00000", "2018-01-31": "4025.00000", "2017-10-31": "4148.00000", "2017-07-31": "4183.00000", "2017-04-30": "4172.00000", "2017-01-31": "4184.00000", "2016-10-31": "4199.00000", "2016-07-31": "3788.00000", "2016-04-30": "3787.00000", "2016-01-31": "3777.00000", "2015-10-31": "3044.00000", "2015-07-31": "3043.00000", "2015-04-30": "3047.00000", "2015-01-31": "3061.00000", "2014-10-31": "3061.00000", "2014-07-31": "2830.00000", "2014-04-30": "2833.00000", "2014-01-31": "2837.00000", "2013-10-31": "1234.00000", "2013-07-31": "1234.00000", "2013-04-30": "1234.00000", "2013-01-31": "1364.00000", "2012-10-31": "1164.00000", "2012-07-31": "1164.00000", "2012-04-30": "1138.00000", "2012-01-31": "1138.00000", "2011-10-31": "1138.00000", "2011-07-31": "1140.00000", "2011-04-30": "1140.00000", "2011-01-31": "1140.00000", "2010-10-31": "1158.00000", "2010-07-31": "1158.00000", "2010-04-30": "1158.00000", "2010-01-31": "1158.00000", "2009-10-31": "1158.00000", "2009-07-31": "2271.00000", "2009-04-30": "2271.00000", "2009-01-31": "2271.00000", "2008-10-31": "2246.00000", "2008-07-31": "2246.00000", "2008-04-30": "2246.00000", "2008-01-31": "2144.00000", "2007-10-31": "2144.00000", "2007-07-31": "2143.00000", "2007-04-30": "2120.00000", "2007-01-31": "2192.00000", "2006-10-31": "2192.00000", "2006-07-31": "2192.00000", "2006-04-30": "2192.00000", "2006-01-31": "2192.00000", "2005-10-31": "2192.00000", "2005-07-31": "2192.00000", "2005-04-30": "2192.00000", "2005-01-31": "2191.00000"}, "Other Long-Term Assets": {"2020-10-31": "2686.00000", "2020-07-31": "2449.00000", "2020-04-30": "2026.00000", "2020-01-31": "1539.00000", "2019-10-31": "1558.00000", "2019-07-31": "1443.00000", "2019-04-30": "1467.00000", "2019-01-31": "1335.00000", "2018-10-31": "1585.00000", "2018-07-31": "1590.00000", "2018-04-30": "1055.00000", "2018-01-31": "984.00000", "2017-10-31": "989.00000", "2017-07-31": "962.00000", "2017-04-30": "956.00000", "2017-01-31": "965.00000", "2016-10-31": "939.00000", "2016-07-31": "943.00000", "2016-04-30": "637.00000", "2016-01-31": "609.00000", "2015-10-31": "660.00000", "2015-07-31": "639.00000", "2015-04-30": "626.00000", "2015-01-31": "613.00000", "2014-10-31": "689.00000", "2014-07-31": "691.00000", "2014-04-30": "682.00000", "2014-01-31": "721.00000", "2013-10-31": "578.00000", "2013-07-31": "636.00000", "2013-04-30": "592.00000", "2013-01-31": "463.00000", "2012-10-31": "527.00000", "2012-07-31": "532.00000", "2012-04-30": "535.00000", "2012-01-31": "549.00000", "2011-10-31": "548.00000", "2011-07-31": "562.00000", "2011-04-30": "576.00000", "2011-01-31": "597.00000", "2010-10-31": "584.00000", "2010-07-31": "569.00000", "2010-04-30": "565.00000", "2010-01-31": "556.00000", "2009-10-31": "578.00000", "2009-07-31": "562.00000", "2009-04-30": "572.00000", "2009-01-31": "573.00000", "2008-10-31": "531.00000", "2008-07-31": "525.00000", "2008-04-30": "536.00000", "2008-01-31": "543.00000", "2007-10-31": "525.00000", "2007-07-31": "557.00000", "2007-04-30": "522.00000", "2007-01-31": "489.00000", "2006-10-31": "503.00000", "2006-07-31": "499.00000", "2006-04-30": "485.00000", "2006-01-31": "459.00000", "2005-10-31": "431.00000", "2005-07-31": "417.00000", "2005-04-30": "394.00000", "2005-01-31": "397.00000"}, "Total Long-Term Assets": {"2020-10-31": "35519.00000", "2020-07-31": "35257.00000", "2020-04-30": "34767.00000", "2020-01-31": "34366.00000", "2019-10-31": "34368.00000", "2019-07-31": "34322.00000", "2019-04-30": "34157.00000", "2019-01-31": "27315.00000", "2018-10-31": "27388.00000", "2018-07-31": "27211.00000", "2018-04-30": "26275.00000", "2018-01-31": "26080.00000", "2017-10-31": "26103.00000", "2017-07-31": "26453.00000", "2017-04-30": "26261.00000", "2017-01-31": "26165.00000", "2016-10-31": "26104.00000", "2016-07-31": "25418.00000", "2016-04-30": "24585.00000", "2016-01-31": "24005.00000", "2015-10-31": "22630.00000", "2015-07-31": "22255.00000", "2015-04-30": "21885.00000", "2015-01-31": "21586.00000", "2014-10-31": "21336.00000", "2014-07-31": "20784.00000", "2014-04-30": "20545.00000", "2014-01-31": "20451.00000", "2013-10-31": "17268.00000", "2013-07-31": "16954.00000", "2013-04-30": "16793.00000", "2013-01-31": "16675.00000", "2012-10-31": "16381.00000", "2012-07-31": "16296.00000", "2012-04-30": "16195.00000", "2012-01-31": "16151.00000", "2011-10-31": "16137.00000", "2011-07-31": "15969.00000", "2011-04-30": "15908.00000", "2011-01-31": "15884.00000", "2010-10-31": "15848.00000", "2010-07-31": "15730.00000", "2010-04-30": "15699.00000", "2010-01-31": "15643.00000", "2009-10-31": "15554.00000", "2009-07-31": "16439.00000", "2009-04-30": "16190.00000", "2009-01-31": "16005.00000", "2008-10-31": "15862.00000", "2008-07-31": "15596.00000", "2008-04-30": "15480.00000", "2008-01-31": "15185.00000", "2007-10-31": "15000.00000", "2007-07-31": "14821.00000", "2007-04-30": "14549.00000", "2007-01-31": "14460.00000", "2006-10-31": "14248.00000", "2006-07-31": "14122.00000", "2006-04-30": "14079.00000", "2006-01-31": "14016.00000", "2005-10-31": "14004.00000", "2005-07-31": "14044.00000", "2005-04-30": "14052.00000", "2005-01-31": "14085.00000"}, "Total Assets": {"2020-10-31": "48465.00000", "2020-07-31": "47543.00000", "2020-04-30": "46942.00000", "2020-01-31": "45256.00000", "2019-10-31": "45393.00000", "2019-07-31": "44462.00000", "2019-04-30": "44319.00000", "2019-01-31": "38118.00000", "2018-10-31": "38141.00000", "2018-07-31": "36957.00000", "2018-04-30": "36561.00000", "2018-01-31": "37197.00000", "2017-10-31": "37028.00000", "2017-07-31": "36600.00000", "2017-04-30": "35799.00000", "2017-01-31": "36505.00000", "2016-10-31": "36507.00000", "2016-07-31": "34662.00000", "2016-04-30": "33801.00000", "2016-01-31": "33897.00000", "2015-10-31": "31907.00000", "2015-07-31": "30781.00000", "2015-04-30": "30468.00000", "2015-01-31": "30497.00000", "2014-10-31": "30222.00000", "2014-07-31": "29079.00000", "2014-04-30": "28913.00000", "2014-01-31": "29281.00000", "2013-10-31": "25480.00000", "2013-07-31": "24472.00000", "2013-04-30": "24227.00000", "2013-01-31": "24634.00000", "2012-10-31": "24658.00000", "2012-07-31": "23547.00000", "2012-04-30": "23791.00000", "2012-01-31": "23476.00000", "2011-10-31": "23960.00000", "2011-07-31": "23398.00000", "2011-04-30": "23111.00000", "2011-01-31": "23505.00000", "2010-10-31": "23755.00000", "2010-07-31": "23276.00000", "2010-04-30": "22881.00000", "2010-01-31": "23126.00000", "2009-10-31": "23084.00000", "2009-07-31": "23145.00000", "2009-04-30": "23429.00000", "2009-01-31": "23257.00000", "2008-10-31": "23181.00000", "2008-07-31": "22300.00000", "2008-04-30": "22430.00000", "2008-01-31": "22293.00000", "2007-10-31": "21903.00000", "2007-07-31": "21061.00000", "2007-04-30": "20996.00000", "2007-01-31": "21215.00000", "2006-10-31": "20921.00000", "2006-07-31": "20905.00000", "2006-04-30": "20735.00000", "2006-01-31": "20482.00000", "2005-10-31": "20577.00000", "2005-07-31": "20088.00000", "2005-04-30": "19924.00000", "2005-01-31": "20491.00000"}, "Total Current Liabilities": {"2020-10-31": "15517.00000", "2020-07-31": "14578.00000", "2020-04-30": "14671.00000", "2020-01-31": "14243.00000", "2019-10-31": "14118.00000", "2019-07-31": "13350.00000", "2019-04-30": "13575.00000", "2019-01-31": "14274.00000", "2018-10-31": "14796.00000", "2018-07-31": "13349.00000", "2018-04-30": "13476.00000", "2018-01-31": "14197.00000", "2017-10-31": "12890.00000", "2017-07-31": "11618.00000", "2017-04-30": "12515.00000", "2017-01-31": "12860.00000", "2016-10-31": "14124.00000", "2016-07-31": "13521.00000", "2016-04-30": "13145.00000", "2016-01-31": "12971.00000", "2015-10-31": "12952.00000", "2015-07-31": "11363.00000", "2015-04-30": "11318.00000", "2015-01-31": "11392.00000", "2014-10-31": "11680.00000", "2014-07-31": "10840.00000", "2014-04-30": "10924.00000", "2014-01-31": "10705.00000", "2013-10-31": "10193.00000", "2013-07-31": "9354.00000", "2013-04-30": "10367.00000", "2013-01-31": "11061.00000", "2012-10-31": "10548.00000", "2012-07-31": "9342.00000", "2012-04-30": "9354.00000", "2012-01-31": "9105.00000", "2011-10-31": "9488.00000", "2011-07-31": "9016.00000", "2011-04-30": "8320.00000", "2011-01-31": "8070.00000", "2010-10-31": "8340.00000", "2010-07-31": "7925.00000", "2010-04-30": "7801.00000", "2010-01-31": "7727.00000", "2009-10-31": "8164.00000", "2009-07-31": "7707.00000", "2009-04-30": "8170.00000", "2009-01-31": "7646.00000", "2008-10-31": "8616.00000", "2008-07-31": "7872.00000", "2008-04-30": "7841.00000", "2008-01-31": "8683.00000", "2007-10-31": "8939.00000", "2007-07-31": "8021.00000", "2007-04-30": "8002.00000", "2007-01-31": "7581.00000", "2006-10-31": "7589.00000", "2006-07-31": "7541.00000", "2006-04-30": "7109.00000", "2006-01-31": "6715.00000", "2005-10-31": "7217.00000", "2005-07-31": "6507.00000", "2005-04-30": "6029.00000", "2005-01-31": "6335.00000"}, "Long Term Debt": {"2020-10-31": "11925.00000", "2020-07-31": "12386.00000", "2020-04-30": "12376.00000", "2020-01-31": "12111.00000", "2019-10-31": "12227.00000", "2019-07-31": "12130.00000", "2019-04-30": "12016.00000", "2019-01-31": "12072.00000", "2018-10-31": "11647.00000", "2018-07-31": "12121.00000", "2018-04-30": "12059.00000", "2018-01-31": "12029.00000", "2017-10-31": "13118.00000", "2017-07-31": "13100.00000", "2017-04-30": "11590.00000", "2017-01-31": "11825.00000", "2016-10-31": "10817.00000", "2016-07-31": "9641.00000", "2016-04-30": "9710.00000", "2016-01-31": "9709.00000", "2015-10-31": "8964.00000", "2015-07-31": "9743.00000", "2015-04-30": "9716.00000", "2015-01-31": "9723.00000", "2014-10-31": "9735.00000", "2014-07-31": "9706.00000", "2014-04-30": "9664.00000", "2014-01-31": "9653.00000", "2013-10-31": "7148.00000", "2013-07-31": "7158.00000", "2013-04-30": "6162.00000", "2013-01-31": "6145.00000", "2012-10-31": "6780.00000", "2012-07-31": "6787.00000", "2012-04-30": "6771.00000", "2012-01-31": "6850.00000", "2011-10-31": "6428.00000", "2011-07-31": "6419.00000", "2011-04-30": "6793.00000", "2011-01-31": "7304.00000", "2010-10-31": "7261.00000", "2010-07-31": "7278.00000", "2010-04-30": "6997.00000", "2010-01-31": "7477.00000", "2009-10-31": "7476.00000", "2009-07-31": "6957.00000", "2009-04-30": "6972.00000", "2009-01-31": "7505.00000", "2008-10-31": "6894.00000", "2008-07-31": "6895.00000", "2008-04-30": "7275.00000", "2008-01-31": "6529.00000", "2007-10-31": "5775.00000", "2007-07-31": "5472.00000", "2007-04-30": "5177.00000", "2007-01-31": "6154.00000", "2006-10-31": "6147.00000", "2006-07-31": "6145.00000", "2006-04-30": "6443.00000", "2006-01-31": "6678.00000", "2005-10-31": "6621.00000", "2005-07-31": "6926.00000", "2005-04-30": "7433.00000", "2005-01-31": "7900.00000"}, "Other Non-Current Liabilities": {"2020-10-31": "2272.00000", "2020-07-31": "2096.00000", "2020-04-30": "1941.00000", "2020-01-31": "1750.00000", "2019-10-31": "1883.00000", "2019-07-31": "1882.00000", "2019-04-30": "1807.00000", "2019-01-31": "1881.00000", "2018-10-31": "1749.00000", "2018-07-31": "1695.00000", "2018-04-30": "1706.00000", "2018-01-31": "1706.00000", "2017-10-31": "1835.00000", "2017-07-31": "1825.00000", "2017-04-30": "1826.00000", "2017-01-31": "1659.00000", "2016-10-31": "1796.00000", "2016-07-31": "1866.00000", "2016-04-30": "1364.00000", "2016-01-31": "1287.00000", "2015-10-31": "1192.00000", "2015-07-31": "1176.00000", "2015-04-30": "1260.00000", "2015-01-31": "1268.00000", "2014-10-31": "1304.00000", "2014-07-31": "1332.00000", "2014-04-30": "1330.00000", "2014-01-31": "1246.00000", "2013-10-31": "1126.00000", "2013-07-31": "1125.00000", "2013-04-30": "1127.00000", "2013-01-31": "1127.00000", "2012-10-31": "1417.00000", "2012-07-31": "1482.00000", "2012-04-30": "1499.00000", "2012-01-31": "1515.00000", "2011-10-31": "1149.00000", "2011-07-31": "1123.00000", "2011-04-30": "1126.00000", "2011-01-31": "1137.00000", "2010-10-31": "1327.00000", "2010-07-31": "1335.00000", "2010-04-30": "1342.00000", "2010-01-31": "1346.00000", "2009-10-31": "1242.00000", "2009-07-31": "1231.00000", "2009-04-30": "1233.00000", "2009-01-31": "1248.00000", "2008-10-31": "1789.00000", "2008-07-31": "1813.00000", "2008-04-30": "1815.00000", "2008-01-31": "1246.00000", "2007-10-31": "2103.00000", "2007-07-31": "2306.00000", "2007-04-30": "2262.00000", "2007-01-31": "1835.00000", "2006-10-31": "1796.00000", "2006-07-31": "1755.00000", "2006-04-30": "1745.00000", "2006-01-31": "1856.00000", "2005-10-31": "1777.00000", "2005-07-31": "1849.00000", "2005-04-30": "1837.00000", "2005-01-31": "1796.00000"}, "Total Long Term Liabilities": {"2020-10-31": "22904.00000", "2020-07-31": "23172.00000", "2020-04-30": "22943.00000", "2020-01-31": "22440.00000", "2019-10-31": "22547.00000", "2019-07-31": "22459.00000", "2019-04-30": "22212.00000", "2019-01-31": "16009.00000", "2018-10-31": "15735.00000", "2018-07-31": "16270.00000", "2018-04-30": "16144.00000", "2018-01-31": "16095.00000", "2017-10-31": "17927.00000", "2017-07-31": "18838.00000", "2017-04-30": "17149.00000", "2017-01-31": "16935.00000", "2016-10-31": "15753.00000", "2016-07-31": "14540.00000", "2016-04-30": "14208.00000", "2016-01-31": "14128.00000", "2015-10-31": "12710.00000", "2015-07-31": "13536.00000", "2015-04-30": "13614.00000", "2015-01-31": "13663.00000", "2014-10-31": "13198.00000", "2014-07-31": "13217.00000", "2014-04-30": "13219.00000", "2014-01-31": "13181.00000", "2013-10-31": "10297.00000", "2013-07-31": "10270.00000", "2013-04-30": "9264.00000", "2013-01-31": "9359.00000", "2012-10-31": "10348.00000", "2012-07-31": "10412.00000", "2012-04-30": "10370.00000", "2012-01-31": "10405.00000", "2011-10-31": "9573.00000", "2011-07-31": "9172.00000", "2011-04-30": "9587.00000", "2011-01-31": "10137.00000", "2010-10-31": "10154.00000", "2010-07-31": "10184.00000", "2010-04-30": "9974.00000", "2010-01-31": "10473.00000", "2009-10-31": "10068.00000", "2009-07-31": "9641.00000", "2009-04-30": "9614.00000", "2009-01-31": "10311.00000", "2008-10-31": "9296.00000", "2008-07-31": "9283.00000", "2008-04-30": "9615.00000", "2008-01-31": "8696.00000", "2007-10-31": "8195.00000", "2007-07-31": "8075.00000", "2007-04-30": "7734.00000", "2007-01-31": "8711.00000", "2006-10-31": "8721.00000", "2006-07-31": "8709.00000", "2006-04-30": "9022.00000", "2006-01-31": "9377.00000", "2005-10-31": "9277.00000", "2005-07-31": "9686.00000", "2005-04-30": "10189.00000", "2005-01-31": "10537.00000"}, "Total Liabilities": {"2020-10-31": "38421.00000", "2020-07-31": "37750.00000", "2020-04-30": "37614.00000", "2020-01-31": "36683.00000", "2019-10-31": "36665.00000", "2019-07-31": "35809.00000", "2019-04-30": "35787.00000", "2019-01-31": "30283.00000", "2018-10-31": "30531.00000", "2018-07-31": "29619.00000", "2018-04-30": "29620.00000", "2018-01-31": "30292.00000", "2017-10-31": "30817.00000", "2017-07-31": "30456.00000", "2017-04-30": "29664.00000", "2017-01-31": "29795.00000", "2016-10-31": "29877.00000", "2016-07-31": "28061.00000", "2016-04-30": "27353.00000", "2016-01-31": "27099.00000", "2015-10-31": "25662.00000", "2015-07-31": "24899.00000", "2015-04-30": "24932.00000", "2015-01-31": "25055.00000", "2014-10-31": "24878.00000", "2014-07-31": "24057.00000", "2014-04-30": "24143.00000", "2014-01-31": "23886.00000", "2013-10-31": "20490.00000", "2013-07-31": "19624.00000", "2013-04-30": "19631.00000", "2013-01-31": "20420.00000", "2012-10-31": "20896.00000", "2012-07-31": "19754.00000", "2012-04-30": "19724.00000", "2012-01-31": "19510.00000", "2011-10-31": "19061.00000", "2011-07-31": "18188.00000", "2011-04-30": "17907.00000", "2011-01-31": "18207.00000", "2010-10-31": "18494.00000", "2010-07-31": "18109.00000", "2010-04-30": "17775.00000", "2010-01-31": "18200.00000", "2009-10-31": "18232.00000", "2009-07-31": "17348.00000", "2009-04-30": "17784.00000", "2009-01-31": "17957.00000", "2008-10-31": "17912.00000", "2008-07-31": "17155.00000", "2008-04-30": "17456.00000", "2008-01-31": "17379.00000", "2007-10-31": "17134.00000", "2007-07-31": "16096.00000", "2007-04-30": "15736.00000", "2007-01-31": "16292.00000", "2006-10-31": "16310.00000", "2006-07-31": "16250.00000", "2006-04-30": "16131.00000", "2006-01-31": "16092.00000", "2005-10-31": "16494.00000", "2005-07-31": "16193.00000", "2005-04-30": "16218.00000", "2005-01-31": "16872.00000"}, "Common Stock Net": {"2020-10-31": "1918.00000", "2020-07-31": "1918.00000", "2020-04-30": "1918.00000", "2020-01-31": "1918.00000", "2019-10-31": "1918.00000", "2019-07-31": "1918.00000", "2019-04-30": "1918.00000", "2019-01-31": "1918.00000", "2018-10-31": "1918.00000", "2018-07-31": "1918.00000", "2018-04-30": "1918.00000", "2018-01-31": "1918.00000", "2017-10-31": "1918.00000", "2017-07-31": "1918.00000", "2017-04-30": "1918.00000", "2017-01-31": "1918.00000", "2016-10-31": "1918.00000", "2016-07-31": "1918.00000", "2016-04-30": "1918.00000", "2016-01-31": "1918.00000", "2015-10-31": "1918.00000", "2015-07-31": "1918.00000", "2015-04-30": "959.00000", "2015-01-31": "1918.00000", "2014-10-31": "959.00000", "2014-07-31": "959.00000", "2014-04-30": "959.00000", "2014-01-31": "959.00000", "2013-10-31": "959.00000", "2013-07-31": "959.00000", "2013-04-30": "959.00000", "2013-01-31": "959.00000", "2012-10-31": "959.00000", "2012-07-31": "959.00000", "2012-04-30": "959.00000", "2012-01-31": "959.00000", "2011-10-31": "959.00000", "2011-07-31": "959.00000", "2011-04-30": "959.00000", "2011-01-31": "959.00000", "2010-10-31": "959.00000", "2010-07-31": "959.00000", "2010-04-30": "959.00000", "2010-01-31": "958.00000", "2009-10-31": "957.00000", "2009-07-31": "955.00000", "2009-04-30": "955.00000", "2009-01-31": "955.00000", "2008-10-31": "954.00000", "2008-07-31": "954.00000", "2008-04-30": "950.00000", "2008-01-31": "947.00000", "2007-10-31": "946.00000", "2007-07-31": "945.00000", "2007-04-30": "943.00000", "2007-01-31": "937.00000", "2006-10-31": "934.00000", "2006-07-31": "933.00000", "2006-04-30": "931.00000", "2006-01-31": "927.00000", "2005-10-31": "926.00000", "2005-07-31": "924.00000", "2005-04-30": "921.00000", "2005-01-31": "918.00000"}, "Retained Earnings (Accumulated Deficit)": {"2020-10-31": "23234.00000", "2020-07-31": "22744.00000", "2020-04-30": "22062.00000", "2020-01-31": "20978.00000", "2019-10-31": "20781.00000", "2019-07-31": "20647.00000", "2019-04-30": "20481.00000", "2019-01-31": "19681.00000", "2018-10-31": "19535.00000", "2018-07-31": "19331.00000", "2018-04-30": "18924.00000", "2018-01-31": "17007.00000", "2017-10-31": "16263.00000", "2017-07-31": "15978.00000", "2017-04-30": "15735.00000", "2017-01-31": "15543.00000", "2016-10-31": "15150.00000", "2016-07-31": "14874.00000", "2016-04-30": "14589.00000", "2016-01-31": "14011.00000", "2015-10-31": "13554.00000", "2015-07-31": "13228.00000", "2015-04-30": "12895.00000", "2015-01-31": "12367.00000", "2014-10-31": "11940.00000", "2014-07-31": "11667.00000", "2014-04-30": "11398.00000", "2014-01-31": "10981.00000", "2013-10-31": "10651.00000", "2013-07-31": "10430.00000", "2013-04-30": "10190.00000", "2013-01-31": "9787.00000", "2012-10-31": "9404.00000", "2012-07-31": "9164.00000", "2012-04-30": "8945.00000", "2012-01-31": "8571.00000", "2011-10-31": "8944.00000", "2011-07-31": "8811.00000", "2011-04-30": "8592.00000", "2011-01-31": "8225.00000", "2010-10-31": "8013.00000", "2010-07-31": "7877.00000", "2010-04-30": "7676.00000", "2010-01-31": "7364.00000", "2009-10-31": "7123.00000", "2009-07-31": "8060.00000", "2009-04-30": "7865.00000", "2009-01-31": "7518.00000", "2008-10-31": "7203.00000", "2008-07-31": "7024.00000", "2008-04-30": "6807.00000", "2008-01-31": "6480.00000", "2007-10-31": "6205.00000", "2007-07-31": "6003.00000", "2007-04-30": "5789.00000", "2007-01-31": "5501.00000", "2006-10-31": "5162.00000", "2006-07-31": "4994.00000", "2006-04-30": "4832.00000", "2006-01-31": "4573.00000", "2005-10-31": "4211.00000", "2005-07-31": "4026.00000", "2005-04-30": "3835.00000", "2005-01-31": "3620.00000"}, "Comprehensive Income": {"2020-10-31": "-621.00000", "2020-07-31": "-651.00000", "2020-04-30": "-658.00000", "2020-01-31": "-640.00000", "2019-10-31": "-495.00000", "2019-07-31": "-537.00000", "2019-04-30": "-492.00000", "2019-01-31": "-346.00000", "2018-10-31": "-402.00000", "2018-07-31": "-450.00000", "2018-04-30": "-455.00000", "2018-01-31": "-471.00000", "2017-10-31": "-706.00000", "2017-07-31": "-726.00000", "2017-04-30": "-738.00000", "2017-01-31": "-715.00000", "2016-10-31": "-728.00000", "2016-07-31": "-782.00000", "2016-04-30": "-703.00000", "2016-01-31": "-680.00000", "2015-10-31": "-749.00000", "2015-07-31": "-759.00000", "2015-04-30": "-773.00000", "2015-01-31": "-812.00000", "2014-10-31": "-435.00000", "2014-07-31": "-449.00000", "2014-04-30": "-457.00000", "2014-01-31": "-464.00000", "2013-10-31": "-713.00000", "2013-07-31": "-724.00000", "2013-04-30": "-749.00000", "2013-01-31": "-753.00000", "2012-10-31": "-808.00000", "2012-07-31": "-825.00000", "2012-04-30": "-838.00000", "2012-01-31": "-844.00000", "2011-10-31": "-527.00000", "2011-07-31": "-527.00000", "2011-04-30": "-536.00000", "2011-01-31": "-550.00000", "2010-10-31": "-565.00000", "2010-07-31": "-573.00000", "2010-04-30": "-577.00000", "2010-01-31": "-593.00000", "2009-10-31": "-491.00000", "2009-07-31": "-496.00000", "2009-04-30": "-494.00000", "2009-01-31": "-495.00000", "2008-10-31": "-115.00000", "2008-07-31": "-116.00000", "2008-04-30": "-117.00000", "2008-01-31": "-122.00000", "2007-10-31": "-246.00000", "2007-07-31": "-237.00000", "2007-04-30": "-247.00000", "2007-01-31": "-259.00000", "2006-10-31": "-238.00000", "2006-07-31": "-228.00000", "2006-04-30": "-225.00000", "2006-01-31": "-243.00000", "2005-10-31": "-199.00000", "2005-07-31": "-200.00000", "2005-04-30": "-201.00000", "2005-01-31": "-202.00000"}, "Other Share Holders Equity": {"2020-10-31": "", "2020-07-31": "", "2020-04-30": "", "2020-01-31": "", "2019-10-31": "", "2019-07-31": "", "2019-04-30": "", "2019-01-31": "", "2018-10-31": "", "2018-07-31": "", "2018-04-30": "", "2018-01-31": "", "2017-10-31": "", "2017-07-31": "", "2017-04-30": "", "2017-01-31": "", "2016-10-31": "", "2016-07-31": "", "2016-04-30": "", "2016-01-31": "", "2015-10-31": "", "2015-07-31": "", "2015-04-30": "", "2015-01-31": "", "2014-10-31": "", "2014-07-31": "", "2014-04-30": "", "2014-01-31": "", "2013-10-31": "", "2013-07-31": "", "2013-04-30": "", "2013-01-31": "", "2012-10-31": "", "2012-07-31": "", "2012-04-30": "", "2012-01-31": "", "2011-10-31": "", "2011-07-31": "", "2011-04-30": "", "2011-01-31": "", "2010-10-31": "", "2010-07-31": "", "2010-04-30": "", "2010-01-31": "", "2009-10-31": "", "2009-07-31": "", "2009-04-30": "", "2009-01-31": "", "2008-10-31": "", "2008-07-31": "", "2008-04-30": "", "2008-01-31": "", "2007-10-31": "", "2007-07-31": "", "2007-04-30": "", "2007-01-31": "", "2006-10-31": "", "2006-07-31": "", "2006-04-30": "", "2006-01-31": "", "2005-10-31": "", "2005-07-31": "", "2005-04-30": "", "2005-01-31": ""}, "Share Holder Equity": {"2020-10-31": "10044.00000", "2020-07-31": "9793.00000", "2020-04-30": "9328.00000", "2020-01-31": "8573.00000", "2019-10-31": "8728.00000", "2019-07-31": "8653.00000", "2019-04-30": "8532.00000", "2019-01-31": "7835.00000", "2018-10-31": "7610.00000", "2018-07-31": "7338.00000", "2018-04-30": "6941.00000", "2018-01-31": "6905.00000", "2017-10-31": "6211.00000", "2017-07-31": "6144.00000", "2017-04-30": "6135.00000", "2017-01-31": "6710.00000", "2016-10-31": "6630.00000", "2016-07-31": "6601.00000", "2016-04-30": "6448.00000", "2016-01-31": "6798.00000", "2015-10-31": "6245.00000", "2015-07-31": "5882.00000", "2015-04-30": "5536.00000", "2015-01-31": "5442.00000", "2014-10-31": "5344.00000", "2014-07-31": "5022.00000", "2014-04-30": "4770.00000", "2014-01-31": "5395.00000", "2013-10-31": "4990.00000", "2013-07-31": "4848.00000", "2013-04-30": "4596.00000", "2013-01-31": "4214.00000", "2012-10-31": "3762.00000", "2012-07-31": "3793.00000", "2012-04-30": "4067.00000", "2012-01-31": "3966.00000", "2011-10-31": "4899.00000", "2011-07-31": "5210.00000", "2011-04-30": "5204.00000", "2011-01-31": "5298.00000", "2010-10-31": "5261.00000", "2010-07-31": "5167.00000", "2010-04-30": "5106.00000", "2010-01-31": "4926.00000", "2009-10-31": "4852.00000", "2009-07-31": "5797.00000", "2009-04-30": "5645.00000", "2009-01-31": "5300.00000", "2008-10-31": "5269.00000", "2008-07-31": "5145.00000", "2008-04-30": "4974.00000", "2008-01-31": "4914.00000", "2007-10-31": "4769.00000", "2007-07-31": "4965.00000", "2007-04-30": "5260.00000", "2007-01-31": "4923.00000", "2006-10-31": "4611.00000", "2006-07-31": "4655.00000", "2006-04-30": "4604.00000", "2006-01-31": "4390.00000", "2005-10-31": "4083.00000", "2005-07-31": "3895.00000", "2005-04-30": "3706.00000", "2005-01-31": "3619.00000"}, "Total Liabilities And Share Holders Equity": {"2020-10-31": "48465.00000", "2020-07-31": "47543.00000", "2020-04-30": "46942.00000", "2020-01-31": "45256.00000", "2019-10-31": "45393.00000", "2019-07-31": "44462.00000", "2019-04-30": "44319.00000", "2019-01-31": "38118.00000", "2018-10-31": "38141.00000", "2018-07-31": "36957.00000", "2018-04-30": "36561.00000", "2018-01-31": "37197.00000", "2017-10-31": "37028.00000", "2017-07-31": "36600.00000", "2017-04-30": "35799.00000", "2017-01-31": "36505.00000", "2016-10-31": "36507.00000", "2016-07-31": "34662.00000", "2016-04-30": "33801.00000", "2016-01-31": "33897.00000", "2015-10-31": "31907.00000", "2015-07-31": "30781.00000", "2015-04-30": "30468.00000", "2015-01-31": "30497.00000", "2014-10-31": "30222.00000", "2014-07-31": "29079.00000", "2014-04-30": "28913.00000", "2014-01-31": "29281.00000", "2013-10-31": "25480.00000", "2013-07-31": "24472.00000", "2013-04-30": "24227.00000", "2013-01-31": "24634.00000", "2012-10-31": "24658.00000", "2012-07-31": "23547.00000", "2012-04-30": "23791.00000", "2012-01-31": "23476.00000", "2011-10-31": "23960.00000", "2011-07-31": "23398.00000", "2011-04-30": "23111.00000", "2011-01-31": "23505.00000", "2010-10-31": "23755.00000", "2010-07-31": "23276.00000", "2010-04-30": "22881.00000", "2010-01-31": "23126.00000", "2009-10-31": "23084.00000", "2009-07-31": "23145.00000", "2009-04-30": "23429.00000", "2009-01-31": "23257.00000", "2008-10-31": "23181.00000", "2008-07-31": "22300.00000", "2008-04-30": "22430.00000", "2008-01-31": "22293.00000", "2007-10-31": "21903.00000", "2007-07-31": "21061.00000", "2007-04-30": "20996.00000", "2007-01-31": "21215.00000", "2006-10-31": "20921.00000", "2006-07-31": "20905.00000", "2006-04-30": "20735.00000", "2006-01-31": "20482.00000", "2005-10-31": "20577.00000", "2005-07-31": "20088.00000", "2005-04-30": "19924.00000", "2005-01-31": "20491.00000"}}, "cash flow statement": {"Net Income/Loss": {"2020-01-31": "1512.00000", "2019-01-31": "3078.00000", "2018-01-31": "1889.00000", "2017-01-31": "1957.00000", "2016-01-31": "2049.00000", "2015-01-31": "1747.00000", "2014-01-31": "1531.00000", "2013-01-31": "1508.00000", "2012-01-31": "596.00000", "2011-01-31": "1133.00000", "2010-01-31": "57.00000", "2009-01-31": "1250.00000", "2008-01-31": "1224.00000", "2007-01-31": "1115.00000", "2006-01-31": "958.00000", "2005-01-31": "-104.00000"}, "Total Depreciation And Amortization - Cash Flow": {"2020-01-31": "3289.00000", "2019-01-31": "2465.00000", "2018-01-31": "2546.00000", "2017-01-31": "2340.00000", "2016-01-31": "2089.00000", "2015-01-31": "1948.00000", "2014-01-31": "1703.00000", "2013-01-31": "1652.00000", "2012-01-31": "1638.00000", "2011-01-31": "1618.00000", "2010-01-31": "2638.00000", "2009-01-31": "1443.00000", "2008-01-31": "1355.00000", "2007-01-31": "1272.00000", "2006-01-31": "1265.00000", "2005-01-31": "2117.00000"}, "Other Non-Cash Items": {"2020-01-31": "175.00000", "2019-01-31": "-1680.00000", "2018-01-31": "119.00000", "2017-01-31": "453.00000", "2016-01-31": "713.00000", "2015-01-31": "539.00000", "2014-01-31": "391.00000", "2013-01-31": "443.00000", "2012-01-31": "438.00000", "2011-01-31": "271.00000", "2010-01-31": "486.00000", "2009-01-31": "635.00000", "2008-01-31": "232.00000", "2007-01-31": "175.00000", "2006-01-31": "82.00000", "2005-01-31": "468.00000"}, "Total Non-Cash Items": {"2020-01-31": "3464.00000", "2019-01-31": "785.00000", "2018-01-31": "2665.00000", "2017-01-31": "2793.00000", "2016-01-31": "2802.00000", "2015-01-31": "2487.00000", "2014-01-31": "2094.00000", "2013-01-31": "2095.00000", "2012-01-31": "2076.00000", "2011-01-31": "1889.00000", "2010-01-31": "3124.00000", "2009-01-31": "2078.00000", "2008-01-31": "1587.00000", "2007-01-31": "1447.00000", "2006-01-31": "1347.00000", "2005-01-31": "2585.00000"}, "Change In Accounts Receivable": {"2020-01-31": "-36.00000", "2019-01-31": "-208.00000", "2018-01-31": "61.00000", "2017-01-31": "-110.00000", "2016-01-31": "-59.00000", "2015-01-31": "-141.00000", "2014-01-31": "-8.00000", "2013-01-31": "-126.00000", "2012-01-31": "-63.00000", "2011-01-31": "-11.00000", "2010-01-31": "-21.00000", "2009-01-31": "-28.00000", "2008-01-31": "-17.00000", "2007-01-31": "-90.00000", "2006-01-31": "-19.00000", "2005-01-31": "13.00000"}, "Change In Inventories": {"2020-01-31": "-351.00000", "2019-01-31": "-354.00000", "2018-01-31": "-23.00000", "2017-01-31": "-382.00000", "2016-01-31": "-184.00000", "2015-01-31": "-147.00000", "2014-01-31": "-131.00000", "2013-01-31": "-78.00000", "2012-01-31": "-361.00000", "2011-01-31": "-88.00000", "2010-01-31": "-45.00000", "2009-01-31": "-193.00000", "2008-01-31": "-381.00000", "2007-01-31": "-173.00000", "2006-01-31": "-157.00000", "2005-01-31": "-236.00000"}, "Change In Accounts Payable": {"2020-01-31": "342.00000", "2019-01-31": "213.00000", "2018-01-31": "158.00000", "2017-01-31": "16.00000", "2016-01-31": "440.00000", "2015-01-31": "135.00000", "2014-01-31": "196.00000", "2013-01-31": "188.00000", "2012-01-31": "83.00000", "2011-01-31": "315.00000", "2010-01-31": "54.00000", "2009-01-31": "-53.00000", "2008-01-31": "165.00000", "2007-01-31": "220.00000", "2006-01-31": "-80.00000", "2005-01-31": "167.00000"}, "Change In Assets/Liabilities": {"2020-01-31": "-427.00000", "2019-01-31": "-55.00000", "2018-01-31": "-1201.00000", "2017-01-31": "-145.00000", "2016-01-31": "-47.00000", "2015-01-31": "-47.00000", "2014-01-31": "-139.00000", "2013-01-31": "-864.00000", "2012-01-31": "218.00000", "2011-01-31": "-76.00000", "2010-01-31": "-250.00000", "2009-01-31": "81.00000", "2008-01-31": "-214.00000", "2007-01-31": "-298.00000", "2006-01-31": "-212.00000", "2005-01-31": "14.00000"}, "Total Change In Assets/Liabilities": {"2020-01-31": "-312.00000", "2019-01-31": "301.00000", "2018-01-31": "-1141.00000", "2017-01-31": "-478.00000", "2016-01-31": "66.00000", "2015-01-31": "-19.00000", "2014-01-31": "-52.00000", "2013-01-31": "-649.00000", "2012-01-31": "-14.00000", "2011-01-31": "344.00000", "2010-01-31": "-259.00000", "2009-01-31": "-432.00000", "2008-01-31": "-230.00000", "2007-01-31": "-211.00000", "2006-01-31": "-113.00000", "2005-01-31": "-151.00000"}, "Cash Flow From Operating Activities": {"2020-01-31": "4664.00000", "2019-01-31": "4164.00000", "2018-01-31": "3413.00000", "2017-01-31": "4272.00000", "2016-01-31": "4917.00000", "2015-01-31": "4215.00000", "2014-01-31": "3573.00000", "2013-01-31": "2954.00000", "2012-01-31": "2658.00000", "2011-01-31": "3366.00000", "2010-01-31": "2922.00000", "2009-01-31": "2896.00000", "2008-01-31": "2581.00000", "2007-01-31": "2351.00000", "2006-01-31": "2192.00000", "2005-01-31": "2330.00000"}, "Net Change In Property, Plant, And Equipment": {"2020-01-31": "-2855.00000", "2019-01-31": "-2882.00000", "2018-01-31": "-2671.00000", "2017-01-31": "-3567.00000", "2016-01-31": "-3304.00000", "2015-01-31": "-2794.00000", "2014-01-31": "-2306.00000", "2013-01-31": "-2013.00000", "2012-01-31": "-1847.00000", "2011-01-31": "-1864.00000", "2010-01-31": "-2277.00000", "2009-01-31": "-2090.00000", "2008-01-31": "-2077.00000", "2007-01-31": "-1540.00000", "2006-01-31": "-1237.00000", "2005-01-31": "-1548.00000"}, "Net Change In Intangible Assets": {"2020-01-31": "", "2019-01-31": "", "2018-01-31": "", "2017-01-31": "", "2016-01-31": "", "2015-01-31": "", "2014-01-31": "", "2013-01-31": "", "2012-01-31": "", "2011-01-31": "", "2010-01-31": "", "2009-01-31": "", "2008-01-31": "", "2007-01-31": "", "2006-01-31": "", "2005-01-31": ""}, "Net Acquisitions/Divestitures": {"2020-01-31": "327.00000", "2019-01-31": "1928.00000", "2018-01-31": "-16.00000", "2017-01-31": "-401.00000", "2016-01-31": "-168.00000", "2015-01-31": "-252.00000", "2014-01-31": "-2344.00000", "2013-01-31": "-122.00000", "2012-01-31": "-51.00000", "2011-01-31": "-7.00000", "2010-01-31": "-36.00000", "2009-01-31": "-80.00000", "2008-01-31": "-90.00000", "2007-01-31": "", "2006-01-31": "", "2005-01-31": "-25.00000"}, "Net Change In Short-term Investments": {"2020-01-31": "", "2019-01-31": "", "2018-01-31": "", "2017-01-31": "", "2016-01-31": "", "2015-01-31": "", "2014-01-31": "", "2013-01-31": "", "2012-01-31": "", "2011-01-31": "", "2010-01-31": "", "2009-01-31": "", "2008-01-31": "", "2007-01-31": "", "2006-01-31": "", "2005-01-31": ""}, "Net Change In Long-Term Investments": {"2020-01-31": "", "2019-01-31": "-157.00000", "2018-01-31": "", "2017-01-31": "", "2016-01-31": "", "2015-01-31": "", "2014-01-31": "", "2013-01-31": "", "2012-01-31": "", "2011-01-31": "", "2010-01-31": "", "2009-01-31": "", "2008-01-31": "", "2007-01-31": "", "2006-01-31": "", "2005-01-31": ""}, "Net Change In Investments - Total": {"2020-01-31": "", "2019-01-31": "-157.00000", "2018-01-31": "", "2017-01-31": "", "2016-01-31": "", "2015-01-31": "", "2014-01-31": "", "2013-01-31": "", "2012-01-31": "", "2011-01-31": "", "2010-01-31": "", "2009-01-31": "", "2008-01-31": "", "2007-01-31": "", "2006-01-31": "", "2005-01-31": ""}, "Investing Activities - Other": {"2020-01-31": "-83.00000", "2019-01-31": "-75.00000", "2018-01-31": "-20.00000", "2017-01-31": "93.00000", "2016-01-31": "-98.00000", "2015-01-31": "-14.00000", "2014-01-31": "-121.00000", "2013-01-31": "-48.00000", "2012-01-31": "-10.00000", "2011-01-31": "-90.00000", "2010-01-31": "-14.00000", "2009-01-31": "-9.00000", "2008-01-31": "-51.00000", "2007-01-31": "-47.00000", "2006-01-31": "-42.00000", "2005-01-31": "-35.00000"}, "Cash Flow From Investing Activities": {"2020-01-31": "-2611.00000", "2019-01-31": "-1186.00000", "2018-01-31": "-2707.00000", "2017-01-31": "-3875.00000", "2016-01-31": "-3570.00000", "2015-01-31": "-3060.00000", "2014-01-31": "-4771.00000", "2013-01-31": "-2183.00000", "2012-01-31": "-1908.00000", "2011-01-31": "-1961.00000", "2010-01-31": "-2327.00000", "2009-01-31": "-2179.00000", "2008-01-31": "-2218.00000", "2007-01-31": "-1587.00000", "2006-01-31": "-1279.00000", "2005-01-31": "-1608.00000"}, "Net Long-Term Debt": {"2020-01-31": "-1491.00000", "2019-01-31": "864.00000", "2018-01-31": "735.00000", "2017-01-31": "1861.00000", "2016-01-31": "-349.00000", "2015-01-31": "226.00000", "2014-01-31": "2488.00000", "2013-01-31": "-582.00000", "2012-01-31": "276.00000", "2011-01-31": "-172.00000", "2010-01-31": "-50.00000", "2009-01-31": "-112.00000", "2008-01-31": "1030.00000", "2007-01-31": "-194.00000", "2006-01-31": "-707.00000", "2005-01-31": "-388.00000"}, "Net Current Debt": {"2020-01-31": "350.00000", "2019-01-31": "-1321.00000", "2018-01-31": "696.00000", "2017-01-31": "", "2016-01-31": "", "2015-01-31": "", "2014-01-31": "-395.00000", "2013-01-31": "1275.00000", "2012-01-31": "19.00000", "2011-01-31": "", "2010-01-31": "", "2009-01-31": "2.00000", "2008-01-31": "61.00000", "2007-01-31": "1.00000", "2006-01-31": "35.00000", "2005-01-31": ""}, "Debt Issuance/Retirement Net - Total": {"2020-01-31": "-1141.00000", "2019-01-31": "-457.00000", "2018-01-31": "1431.00000", "2017-01-31": "1861.00000", "2016-01-31": "-349.00000", "2015-01-31": "226.00000", "2014-01-31": "2093.00000", "2013-01-31": "693.00000", "2012-01-31": "295.00000", "2011-01-31": "-172.00000", "2010-01-31": "-50.00000", "2009-01-31": "-110.00000", "2008-01-31": "1091.00000", "2007-01-31": "-193.00000", "2006-01-31": "-672.00000", "2005-01-31": "-388.00000"}, "Net Common Equity Issued/Repurchased": {"2020-01-31": "-410.00000", "2019-01-31": "-1945.00000", "2018-01-31": "-1582.00000", "2017-01-31": "-1698.00000", "2016-01-31": "-583.00000", "2015-01-31": "-1173.00000", "2014-01-31": "-413.00000", "2013-01-31": "-1151.00000", "2012-01-31": "-1429.00000", "2011-01-31": "-516.00000", "2010-01-31": "-167.00000", "2009-01-31": "-465.00000", "2008-01-31": "-1233.00000", "2007-01-31": "-465.00000", "2006-01-31": "-174.00000", "2005-01-31": "-294.00000"}, "Net Total Equity Issued/Repurchased": {"2020-01-31": "-410.00000", "2019-01-31": "-1945.00000", "2018-01-31": "-1582.00000", "2017-01-31": "-1698.00000", "2016-01-31": "-583.00000", "2015-01-31": "-1173.00000", "2014-01-31": "-413.00000", "2013-01-31": "-1151.00000", "2012-01-31": "-1429.00000", "2011-01-31": "-516.00000", "2010-01-31": "-167.00000", "2009-01-31": "-465.00000", "2008-01-31": "-1233.00000", "2007-01-31": "-465.00000", "2006-01-31": "-174.00000", "2005-01-31": "-294.00000"}, "Total Common And Preferred Stock Dividends Paid": {"2020-01-31": "-486.00000", "2019-01-31": "-437.00000", "2018-01-31": "-443.00000", "2017-01-31": "-429.00000", "2016-01-31": "-385.00000", "2015-01-31": "-338.00000", "2014-01-31": "-319.00000", "2013-01-31": "-267.00000", "2012-01-31": "-257.00000", "2011-01-31": "-250.00000", "2010-01-31": "-238.00000", "2009-01-31": "-227.00000", "2008-01-31": "-202.00000", "2007-01-31": "-140.00000", "2006-01-31": "", "2005-01-31": ""}, "Financial Activities - Other": {"2020-01-31": "-46.00000", "2019-01-31": "-57.00000", "2018-01-31": "-87.00000", "2017-01-31": "-86.00000", "2016-01-31": "-21.00000", "2015-01-31": "-3.00000", "2014-01-31": "", "2013-01-31": "4.00000", "2012-01-31": "4.00000", "2011-01-31": "-66.00000", "2010-01-31": "21.00000", "2009-01-31": "33.00000", "2008-01-31": "34.00000", "2007-01-31": "13.00000", "2006-01-31": "-1.00000", "2005-01-31": "-55.00000"}, "Cash Flow From Financial Activities": {"2020-01-31": "-2083.00000", "2019-01-31": "-2896.00000", "2018-01-31": "-681.00000", "2017-01-31": "-352.00000", "2016-01-31": "-1338.00000", "2015-01-31": "-1288.00000", "2014-01-31": "1361.00000", "2013-01-31": "-721.00000", "2012-01-31": "-1387.00000", "2011-01-31": "-1004.00000", "2010-01-31": "-434.00000", "2009-01-31": "-769.00000", "2008-01-31": "-310.00000", "2007-01-31": "-785.00000", "2006-01-31": "-847.00000", "2005-01-31": "-737.00000"}, "Net Cash Flow": {"2020-01-31": "-30.00000", "2019-01-31": "82.00000", "2018-01-31": "25.00000", "2017-01-31": "45.00000", "2016-01-31": "9.00000", "2015-01-31": "-133.00000", "2014-01-31": "163.00000", "2013-01-31": "50.00000", "2012-01-31": "-637.00000", "2011-01-31": "401.00000", "2010-01-31": "161.00000", "2009-01-31": "21.00000", "2008-01-31": "53.00000", "2007-01-31": "-21.00000", "2006-01-31": "66.00000", "2005-01-31": "-15.00000"}, "Stock-Based Compensation": {"2020-01-31": "155.00000", "2019-01-31": "154.00000", "2018-01-31": "151.00000", "2017-01-31": "141.00000", "2016-01-31": "165.00000", "2015-01-31": "155.00000", "2014-01-31": "107.00000", "2013-01-31": "82.00000", "2012-01-31": "81.00000", "2011-01-31": "79.00000", "2010-01-31": "83.00000", "2009-01-31": "91.00000", "2008-01-31": "87.00000", "2007-01-31": "72.00000", "2006-01-31": "7.00000", "2005-01-31": "13.00000"}, "Common Stock Dividends Paid": {"2020-01-31": "-486.00000", "2019-01-31": "-437.00000", "2018-01-31": "-443.00000", "2017-01-31": "-429.00000", "2016-01-31": "-385.00000", "2015-01-31": "-338.00000", "2014-01-31": "-319.00000", "2013-01-31": "-267.00000", "2012-01-31": "-257.00000", "2011-01-31": "-250.00000", "2010-01-31": "-238.00000", "2009-01-31": "-227.00000", "2008-01-31": "-202.00000", "2007-01-31": "-140.00000", "2006-01-31": "", "2005-01-31": ""}}, "cash flow statement, quarterly": {"Net Income/Loss": {"2020-10-31": 632, "2020-07-31": 820, "2020-04-30": "1212.00000", "2020-01-31": 319, "2019-10-31": 143, "2019-07-31": 287, "2019-04-30": "763.00000", "2019-01-31": 251, "2018-10-31": 308, "2018-07-31": 501, "2018-04-30": "2018.00000", "2018-01-31": 853, "2017-10-31": 388, "2017-07-31": 351, "2017-04-30": "297.00000", "2017-01-31": 502, "2016-10-31": 382, "2016-07-31": 378, "2016-04-30": "695.00000", "2016-01-31": 565, "2015-10-31": 427, "2015-07-31": 433, "2015-04-30": "624.00000", "2015-01-31": 523, "2014-10-31": 365, "2014-07-31": 350, "2014-04-30": "509.00000", "2014-01-31": 427, "2013-10-31": 300, "2013-07-31": 320, "2013-04-30": "484.00000", "2013-01-31": 469, "2012-10-31": 318, "2012-07-31": 280, "2012-04-30": "441.00000", "2012-01-31": -305, "2011-10-31": 197, "2011-07-31": 283, "2011-04-30": "421.00000", "2011-01-31": 283, "2010-10-31": 207, "2010-07-31": 268, "2010-04-30": "375.00000", "2010-01-31": 251, "2009-10-31": -876, "2009-07-31": 251, "2009-04-30": "431.00000", "2009-01-31": 347, "2008-10-31": 237, "2008-07-31": 276, "2008-04-30": "390.00000", "2008-01-31": 366, "2007-10-31": 254, "2007-07-31": 267, "2007-04-30": "337.00000", "2007-01-31": 385, "2006-10-31": 215, "2006-07-31": 209, "2006-04-30": "306.00000", "2006-01-31": 282, "2005-10-31": 186, "2005-07-31": 196, "2005-04-30": "294.00000", "2005-01-31": -104}, "Total Depreciation And Amortization - Cash Flow": {"2020-10-31": 776, "2020-07-31": 760, "2020-04-30": "1018.00000", "2020-01-31": 801, "2019-10-31": 772, "2019-07-31": 740, "2019-04-30": "976.00000", "2019-01-31": 581, "2018-10-31": 569, "2018-07-31": 574, "2018-04-30": "741.00000", "2018-01-31": 675, "2017-10-31": 572, "2017-07-31": 563, "2017-04-30": "736.00000", "2017-01-31": 572, "2016-10-31": 549, "2016-07-31": 525, "2016-04-30": "694.00000", "2016-01-31": 508, "2015-10-31": 484, "2015-07-31": 477, "2015-04-30": "620.00000", "2015-01-31": 467, "2014-10-31": 456, "2014-07-31": 444, "2014-04-30": "581.00000", "2014-01-31": 402, "2013-10-31": 395, "2013-07-31": 387, "2013-04-30": "519.00000", "2013-01-31": 387, "2012-10-31": 381, "2012-07-31": 383, "2012-04-30": "501.00000", "2012-01-31": 392, "2011-10-31": 373, "2011-07-31": 374, "2011-04-30": "499.00000", "2011-01-31": 404, "2010-10-31": 368, "2010-07-31": 368, "2010-04-30": "478.00000", "2010-01-31": 368, "2009-10-31": 1469, "2009-07-31": 348, "2009-04-30": "453.00000", "2009-01-31": 348, "2008-10-31": 335, "2008-07-31": 327, "2008-04-30": "433.00000", "2008-01-31": 325, "2007-10-31": 315, "2007-07-31": 311, "2007-04-30": "404.00000", "2007-01-31": 299, "2006-10-31": 295, "2006-07-31": 290, "2006-04-30": "388.00000", "2006-01-31": 296, "2005-10-31": 287, "2005-07-31": 293, "2005-04-30": "389.00000", "2005-01-31": 2117}, "Other Non-Cash Items": {"2020-10-31": -78, "2020-07-31": -187, "2020-04-30": "-161.00000", "2020-01-31": 258, "2019-10-31": 226, "2019-07-31": 58, "2019-04-30": "-367.00000", "2019-01-31": -131, "2018-10-31": 215, "2018-07-31": -61, "2018-04-30": "-1703.00000", "2018-01-31": -385, "2017-10-31": 98, "2017-07-31": 337, "2017-04-30": "69.00000", "2017-01-31": 284, "2016-10-31": 97, "2016-07-31": -10, "2016-04-30": "82.00000", "2016-01-31": 528, "2015-10-31": 14, "2015-07-31": 79, "2015-04-30": "92.00000", "2015-01-31": 320, "2014-10-31": 118, "2014-07-31": 53, "2014-04-30": "48.00000", "2014-01-31": 131, "2013-10-31": 119, "2013-07-31": 51, "2013-04-30": "90.00000", "2013-01-31": 51, "2012-10-31": 186, "2012-07-31": 50, "2012-04-30": "156.00000", "2012-01-31": -188, "2011-10-31": 498, "2011-07-31": 52, "2011-04-30": "76.00000", "2011-01-31": 104, "2010-10-31": 58, "2010-07-31": 44, "2010-04-30": "65.00000", "2010-01-31": 240, "2009-10-31": 27, "2009-07-31": 99, "2009-04-30": "120.00000", "2009-01-31": 201, "2008-10-31": 161, "2008-07-31": 130, "2008-04-30": "143.00000", "2008-01-31": 113, "2007-10-31": -34, "2007-07-31": 99, "2007-04-30": "54.00000", "2007-01-31": 28, "2006-10-31": 63, "2006-07-31": -29, "2006-04-30": "113.00000", "2006-01-31": -33, "2005-10-31": 25, "2005-07-31": 38, "2005-04-30": "52.00000", "2005-01-31": 468}, "Total Non-Cash Items": {"2020-10-31": 698, "2020-07-31": 573, "2020-04-30": "857.00000", "2020-01-31": 1059, "2019-10-31": 998, "2019-07-31": 798, "2019-04-30": "609.00000", "2019-01-31": 450, "2018-10-31": 784, "2018-07-31": 513, "2018-04-30": "-962.00000", "2018-01-31": 290, "2017-10-31": 670, "2017-07-31": 900, "2017-04-30": "805.00000", "2017-01-31": 856, "2016-10-31": 646, "2016-07-31": 515, "2016-04-30": "776.00000", "2016-01-31": 1036, "2015-10-31": 498, "2015-07-31": 556, "2015-04-30": "712.00000", "2015-01-31": 787, "2014-10-31": 574, "2014-07-31": 497, "2014-04-30": "629.00000", "2014-01-31": 533, "2013-10-31": 514, "2013-07-31": 438, "2013-04-30": "609.00000", "2013-01-31": 438, "2012-10-31": 567, "2012-07-31": 433, "2012-04-30": "657.00000", "2012-01-31": 204, "2011-10-31": 871, "2011-07-31": 426, "2011-04-30": "575.00000", "2011-01-31": 508, "2010-10-31": 426, "2010-07-31": 412, "2010-04-30": "543.00000", "2010-01-31": 608, "2009-10-31": 1496, "2009-07-31": 447, "2009-04-30": "573.00000", "2009-01-31": 549, "2008-10-31": 496, "2008-07-31": 457, "2008-04-30": "576.00000", "2008-01-31": 438, "2007-10-31": 281, "2007-07-31": 410, "2007-04-30": "458.00000", "2007-01-31": 327, "2006-10-31": 358, "2006-07-31": 261, "2006-04-30": "501.00000", "2006-01-31": 263, "2005-10-31": 312, "2005-07-31": 331, "2005-04-30": "441.00000", "2005-01-31": 2585}, "Change In Accounts Receivable": {"2020-10-31": -75, "2020-07-31": 27, "2020-04-30": "90.00000", "2020-01-31": -129, "2019-10-31": 49, "2019-07-31": 11, "2019-04-30": "33.00000", "2019-01-31": -113, "2018-10-31": -22, "2018-07-31": 50, "2018-04-30": "-123.00000", "2018-01-31": 16, "2017-10-31": 20, "2017-07-31": -124, "2017-04-30": "149.00000", "2017-01-31": -158, "2016-10-31": -65, "2016-07-31": 28, "2016-04-30": "85.00000", "2016-01-31": -60, "2015-10-31": 27, "2015-07-31": -69, "2015-04-30": "43.00000", "2015-01-31": -113, "2014-10-31": 19, "2014-07-31": -67, "2014-04-30": "20.00000", "2014-01-31": -13, "2013-10-31": -102, "2013-07-31": 19, "2013-04-30": "88.00000", "2013-01-31": 5, "2012-10-31": -105, "2012-07-31": -29, "2012-04-30": "3.00000", "2012-01-31": -84, "2011-10-31": 11, "2011-07-31": 13, "2011-04-30": "-3.00000", "2011-01-31": -9, "2010-10-31": -35, "2010-07-31": 21, "2010-04-30": "12.00000", "2010-01-31": -17, "2009-10-31": -43, "2009-07-31": 21, "2009-04-30": "18.00000", "2009-01-31": -8, "2008-10-31": -36, "2008-07-31": 10, "2008-04-30": "6.00000", "2008-01-31": -51, "2007-10-31": -56, "2007-07-31": 40, "2007-04-30": "50.00000", "2007-01-31": -52, "2006-10-31": -9, "2006-07-31": -13, "2006-04-30": "-16.00000", "2006-01-31": -16, "2005-10-31": -23, "2005-07-31": -25, "2005-04-30": "45.00000", "2005-01-31": 13}, "Change In Inventories": {"2020-10-31": -1156, "2020-07-31": -71, "2020-04-30": "756.00000", "2020-01-31": 285, "2019-10-31": -910, "2019-07-31": 150, "2019-04-30": "124.00000", "2019-01-31": 247, "2018-10-31": -853, "2018-07-31": 118, "2018-04-30": "134.00000", "2018-01-31": 443, "2017-10-31": -620, "2017-07-31": -23, "2017-04-30": "177.00000", "2017-01-31": 416, "2016-10-31": -833, "2016-07-31": -66, "2016-04-30": "101.00000", "2016-01-31": 509, "2015-10-31": -785, "2015-07-31": 154, "2015-04-30": "-62.00000", "2015-01-31": 433, "2014-10-31": -682, "2014-07-31": 127, "2014-04-30": "-25.00000", "2014-01-31": 393, "2013-10-31": -686, "2013-07-31": 109, "2013-04-30": "53.00000", "2013-01-31": 453, "2012-10-31": -729, "2012-07-31": 107, "2012-04-30": "91.00000", "2012-01-31": 320, "2011-10-31": -803, "2011-07-31": 36, "2011-04-30": "86.00000", "2011-01-31": 271, "2010-10-31": -617, "2010-07-31": 110, "2010-04-30": "148.00000", "2010-01-31": 389, "2009-10-31": -620, "2009-07-31": 161, "2009-04-30": "25.00000", "2009-01-31": 476, "2008-10-31": -709, "2008-07-31": 88, "2008-04-30": "-48.00000", "2008-01-31": 278, "2007-10-31": -648, "2007-07-31": 98, "2007-04-30": "-109.00000", "2007-01-31": 362, "2006-10-31": -570, "2006-07-31": 3, "2006-04-30": "32.00000", "2006-01-31": 300, "2005-10-31": -545, "2005-07-31": 35, "2005-04-30": "53.00000", "2005-01-31": -236}, "Change In Accounts Payable": {"2020-10-31": 484, "2020-07-31": -261, "2020-04-30": "783.00000", "2020-01-31": -466, "2019-10-31": 599, "2019-07-31": -155, "2019-04-30": "364.00000", "2019-01-31": -453, "2018-10-31": 572, "2018-07-31": -251, "2018-04-30": "345.00000", "2018-01-31": -462, "2017-10-31": 434, "2017-07-31": -74, "2017-04-30": "260.00000", "2017-01-31": -493, "2016-10-31": 528, "2016-07-31": -123, "2016-04-30": "104.00000", "2016-01-31": -374, "2015-10-31": 604, "2015-07-31": -170, "2015-04-30": "380.00000", "2015-01-31": -347, "2014-10-31": 288, "2014-07-31": -181, "2014-04-30": "375.00000", "2014-01-31": -206, "2013-10-31": 222, "2013-07-31": -99, "2013-04-30": "279.00000", "2013-01-31": -198, "2012-10-31": 414, "2012-07-31": -242, "2012-04-30": "214.00000", "2012-01-31": -369, "2011-10-31": 345, "2011-07-31": 39, "2011-04-30": "68.00000", "2011-01-31": 27, "2010-10-31": 235, "2010-07-31": -103, "2010-04-30": "156.00000", "2010-01-31": -297, "2009-10-31": 200, "2009-07-31": -94, "2009-04-30": "245.00000", "2009-01-31": -346, "2008-10-31": 260, "2008-07-31": -278, "2008-04-30": "311.00000", "2008-01-31": -184, "2007-10-31": 323, "2007-07-31": -64, "2007-04-30": "90.00000", "2007-01-31": -112, "2006-10-31": 215, "2006-07-31": 49, "2006-04-30": "68.00000", "2006-01-31": -424, "2005-10-31": 479, "2005-07-31": 0, "2005-04-30": "-135.00000", "2005-01-31": 167}, "Change In Assets/Liabilities": {"2020-10-31": -119, "2020-07-31": -15, "2020-04-30": "104.00000", "2020-01-31": -458, "2019-10-31": -192, "2019-07-31": -107, "2019-04-30": "330.00000", "2019-01-31": -127, "2018-10-31": -248, "2018-07-31": -35, "2018-04-30": "355.00000", "2018-01-31": -476, "2017-10-31": -1183, "2017-07-31": -96, "2017-04-30": "554.00000", "2017-01-31": -327, "2016-10-31": -106, "2016-07-31": 0, "2016-04-30": "288.00000", "2016-01-31": -235, "2015-10-31": -19, "2015-07-31": -78, "2015-04-30": "285.00000", "2015-01-31": -411, "2014-10-31": 21, "2014-07-31": -39, "2014-04-30": "382.00000", "2014-01-31": -355, "2013-10-31": -14, "2013-07-31": -11, "2013-04-30": "241.00000", "2013-01-31": -540, "2012-10-31": -188, "2012-07-31": 16, "2012-04-30": "-152.00000", "2012-01-31": 502, "2011-10-31": -93, "2011-07-31": -96, "2011-04-30": "-95.00000", "2011-01-31": -100, "2010-10-31": -40, "2010-07-31": -145, "2010-04-30": "209.00000", "2010-01-31": -162, "2009-10-31": -68, "2009-07-31": 63, "2009-04-30": "-83.00000", "2009-01-31": -249, "2008-10-31": 26, "2008-07-31": 54, "2008-04-30": "250.00000", "2008-01-31": -551, "2007-10-31": 11, "2007-07-31": 39, "2007-04-30": "287.00000", "2007-01-31": -281, "2006-10-31": -125, "2006-07-31": 66, "2006-04-30": "42.00000", "2006-01-31": -155, "2005-10-31": -252, "2005-07-31": 42, "2005-04-30": "153.00000", "2005-01-31": 14}, "Total Change In Assets/Liabilities": {"2020-10-31": -838, "2020-07-31": -233, "2020-04-30": "2176.00000", "2020-01-31": -762, "2019-10-31": -370, "2019-07-31": -76, "2019-04-30": "896.00000", "2019-01-31": -270, "2018-10-31": -619, "2018-07-31": -122, "2018-04-30": "1312.00000", "2018-01-31": -784, "2017-10-31": -1329, "2017-07-31": -235, "2017-04-30": "1207.00000", "2017-01-31": -542, "2016-10-31": -604, "2016-07-31": 60, "2016-04-30": "608.00000", "2016-01-31": -529, "2015-10-31": 88, "2015-07-31": 88, "2015-04-30": "419.00000", "2015-01-31": -479, "2014-10-31": -147, "2014-07-31": -6, "2014-04-30": "613.00000", "2014-01-31": -304, "2013-10-31": -510, "2013-07-31": 238, "2013-04-30": "524.00000", "2013-01-31": -221, "2012-10-31": -648, "2012-07-31": 19, "2012-04-30": "201.00000", "2012-01-31": 349, "2011-10-31": -851, "2011-07-31": 249, "2011-04-30": "239.00000", "2011-01-31": 41, "2010-10-31": -418, "2010-07-31": 86, "2010-04-30": "635.00000", "2010-01-31": -312, "2009-10-31": -411, "2009-07-31": 180, "2009-04-30": "284.00000", "2009-01-31": -357, "2008-10-31": -502, "2008-07-31": 51, "2008-04-30": "376.00000", "2008-01-31": -500, "2007-10-31": -413, "2007-07-31": 369, "2007-04-30": "314.00000", "2007-01-31": -192, "2006-10-31": -588, "2006-07-31": 392, "2006-04-30": "177.00000", "2006-01-31": -402, "2005-10-31": -241, "2005-07-31": 292, "2005-04-30": "238.00000", "2005-01-31": -151}, "Cash Flow From Operating Activities": {"2020-10-31": 492, "2020-07-31": 1160, "2020-04-30": "4245.00000", "2020-01-31": 616, "2019-10-31": 771, "2019-07-31": 1009, "2019-04-30": "2268.00000", "2019-01-31": 431, "2018-10-31": 473, "2018-07-31": 892, "2018-04-30": "2368.00000", "2018-01-31": 359, "2017-10-31": -271, "2017-07-31": 1016, "2017-04-30": "2309.00000", "2017-01-31": 816, "2016-10-31": 424, "2016-07-31": 953, "2016-04-30": "2079.00000", "2016-01-31": 1072, "2015-10-31": 1013, "2015-07-31": 1077, "2015-04-30": "1755.00000", "2015-01-31": 831, "2014-10-31": 792, "2014-07-31": 841, "2014-04-30": "1751.00000", "2014-01-31": 656, "2013-10-31": 304, "2013-07-31": 996, "2013-04-30": "1617.00000", "2013-01-31": 686, "2012-10-31": 237, "2012-07-31": 732, "2012-04-30": "1299.00000", "2012-01-31": 248, "2011-10-31": 217, "2011-07-31": 958, "2011-04-30": "1235.00000", "2011-01-31": 832, "2010-10-31": 215, "2010-07-31": 766, "2010-04-30": "1553.00000", "2010-01-31": 547, "2009-10-31": 209, "2009-07-31": 878, "2009-04-30": "1288.00000", "2009-01-31": 539, "2008-10-31": 231, "2008-07-31": 784, "2008-04-30": "1342.00000", "2008-01-31": 304, "2007-10-31": 122, "2007-07-31": 1046, "2007-04-30": "1109.00000", "2007-01-31": 520, "2006-10-31": -15, "2006-07-31": 862, "2006-04-30": "984.00000", "2006-01-31": 143, "2005-10-31": 257, "2005-07-31": 819, "2005-04-30": "973.00000", "2005-01-31": 2330}, "Net Change In Property, Plant, And Equipment": {"2020-10-31": -660, "2020-07-31": -640, "2020-04-30": "-663.00000", "2020-01-31": -749, "2019-10-31": -772, "2019-07-31": -550, "2019-04-30": "-784.00000", "2019-01-31": -701, "2018-10-31": -761, "2018-07-31": -709, "2018-04-30": "-711.00000", "2018-01-31": -654, "2017-10-31": -589, "2017-07-31": -694, "2017-04-30": "-734.00000", "2017-01-31": -656, "2016-10-31": -964, "2016-07-31": -928, "2016-04-30": "-1019.00000", "2016-01-31": -806, "2015-10-31": -826, "2015-07-31": -797, "2015-04-30": "-875.00000", "2015-01-31": -748, "2014-10-31": -717, "2014-07-31": -608, "2014-04-30": "-721.00000", "2014-01-31": -535, "2013-10-31": -668, "2013-07-31": -491, "2013-04-30": "-612.00000", "2013-01-31": -565, "2012-10-31": -485, "2012-07-31": -430, "2012-04-30": "-533.00000", "2012-01-31": -485, "2011-10-31": -443, "2011-07-31": -401, "2011-04-30": "-518.00000", "2011-01-31": -475, "2010-10-31": -454, "2010-07-31": -401, "2010-04-30": "-534.00000", "2010-01-31": -518, "2009-10-31": -555, "2009-07-31": -575, "2009-04-30": "-629.00000", "2009-01-31": -528, "2008-10-31": -558, "2008-07-31": -450, "2008-04-30": "-554.00000", "2008-01-31": -495, "2007-10-31": -530, "2007-07-31": -458, "2007-04-30": "-594.00000", "2007-01-31": -488, "2006-10-31": -364, "2006-07-31": -321, "2006-04-30": "-367.00000", "2006-01-31": -287, "2005-10-31": -320, "2005-07-31": -257, "2005-04-30": "-373.00000", "2005-01-31": -1548}, "Net Change In Intangible Assets": {"2020-10-31": 0, "2020-07-31": 0, "2020-04-30": "", "2020-01-31": 0, "2019-10-31": 0, "2019-07-31": 0, "2019-04-30": "", "2019-01-31": 0, "2018-10-31": 0, "2018-07-31": 0, "2018-04-30": "", "2018-01-31": 0, "2017-10-31": 0, "2017-07-31": 0, "2017-04-30": "", "2017-01-31": 0, "2016-10-31": 0, "2016-07-31": 0, "2016-04-30": "", "2016-01-31": 0, "2015-10-31": 0, "2015-07-31": 0, "2015-04-30": "", "2015-01-31": 0, "2014-10-31": 0, "2014-07-31": 0, "2014-04-30": "", "2014-01-31": 0, "2013-10-31": 0, "2013-07-31": 0, "2013-04-30": "", "2013-01-31": 0, "2012-10-31": 0, "2012-07-31": 0, "2012-04-30": "", "2012-01-31": 0, "2011-10-31": 0, "2011-07-31": 0, "2011-04-30": "", "2011-01-31": 0, "2010-10-31": 0, "2010-07-31": 0, "2010-04-30": "", "2010-01-31": 0, "2009-10-31": 0, "2009-07-31": 0, "2009-04-30": "", "2009-01-31": 0, "2008-10-31": 0, "2008-07-31": 0, "2008-04-30": "", "2008-01-31": 0, "2007-10-31": 0, "2007-07-31": 0, "2007-04-30": "", "2007-01-31": 0, "2006-10-31": 0, "2006-07-31": 0, "2006-04-30": "", "2006-01-31": 0, "2005-10-31": 0, "2005-07-31": 0, "2005-04-30": "", "2005-01-31": 0}, "Net Acquisitions/Divestitures": {"2020-10-31": 0, "2020-07-31": 0, "2020-04-30": "", "2020-01-31": 0, "2019-10-31": 0, "2019-07-31": 1, "2019-04-30": "326.00000", "2019-01-31": 0, "2018-10-31": 0, "2018-07-31": -170, "2018-04-30": "2098.00000", "2018-01-31": 0, "2017-10-31": 0, "2017-07-31": -16, "2017-04-30": "", "2017-01-31": 0, "2016-10-31": -401, "2016-07-31": 0, "2016-04-30": "", "2016-01-31": -168, "2015-10-31": 0, "2015-07-31": 0, "2015-04-30": "", "2015-01-31": 0, "2014-10-31": -252, "2014-07-31": 0, "2014-04-30": "", "2014-01-31": -2344, "2013-10-31": 0, "2013-07-31": 0, "2013-04-30": "", "2013-01-31": -110, "2012-10-31": 0, "2012-07-31": -12, "2012-04-30": "", "2012-01-31": 0, "2011-10-31": -51, "2011-07-31": 0, "2011-04-30": "", "2011-01-31": 0, "2010-10-31": 0, "2010-07-31": 0, "2010-04-30": "-7.00000", "2010-01-31": -13, "2009-10-31": -10, "2009-07-31": -13, "2009-04-30": "", "2009-01-31": 0, "2008-10-31": 0, "2008-07-31": 0, "2008-04-30": "-80.00000", "2008-01-31": -4, "2007-10-31": 0, "2007-07-31": -86, "2007-04-30": "", "2007-01-31": 0, "2006-10-31": 0, "2006-07-31": 0, "2006-04-30": "", "2006-01-31": 0, "2005-10-31": 0, "2005-07-31": 0, "2005-04-30": "", "2005-01-31": -25}, "Net Change In Short-term Investments": {"2020-10-31": 0, "2020-07-31": 0, "2020-04-30": "", "2020-01-31": 0, "2019-10-31": 0, "2019-07-31": 0, "2019-04-30": "", "2019-01-31": 0, "2018-10-31": 0, "2018-07-31": 0, "2018-04-30": "", "2018-01-31": 0, "2017-10-31": 0, "2017-07-31": 0, "2017-04-30": "", "2017-01-31": 0, "2016-10-31": 0, "2016-07-31": 0, "2016-04-30": "", "2016-01-31": 0, "2015-10-31": 0, "2015-07-31": 0, "2015-04-30": "", "2015-01-31": 0, "2014-10-31": 0, "2014-07-31": 0, "2014-04-30": "", "2014-01-31": 0, "2013-10-31": 0, "2013-07-31": 0, "2013-04-30": "", "2013-01-31": 0, "2012-10-31": 0, "2012-07-31": 0, "2012-04-30": "", "2012-01-31": 0, "2011-10-31": 0, "2011-07-31": 0, "2011-04-30": "", "2011-01-31": 0, "2010-10-31": 0, "2010-07-31": 0, "2010-04-30": "", "2010-01-31": 0, "2009-10-31": 0, "2009-07-31": 0, "2009-04-30": "", "2009-01-31": 0, "2008-10-31": 0, "2008-07-31": 0, "2008-04-30": "", "2008-01-31": 0, "2007-10-31": 0, "2007-07-31": 0, "2007-04-30": "", "2007-01-31": 0, "2006-10-31": 0, "2006-07-31": 0, "2006-04-30": "", "2006-01-31": 0, "2005-10-31": 0, "2005-07-31": 0, "2005-04-30": "", "2005-01-31": 0}, "Net Change In Long-Term Investments": {"2020-10-31": 0, "2020-07-31": 0, "2020-04-30": "", "2020-01-31": 0, "2019-10-31": 0, "2019-07-31": 0, "2019-04-30": "", "2019-01-31": 235, "2018-10-31": 0, "2018-07-31": -392, "2018-04-30": "", "2018-01-31": 0, "2017-10-31": 0, "2017-07-31": 0, "2017-04-30": "", "2017-01-31": 0, "2016-10-31": 0, "2016-07-31": 0, "2016-04-30": "", "2016-01-31": 0, "2015-10-31": 0, "2015-07-31": 0, "2015-04-30": "", "2015-01-31": 0, "2014-10-31": 0, "2014-07-31": 0, "2014-04-30": "", "2014-01-31": 0, "2013-10-31": 0, "2013-07-31": 0, "2013-04-30": "", "2013-01-31": 0, "2012-10-31": 0, "2012-07-31": 0, "2012-04-30": "", "2012-01-31": 0, "2011-10-31": 0, "2011-07-31": 0, "2011-04-30": "", "2011-01-31": 0, "2010-10-31": 0, "2010-07-31": 0, "2010-04-30": "", "2010-01-31": 0, "2009-10-31": 0, "2009-07-31": 0, "2009-04-30": "", "2009-01-31": 0, "2008-10-31": 0, "2008-07-31": 0, "2008-04-30": "", "2008-01-31": 0, "2007-10-31": 0, "2007-07-31": 0, "2007-04-30": "", "2007-01-31": 0, "2006-10-31": 0, "2006-07-31": 0, "2006-04-30": "", "2006-01-31": 0, "2005-10-31": 0, "2005-07-31": 0, "2005-04-30": "", "2005-01-31": 0}, "Net Change In Investments - Total": {"2020-10-31": 0, "2020-07-31": 0, "2020-04-30": "", "2020-01-31": 0, "2019-10-31": 0, "2019-07-31": 0, "2019-04-30": "", "2019-01-31": 235, "2018-10-31": 0, "2018-07-31": -392, "2018-04-30": "", "2018-01-31": 0, "2017-10-31": 0, "2017-07-31": 0, "2017-04-30": "", "2017-01-31": 0, "2016-10-31": 0, "2016-07-31": 0, "2016-04-30": "", "2016-01-31": 0, "2015-10-31": 0, "2015-07-31": 0, "2015-04-30": "", "2015-01-31": 0, "2014-10-31": 0, "2014-07-31": 0, "2014-04-30": "", "2014-01-31": 0, "2013-10-31": 0, "2013-07-31": 0, "2013-04-30": "", "2013-01-31": 0, "2012-10-31": 0, "2012-07-31": 0, "2012-04-30": "", "2012-01-31": 0, "2011-10-31": 0, "2011-07-31": 0, "2011-04-30": "", "2011-01-31": 0, "2010-10-31": 0, "2010-07-31": 0, "2010-04-30": "", "2010-01-31": 0, "2009-10-31": 0, "2009-07-31": 0, "2009-04-30": "", "2009-01-31": 0, "2008-10-31": 0, "2008-07-31": 0, "2008-04-30": "", "2008-01-31": 0, "2007-10-31": 0, "2007-07-31": 0, "2007-04-30": "", "2007-01-31": 0, "2006-10-31": 0, "2006-07-31": 0, "2006-04-30": "", "2006-01-31": 0, "2005-10-31": 0, "2005-07-31": 0, "2005-04-30": "", "2005-01-31": 0}, "Investing Activities - Other": {"2020-10-31": -40, "2020-07-31": -19, "2020-04-30": "-26.00000", "2020-01-31": -38, "2019-10-31": -13, "2019-07-31": -26, "2019-04-30": "-6.00000", "2019-01-31": -90, "2018-10-31": 3, "2018-07-31": 50, "2018-04-30": "-38.00000", "2018-01-31": -18, "2017-10-31": 4, "2017-07-31": 4, "2017-04-30": "-10.00000", "2017-01-31": 54, "2016-10-31": 32, "2016-07-31": 39, "2016-04-30": "-32.00000", "2016-01-31": -16, "2015-10-31": -44, "2015-07-31": -55, "2015-04-30": "17.00000", "2015-01-31": -14, "2014-10-31": -16, "2014-07-31": -2, "2014-04-30": "18.00000", "2014-01-31": -74, "2013-10-31": -13, "2013-07-31": -20, "2013-04-30": "-14.00000", "2013-01-31": -20, "2012-10-31": -14, "2012-07-31": -20, "2012-04-30": "6.00000", "2012-01-31": -4, "2011-10-31": 1, "2011-07-31": -16, "2011-04-30": "9.00000", "2011-01-31": -86, "2010-10-31": -7, "2010-07-31": 6, "2010-04-30": "-3.00000", "2010-01-31": -1, "2009-10-31": -8, "2009-07-31": 0, "2009-04-30": "-5.00000", "2009-01-31": 1, "2008-10-31": -10, "2008-07-31": -1, "2008-04-30": "1.00000", "2008-01-31": -5, "2007-10-31": -14, "2007-07-31": -25, "2007-04-30": "-7.00000", "2007-01-31": -7, "2006-10-31": -26, "2006-07-31": -11, "2006-04-30": "-3.00000", "2006-01-31": -20, "2005-10-31": -6, "2005-07-31": -12, "2005-04-30": "-4.00000", "2005-01-31": -35}, "Cash Flow From Investing Activities": {"2020-10-31": -700, "2020-07-31": -659, "2020-04-30": "-689.00000", "2020-01-31": -787, "2019-10-31": -785, "2019-07-31": -575, "2019-04-30": "-464.00000", "2019-01-31": -556, "2018-10-31": -758, "2018-07-31": -1221, "2018-04-30": "1349.00000", "2018-01-31": -672, "2017-10-31": -585, "2017-07-31": -706, "2017-04-30": "-744.00000", "2017-01-31": -602, "2016-10-31": -1333, "2016-07-31": -889, "2016-04-30": "-1051.00000", "2016-01-31": -990, "2015-10-31": -870, "2015-07-31": -852, "2015-04-30": "-858.00000", "2015-01-31": -762, "2014-10-31": -985, "2014-07-31": -610, "2014-04-30": "-703.00000", "2014-01-31": -2953, "2013-10-31": -681, "2013-07-31": -511, "2013-04-30": "-626.00000", "2013-01-31": -695, "2012-10-31": -499, "2012-07-31": -462, "2012-04-30": "-527.00000", "2012-01-31": -489, "2011-10-31": -493, "2011-07-31": -417, "2011-04-30": "-509.00000", "2011-01-31": -561, "2010-10-31": -461, "2010-07-31": -395, "2010-04-30": "-544.00000", "2010-01-31": -532, "2009-10-31": -573, "2009-07-31": -588, "2009-04-30": "-634.00000", "2009-01-31": -527, "2008-10-31": -568, "2008-07-31": -451, "2008-04-30": "-633.00000", "2008-01-31": -504, "2007-10-31": -544, "2007-07-31": -569, "2007-04-30": "-601.00000", "2007-01-31": -495, "2006-10-31": -390, "2006-07-31": -332, "2006-04-30": "-370.00000", "2006-01-31": -307, "2005-10-31": -326, "2005-07-31": -269, "2005-04-30": "-377.00000", "2005-01-31": -1608}, "Net Long-Term Debt": {"2020-10-31": 20, "2020-07-31": -14, "2020-04-30": "490.00000", "2020-01-31": -12, "2019-10-31": -507, "2019-07-31": 32, "2019-04-30": "-1004.00000", "2019-01-31": 89, "2018-10-31": 8, "2018-07-31": -29, "2018-04-30": "796.00000", "2018-01-31": 1, "2017-10-31": -613, "2017-07-31": 1430, "2017-04-30": "-83.00000", "2017-01-31": 1408, "2016-10-31": 219, "2016-07-31": 21, "2016-04-30": "213.00000", "2016-01-31": 40, "2015-10-31": -32, "2015-07-31": -63, "2015-04-30": "-294.00000", "2015-01-31": -288, "2014-10-31": 492, "2014-07-31": 19, "2014-04-30": "3.00000", "2014-01-31": 1894, "2013-10-31": 2, "2013-07-31": 999, "2013-04-30": "-407.00000", "2013-01-31": -1255, "2012-10-31": 721, "2012-07-31": -367, "2012-04-30": "319.00000", "2012-01-31": 485, "2011-10-31": 321, "2011-07-31": -26, "2011-04-30": "-504.00000", "2011-01-31": 97, "2010-10-31": -10, "2010-07-31": 282, "2010-04-30": "-541.00000", "2010-01-31": 0, "2009-10-31": 489, "2009-07-31": -388, "2009-04-30": "-151.00000", "2009-01-31": -6, "2008-10-31": 394, "2008-07-31": -173, "2008-04-30": "-327.00000", "2008-01-31": 609, "2007-10-31": 807, "2007-07-31": 70, "2007-04-30": "-456.00000", "2007-01-31": 69, "2006-10-31": 4, "2006-07-31": -242, "2006-04-30": "-25.00000", "2006-01-31": -30, "2005-10-31": 54, "2005-07-31": -277, "2005-04-30": "-454.00000", "2005-01-31": -388}, "Net Current Debt": {"2020-10-31": 0, "2020-07-31": 0, "2020-04-30": "-1150.00000", "2020-01-31": 585, "2019-10-31": 565, "2019-07-31": -100, "2019-04-30": "-700.00000", "2019-01-31": 165, "2018-10-31": 460, "2018-07-31": 174, "2018-04-30": "-2120.00000", "2018-01-31": 741, "2017-10-31": 1380, "2017-07-31": -880, "2017-04-30": "-545.00000", "2017-01-31": -1200, "2016-10-31": 1200, "2016-07-31": 0, "2016-04-30": "", "2016-01-31": 0, "2015-10-31": 0, "2015-07-31": 0, "2015-04-30": "", "2015-01-31": 355, "2014-10-31": -195, "2014-07-31": -155, "2014-04-30": "-5.00000", "2014-01-31": 769, "2013-10-31": 471, "2013-07-31": -1183, "2013-04-30": "-452.00000", "2013-01-31": 1160, "2012-10-31": 95, "2012-07-31": 409, "2012-04-30": "-389.00000", "2012-01-31": 44, "2011-10-31": 60, "2011-07-31": -15, "2011-04-30": "-70.00000", "2011-01-31": -1, "2010-10-31": 93, "2010-07-31": -9, "2010-04-30": "-83.00000", "2010-01-31": 4, "2009-10-31": 112, "2009-07-31": -63, "2009-04-30": "-53.00000", "2009-01-31": 21, "2008-10-31": 73, "2008-07-31": -64, "2008-04-30": "-28.00000", "2008-01-31": -17, "2007-10-31": 74, "2007-07-31": 33, "2007-04-30": "-29.00000", "2007-01-31": 36, "2006-10-31": 3, "2006-07-31": 16, "2006-04-30": "-54.00000", "2006-01-31": 216, "2005-10-31": -137, "2005-07-31": -24, "2005-04-30": "-20.00000", "2005-01-31": 0}, "Debt Issuance/Retirement Net - Total": {"2020-10-31": 20, "2020-07-31": -14, "2020-04-30": "-660.00000", "2020-01-31": 573, "2019-10-31": 58, "2019-07-31": -68, "2019-04-30": "-1704.00000", "2019-01-31": 254, "2018-10-31": 468, "2018-07-31": 145, "2018-04-30": "-1324.00000", "2018-01-31": 742, "2017-10-31": 767, "2017-07-31": 550, "2017-04-30": "-628.00000", "2017-01-31": 208, "2016-10-31": 1419, "2016-07-31": 21, "2016-04-30": "213.00000", "2016-01-31": 40, "2015-10-31": -32, "2015-07-31": -63, "2015-04-30": "-294.00000", "2015-01-31": 67, "2014-10-31": 297, "2014-07-31": -136, "2014-04-30": "-2.00000", "2014-01-31": 2663, "2013-10-31": 473, "2013-07-31": -184, "2013-04-30": "-859.00000", "2013-01-31": -95, "2012-10-31": 816, "2012-07-31": 42, "2012-04-30": "-70.00000", "2012-01-31": 529, "2011-10-31": 381, "2011-07-31": -41, "2011-04-30": "-574.00000", "2011-01-31": 96, "2010-10-31": 83, "2010-07-31": 273, "2010-04-30": "-624.00000", "2010-01-31": 4, "2009-10-31": 601, "2009-07-31": -451, "2009-04-30": "-204.00000", "2009-01-31": 15, "2008-10-31": 467, "2008-07-31": -237, "2008-04-30": "-355.00000", "2008-01-31": 592, "2007-10-31": 881, "2007-07-31": 103, "2007-04-30": "-485.00000", "2007-01-31": 105, "2006-10-31": 7, "2006-07-31": -226, "2006-04-30": "-79.00000", "2006-01-31": 186, "2005-10-31": -83, "2005-07-31": -301, "2005-04-30": "-474.00000", "2005-01-31": -388}, "Net Common Equity Issued/Repurchased": {"2020-10-31": -309, "2020-07-31": -217, "2020-04-30": "-365.00000", "2020-01-31": -408, "2019-10-31": 3, "2019-07-31": -2, "2019-04-30": "-3.00000", "2019-01-31": -4, "2018-10-31": -2, "2018-07-31": -140, "2018-04-30": "-1799.00000", "2018-01-31": -321, "2017-10-31": -259, "2017-07-31": -247, "2017-04-30": "-755.00000", "2017-01-31": -348, "2016-10-31": -323, "2016-07-31": -15, "2016-04-30": "-1012.00000", "2016-01-31": -18, "2015-10-31": -11, "2015-07-31": -15, "2015-04-30": "-539.00000", "2015-01-31": -7, "2014-10-31": -11, "2014-07-31": -45, "2014-04-30": "-1110.00000", "2014-01-31": -215, "2013-10-31": -117, "2013-07-31": -30, "2013-04-30": "-51.00000", "2013-01-31": -19, "2012-10-31": -303, "2012-07-31": -522, "2012-04-30": "-307.00000", "2012-01-31": -248, "2011-10-31": -469, "2011-07-31": -228, "2011-04-30": "-484.00000", "2011-01-31": -248, "2010-10-31": -56, "2010-07-31": -144, "2010-04-30": "-68.00000", "2010-01-31": -67, "2009-10-31": -28, "2009-07-31": -54, "2009-04-30": "-18.00000", "2009-01-31": -3, "2008-10-31": -80, "2008-07-31": -81, "2008-04-30": "-301.00000", "2008-01-31": -262, "2007-10-31": -412, "2007-07-31": -550, "2007-04-30": "-9.00000", "2007-01-31": -27, "2006-10-31": -219, "2006-07-31": -134, "2006-04-30": "-85.00000", "2006-01-31": -48, "2005-10-31": 10, "2005-07-31": -5, "2005-04-30": "-131.00000", "2005-01-31": -294}, "Net Total Equity Issued/Repurchased": {"2020-10-31": -309, "2020-07-31": -217, "2020-04-30": "-365.00000", "2020-01-31": -408, "2019-10-31": 3, "2019-07-31": -2, "2019-04-30": "-3.00000", "2019-01-31": -4, "2018-10-31": -2, "2018-07-31": -140, "2018-04-30": "-1799.00000", "2018-01-31": -321, "2017-10-31": -259, "2017-07-31": -247, "2017-04-30": "-755.00000", "2017-01-31": -348, "2016-10-31": -323, "2016-07-31": -15, "2016-04-30": "-1012.00000", "2016-01-31": -18, "2015-10-31": -11, "2015-07-31": -15, "2015-04-30": "-539.00000", "2015-01-31": -7, "2014-10-31": -11, "2014-07-31": -45, "2014-04-30": "-1110.00000", "2014-01-31": -215, "2013-10-31": -117, "2013-07-31": -30, "2013-04-30": "-51.00000", "2013-01-31": -19, "2012-10-31": -303, "2012-07-31": -522, "2012-04-30": "-307.00000", "2012-01-31": -248, "2011-10-31": -469, "2011-07-31": -228, "2011-04-30": "-484.00000", "2011-01-31": -248, "2010-10-31": -56, "2010-07-31": -144, "2010-04-30": "-68.00000", "2010-01-31": -67, "2009-10-31": -28, "2009-07-31": -54, "2009-04-30": "-18.00000", "2009-01-31": -3, "2008-10-31": -80, "2008-07-31": -81, "2008-04-30": "-301.00000", "2008-01-31": -262, "2007-10-31": -412, "2007-07-31": -550, "2007-04-30": "-9.00000", "2007-01-31": -27, "2006-10-31": -219, "2006-07-31": -134, "2006-04-30": "-85.00000", "2006-01-31": -48, "2005-10-31": 10, "2005-07-31": -5, "2005-04-30": "-131.00000", "2005-01-31": -294}, "Total Common And Preferred Stock Dividends Paid": {"2020-10-31": -141, "2020-07-31": -126, "2020-04-30": "-128.00000", "2020-01-31": -130, "2019-10-31": -130, "2019-07-31": -113, "2019-04-30": "-113.00000", "2019-01-31": -113, "2018-10-31": -113, "2018-07-31": -101, "2018-04-30": "-110.00000", "2018-01-31": -110, "2017-10-31": -112, "2017-07-31": -110, "2017-04-30": "-111.00000", "2017-01-31": -113, "2016-10-31": -114, "2016-07-31": -100, "2016-04-30": "-102.00000", "2016-01-31": -102, "2015-10-31": -102, "2015-07-31": -90, "2015-04-30": "-91.00000", "2015-01-31": -91, "2014-10-31": -81, "2014-07-31": -82, "2014-04-30": "-84.00000", "2014-01-31": -86, "2013-10-31": -78, "2013-07-31": -77, "2013-04-30": "-78.00000", "2013-01-31": -78, "2012-10-31": -61, "2012-07-31": -63, "2012-04-30": "-65.00000", "2012-01-31": -66, "2011-10-31": -62, "2011-07-31": -64, "2011-04-30": "-65.00000", "2011-01-31": -67, "2010-10-31": -60, "2010-07-31": -62, "2010-04-30": "-61.00000", "2010-01-31": -62, "2009-10-31": -59, "2009-07-31": -58, "2009-04-30": "-59.00000", "2009-01-31": -59, "2008-10-31": -59, "2008-07-31": -59, "2008-04-30": "-50.00000", "2008-01-31": -51, "2007-10-31": -52, "2007-07-31": -53, "2007-04-30": "-46.00000", "2007-01-31": -46, "2006-10-31": -47, "2006-07-31": -47, "2006-04-30": "", "2006-01-31": 0, "2005-10-31": 0, "2005-07-31": 0, "2005-04-30": "", "2005-01-31": 0}, "Financial Activities - Other": {"2020-10-31": -2, "2020-07-31": -50, "2020-04-30": "-76.00000", "2020-01-31": -10, "2019-10-31": -1, "2019-07-31": -31, "2019-04-30": "-4.00000", "2019-01-31": -12, "2018-10-31": 0, "2018-07-31": 95, "2018-04-30": "-140.00000", "2018-01-31": -3, "2017-10-31": -7, "2017-07-31": -40, "2017-04-30": "-37.00000", "2017-01-31": -13, "2016-10-31": -18, "2016-07-31": -42, "2016-04-30": "-13.00000", "2016-01-31": 1, "2015-10-31": 8, "2015-07-31": -41, "2015-04-30": "11.00000", "2015-01-31": -34, "2014-10-31": 4, "2014-07-31": 15, "2014-04-30": "12.00000", "2014-01-31": -8, "2013-10-31": 3, "2013-07-31": -1, "2013-04-30": "6.00000", "2013-01-31": 4, "2012-10-31": 7, "2012-07-31": 0, "2012-04-30": "-7.00000", "2012-01-31": -2, "2011-10-31": -1, "2011-07-31": 4, "2011-04-30": "3.00000", "2011-01-31": 15, "2010-10-31": 0, "2010-07-31": -3, "2010-04-30": "-78.00000", "2010-01-31": 17, "2009-10-31": -2, "2009-07-31": 4, "2009-04-30": "2.00000", "2009-01-31": 10, "2008-10-31": 19, "2008-07-31": 7, "2008-04-30": "-3.00000", "2008-01-31": -3, "2007-10-31": 7, "2007-07-31": -1, "2007-04-30": "31.00000", "2007-01-31": -9, "2006-10-31": 2, "2006-07-31": 21, "2006-04-30": "-1.00000", "2006-01-31": -1, "2005-10-31": 0, "2005-07-31": 0, "2005-04-30": "", "2005-01-31": -55}, "Cash Flow From Financial Activities": {"2020-10-31": -432, "2020-07-31": -407, "2020-04-30": "-1229.00000", "2020-01-31": 25, "2019-10-31": -70, "2019-07-31": -214, "2019-04-30": "-1824.00000", "2019-01-31": 125, "2018-10-31": 353, "2018-07-31": -1, "2018-04-30": "-3373.00000", "2018-01-31": 308, "2017-10-31": 389, "2017-07-31": 153, "2017-04-30": "-1531.00000", "2017-01-31": -266, "2016-10-31": 964, "2016-07-31": -136, "2016-04-30": "-914.00000", "2016-01-31": -79, "2015-10-31": -137, "2015-07-31": -209, "2015-04-30": "-913.00000", "2015-01-31": -65, "2014-10-31": 209, "2014-07-31": -248, "2014-04-30": "-1184.00000", "2014-01-31": 2354, "2013-10-31": 281, "2013-07-31": -292, "2013-04-30": "-982.00000", "2013-01-31": -188, "2012-10-31": 459, "2012-07-31": -543, "2012-04-30": "-449.00000", "2012-01-31": 213, "2011-10-31": -151, "2011-07-31": -329, "2011-04-30": "-1120.00000", "2011-01-31": -204, "2010-10-31": -33, "2010-07-31": 64, "2010-04-30": "-831.00000", "2010-01-31": -108, "2009-10-31": 512, "2009-07-31": -559, "2009-04-30": "-279.00000", "2009-01-31": -37, "2008-10-31": 347, "2008-07-31": -370, "2008-04-30": "-709.00000", "2008-01-31": 276, "2007-10-31": 424, "2007-07-31": -501, "2007-04-30": "-509.00000", "2007-01-31": 23, "2006-10-31": -257, "2006-07-31": -386, "2006-04-30": "-165.00000", "2006-01-31": 137, "2005-10-31": -73, "2005-07-31": -306, "2005-04-30": "-605.00000", "2005-01-31": -737}, "Net Cash Flow": {"2020-10-31": -640, "2020-07-31": 94, "2020-04-30": "2327.00000", "2020-01-31": -146, "2019-10-31": -84, "2019-07-31": 220, "2019-04-30": "-20.00000", "2019-01-31": 0, "2018-10-31": 68, "2018-07-31": -330, "2018-04-30": "344.00000", "2018-01-31": -5, "2017-10-31": -467, "2017-07-31": 463, "2017-04-30": "34.00000", "2017-01-31": -52, "2016-10-31": 55, "2016-07-31": -72, "2016-04-30": "114.00000", "2016-01-31": 3, "2015-10-31": 6, "2015-07-31": 16, "2015-04-30": "-16.00000", "2015-01-31": 4, "2014-10-31": 16, "2014-07-31": -17, "2014-04-30": "-136.00000", "2014-01-31": 57, "2013-10-31": -96, "2013-07-31": 193, "2013-04-30": "9.00000", "2013-01-31": -197, "2012-10-31": 197, "2012-07-31": -273, "2012-04-30": "323.00000", "2012-01-31": -28, "2011-10-31": -427, "2011-07-31": 212, "2011-04-30": "-394.00000", "2011-01-31": 67, "2010-10-31": -279, "2010-07-31": 435, "2010-04-30": "178.00000", "2010-01-31": -93, "2009-10-31": 148, "2009-07-31": -269, "2009-04-30": "375.00000", "2009-01-31": -17, "2008-10-31": 10, "2008-07-31": -37, "2008-04-30": "65.00000", "2008-01-31": 76, "2007-10-31": 2, "2007-07-31": -24, "2007-04-30": "-1.00000", "2007-01-31": 48, "2006-10-31": -662, "2006-07-31": 144, "2006-04-30": "449.00000", "2006-01-31": -27, "2005-10-31": -142, "2005-07-31": 244, "2005-04-30": "-9.00000", "2005-01-31": -15}, "Stock-Based Compensation": {"2020-10-31": 40, "2020-07-31": 44, "2020-04-30": "63.00000", "2020-01-31": 38, "2019-10-31": 28, "2019-07-31": 41, "2019-04-30": "48.00000", "2019-01-31": 39, "2018-10-31": 34, "2018-07-31": 36, "2018-04-30": "45.00000", "2018-01-31": 33, "2017-10-31": 33, "2017-07-31": 32, "2017-04-30": "53.00000", "2017-01-31": 31, "2016-10-31": 33, "2016-07-31": 34, "2016-04-30": "43.00000", "2016-01-31": 35, "2015-10-31": 35, "2015-07-31": 43, "2015-04-30": "52.00000", "2015-01-31": 40, "2014-10-31": 39, "2014-07-31": 36, "2014-04-30": "40.00000", "2014-01-31": 29, "2013-10-31": 31, "2013-07-31": 23, "2013-04-30": "24.00000", "2013-01-31": 21, "2012-10-31": 20, "2012-07-31": 17, "2012-04-30": "24.00000", "2012-01-31": 19, "2011-10-31": 18, "2011-07-31": 20, "2011-04-30": "24.00000", "2011-01-31": 17, "2010-10-31": 18, "2010-07-31": 18, "2010-04-30": "26.00000", "2010-01-31": 19, "2009-10-31": 19, "2009-07-31": 20, "2009-04-30": "25.00000", "2009-01-31": 22, "2008-10-31": 21, "2008-07-31": 23, "2008-04-30": "25.00000", "2008-01-31": 19, "2007-10-31": 20, "2007-07-31": 26, "2007-04-30": "22.00000", "2007-01-31": 17, "2006-10-31": 16, "2006-07-31": 17, "2006-04-30": "22.00000", "2006-01-31": 1, "2005-10-31": 6, "2005-07-31": -3, "2005-04-30": "3.00000", "2005-01-31": 13}, "Common Stock Dividends Paid": {"2020-10-31": -141, "2020-07-31": -126, "2020-04-30": "-128.00000", "2020-01-31": -130, "2019-10-31": -130, "2019-07-31": -113, "2019-04-30": "-113.00000", "2019-01-31": -113, "2018-10-31": -113, "2018-07-31": -101, "2018-04-30": "-110.00000", "2018-01-31": -110, "2017-10-31": -112, "2017-07-31": -110, "2017-04-30": "-111.00000", "2017-01-31": -113, "2016-10-31": -114, "2016-07-31": -100, "2016-04-30": "-102.00000", "2016-01-31": -102, "2015-10-31": -102, "2015-07-31": -90, "2015-04-30": "-91.00000", "2015-01-31": -91, "2014-10-31": -81, "2014-07-31": -82, "2014-04-30": "-84.00000", "2014-01-31": -86, "2013-10-31": -78, "2013-07-31": -77, "2013-04-30": "-78.00000", "2013-01-31": -78, "2012-10-31": -61, "2012-07-31": -63, "2012-04-30": "-65.00000", "2012-01-31": -66, "2011-10-31": -62, "2011-07-31": -64, "2011-04-30": "-65.00000", "2011-01-31": -67, "2010-10-31": -60, "2010-07-31": -62, "2010-04-30": "-61.00000", "2010-01-31": -62, "2009-10-31": -59, "2009-07-31": -58, "2009-04-30": "-59.00000", "2009-01-31": -59, "2008-10-31": -59, "2008-07-31": -59, "2008-04-30": "-50.00000", "2008-01-31": -51, "2007-10-31": -52, "2007-07-31": -53, "2007-04-30": "-46.00000", "2007-01-31": -46, "2006-10-31": -47, "2006-07-31": -47, "2006-04-30": "", "2006-01-31": 0, "2005-10-31": 0, "2005-07-31": 0, "2005-04-30": "", "2005-01-31": 0}}, "financial ratios": {"Current Ratio": {"2020-01-31": "0.76460", "2019-01-31": "0.75680", "2018-01-31": "0.78310", "2017-01-31": "0.80400", "2016-01-31": "0.76260", "2015-01-31": "0.78220", "2014-01-31": "0.82480", "2013-01-31": "0.71960", "2012-01-31": "0.80450", "2011-01-31": "0.94440", "2010-01-31": "0.96840", "2009-01-31": "0.94850", "2008-01-31": "0.81860", "2007-01-31": "0.89100", "2006-01-31": "0.96290", "2005-01-31": "1.01120"}, "Long-term Debt / Capital": {"2020-01-31": "0.58550", "2019-01-31": "0.60640", "2018-01-31": "0.63530", "2017-01-31": "0.63800", "2016-01-31": "0.58820", "2015-01-31": "0.64110", "2014-01-31": "0.64150", "2013-01-31": "0.59320", "2012-01-31": "0.63330", "2011-01-31": "0.57960", "2010-01-31": "0.60280", "2009-01-31": "0.58610", "2008-01-31": "0.57060", "2007-01-31": "0.55560", "2006-01-31": "0.60340", "2005-01-31": "0.68580"}, "Debt/Equity Ratio": {"2020-01-31": "1.64190", "2019-01-31": "1.94370", "2018-01-31": "2.25760", "2017-01-31": "2.09790", "2016-01-31": "1.77680", "2015-01-31": "2.13100", "2014-01-31": "2.09640", "2013-01-31": "2.10700", "2012-01-31": "2.05870", "2011-01-31": "1.48960", "2010-01-31": "1.63540", "2009-01-31": "1.52130", "2008-01-31": "1.65260", "2007-01-31": "1.43410", "2006-01-31": "1.64740", "2005-01-31": "2.20250"}, "Gross Margin": {"2020-01-31": "22.07290", "2019-01-31": "21.95200", "2018-01-31": "22.28180", "2017-01-31": "22.39960", "2016-01-31": "22.15610", "2015-01-31": "21.16170", "2014-01-31": "20.57130", "2013-01-31": "20.58910", "2012-01-31": "20.91530", "2011-01-31": "22.23790", "2010-01-31": "23.18400", "2009-01-31": "23.11810", "2008-01-31": "23.63660", "2007-01-31": "24.19570", "2006-01-31": "24.75190", "2005-01-31": "25.32870"}, "Operating Margin": {"2020-01-31": "1.84080", "2019-01-31": "2.14520", "2018-01-31": "2.11880", "2017-01-31": "2.99300", "2016-01-31": "3.25590", "2015-01-31": "2.89220", "2014-01-31": "2.77000", "2013-01-31": "2.86070", "2012-01-31": "1.41580", "2011-01-31": "2.65940", "2010-01-31": "1.42410", "2009-01-31": "3.22000", "2008-01-31": "3.35820", "2007-01-31": "3.38220", "2006-01-31": "3.36070", "2005-01-31": "1.49380"}, "EBIT Margin": {"2020-01-31": "1.84080", "2019-01-31": "2.14520", "2018-01-31": "2.11880", "2017-01-31": "2.99300", "2016-01-31": "3.25590", "2015-01-31": "2.89220", "2014-01-31": "2.77000", "2013-01-31": "2.86070", "2012-01-31": "1.41580", "2011-01-31": "2.65940", "2010-01-31": "1.42410", "2009-01-31": "3.22000", "2008-01-31": "3.35820", "2007-01-31": "3.38220", "2006-01-31": "3.36070", "2005-01-31": "1.49380"}, "EBITDA Margin": {"2020-01-31": "4.53040", "2019-01-31": "4.16820", "2018-01-31": "4.18400", "2017-01-31": "5.02180", "2016-01-31": "5.15800", "2015-01-31": "4.68810", "2014-01-31": "4.50110", "2013-01-31": "4.57050", "2012-01-31": "3.23030", "2011-01-31": "4.63140", "2010-01-31": "4.86760", "2009-01-31": "5.11500", "2008-01-31": "5.28460", "2007-01-31": "5.30620", "2006-01-31": "5.44980", "2005-01-31": "5.24510"}, "Pre-Tax Profit Margin": {"2020-01-31": "1.62000", "2019-01-31": "3.26460", "2018-01-31": "1.20380", "2017-01-31": "2.52650", "2016-01-31": "2.81710", "2015-01-31": "2.44230", "2014-01-31": "2.31970", "2013-01-31": "2.38260", "2012-01-31": "0.93390", "2011-01-31": "2.11340", "2010-01-31": "0.76880", "2009-01-31": "2.58310", "2008-01-31": "2.68430", "2007-01-31": "2.64400", "2006-01-31": "2.51850", "2005-01-31": "0.50680"}, "Net Profit Margin": {"2020-01-31": "1.35670", "2019-01-31": "2.55230", "2018-01-31": "1.54690", "2017-01-31": "1.71240", "2016-01-31": "1.85650", "2015-01-31": "1.59310", "2014-01-31": "1.54410", "2013-01-31": "1.54940", "2012-01-31": "0.66690", "2011-01-31": "1.36020", "2010-01-31": "0.09140", "2009-01-31": "1.64020", "2008-01-31": "1.71890", "2007-01-31": "1.68660", "2006-01-31": "1.58210", "2005-01-31": "-0.18430"}, "Asset Turnover": {"2020-01-31": "2.70210", "2019-01-31": "3.19670", "2018-01-31": "3.31420", "2017-01-31": "3.15950", "2016-01-31": "3.24010", "2015-01-31": "3.55660", "2014-01-31": "3.35970", "2013-01-31": "3.92220", "2012-01-31": "3.84520", "2011-01-31": "3.49070", "2010-01-31": "3.31270", "2009-01-31": "3.27420", "2008-01-31": "3.15510", "2007-01-31": "3.11620", "2006-01-31": "2.95640", "2005-01-31": "2.75410"}, "Inventory Turnover Ratio": {"2020-01-31": "13.45200", "2019-01-31": "13.89180", "2018-01-31": "14.66570", "2017-01-31": "13.64150", "2016-01-31": "13.86120", "2015-01-31": "15.03380", "2014-01-31": "13.82730", "2013-01-31": "14.90980", "2012-01-31": "13.95950", "2011-01-31": "12.84800", "2010-01-31": "11.92460", "2009-01-31": "11.93560", "2008-01-31": "11.07670", "2007-01-31": "10.87330", "2006-01-31": "10.15720", "2005-01-31": "9.67400"}, "Receiveable Turnover": {"2020-01-31": "71.68000", "2019-01-31": "76.68470", "2018-01-31": "75.30850", "2017-01-31": "69.94360", "2016-01-31": "63.33910", "2015-01-31": "85.67540", "2014-01-31": "88.14960", "2013-01-31": "91.93050", "2012-01-31": "95.12010", "2011-01-31": "97.09940", "2010-01-31": "84.27830", "2009-01-31": "80.66530", "2008-01-31": "89.48600", "2007-01-31": "84.97560", "2006-01-31": "88.26970", "2005-01-31": "68.15700"}, "Days Sales In Receivables": {"2020-01-31": "5.09210", "2019-01-31": "4.75970", "2018-01-31": "4.84670", "2017-01-31": "5.21850", "2016-01-31": "5.76260", "2015-01-31": "4.26030", "2014-01-31": "4.14070", "2013-01-31": "3.97040", "2012-01-31": "3.83730", "2011-01-31": "3.75900", "2010-01-31": "4.33090", "2009-01-31": "4.52490", "2008-01-31": "4.07890", "2007-01-31": "4.29540", "2006-01-31": "4.13510", "2005-01-31": "5.35530"}, "ROE - Return On Equity": {"2020-01-31": "17.63680", "2019-01-31": "39.28530", "2018-01-31": "27.35700", "2017-01-31": "29.16540", "2016-01-31": "30.14120", "2015-01-31": "32.10220", "2014-01-31": "28.37810", "2013-01-31": "35.78550", "2012-01-31": "15.02770", "2011-01-31": "21.38540", "2010-01-31": "1.15710", "2009-01-31": "23.58490", "2008-01-31": "24.90840", "2007-01-31": "22.64880", "2006-01-31": "21.82230", "2005-01-31": "-2.87370"}, "Return On Tangible Equity": {"2020-01-31": "34.12320", "2019-01-31": "88.19480", "2018-01-31": "65.59030", "2017-01-31": "77.47430", "2016-01-31": "67.82520", "2015-01-31": "73.37250", "2014-01-31": "59.85140", "2013-01-31": "52.91230", "2012-01-31": "21.07500", "2011-01-31": "27.24870", "2010-01-31": "1.51270", "2009-01-31": "41.26770", "2008-01-31": "44.18770", "2007-01-31": "40.82750", "2006-01-31": "43.58510", "2005-01-31": "-7.28290"}, "ROA - Return On Assets": {"2020-01-31": "3.34100", "2019-01-31": "8.07490", "2018-01-31": "5.07840", "2017-01-31": "5.36090", "2016-01-31": "6.04480", "2015-01-31": "5.72840", "2014-01-31": "5.22860", "2013-01-31": "6.12160", "2012-01-31": "2.53880", "2011-01-31": "4.82030", "2010-01-31": "0.24650", "2009-01-31": "5.37470", "2008-01-31": "5.49050", "2007-01-31": "5.25570", "2006-01-31": "4.67730", "2005-01-31": "-0.50750"}, "ROI - Return On Investment": {"2020-01-31": "7.31000", "2019-01-31": "15.46190", "2018-01-31": "9.97680", "2017-01-31": "10.55840", "2016-01-31": "12.41290", "2015-01-31": "11.52000", "2014-01-31": "10.17410", "2013-01-31": "14.55740", "2012-01-31": "5.51040", "2011-01-31": "8.99060", "2010-01-31": "0.45960", "2009-01-31": "9.76180", "2008-01-31": "10.69650", "2007-01-31": "10.06590", "2006-01-31": "8.65560", "2005-01-31": "-0.90290"}, "Book Value Per Share": {"2020-01-31": "10.87940", "2019-01-31": "9.81830", "2018-01-31": "7.93680", "2017-01-31": "7.26190", "2016-01-31": "7.03000", "2015-01-31": "5.58730", "2014-01-31": "5.31000", "2013-01-31": "4.09920", "2012-01-31": "3.53480", "2011-01-31": "4.27260", "2010-01-31": "3.83640", "2009-01-31": "4.08320", "2008-01-31": "3.70590", "2007-01-31": "3.49150", "2006-01-31": "3.03600", "2005-01-31": "2.48560"}, "Operating Cash Flow Per Share": {"2020-01-31": 0.7033, "2019-01-31": 1.3151, "2018-01-31": -0.6839, "2017-01-31": -0.558, "2016-01-31": 0.7726, "2015-01-31": 0.8091, "2014-01-31": 0.6851, "2013-01-31": 0.5094, "2012-01-31": -0.3968, "2011-01-31": 0.3902, "2010-01-31": 0.0471, "2009-01-31": 0.3491, "2008-01-31": 0.2256, "2007-01-31": 0.1266, "2006-01-31": -0.0836, "2005-01-31": 1.5829}, "Free Cash Flow Per Share": {"2020-01-31": 0.68, "2019-01-31": 0.7464, "2018-01-31": 0.0849, "2017-01-31": -0.91, "2016-01-31": 0.2149, "2015-01-31": 0.2127, "2014-01-31": 0.3421, "2013-01-31": 0.1924, "2012-01-31": -0.4933, "2011-01-31": 0.6809, "2010-01-31": -0.1163, "2009-01-31": 0.251, "2008-01-31": -0.1994, "2007-01-31": -0.0923, "2006-01-31": 0.1219, "2005-01-31": 0.5313}}, "financial ratios, quarterly": {"Current Ratio": {"2020-10-31": "0.83430", "2020-07-31": "0.84280", "2020-04-30": "0.82990", "2020-01-31": "0.76460", "2019-10-31": "0.78090", "2019-07-31": "0.75960", "2019-04-30": "0.74860", "2019-01-31": "0.75680", "2018-10-31": "0.72680", "2018-07-31": "0.73010", "2018-04-30": "0.76330", "2018-01-31": "0.78310", "2017-10-31": "0.84760", "2017-07-31": "0.87340", "2017-04-30": "0.76210", "2017-01-31": "0.80400", "2016-10-31": "0.73650", "2016-07-31": "0.68370", "2016-04-30": "0.70110", "2016-01-31": "0.76260", "2015-10-31": "0.71630", "2015-07-31": "0.75030", "2015-04-30": "0.75830", "2015-01-31": "0.78220", "2014-10-31": "0.76080", "2014-07-31": "0.76520", "2014-04-30": "0.76600", "2014-01-31": "0.82480", "2013-10-31": "0.80570", "2013-07-31": "0.80370", "2013-04-30": "0.71710", "2013-01-31": "0.71960", "2012-10-31": "0.78470", "2012-07-31": "0.77620", "2012-04-30": "0.81210", "2012-01-31": "0.80450", "2011-10-31": "0.82450", "2011-07-31": "0.82400", "2011-04-30": "0.86570", "2011-01-31": "0.94440", "2010-10-31": "0.94810", "2010-07-31": "0.95220", "2010-04-30": "0.92070", "2010-01-31": "0.96840", "2009-10-31": "0.92230", "2009-07-31": "0.87010", "2009-04-30": "0.88600", "2009-01-31": "0.94850", "2008-10-31": "0.84950", "2008-07-31": "0.85160", "2008-04-30": "0.88640", "2008-01-31": "0.81860", "2007-10-31": "0.77220", "2007-07-31": "0.77800", "2007-04-30": "0.80570", "2007-01-31": "0.89100", "2006-10-31": "0.87930", "2006-07-31": "0.89950", "2006-04-30": "0.93630", "2006-01-31": "0.96290", "2005-10-31": "0.91080", "2005-07-31": "0.92880", "2005-04-30": "0.97400", "2005-01-31": "1.01120"}, "Long-term Debt / Capital": {"2020-10-31": "0.54280", "2020-07-31": "0.55850", "2020-04-30": "0.57020", "2020-01-31": "0.58550", "2019-10-31": "0.58350", "2019-07-31": "0.58370", "2019-04-30": "0.58480", "2019-01-31": "0.60640", "2018-10-31": "0.60480", "2018-07-31": "0.62290", "2018-04-30": "0.63470", "2018-01-31": "0.63530", "2017-10-31": "0.67870", "2017-07-31": "0.68070", "2017-04-30": "0.65390", "2017-01-31": "0.63800", "2016-10-31": "0.62000", "2016-07-31": "0.59360", "2016-04-30": "0.60090", "2016-01-31": "0.58820", "2015-10-31": "0.58940", "2015-07-31": "0.62360", "2015-04-30": "0.63700", "2015-01-31": "0.64110", "2014-10-31": "0.64560", "2014-07-31": "0.65900", "2014-04-30": "0.66950", "2014-01-31": "0.64150", "2013-10-31": "0.58890", "2013-07-31": "0.59620", "2013-04-30": "0.57280", "2013-01-31": "0.59320", "2012-10-31": "0.64310", "2012-07-31": "0.64150", "2012-04-30": "0.62470", "2012-01-31": "0.63330", "2011-10-31": "0.56750", "2011-07-31": "0.55200", "2011-04-30": "0.56620", "2011-01-31": "0.57960", "2010-10-31": "0.57990", "2010-07-31": "0.58480", "2010-04-30": "0.57810", "2010-01-31": "0.60280", "2009-10-31": "0.60640", "2009-07-31": "0.54550", "2009-04-30": "0.55260", "2009-01-31": "0.58610", "2008-10-31": "0.56680", "2008-07-31": "0.57270", "2008-04-30": "0.59390", "2008-01-31": "0.57060", "2007-10-31": "0.54770", "2007-07-31": "0.52430", "2007-04-30": "0.49600", "2007-01-31": "0.55560", "2006-10-31": "0.57140", "2006-07-31": "0.56900", "2006-04-30": "0.58320", "2006-01-31": "0.60340", "2005-10-31": "0.61860", "2005-07-31": "0.64010", "2005-04-30": "0.66730", "2005-01-31": "0.68580"}, "Debt/Equity Ratio": {"2020-10-31": "1.34610", "2020-07-31": "1.37670", "2020-04-30": "1.44410", "2020-01-31": "1.64190", "2019-10-31": "1.56320", "2019-07-31": "1.55820", "2019-04-30": "1.57860", "2019-01-31": "1.94370", "2018-10-31": "1.97350", "2018-07-31": "1.98040", "2018-04-30": "2.06040", "2018-01-31": "2.25760", "2017-10-31": "2.39040", "2017-07-31": "2.28650", "2017-04-30": "2.19140", "2017-01-31": "2.09790", "2016-10-31": "2.08690", "2016-07-31": "1.88150", "2016-04-30": "1.92090", "2016-01-31": "1.77680", "2015-10-31": "1.80290", "2015-07-31": "1.91600", "2015-04-30": "2.04240", "2015-01-31": "2.13100", "2014-10-31": "2.15870", "2014-07-31": "2.23020", "2014-04-30": "2.37230", "2014-01-31": "2.09640", "2013-10-31": "1.65730", "2013-07-31": "1.62790", "2013-04-30": "1.72890", "2013-01-31": "2.10700", "2012-10-31": "2.35490", "2012-07-31": "2.14260", "2012-04-30": "1.99310", "2012-01-31": "2.05870", "2011-10-31": "1.56970", "2011-07-31": "1.41020", "2011-04-30": "1.41810", "2011-01-31": "1.48960", "2010-10-31": "1.48410", "2010-07-31": "1.51290", "2010-04-30": "1.47380", "2010-01-31": "1.63540", "2009-10-31": "1.65990", "2009-07-31": "1.30050", "2009-04-30": "1.40180", "2009-01-31": "1.52130", "2008-10-31": "1.52500", "2008-07-31": "1.48220", "2008-04-30": "1.56860", "2008-01-31": "1.65260", "2007-10-31": "1.57060", "2007-07-31": "1.34420", "2007-04-30": "1.25300", "2007-01-31": "1.43410", "2006-10-31": "1.50970", "2006-07-31": "1.49500", "2006-04-30": "1.56080", "2006-01-31": "1.64740", "2005-10-31": "1.77810", "2005-07-31": "1.85390", "2005-04-30": "2.02480", "2005-01-31": "2.20250"}, "Gross Margin": {"2020-10-31": "22.95190", "2020-07-31": "22.75580", "2020-04-30": "24.29660", "2020-01-31": "22.10570", "2019-10-31": "22.07760", "2019-07-31": "21.87230", "2019-04-30": "22.19540", "2019-01-31": "22.37940", "2018-10-31": "21.83900", "2018-07-31": "21.55350", "2018-04-30": "22.01100", "2018-01-31": "22.93910", "2017-10-31": "22.40440", "2017-07-31": "21.69800", "2017-04-30": "22.05870", "2017-01-31": "22.19410", "2016-10-31": "22.23140", "2016-07-31": "22.08920", "2016-04-30": "22.93090", "2016-01-31": "22.82440", "2015-10-31": "22.32100", "2015-07-31": "21.43390", "2015-04-30": "22.05990", "2015-01-31": "22.45410", "2014-10-31": "20.90290", "2014-07-31": "20.44250", "2014-04-30": "20.92170", "2014-01-31": "20.78200", "2013-10-31": "20.48950", "2013-07-31": "20.39580", "2013-04-30": "20.60210", "2013-01-31": "21.02740", "2012-10-31": "20.28710", "2012-07-31": "20.47320", "2012-04-30": "20.54020", "2012-01-31": "20.88630", "2011-10-31": "20.56910", "2011-07-31": "20.83870", "2011-04-30": "21.25560", "2011-01-31": "21.80650", "2010-10-31": "22.05500", "2010-07-31": "22.44140", "2010-04-30": "22.56850", "2010-01-31": "22.55020", "2009-10-31": "22.64750", "2009-07-31": "23.02570", "2009-04-30": "24.23540", "2009-01-31": "24.32500", "2008-10-31": "23.10530", "2008-07-31": "22.26150", "2008-04-30": "22.89580", "2008-01-31": "24.08860", "2007-10-31": "23.13600", "2007-07-31": "23.69420", "2007-04-30": "23.60320", "2007-01-31": "24.50920", "2006-10-31": "24.27380", "2006-07-31": "23.38490", "2006-04-30": "24.49650", "2006-01-31": "24.85050", "2005-10-31": "24.42230", "2005-07-31": "24.52940", "2005-04-30": "25.10030", "2005-01-31": "25.06750"}, "Operating Margin": {"2020-10-31": "2.66460", "2020-07-31": "2.68950", "2020-04-30": "3.19140", "2020-01-31": "1.85860", "2019-10-31": "0.90800", "2019-07-31": "1.98450", "2019-04-30": "2.41870", "2019-01-31": "1.37530", "2018-10-31": "2.32470", "2018-07-31": "1.95970", "2018-04-30": "2.72790", "2018-01-31": "1.73780", "2017-10-31": "2.69200", "2017-07-31": "2.47850", "2017-04-30": "1.73900", "2017-01-31": "3.16540", "2016-10-31": "2.68480", "2016-07-31": "2.50330", "2016-04-30": "3.46780", "2016-01-31": "3.54670", "2015-10-31": "3.07880", "2015-07-31": "3.03070", "2015-04-30": "3.33420", "2015-01-31": "3.61800", "2014-10-31": "2.60540", "2014-07-31": "2.54440", "2014-04-30": "2.82150", "2014-01-31": "3.08760", "2013-10-31": "2.37650", "2013-07-31": "2.62280", "2013-04-30": "2.93030", "2013-01-31": "3.40950", "2012-10-31": "2.73310", "2012-07-31": "2.46250", "2012-04-30": "2.80060", "2012-01-31": "-1.99990", "2011-10-31": "1.96660", "2011-07-31": "2.33350", "2011-04-30": "2.95330", "2011-01-31": "2.81130", "2010-10-31": "2.17500", "2010-07-31": "2.63330", "2010-04-30": "2.92260", "2010-01-31": "2.74550", "2009-10-31": "-4.29170", "2009-07-31": "2.81480", "2009-04-30": "3.70350", "2009-01-31": "3.80460", "2008-10-31": "2.71930", "2008-07-31": "3.01760", "2008-04-30": "3.32270", "2008-01-31": "3.98020", "2007-10-31": "2.75800", "2007-07-31": "3.32730", "2007-04-30": "3.32920", "2007-01-31": "4.12240", "2006-10-31": "3.05460", "2006-07-31": "2.95940", "2006-04-30": "3.31700", "2006-01-31": "3.85870", "2005-10-31": "2.96010", "2005-07-31": "3.13020", "2005-04-30": "3.44330", "2005-01-31": "-3.38810"}, "EBIT Margin": {"2020-10-31": "2.66460", "2020-07-31": "2.68950", "2020-04-30": "3.19140", "2020-01-31": "1.85860", "2019-10-31": "0.90800", "2019-07-31": "1.98450", "2019-04-30": "2.41870", "2019-01-31": "1.37530", "2018-10-31": "2.32470", "2018-07-31": "1.95970", "2018-04-30": "2.72790", "2018-01-31": "1.73780", "2017-10-31": "2.69200", "2017-07-31": "2.47850", "2017-04-30": "1.73900", "2017-01-31": "3.16540", "2016-10-31": "2.68480", "2016-07-31": "2.50330", "2016-04-30": "3.46780", "2016-01-31": "3.54670", "2015-10-31": "3.07880", "2015-07-31": "3.03070", "2015-04-30": "3.33420", "2015-01-31": "3.61800", "2014-10-31": "2.60540", "2014-07-31": "2.54440", "2014-04-30": "2.82150", "2014-01-31": "3.08760", "2013-10-31": "2.37650", "2013-07-31": "2.62280", "2013-04-30": "2.93030", "2013-01-31": "3.40950", "2012-10-31": "2.73310", "2012-07-31": "2.46250", "2012-04-30": "2.80060", "2012-01-31": "-1.99990", "2011-10-31": "1.96660", "2011-07-31": "2.33350", "2011-04-30": "2.95330", "2011-01-31": "2.81130", "2010-10-31": "2.17500", "2010-07-31": "2.63330", "2010-04-30": "2.92260", "2010-01-31": "2.74550", "2009-10-31": "-4.29170", "2009-07-31": "2.81480", "2009-04-30": "3.70350", "2009-01-31": "3.80460", "2008-10-31": "2.71930", "2008-07-31": "3.01760", "2008-04-30": "3.32270", "2008-01-31": "3.98020", "2007-10-31": "2.75800", "2007-07-31": "3.32730", "2007-04-30": "3.32920", "2007-01-31": "4.12240", "2006-10-31": "3.05460", "2006-07-31": "2.95940", "2006-04-30": "3.31700", "2006-01-31": "3.85870", "2005-10-31": "2.96010", "2005-07-31": "3.13020", "2005-04-30": "3.44330", "2005-01-31": "-3.38810"}, "EBITDA Margin": {"2020-10-31": "", "2020-07-31": "", "2020-04-30": "", "2020-01-31": "", "2019-10-31": "", "2019-07-31": "", "2019-04-30": "", "2019-01-31": "", "2018-10-31": "", "2018-07-31": "", "2018-04-30": "", "2018-01-31": "", "2017-10-31": "", "2017-07-31": "", "2017-04-30": "", "2017-01-31": "", "2016-10-31": "", "2016-07-31": "", "2016-04-30": "", "2016-01-31": "", "2015-10-31": "", "2015-07-31": "", "2015-04-30": "", "2015-01-31": "", "2014-10-31": "", "2014-07-31": "", "2014-04-30": "", "2014-01-31": "", "2013-10-31": "", "2013-07-31": "", "2013-04-30": "", "2013-01-31": "", "2012-10-31": "", "2012-07-31": "", "2012-04-30": "", "2012-01-31": "", "2011-10-31": "", "2011-07-31": "", "2011-04-30": "", "2011-01-31": "", "2010-10-31": "", "2010-07-31": "", "2010-04-30": "", "2010-01-31": "", "2009-10-31": "", "2009-07-31": "", "2009-04-30": "", "2009-01-31": "", "2008-10-31": "", "2008-07-31": "", "2008-04-30": "", "2008-01-31": "", "2007-10-31": "", "2007-07-31": "", "2007-04-30": "", "2007-01-31": "", "2006-10-31": "", "2006-07-31": "", "2006-04-30": "", "2006-01-31": "", "2005-10-31": "", "2005-07-31": "", "2005-04-30": "", "2005-01-31": ""}, "Pre-Tax Profit Margin": {"2020-10-31": "2.80590", "2020-07-31": "3.47990", "2020-04-30": "3.81480", "2020-01-31": "1.34980", "2019-10-31": "0.79360", "2019-07-31": "1.34900", "2019-04-30": "2.65500", "2019-01-31": "1.12070", "2018-10-31": "1.43370", "2018-07-31": "2.24170", "2018-04-30": "6.98270", "2018-01-31": "-0.33180", "2017-10-31": "2.17670", "2017-07-31": "1.95670", "2017-04-30": "1.22640", "2017-01-31": "2.64750", "2016-10-31": "2.21790", "2016-07-31": "2.06660", "2016-04-30": "3.01990", "2016-01-31": "3.11480", "2015-10-31": "2.65200", "2015-07-31": "2.58430", "2015-04-30": "2.88640", "2015-01-31": "3.16180", "2014-10-31": "2.14910", "2014-07-31": "2.10190", "2014-04-30": "2.37550", "2014-01-31": "2.62680", "2013-10-31": "1.89590", "2013-07-31": "2.18640", "2013-04-30": "2.50030", "2013-01-31": "2.94330", "2012-10-31": "2.26070", "2012-07-31": "1.97460", "2012-04-30": "2.31550", "2012-01-31": "-2.47410", "2011-10-31": "1.48590", "2011-07-31": "1.86970", "2011-04-30": "2.45070", "2011-01-31": "2.25310", "2010-10-31": "1.62320", "2010-07-31": "2.08960", "2010-04-30": "2.38900", "2010-01-31": "2.09980", "2009-10-31": "-4.88620", "2009-07-31": "2.16610", "2009-04-30": "2.98830", "2009-01-31": "3.13390", "2008-10-31": "2.11750", "2008-07-31": "2.40410", "2008-04-30": "2.66590", "2008-01-31": "3.32260", "2007-10-31": "2.07620", "2007-07-31": "2.68290", "2007-04-30": "2.62470", "2007-01-31": "3.43440", "2006-10-31": "2.32670", "2006-07-31": "2.23280", "2006-04-30": "2.51870", "2006-01-31": "3.07070", "2005-10-31": "2.14690", "2005-07-31": "2.25750", "2005-04-30": "2.55740", "2005-01-31": "-4.23510"}, "Net Profit Margin": {"2020-10-31": "2.12290", "2020-07-31": "2.68620", "2020-04-30": "2.91700", "2020-01-31": "1.13180", "2019-10-31": "0.94020", "2019-07-31": "1.05440", "2019-04-30": "2.07240", "2019-01-31": "0.91570", "2018-10-31": "1.13900", "2018-07-31": "1.81340", "2018-04-30": "5.37090", "2018-01-31": "2.69830", "2017-10-31": "1.43070", "2017-07-31": "1.27910", "2017-04-30": "0.83510", "2017-01-31": "1.82900", "2016-10-31": "1.47230", "2016-07-31": "1.44170", "2016-04-30": "2.01130", "2016-01-31": "2.13640", "2015-10-31": "1.70690", "2015-07-31": "1.69540", "2015-04-30": "1.87290", "2015-01-31": "2.05500", "2014-10-31": "1.44880", "2014-07-31": "1.37100", "2014-04-30": "1.52000", "2014-01-31": "1.81720", "2013-10-31": "1.33070", "2013-07-31": "1.39730", "2013-04-30": "1.60350", "2013-01-31": "1.92330", "2012-10-31": "1.45370", "2012-07-31": "1.28420", "2012-04-30": "1.51040", "2012-01-31": "-1.44120", "2011-10-31": "0.95170", "2011-07-31": "1.34370", "2011-04-30": "1.57310", "2011-01-31": "1.39810", "2010-10-31": "1.08210", "2010-07-31": "1.39660", "2010-04-30": "1.51180", "2010-01-31": "1.38360", "2009-10-31": "-4.95410", "2009-07-31": "1.43840", "2009-04-30": "1.90880", "2009-01-31": "2.01790", "2008-10-31": "1.34540", "2008-07-31": "1.53090", "2008-04-30": "1.66780", "2008-01-31": "2.02470", "2007-10-31": "1.57420", "2007-07-31": "1.65440", "2007-04-30": "1.62600", "2007-01-31": "2.28360", "2006-10-31": "1.46270", "2006-07-31": "1.38060", "2006-04-30": "1.57610", "2006-01-31": "1.92260", "2005-10-31": "1.31950", "2005-07-31": "1.41360", "2005-04-30": "1.63810", "2005-01-31": "-4.76090"}, "Asset Turnover": {"2020-10-31": "0.61330", "2020-07-31": "0.64130", "2020-04-30": "0.88510", "2020-01-31": "0.63840", "2019-10-31": "0.61630", "2019-07-31": "0.63350", "2019-04-30": "0.84050", "2019-01-31": "0.74200", "2018-10-31": "0.72970", "2018-07-31": "0.75800", "2018-04-30": "1.03180", "2018-01-31": "0.85080", "2017-10-31": "0.74940", "2017-07-31": "0.75400", "2017-04-30": "1.01360", "2017-01-31": "0.75640", "2016-10-31": "0.72740", "2016-07-31": "0.76640", "2016-04-30": "1.02380", "2016-01-31": "0.77190", "2015-10-31": "0.78590", "2015-07-31": "0.82970", "2015-04-30": "1.08480", "2015-01-31": "0.82650", "2014-10-31": "0.82680", "2014-07-31": "0.87040", "2014-04-30": "1.14000", "2014-01-31": "0.79310", "2013-10-31": "0.88190", "2013-07-31": "0.92700", "2013-04-30": "1.23820", "2013-01-31": "0.97510", "2012-10-31": "0.88440", "2012-07-31": "0.92270", "2012-04-30": "1.22170", "2012-01-31": "0.90740", "2011-10-31": "0.85950", "2011-07-31": "0.89380", "2011-04-30": "1.18820", "2011-01-31": "0.84590", "2010-10-31": "0.78580", "2010-07-31": "0.80600", "2010-04-30": "1.08120", "2010-01-31": "0.79690", "2009-10-31": "0.76510", "2009-07-31": "0.76600", "2009-04-30": "0.97270", "2009-01-31": "0.74360", "2008-10-31": "0.75990", "2008-07-31": "0.81140", "2008-04-30": "1.03180", "2008-01-31": "0.77760", "2007-10-31": "0.73670", "2007-07-31": "0.76630", "2007-04-30": "0.98710", "2007-01-31": "0.79470", "2006-10-31": "0.70260", "2006-07-31": "0.72410", "2006-04-30": "0.93630", "2006-01-31": "0.71870", "2005-10-31": "0.68130", "2005-07-31": "0.69020", "2005-04-30": "0.90080", "2005-01-31": "0.66830"}, "Inventory Turnover Ratio": {"2020-10-31": "3.06250", "2020-07-31": "3.71230", "2020-04-30": "4.99510", "2020-01-31": "3.17700", "2019-10-31": "2.94090", "2019-07-31": "3.37220", "2019-04-30": "4.32130", "2019-01-31": "3.20700", "2018-10-31": "3.07120", "2018-07-31": "3.52120", "2018-04-30": "4.60610", "2018-01-31": "3.73320", "2017-10-31": "3.11290", "2017-07-31": "3.39600", "2017-04-30": "4.44740", "2017-01-31": "3.27430", "2016-10-31": "2.96060", "2016-07-31": "3.38190", "2016-04-30": "4.39650", "2016-01-31": "3.27380", "2015-10-31": "3.08000", "2015-07-31": "3.61660", "2015-04-30": "4.50190", "2015-01-31": "3.43650", "2014-10-31": "3.22410", "2014-07-31": "3.66440", "2014-04-30": "4.61490", "2014-01-31": "3.25540", "2013-10-31": "3.17450", "2013-07-31": "3.64530", "2013-04-30": "4.69210", "2013-01-31": "3.68640", "2012-10-31": "3.13210", "2012-07-31": "3.57200", "2012-04-30": "4.64030", "2012-01-31": "3.29530", "2011-10-31": "2.97040", "2011-07-31": "3.47500", "2011-04-30": "4.47240", "2011-01-31": "3.13090", "2010-10-31": "2.76830", "2010-07-31": "3.12900", "2010-04-30": "4.01400", "2010-01-31": "2.89240", "2009-10-31": "2.60480", "2009-07-31": "2.94410", "2009-04-30": "3.58890", "2009-01-31": "2.66830", "2008-10-31": "2.52330", "2008-07-31": "2.97380", "2008-04-30": "3.66430", "2008-01-31": "2.71400", "2007-10-31": "2.39140", "2007-07-31": "2.69060", "2007-04-30": "3.37180", "2007-01-31": "2.76130", "2006-10-31": "2.24050", "2006-07-31": "2.61920", "2006-04-30": "3.29790", "2006-01-31": "2.46590", "2005-10-31": "2.21400", "2005-07-31": "2.46210", "2005-04-30": "3.13210", "2005-01-31": "2.35580"}, "Receiveable Turnover": {"2020-10-31": "18.46150", "2020-07-31": "19.97970", "2020-04-30": "26.77130", "2020-01-31": "16.93610", "2019-10-31": "17.48380", "2019-07-31": "17.97580", "2019-04-30": "23.87890", "2019-01-31": "17.80050", "2018-10-31": "18.43110", "2018-07-31": "18.82660", "2018-04-30": "23.82940", "2018-01-31": "19.33350", "2017-10-31": "19.11090", "2017-07-31": "17.96680", "2017-04-30": "26.02940", "2017-01-31": "16.74410", "2016-10-31": "17.84750", "2016-07-31": "20.18620", "2016-04-30": "26.33490", "2016-01-31": "15.08940", "2015-10-31": "20.01200", "2015-07-31": "19.36240", "2015-04-30": "27.13550", "2015-01-31": "19.91070", "2014-10-31": "21.65250", "2014-07-31": "21.55880", "2014-04-30": "29.74820", "2014-01-31": "20.80820", "2013-10-31": "21.52300", "2013-07-31": "24.08280", "2013-04-30": "31.21440", "2013-01-31": "22.85540", "2012-10-31": "20.98850", "2012-07-31": "23.08820", "2012-04-30": "31.52390", "2012-01-31": "22.44570", "2011-10-31": "23.48230", "2011-07-31": "24.34580", "2011-04-30": "32.15570", "2011-01-31": "23.53140", "2010-10-31": "22.03900", "2010-07-31": "23.30440", "2010-04-30": "29.87680", "2010-01-31": "20.27500", "2009-10-31": "21.61810", "2009-07-31": "22.90440", "2009-04-30": "28.66540", "2009-01-31": "18.32100", "2008-10-31": "21.82780", "2008-07-31": "23.49870", "2008-04-30": "29.63380", "2008-01-31": "22.05600", "2007-10-31": "21.95240", "2007-07-31": "23.73380", "2007-04-30": "28.82620", "2007-01-31": "21.66970", "2006-10-31": "20.47220", "2006-07-31": "21.35120", "2006-04-30": "27.89510", "2006-01-31": "21.45770", "2005-10-31": "21.11450", "2005-07-31": "21.63030", "2005-04-30": "29.13640", "2005-01-31": "16.53990"}, "Days Sales In Receivables": {"2020-10-31": "4.87500", "2020-07-31": "4.50460", "2020-04-30": "3.36180", "2020-01-31": "5.31410", "2019-10-31": "5.14760", "2019-07-31": "5.00670", "2019-04-30": "3.76900", "2019-01-31": "5.05600", "2018-10-31": "4.88300", "2018-07-31": "4.78050", "2018-04-30": "3.77680", "2018-01-31": "4.65510", "2017-10-31": "4.70940", "2017-07-31": "5.00920", "2017-04-30": "3.45760", "2017-01-31": "5.37500", "2016-10-31": "5.04270", "2016-07-31": "4.45850", "2016-04-30": "3.41750", "2016-01-31": "5.96450", "2015-10-31": "4.49730", "2015-07-31": "4.64820", "2015-04-30": "3.31670", "2015-01-31": "4.52020", "2014-10-31": "4.15660", "2014-07-31": "4.17460", "2014-04-30": "3.02540", "2014-01-31": "4.32520", "2013-10-31": "4.18160", "2013-07-31": "3.73710", "2013-04-30": "2.88330", "2013-01-31": "3.93780", "2012-10-31": "4.28810", "2012-07-31": "3.89810", "2012-04-30": "2.85500", "2012-01-31": "4.00970", "2011-10-31": "3.83270", "2011-07-31": "3.69670", "2011-04-30": "2.79890", "2011-01-31": "3.82470", "2010-10-31": "4.08370", "2010-07-31": "3.86190", "2010-04-30": "3.01240", "2010-01-31": "4.43900", "2009-10-31": "4.16320", "2009-07-31": "3.92940", "2009-04-30": "3.13970", "2009-01-31": "4.91240", "2008-10-31": "4.12320", "2008-07-31": "3.83000", "2008-04-30": "3.03710", "2008-01-31": "4.08050", "2007-10-31": "4.09980", "2007-07-31": "3.79210", "2007-04-30": "3.12220", "2007-01-31": "4.15330", "2006-10-31": "4.39620", "2006-07-31": "4.21520", "2006-04-30": "3.22640", "2006-01-31": "4.19430", "2005-10-31": "4.26250", "2005-07-31": "4.16080", "2005-04-30": "3.08890", "2005-01-31": "5.44140"}, "ROE - Return On Equity": {"2020-10-31": "6.29230", "2020-07-31": "8.37330", "2020-04-30": "12.99310", "2020-01-31": "3.72100", "2019-10-31": "1.63840", "2019-07-31": "3.31680", "2019-04-30": "8.94280", "2019-01-31": "3.20360", "2018-10-31": "4.04730", "2018-07-31": "6.82750", "2018-04-30": "29.07360", "2018-01-31": "12.33890", "2017-10-31": "6.26310", "2017-07-31": "5.71290", "2017-04-30": "4.84110", "2017-01-31": "7.46650", "2016-10-31": "5.77680", "2016-07-31": "5.72640", "2016-04-30": "10.77850", "2016-01-31": "8.31130", "2015-10-31": "6.83750", "2015-07-31": "7.36140", "2015-04-30": "11.27170", "2015-01-31": "9.61040", "2014-10-31": "6.83010", "2014-07-31": "6.96930", "2014-04-30": "10.67090", "2014-01-31": "7.89620", "2013-10-31": "6.03210", "2013-07-31": "6.60070", "2013-04-30": "10.53090", "2013-01-31": "11.10580", "2012-10-31": "8.45300", "2012-07-31": "7.40840", "2012-04-30": "10.84340", "2012-01-31": "-7.71560", "2011-10-31": "4.04160", "2011-07-31": "5.43190", "2011-04-30": "8.08990", "2011-01-31": "5.34160", "2010-10-31": "3.93460", "2010-07-31": "5.18680", "2010-04-30": "7.34430", "2010-01-31": "5.09540", "2009-10-31": "-18.05440", "2009-07-31": "4.32980", "2009-04-30": "7.63510", "2009-01-31": "6.54720", "2008-10-31": "4.49800", "2008-07-31": "5.36440", "2008-04-30": "7.84080", "2008-01-31": "7.44810", "2007-10-31": "5.32610", "2007-07-31": "5.37760", "2007-04-30": "6.40680", "2007-01-31": "7.82040", "2006-10-31": "4.66280", "2006-07-31": "4.48980", "2006-04-30": "6.64640", "2006-01-31": "6.44650", "2005-10-31": "4.53100", "2005-07-31": "5.03210", "2005-04-30": "7.93310", "2005-01-31": "-18.01600"}, "Return On Tangible Equity": {"2020-10-31": "10.61120", "2020-07-31": "14.41630", "2020-04-30": "23.27190", "2020-01-31": "7.19930", "2019-10-31": "3.13180", "2019-07-31": "6.44220", "2019-04-30": "17.65390", "2019-01-31": "7.19200", "2018-10-31": "9.27150", "2018-07-31": "16.51830", "2018-04-30": "69.20440", "2018-01-31": "29.58330", "2017-10-31": "18.85600", "2017-07-31": "17.89900", "2017-04-30": "15.12990", "2017-01-31": "19.83370", "2016-10-31": "15.75480", "2016-07-31": "13.43760", "2016-04-30": "26.11800", "2016-01-31": "18.70240", "2015-10-31": "13.33960", "2015-07-31": "15.25190", "2015-04-30": "25.07030", "2015-01-31": "21.96560", "2014-10-31": "15.98770", "2014-07-31": "15.96720", "2014-04-30": "26.27780", "2014-01-31": "16.65360", "2013-10-31": "8.01380", "2013-07-31": "8.85450", "2013-04-30": "14.39620", "2013-01-31": "16.42110", "2012-10-31": "12.24020", "2012-07-31": "10.68850", "2012-04-30": "15.05630", "2012-01-31": "-10.82040", "2011-10-31": "5.26460", "2011-07-31": "6.95330", "2011-04-30": "10.35930", "2011-01-31": "6.80620", "2010-10-31": "5.04510", "2010-07-31": "6.68500", "2010-04-30": "9.49850", "2010-01-31": "6.66140", "2009-10-31": "-23.71410", "2009-07-31": "7.11850", "2009-04-30": "12.77420", "2009-01-31": "11.45590", "2008-10-31": "7.83990", "2008-07-31": "9.52050", "2008-04-30": "14.29620", "2008-01-31": "13.21300", "2007-10-31": "9.67620", "2007-07-31": "9.46140", "2007-04-30": "10.73250", "2007-01-31": "14.09740", "2006-10-31": "8.88800", "2006-07-31": "8.48560", "2006-04-30": "12.68660", "2006-01-31": "12.87530", "2005-10-31": "9.78320", "2005-07-31": "11.50910", "2005-04-30": "19.41880", "2005-01-31": "-45.65830"}, "ROA - Return On Assets": {"2020-10-31": "1.30400", "2020-07-31": "1.72480", "2020-04-30": "2.58190", "2020-01-31": "0.70490", "2019-10-31": "0.31500", "2019-07-31": "0.64550", "2019-04-30": "1.72160", "2019-01-31": "0.65850", "2018-10-31": "0.80750", "2018-07-31": "1.35560", "2018-04-30": "5.51950", "2018-01-31": "2.29050", "2017-10-31": "1.05060", "2017-07-31": "0.95900", "2017-04-30": "0.82960", "2017-01-31": "1.37240", "2016-10-31": "1.04910", "2016-07-31": "1.09050", "2016-04-30": "2.05620", "2016-01-31": "1.66680", "2015-10-31": "1.33830", "2015-07-31": "1.40670", "2015-04-30": "2.04810", "2015-01-31": "1.71490", "2014-10-31": "1.20770", "2014-07-31": "1.20360", "2014-04-30": "1.76050", "2014-01-31": "1.45490", "2013-10-31": "1.18130", "2013-07-31": "1.30760", "2013-04-30": "1.99780", "2013-01-31": "1.89980", "2012-10-31": "1.28960", "2012-07-31": "1.19340", "2012-04-30": "1.85360", "2012-01-31": "-1.30350", "2011-10-31": "0.82640", "2011-07-31": "1.20950", "2011-04-30": "1.82160", "2011-01-31": "1.20400", "2010-10-31": "0.87140", "2010-07-31": "1.15140", "2010-04-30": "1.63890", "2010-01-31": "1.08540", "2009-10-31": "-3.79480", "2009-07-31": "1.08450", "2009-04-30": "1.83960", "2009-01-31": "1.49200", "2008-10-31": "1.02240", "2008-07-31": "1.23770", "2008-04-30": "1.73870", "2008-01-31": "1.64180", "2007-10-31": "1.15970", "2007-07-31": "1.26770", "2007-04-30": "1.60510", "2007-01-31": "1.81480", "2006-10-31": "1.02770", "2006-07-31": "0.99980", "2006-04-30": "1.47580", "2006-01-31": "1.38170", "2005-10-31": "0.89910", "2005-07-31": "0.97570", "2005-04-30": "1.47560", "2005-01-31": "-3.18190"}, "ROI - Return On Investment": {"2020-10-31": "2.87680", "2020-07-31": "3.69720", "2020-04-30": "5.58420", "2020-01-31": "1.54230", "2019-10-31": "0.68240", "2019-07-31": "1.38090", "2019-04-30": "3.71330", "2019-01-31": "1.26090", "2018-10-31": "1.59940", "2018-07-31": "2.57460", "2018-04-30": "10.62110", "2018-01-31": "4.49980", "2017-10-31": "2.01250", "2017-07-31": "1.82390", "2017-04-30": "1.67560", "2017-01-31": "2.70300", "2016-10-31": "2.19520", "2016-07-31": "2.32730", "2016-04-30": "4.30130", "2016-01-31": "3.42280", "2015-10-31": "2.80750", "2015-07-31": "2.77120", "2015-04-30": "4.09130", "2015-01-31": "3.44870", "2014-10-31": "2.42060", "2014-07-31": "2.37640", "2014-04-30": "3.52640", "2014-01-31": "2.83090", "2013-10-31": "2.47980", "2013-07-31": "2.66530", "2013-04-30": "4.49900", "2013-01-31": "4.51780", "2012-10-31": "3.01650", "2012-07-31": "2.65600", "2012-04-30": "4.06900", "2012-01-31": "-2.82910", "2011-10-31": "1.74800", "2011-07-31": "2.43360", "2011-04-30": "3.50920", "2011-01-31": "2.24570", "2010-10-31": "1.65310", "2010-07-31": "2.15350", "2010-04-30": "3.09840", "2010-01-31": "2.02370", "2009-10-31": "-7.10580", "2009-07-31": "1.96800", "2009-04-30": "3.41600", "2009-01-31": "2.70990", "2008-10-31": "1.94850", "2008-07-31": "2.29240", "2008-04-30": "3.18390", "2008-01-31": "3.19850", "2007-10-31": "2.40900", "2007-07-31": "2.55820", "2007-04-30": "3.22890", "2007-01-31": "3.47570", "2006-10-31": "1.99850", "2006-07-31": "1.93520", "2006-04-30": "2.77000", "2006-01-31": "2.55690", "2005-10-31": "1.72830", "2005-07-31": "1.81130", "2005-04-30": "2.63940", "2005-01-31": "-5.66020"}, "Book Value Per Share": {"2020-10-31": "13.11230", "2020-07-31": "12.63610", "2020-04-30": "11.98970", "2020-01-31": "10.87940", "2019-10-31": "10.88280", "2019-07-31": "10.78930", "2019-04-30": "10.67840", "2019-01-31": "9.81830", "2018-10-31": "9.53630", "2018-07-31": "9.20700", "2018-04-30": "8.71990", "2018-01-31": "7.93680", "2017-10-31": "7.04990", "2017-07-31": "6.88020", "2017-04-30": "6.80910", "2017-01-31": "7.26190", "2016-10-31": "7.09850", "2016-07-31": "6.99260", "2016-04-30": "6.85230", "2016-01-31": "7.03000", "2015-10-31": "6.46480", "2015-07-31": "6.09530", "2015-04-30": "5.75470", "2015-01-31": "5.58730", "2014-10-31": "5.49790", "2014-07-31": "5.16670", "2014-04-30": "4.91750", "2014-01-31": "5.31000", "2013-10-31": "4.85410", "2013-07-31": "4.69770", "2013-04-30": "4.47080", "2013-01-31": "4.09920", "2012-10-31": "3.65950", "2012-07-31": "3.59870", "2012-04-30": "3.70400", "2012-01-31": "3.53480", "2011-10-31": "4.28230", "2011-07-31": "4.39290", "2011-04-30": "4.33670", "2011-01-31": "4.27260", "2010-10-31": "4.16220", "2010-07-31": "4.07490", "2010-04-30": "3.98910", "2010-01-31": "3.83640", "2009-10-31": "3.75540", "2009-07-31": "4.48680", "2009-04-30": "4.35570", "2009-01-31": "4.08320", "2008-10-31": "4.06560", "2008-07-31": "3.95160", "2008-04-30": "3.81440", "2008-01-31": "3.70590", "2007-10-31": "3.54310", "2007-07-31": "3.60830", "2007-04-30": "3.71470", "2007-01-31": "3.49150", "2006-10-31": "3.26100", "2006-07-31": "3.25070", "2006-04-30": "3.19720", "2006-01-31": "3.03600", "2005-10-31": "2.81590", "2005-07-31": "2.69360", "2005-04-30": "2.56290", "2005-01-31": "2.48560"}, "Operating Cash Flow Per Share": {"2020-10-31": 0.6837, "2020-07-31": 1.4895, "2020-04-30": "5.38710", "2020-01-31": 0.7777, "2019-10-31": 0.9453, "2019-07-31": 1.2534, "2019-04-30": "2.81740", "2019-01-31": 0.4647, "2018-10-31": 0.5761, "2018-07-31": 1.2506, "2018-04-30": "2.79910", "2018-01-31": 0.3555, "2017-10-31": -0.2541, "2017-07-31": 1.1778, "2017-04-30": "2.49620", "2017-01-31": 0.8329, "2016-10-31": 0.4648, "2016-07-31": 1.0094, "2016-04-30": "2.15220", "2016-01-31": 1.0898, "2015-10-31": 1.0288, "2015-07-31": 1.1133, "2015-04-30": "1.78540", "2015-01-31": 0.8057, "2014-10-31": 0.7995, "2014-07-31": 0.9127, "2014-04-30": "1.72680", "2014-01-31": 0.6362, "2013-10-31": 0.2917, "2013-07-31": 0.9529, "2013-04-30": "1.55480", "2013-01-31": 0.5781, "2012-10-31": 0.2953, "2012-07-31": 0.7152, "2012-04-30": "1.16190", "2012-01-31": 0.1848, "2011-10-31": 0.2288, "2011-07-31": 0.8185, "2011-04-30": "1.00900", "2011-01-31": 0.6458, "2010-10-31": 0.1804, "2010-07-31": 0.6078, "2010-04-30": "1.20390", "2010-01-31": 0.4095, "2009-10-31": 0.1746, "2009-07-31": 0.6744, "2009-04-30": "0.98920", "2009-01-31": 0.4014, "2008-10-31": 0.1837, "2008-07-31": 0.6034, "2008-04-30": "1.01210", "2008-01-31": 0.1895, "2007-10-31": 0.1423, "2007-07-31": 0.7442, "2007-04-30": "0.77550", "2007-01-31": 0.3544, "2006-10-31": -0.0016, "2006-07-31": 0.5982, "2006-04-30": "0.67490", "2006-01-31": 0.0997, "2005-10-31": 0.1722, "2005-07-31": 0.5628, "2005-04-30": "0.66460", "2005-01-31": 1.5829}, "Free Cash Flow Per Share": {"2020-10-31": -0.1752, "2020-07-31": 0.6731, "2020-04-30": "4.54570", "2020-01-31": -0.1592, "2019-10-31": -0.0073, "2019-07-31": 0.5702, "2019-04-30": "1.84350", "2019-01-31": -0.356, "2018-10-31": -0.3625, "2018-07-31": 0.3271, "2018-04-30": "1.95860", "2018-01-31": -0.3405, "2017-10-31": -0.9348, "2017-07-31": 0.3934, "2017-04-30": "1.70270", "2017-01-31": 0.164, "2016-10-31": -0.5595, "2016-07-31": 0.0341, "2016-04-30": "1.09730", "2016-01-31": 0.27, "2015-10-31": 0.1886, "2015-07-31": 0.2921, "2015-04-30": "0.89520", "2015-01-31": 0.0712, "2014-10-31": 0.0736, "2014-07-31": 0.2704, "2014-04-30": "1.01580", "2014-01-31": 0.1185, "2013-10-31": -0.3493, "2013-07-31": 0.4828, "2013-04-30": "0.96630", "2013-01-31": 0.0908, "2012-10-31": -0.2017, "2012-07-31": 0.3019, "2012-04-30": "0.68520", "2012-01-31": -0.2104, "2011-10-31": -0.1675, "2011-07-31": 0.4759, "2011-04-30": "0.58580", "2011-01-31": 0.2769, "2010-10-31": -0.1811, "2010-07-31": 0.2914, "2010-04-30": "0.78990", "2010-01-31": 0.0194, "2009-10-31": -0.2621, "2009-07-31": 0.2328, "2009-04-30": "0.50610", "2009-01-31": 0.0056, "2008-10-31": -0.2457, "2008-07-31": 0.2583, "2008-04-30": "0.59430", "2008-01-31": -0.1458, "2007-10-31": -0.2706, "2007-07-31": 0.4178, "2007-04-30": "0.36010", "2007-01-31": 0.0199, "2006-10-31": -0.2576, "2006-07-31": 0.3754, "2006-04-30": "0.42320", "2006-01-31": -0.0975, "2005-10-31": -0.0452, "2005-07-31": 0.3861, "2005-04-30": "0.40980", "2005-01-31": 0.5313}}, "revenue": {"Kroger Annual Revenue (Millions of US $)": {"2020": "$122,286", "2019": "$121,852", "2018": "$123,280", "2017": "$115,337", "2016": "$109,830", "2015": "$108,465", "2014": "$98,375", "2013": "$96,619", "2012": "$90,269", "2011": "$82,049", "2010": "$76,609", "2009": "$76,148", "2008": "$70,336", "2007": "$66,111", "2006": "$60,553", "2005": "$56,434"}, "Kroger Quarterly Revenue (Millions of US $)": {"2020-10-31": "$29,723", "2020-07-31": "$30,489", "2020-04-30": "$41,549", "2020-01-31": "$28,893", "2019-10-31": "$27,974", "2019-07-31": "$28,168", "2019-04-30": "$37,251", "2019-01-31": "$28,285", "2018-10-31": "$27,831", "2018-07-31": "$28,014", "2018-04-30": "$37,722", "2018-01-31": "$31,649", "2017-10-31": "$27,749", "2017-07-31": "$27,597", "2017-04-30": "$36,285", "2017-01-31": "$27,611", "2016-10-31": "$26,557", "2016-07-31": "$26,565", "2016-04-30": "$34,604", "2016-01-31": "$26,165", "2015-10-31": "$25,075", "2015-07-31": "$25,539", "2015-04-30": "$33,051", "2015-01-31": "$25,207", "2014-10-31": "$24,987", "2014-07-31": "$25,310", "2014-04-30": "$32,961", "2014-01-31": "$23,222", "2013-10-31": "$22,470", "2013-07-31": "$22,686", "2013-04-30": "$29,997", "2013-01-31": "$24,021", "2012-10-31": "$21,807", "2012-07-31": "$21,726", "2012-04-30": "$29,065", "2012-01-31": "$21,301", "2011-10-31": "$20,594", "2011-07-31": "$20,913", "2011-04-30": "$27,461", "2011-01-31": "$19,884", "2010-10-31": "$18,667", "2010-07-31": "$18,760", "2010-04-30": "$24,738", "2010-01-31": "$18,430", "2009-10-31": "$17,662", "2009-07-31": "$17,728", "2009-04-30": "$22,789", "2009-01-31": "$17,295", "2008-10-31": "$17,615", "2008-07-31": "$18,094", "2008-04-30": "$23,144", "2008-01-31": "$17,336", "2007-10-31": "$16,135", "2007-07-31": "$16,139", "2007-04-30": "$20,726", "2007-01-31": "$16,859", "2006-10-31": "$14,699", "2006-07-31": "$15,138", "2006-04-30": "$19,415", "2006-01-31": "$14,720", "2005-10-31": "$14,020", "2005-07-31": "$13,865", "2005-04-30": "$17,948", "2005-01-31": "$13,695"}}, "gross-profit": {"Kroger Annual Gross Profit (Millions of US $)": {"2020": "$26,992", "2019": "$26,749", "2018": "$27,469", "2017": "$25,835", "2016": "$24,334", "2015": "$22,953", "2014": "$20,237", "2013": "$19,893", "2012": "$18,880", "2011": "$18,246", "2010": "$17,761", "2009": "$17,604", "2008": "$16,625", "2007": "$15,996", "2006": "$14,988", "2005": "$14,294"}, "Kroger Quarterly Gross Profit (Millions of US $)": {"2020-10-31": "$6,822", "2020-07-31": "$6,938", "2020-04-30": "$10,095", "2020-01-31": "$6,387", "2019-10-31": "$6,176", "2019-07-31": "$6,161", "2019-04-30": "$8,268", "2019-01-31": "$6,330", "2018-10-31": "$6,078", "2018-07-31": "$6,038", "2018-04-30": "$8,303", "2018-01-31": "$7,260", "2017-10-31": "$6,217", "2017-07-31": "$5,988", "2017-04-30": "$8,004", "2017-01-31": "$6,128", "2016-10-31": "$5,904", "2016-07-31": "$5,868", "2016-04-30": "$7,935", "2016-01-31": "$5,972", "2015-10-31": "$5,597", "2015-07-31": "$5,474", "2015-04-30": "$7,291", "2015-01-31": "$5,660", "2014-10-31": "$5,223", "2014-07-31": "$5,174", "2014-04-30": "$6,896", "2014-01-31": "$4,826", "2013-10-31": "$4,604", "2013-07-31": "$4,627", "2013-04-30": "$6,180", "2013-01-31": "$5,051", "2012-10-31": "$4,424", "2012-07-31": "$4,448", "2012-04-30": "$5,970", "2012-01-31": "$4,449", "2011-10-31": "$4,236", "2011-07-31": "$4,358", "2011-04-30": "$5,837", "2011-01-31": "$4,336", "2010-10-31": "$4,117", "2010-07-31": "$4,210", "2010-04-30": "$5,583", "2010-01-31": "$4,156", "2009-10-31": "$4,000", "2009-07-31": "$4,082", "2009-04-30": "$5,523", "2009-01-31": "$4,207", "2008-10-31": "$4,070", "2008-07-31": "$4,028", "2008-04-30": "$5,299", "2008-01-31": "$4,176", "2007-10-31": "$3,733", "2007-07-31": "$3,824", "2007-04-30": "$4,892", "2007-01-31": "$4,132", "2006-10-31": "$3,568", "2006-07-31": "$3,540", "2006-04-30": "$4,756", "2006-01-31": "$3,658", "2005-10-31": "$3,424", "2005-07-31": "$3,401", "2005-04-30": "$4,505", "2005-01-31": "$3,433"}}, "operating-income": {"Kroger Annual Operating Income (Millions of US $)": {"2020": "$2,251", "2019": "$2,614", "2018": "$2,612", "2017": "$3,452", "2016": "$3,576", "2015": "$3,137", "2014": "$2,725", "2013": "$2,764", "2012": "$1,278", "2011": "$2,182", "2010": "$1,091", "2009": "$2,452", "2008": "$2,362", "2007": "$2,236", "2006": "$2,035", "2005": "$843"}, "Kroger Quarterly Operating Income (Millions of US $)": {"2020-10-31": "$792", "2020-07-31": "$820", "2020-04-30": "$1,326", "2020-01-31": "$537", "2019-10-31": "$254", "2019-07-31": "$559", "2019-04-30": "$901", "2019-01-31": "$389", "2018-10-31": "$647", "2018-07-31": "$549", "2018-04-30": "$1,029", "2018-01-31": "$550", "2017-10-31": "$747", "2017-07-31": "$684", "2017-04-30": "$631", "2017-01-31": "$874", "2016-10-31": "$713", "2016-07-31": "$665", "2016-04-30": "$1,200", "2016-01-31": "$928", "2015-10-31": "$772", "2015-07-31": "$774", "2015-04-30": "$1,102", "2015-01-31": "$912", "2014-10-31": "$651", "2014-07-31": "$644", "2014-04-30": "$930", "2014-01-31": "$717", "2013-10-31": "$534", "2013-07-31": "$595", "2013-04-30": "$879", "2013-01-31": "$819", "2012-10-31": "$596", "2012-07-31": "$535", "2012-04-30": "$814", "2012-01-31": "$-426", "2011-10-31": "$405", "2011-07-31": "$488", "2011-04-30": "$811", "2011-01-31": "$559", "2010-10-31": "$406", "2010-07-31": "$494", "2010-04-30": "$723", "2010-01-31": "$506", "2009-10-31": "$-758", "2009-07-31": "$499", "2009-04-30": "$844", "2009-01-31": "$658", "2008-10-31": "$479", "2008-07-31": "$546", "2008-04-30": "$769", "2008-01-31": "$690", "2007-10-31": "$445", "2007-07-31": "$537", "2007-04-30": "$690", "2007-01-31": "$695", "2006-10-31": "$449", "2006-07-31": "$448", "2006-04-30": "$644", "2006-01-31": "$568", "2005-10-31": "$415", "2005-07-31": "$434", "2005-04-30": "$618", "2005-01-31": "$-464"}}, "ebitda": {"Kroger Annual EBITDA (Millions of US $)": {"2020": "$5,540", "2019": "$5,079", "2018": "$5,158", "2017": "$5,792", "2016": "$5,665", "2015": "$5,085", "2014": "$4,428", "2013": "$4,416", "2012": "$2,916", "2011": "$3,800", "2010": "$3,729", "2009": "$3,895", "2008": "$3,717", "2007": "$3,508", "2006": "$3,300", "2005": "$2,960"}, "Kroger Quarterly EBITDA (Millions of US $)": {"2020-10-31": "$1,568", "2020-07-31": "$1,580", "2020-04-30": "$2,344", "2020-01-31": "$1,338", "2019-10-31": "$1,026", "2019-07-31": "$1,299", "2019-04-30": "$1,877", "2019-01-31": "$970", "2018-10-31": "$1,216", "2018-07-31": "$1,123", "2018-04-30": "$1,770", "2018-01-31": "$1,225", "2017-10-31": "$1,319", "2017-07-31": "$1,247", "2017-04-30": "$1,367", "2017-01-31": "$1,446", "2016-10-31": "$1,262", "2016-07-31": "$1,190", "2016-04-30": "$1,894", "2016-01-31": "$1,436", "2015-10-31": "$1,256", "2015-07-31": "$1,251", "2015-04-30": "$1,722", "2015-01-31": "$1,379", "2014-10-31": "$1,107", "2014-07-31": "$1,088", "2014-04-30": "$1,511", "2014-01-31": "$1,119", "2013-10-31": "$929", "2013-07-31": "$982", "2013-04-30": "$1,398", "2013-01-31": "$1,206", "2012-10-31": "$977", "2012-07-31": "$918", "2012-04-30": "$1,315", "2012-01-31": "$-34", "2011-10-31": "$778", "2011-07-31": "$862", "2011-04-30": "$1,310", "2011-01-31": "$963", "2010-10-31": "$774", "2010-07-31": "$862", "2010-04-30": "$1,201", "2010-01-31": "$874", "2009-10-31": "$711", "2009-07-31": "$847", "2009-04-30": "$1,297", "2009-01-31": "$1,006", "2008-10-31": "$814", "2008-07-31": "$873", "2008-04-30": "$1,202", "2008-01-31": "$1,015", "2007-10-31": "$760", "2007-07-31": "$848", "2007-04-30": "$1,094", "2007-01-31": "$994", "2006-10-31": "$744", "2006-07-31": "$738", "2006-04-30": "$1,032", "2006-01-31": "$864", "2005-10-31": "$702", "2005-07-31": "$727", "2005-04-30": "$1,007", "2005-01-31": "$704"}}, "net-income": {"Kroger Annual Net Income (Millions of US $)": {"2020": "$1,659", "2019": "$3,110", "2018": "$1,907", "2017": "$1,975", "2016": "$2,039", "2015": "$1,728", "2014": "$1,519", "2013": "$1,497", "2012": "$602", "2011": "$1,116", "2010": "$70", "2009": "$1,249", "2008": "$1,209", "2007": "$1,115", "2006": "$958", "2005": "$-104"}, "Kroger Quarterly Net Income (Millions of US $)": {"2020-10-31": "$631", "2020-07-31": "$819", "2020-04-30": "$1,212", "2020-01-31": "$327", "2019-10-31": "$263", "2019-07-31": "$297", "2019-04-30": "$772", "2019-01-31": "$259", "2018-10-31": "$317", "2018-07-31": "$508", "2018-04-30": "$2,026", "2018-01-31": "$854", "2017-10-31": "$397", "2017-07-31": "$353", "2017-04-30": "$303", "2017-01-31": "$505", "2016-10-31": "$391", "2016-07-31": "$383", "2016-04-30": "$696", "2016-01-31": "$559", "2015-10-31": "$428", "2015-07-31": "$433", "2015-04-30": "$619", "2015-01-31": "$518", "2014-10-31": "$362", "2014-07-31": "$347", "2014-04-30": "$501", "2014-01-31": "$422", "2013-10-31": "$299", "2013-07-31": "$317", "2013-04-30": "$481", "2013-01-31": "$462", "2012-10-31": "$317", "2012-07-31": "$279", "2012-04-30": "$439", "2012-01-31": "$-307", "2011-10-31": "$196", "2011-07-31": "$281", "2011-04-30": "$432", "2011-01-31": "$278", "2010-10-31": "$202", "2010-07-31": "$262", "2010-04-30": "$374", "2010-01-31": "$255", "2009-10-31": "$-875", "2009-07-31": "$255", "2009-04-30": "$435", "2009-01-31": "$349", "2008-10-31": "$237", "2008-07-31": "$277", "2008-04-30": "$386", "2008-01-31": "$351", "2007-10-31": "$254", "2007-07-31": "$267", "2007-04-30": "$337", "2007-01-31": "$385", "2006-10-31": "$215", "2006-07-31": "$209", "2006-04-30": "$306", "2006-01-31": "$283", "2005-10-31": "$185", "2005-07-31": "$196", "2005-04-30": "$294", "2005-01-31": "$-652"}}, "eps-earnings-per-share-diluted": {"Kroger Annual EPS": {"2020": "$2.04", "2019": "$3.76", "2018": "$2.09", "2017": "$2.05", "2016": "$2.06", "2015": "$1.72", "2014": "$1.45", "2013": "$1.39", "2012": "$0.51", "2011": "$0.87", "2010": "$0.06", "2009": "$0.95", "2008": "$0.87", "2007": "$0.77", "2006": "$0.66", "2005": "$-0.07"}, "Kroger Quarterly EPS": {"2020-10-31": "$0.80", "2020-07-31": "$1.03", "2020-04-30": "$1.52", "2020-01-31": "$0.40", "2019-10-31": "$0.32", "2019-07-31": "$0.37", "2019-04-30": "$0.95", "2019-01-31": "$0.38", "2018-10-31": "$0.39", "2018-07-31": "$0.62", "2018-04-30": "$2.37", "2018-01-31": "$0.94", "2017-10-31": "$0.44", "2017-07-31": "$0.39", "2017-04-30": "$0.32", "2017-01-31": "$0.53", "2016-10-31": "$0.41", "2016-07-31": "$0.40", "2016-04-30": "$0.71", "2016-01-31": "$0.57", "2015-10-31": "$0.43", "2015-07-31": "$0.44", "2015-04-30": "$0.62", "2015-01-31": "$0.52", "2014-10-31": "$0.36", "2014-07-31": "$0.35", "2014-04-30": "$0.49", "2014-01-31": "$0.41", "2013-10-31": "$0.29", "2013-07-31": "$0.30", "2013-04-30": "$0.46", "2013-01-31": "$0.44", "2012-10-31": "$0.30", "2012-07-31": "$0.26", "2012-04-30": "$0.39", "2012-01-31": "$-0.24", "2011-10-31": "$0.17", "2011-07-31": "$0.23", "2011-04-30": "$0.35", "2011-01-31": "$0.22", "2010-10-31": "$0.16", "2010-07-31": "$0.21", "2010-04-30": "$0.29", "2010-01-31": "$0.21", "2009-10-31": "$-0.68", "2009-07-31": "$0.20", "2009-04-30": "$0.33", "2009-01-31": "$0.27", "2008-10-31": "$0.18", "2008-07-31": "$0.21", "2008-04-30": "$0.29", "2008-01-31": "$0.26", "2007-10-31": "$0.19", "2007-07-31": "$0.19", "2007-04-30": "$0.24", "2007-01-31": "$0.27", "2006-10-31": "$0.15", "2006-07-31": "$0.15", "2006-04-30": "$0.21", "2006-01-31": "$0.20", "2005-10-31": "$0.13", "2005-07-31": "$0.14", "2005-04-30": "$0.20", "2005-01-31": "$-0.44"}}, "shares-outstanding": {"Kroger Annual Shares Outstanding (Millions of Shares)": {"2020": "805", "2019": "818", "2018": "904", "2017": "958", "2016": "980", "2015": "993", "2014": "1,040", "2013": "1,074", "2012": "1,186", "2011": "1,276", "2010": "1,300", "2009": "1,316", "2008": "1,394", "2007": "1,446", "2006": "1,462", "2005": "1,472"}, "Kroger Quarterly Shares Outstanding (Millions of Shares)": {"2020-10-31": "780", "2020-07-31": "786", "2020-04-30": "788", "2020-01-31": "805", "2019-10-31": "807", "2019-07-31": "805", "2019-04-30": "805", "2019-01-31": "818", "2018-10-31": "807", "2018-07-31": "805", "2018-04-30": "846", "2018-01-31": "904", "2017-10-31": "893", "2017-07-31": "905", "2017-04-30": "925", "2017-01-31": "958", "2016-10-31": "953", "2016-07-31": "959", "2016-04-30": "966", "2016-01-31": "980", "2015-10-31": "979", "2015-07-31": "977", "2015-04-30": "983", "2015-01-31": "993", "2014-10-31": "984", "2014-07-31": "982", "2014-04-30": "1,014", "2014-01-31": "1,040", "2013-10-31": "1,042", "2013-07-31": "1,042", "2013-04-30": "1,040", "2013-01-31": "1,074", "2012-10-31": "1,044", "2012-07-31": "1,082", "2012-04-30": "1,118", "2012-01-31": "1,186", "2011-10-31": "1,172", "2011-07-31": "1,200", "2011-04-30": "1,224", "2011-01-31": "1,276", "2010-10-31": "1,272", "2010-07-31": "1,280", "2010-04-30": "1,290", "2010-01-31": "1,300", "2009-10-31": "1,292", "2009-07-31": "1,302", "2009-04-30": "1,302", "2009-01-31": "1,316", "2008-10-31": "1,310", "2008-07-31": "1,316", "2008-04-30": "1,326", "2008-01-31": "1,394", "2007-10-31": "1,370", "2007-07-31": "1,418", "2007-04-30": "1,430", "2007-01-31": "1,446", "2006-10-31": "1,440", "2006-07-31": "1,450", "2006-04-30": "1,458", "2006-01-31": "1,462", "2005-10-31": "1,464", "2005-07-31": "1,460", "2005-04-30": "1,464", "2005-01-31": "1,472"}}, "total-assets": {"Kroger Annual Total Assets (Millions of US $)": {"2020": "$45,256", "2019": "$38,118", "2018": "$37,197", "2017": "$36,505", "2016": "$33,897", "2015": "$30,497", "2014": "$29,281", "2013": "$24,634", "2012": "$23,476", "2011": "$23,505", "2010": "$23,126", "2009": "$23,257", "2008": "$22,293", "2007": "$21,215", "2006": "$20,482", "2005": "$20,491"}, "Kroger Quarterly Total Assets (Millions of US $)": {"2020-10-31": "$48,465", "2020-07-31": "$47,543", "2020-04-30": "$46,942", "2020-01-31": "$45,256", "2019-10-31": "$45,393", "2019-07-31": "$44,462", "2019-04-30": "$44,319", "2019-01-31": "$38,118", "2018-10-31": "$38,141", "2018-07-31": "$36,957", "2018-04-30": "$36,561", "2018-01-31": "$37,197", "2017-10-31": "$37,028", "2017-07-31": "$36,600", "2017-04-30": "$35,799", "2017-01-31": "$36,505", "2016-10-31": "$36,507", "2016-07-31": "$34,662", "2016-04-30": "$33,801", "2016-01-31": "$33,897", "2015-10-31": "$31,907", "2015-07-31": "$30,781", "2015-04-30": "$30,468", "2015-01-31": "$30,497", "2014-10-31": "$30,222", "2014-07-31": "$29,079", "2014-04-30": "$28,913", "2014-01-31": "$29,281", "2013-10-31": "$25,480", "2013-07-31": "$24,472", "2013-04-30": "$24,227", "2013-01-31": "$24,634", "2012-10-31": "$24,658", "2012-07-31": "$23,547", "2012-04-30": "$23,791", "2012-01-31": "$23,476", "2011-10-31": "$23,960", "2011-07-31": "$23,398", "2011-04-30": "$23,111", "2011-01-31": "$23,505", "2010-10-31": "$23,755", "2010-07-31": "$23,276", "2010-04-30": "$22,881", "2010-01-31": "$23,126", "2009-10-31": "$23,084", "2009-07-31": "$23,145", "2009-04-30": "$23,429", "2009-01-31": "$23,257", "2008-10-31": "$23,181", "2008-07-31": "$22,300", "2008-04-30": "$22,430", "2008-01-31": "$22,293", "2007-10-31": "$21,903", "2007-07-31": "$21,061", "2007-04-30": "$20,996", "2007-01-31": "$21,215", "2006-10-31": "$20,921", "2006-07-31": "$20,905", "2006-04-30": "$20,735", "2006-01-31": "$20,482", "2005-10-31": "$20,577", "2005-07-31": "$20,088", "2005-04-30": "$19,924", "2005-01-31": "$20,491"}}, "cash-on-hand": {"Kroger Annual Cash on Hand (Millions of US $)": {"2020": "$1,578", "2019": "$1,610", "2018": "$1,508", "2017": "$1,232", "2016": "$1,200", "2015": "$1,256", "2014": "$1,359", "2013": "$1,193", "2012": "$974", "2011": "$1,491", "2010": "$1,078", "2009": "$894", "2008": "$918", "2007": "$803", "2006": "$698", "2005": "$650"}, "Kroger Quarterly Cash on Hand (Millions of US $)": {"2020-10-31": "$3,282", "2020-07-31": "$3,878", "2020-04-30": "$3,868", "2020-01-31": "$1,578", "2019-10-31": "$1,579", "2019-07-31": "$1,612", "2019-04-30": "$1,475", "2019-01-31": "$1,610", "2018-10-31": "$1,527", "2018-07-31": "$1,378", "2018-04-30": "$1,744", "2018-01-31": "$1,508", "2017-10-31": "$1,515", "2017-07-31": "$1,796", "2017-04-30": "$1,308", "2017-01-31": "$1,232", "2016-10-31": "$1,417", "2016-07-31": "$1,278", "2016-04-30": "$1,283", "2016-01-31": "$1,200", "2015-10-31": "$1,236", "2015-07-31": "$1,202", "2015-04-30": "$1,214", "2015-01-31": "$1,256", "2014-10-31": "$1,206", "2014-07-31": "$1,204", "2014-04-30": "$1,202", "2014-01-31": "$1,359", "2013-10-31": "$1,225", "2013-07-31": "$1,290", "2013-04-30": "$1,098", "2013-01-31": "$1,193", "2012-10-31": "$1,355", "2012-07-31": "$1,138", "2012-04-30": "$1,350", "2012-01-31": "$974", "2011-10-31": "$1,095", "2011-07-31": "$1,449", "2011-04-30": "$1,147", "2011-01-31": "$1,491", "2010-10-31": "$1,513", "2010-07-31": "$1,785", "2010-04-30": "$1,277", "2010-01-31": "$1,078", "2009-10-31": "$1,186", "2009-07-31": "$997", "2009-04-30": "$1,295", "2009-01-31": "$894", "2008-10-31": "$890", "2008-07-31": "$932", "2008-04-30": "$968", "2008-01-31": "$918", "2007-10-31": "$746", "2007-07-31": "$728", "2007-04-30": "$759", "2007-01-31": "$803", "2006-10-31": "$737", "2006-07-31": "$1,345", "2006-04-30": "$1,182", "2006-01-31": "$698", "2005-10-31": "$799", "2005-07-31": "$889", "2005-04-30": "$656", "2005-01-31": "$650"}}, "long-term-debt": {"Kroger Annual Long Term Debt (Millions of US $)": {"2020": "$12,111", "2019": "$12,072", "2018": "$12,029", "2017": "$11,825", "2016": "$9,709", "2015": "$9,723", "2014": "$9,653", "2013": "$6,145", "2012": "$6,850", "2011": "$7,304", "2010": "$7,477", "2009": "$7,505", "2008": "$6,529", "2007": "$6,154", "2006": "$6,678", "2005": "$7,900"}, "Kroger Quarterly Long Term Debt (Millions of US $)": {"2020-10-31": "$11,925", "2020-07-31": "$12,386", "2020-04-30": "$12,376", "2020-01-31": "$12,111", "2019-10-31": "$12,227", "2019-07-31": "$12,130", "2019-04-30": "$12,016", "2019-01-31": "$12,072", "2018-10-31": "$11,647", "2018-07-31": "$12,121", "2018-04-30": "$12,059", "2018-01-31": "$12,029", "2017-10-31": "$13,118", "2017-07-31": "$13,100", "2017-04-30": "$11,590", "2017-01-31": "$11,825", "2016-10-31": "$10,817", "2016-07-31": "$9,641", "2016-04-30": "$9,710", "2016-01-31": "$9,709", "2015-10-31": "$8,964", "2015-07-31": "$9,743", "2015-04-30": "$9,716", "2015-01-31": "$9,723", "2014-10-31": "$9,735", "2014-07-31": "$9,706", "2014-04-30": "$9,664", "2014-01-31": "$9,653", "2013-10-31": "$7,148", "2013-07-31": "$7,158", "2013-04-30": "$6,162", "2013-01-31": "$6,145", "2012-10-31": "$6,780", "2012-07-31": "$6,787", "2012-04-30": "$6,771", "2012-01-31": "$6,850", "2011-10-31": "$6,428", "2011-07-31": "$6,419", "2011-04-30": "$6,793", "2011-01-31": "$7,304", "2010-10-31": "$7,261", "2010-07-31": "$7,278", "2010-04-30": "$6,997", "2010-01-31": "$7,477", "2009-10-31": "$7,476", "2009-07-31": "$6,957", "2009-04-30": "$6,972", "2009-01-31": "$7,505", "2008-10-31": "$6,894", "2008-07-31": "$6,895", "2008-04-30": "$7,275", "2008-01-31": "$6,529", "2007-10-31": "$5,775", "2007-07-31": "$5,472", "2007-04-30": "$5,177", "2007-01-31": "$6,154", "2006-10-31": "$6,147", "2006-07-31": "$6,145", "2006-04-30": "$6,443", "2006-01-31": "$6,678", "2005-10-31": "$6,621", "2005-07-31": "$6,926", "2005-04-30": "$7,433", "2005-01-31": "$7,900"}}, "total-liabilities": {"Kroger Annual Total Liabilities (Millions of US $)": {"2020": "$36,683", "2019": "$30,283", "2018": "$30,292", "2017": "$29,795", "2016": "$27,099", "2015": "$25,055", "2014": "$23,886", "2013": "$20,420", "2012": "$19,510", "2011": "$18,207", "2010": "$18,200", "2009": "$17,957", "2008": "$17,379", "2007": "$16,292", "2006": "$16,092", "2005": "$16,872"}, "Kroger Quarterly Total Liabilities (Millions of US $)": {"2020-10-31": "$38,421", "2020-07-31": "$37,750", "2020-04-30": "$37,614", "2020-01-31": "$36,683", "2019-10-31": "$36,665", "2019-07-31": "$35,809", "2019-04-30": "$35,787", "2019-01-31": "$30,283", "2018-10-31": "$30,531", "2018-07-31": "$29,619", "2018-04-30": "$29,620", "2018-01-31": "$30,292", "2017-10-31": "$30,817", "2017-07-31": "$30,456", "2017-04-30": "$29,664", "2017-01-31": "$29,795", "2016-10-31": "$29,877", "2016-07-31": "$28,061", "2016-04-30": "$27,353", "2016-01-31": "$27,099", "2015-10-31": "$25,662", "2015-07-31": "$24,899", "2015-04-30": "$24,932", "2015-01-31": "$25,055", "2014-10-31": "$24,878", "2014-07-31": "$24,057", "2014-04-30": "$24,143", "2014-01-31": "$23,886", "2013-10-31": "$20,490", "2013-07-31": "$19,624", "2013-04-30": "$19,631", "2013-01-31": "$20,420", "2012-10-31": "$20,896", "2012-07-31": "$19,754", "2012-04-30": "$19,724", "2012-01-31": "$19,510", "2011-10-31": "$19,061", "2011-07-31": "$18,188", "2011-04-30": "$17,907", "2011-01-31": "$18,207", "2010-10-31": "$18,494", "2010-07-31": "$18,109", "2010-04-30": "$17,775", "2010-01-31": "$18,200", "2009-10-31": "$18,232", "2009-07-31": "$17,348", "2009-04-30": "$17,784", "2009-01-31": "$17,957", "2008-10-31": "$17,912", "2008-07-31": "$17,155", "2008-04-30": "$17,456", "2008-01-31": "$17,379", "2007-10-31": "$17,134", "2007-07-31": "$16,096", "2007-04-30": "$15,736", "2007-01-31": "$16,292", "2006-10-31": "$16,310", "2006-07-31": "$16,250", "2006-04-30": "$16,131", "2006-01-31": "$16,092", "2005-10-31": "$16,494", "2005-07-31": "$16,193", "2005-04-30": "$16,218", "2005-01-31": "$16,872"}}, "total-share-holder-equity": {"Kroger Annual Share Holder Equity (Millions of US $)": {"2020": "$8,573", "2019": "$7,835", "2018": "$6,905", "2017": "$6,710", "2016": "$6,798", "2015": "$5,442", "2014": "$5,395", "2013": "$4,214", "2012": "$3,966", "2011": "$5,298", "2010": "$4,926", "2009": "$5,300", "2008": "$4,914", "2007": "$4,923", "2006": "$4,390", "2005": "$3,619"}, "Kroger Quarterly Share Holder Equity (Millions of US $)": {"2020-10-31": "$10,044", "2020-07-31": "$9,793", "2020-04-30": "$9,328", "2020-01-31": "$8,573", "2019-10-31": "$8,728", "2019-07-31": "$8,653", "2019-04-30": "$8,532", "2019-01-31": "$7,835", "2018-10-31": "$7,610", "2018-07-31": "$7,338", "2018-04-30": "$6,941", "2018-01-31": "$6,905", "2017-10-31": "$6,211", "2017-07-31": "$6,144", "2017-04-30": "$6,135", "2017-01-31": "$6,710", "2016-10-31": "$6,630", "2016-07-31": "$6,601", "2016-04-30": "$6,448", "2016-01-31": "$6,798", "2015-10-31": "$6,245", "2015-07-31": "$5,882", "2015-04-30": "$5,536", "2015-01-31": "$5,442", "2014-10-31": "$5,344", "2014-07-31": "$5,022", "2014-04-30": "$4,770", "2014-01-31": "$5,395", "2013-10-31": "$4,990", "2013-07-31": "$4,848", "2013-04-30": "$4,596", "2013-01-31": "$4,214", "2012-10-31": "$3,762", "2012-07-31": "$3,793", "2012-04-30": "$4,067", "2012-01-31": "$3,966", "2011-10-31": "$4,899", "2011-07-31": "$5,210", "2011-04-30": "$5,204", "2011-01-31": "$5,298", "2010-10-31": "$5,261", "2010-07-31": "$5,167", "2010-04-30": "$5,106", "2010-01-31": "$4,926", "2009-10-31": "$4,852", "2009-07-31": "$5,797", "2009-04-30": "$5,645", "2009-01-31": "$5,300", "2008-10-31": "$5,269", "2008-07-31": "$5,145", "2008-04-30": "$4,974", "2008-01-31": "$4,914", "2007-10-31": "$4,769", "2007-07-31": "$4,965", "2007-04-30": "$5,260", "2007-01-31": "$4,923", "2006-10-31": "$4,611", "2006-07-31": "$4,655", "2006-04-30": "$4,604", "2006-01-31": "$4,390", "2005-10-31": "$4,083", "2005-07-31": "$3,895", "2005-04-30": "$3,706", "2005-01-31": "$3,619"}}, "profit-margins": {"current": "2.29%"}, "gross margin": {"2020-10-31": "23.15%", "2020-07-31": "22.96%", "2020-04-30": "22.77%", "2020-01-31": "22.07%", "2019-10-31": "22.14%", "2019-07-31": "22.08%", "2019-04-30": "22.01%", "2019-01-31": "21.95%", "2018-10-31": "22.11%", "2018-07-31": "22.23%", "2018-04-30": "22.26%", "2018-01-31": "22.28%", "2017-10-31": "22.09%", "2017-07-31": "22.04%", "2017-04-30": "22.14%", "2017-01-31": "22.40%", "2016-10-31": "22.55%", "2016-07-31": "22.57%", "2016-04-30": "22.43%", "2016-01-31": "22.16%", "2015-10-31": "22.06%", "2015-07-31": "21.74%", "2015-04-30": "21.51%", "2015-01-31": "21.16%", "2014-10-31": "20.77%", "2014-07-31": "20.68%", "2014-04-30": "20.68%", "2014-01-31": "20.57%", "2013-10-31": "20.63%", "2013-07-31": "20.59%", "2013-04-30": "20.61%", "2013-01-31": "20.59%", "2012-10-31": "20.54%", "2012-07-31": "20.61%", "2012-04-30": "20.69%", "2012-01-31": "20.92%", "2011-10-31": "21.12%", "2011-07-31": "21.45%", "2011-04-30": "21.82%", "2011-01-31": "22.24%", "2010-10-31": "22.42%", "2010-07-31": "22.55%", "2010-04-30": "22.69%", "2010-01-31": "23.18%", "2009-10-31": "23.60%", "2009-07-31": "23.71%", "2009-04-30": "23.52%", "2009-01-31": "23.12%", "2008-10-31": "23.07%", "2008-07-31": "23.07%", "2008-04-30": "23.41%", "2008-01-31": "23.64%", "2007-10-31": "23.73%", "2007-07-31": "23.99%", "2007-04-30": "23.93%", "2007-01-31": "24.20%", "2006-10-31": "24.26%", "2006-07-31": "24.30%", "2006-04-30": "24.57%", "2006-01-31": "24.75%", "2005-10-31": "24.80%"}, "operating margin": {"2020-10-31": "2.66%", "2020-07-31": "2.28%", "2020-04-30": "2.11%", "2020-01-31": "1.84%", "2019-10-31": "1.73%", "2019-07-31": "2.05%", "2019-04-30": "2.05%", "2019-01-31": "2.15%", "2018-10-31": "2.22%", "2018-07-31": "2.30%", "2018-04-30": "2.41%", "2018-01-31": "2.12%", "2017-10-31": "2.46%", "2017-07-31": "2.46%", "2017-04-30": "2.46%", "2017-01-31": "2.99%", "2016-10-31": "3.08%", "2016-07-31": "3.17%", "2016-04-30": "3.30%", "2016-01-31": "3.26%", "2015-10-31": "3.27%", "2015-07-31": "3.16%", "2015-04-30": "3.05%", "2015-01-31": "2.89%", "2014-10-31": "2.76%", "2014-07-31": "2.72%", "2014-04-30": "2.74%", "2014-01-31": "2.77%", "2013-10-31": "2.85%", "2013-07-31": "2.93%", "2013-04-30": "2.90%", "2013-01-31": "2.86%", "2012-10-31": "1.62%", "2012-07-31": "1.43%", "2012-04-30": "1.39%", "2012-01-31": "1.42%", "2011-10-31": "2.55%", "2011-07-31": "2.60%", "2011-04-30": "2.68%", "2011-01-31": "2.66%", "2010-10-31": "2.64%", "2010-07-31": "1.21%", "2010-04-30": "1.23%", "2010-01-31": "1.42%", "2009-10-31": "1.65%", "2009-07-31": "3.29%", "2009-04-30": "3.33%", "2009-01-31": "3.22%", "2008-10-31": "3.26%", "2008-07-31": "3.28%", "2008-04-30": "3.36%", "2008-01-31": "3.36%", "2007-10-31": "3.39%", "2007-07-31": "3.47%", "2007-04-30": "3.38%", "2007-01-31": "3.38%", "2006-10-31": "3.30%", "2006-07-31": "3.28%", "2006-04-30": "3.32%", "2006-01-31": "3.36%", "2005-10-31": "1.68%"}, "ebitda margin": {"2020-10-31": "5.23%", "2020-07-31": "4.88%", "2020-04-30": "4.75%", "2020-01-31": "4.53%", "2019-10-31": "4.25%", "2019-07-31": "4.41%", "2019-04-30": "4.27%", "2019-01-31": "4.17%", "2018-10-31": "4.26%", "2018-07-31": "4.34%", "2018-04-30": "4.46%", "2018-01-31": "4.18%", "2017-10-31": "4.51%", "2017-07-31": "4.51%", "2017-04-30": "4.50%", "2017-01-31": "5.02%", "2016-10-31": "5.08%", "2016-07-31": "5.14%", "2016-04-30": "5.24%", "2016-01-31": "5.16%", "2015-10-31": "5.15%", "2015-07-31": "5.02%", "2015-04-30": "4.88%", "2015-01-31": "4.69%", "2014-10-31": "4.53%", "2014-07-31": "4.47%", "2014-04-30": "4.48%", "2014-01-31": "4.50%", "2013-10-31": "4.55%", "2013-07-31": "4.63%", "2013-04-30": "4.61%", "2013-01-31": "4.57%", "2012-10-31": "3.38%", "2012-07-31": "3.21%", "2012-04-30": "3.18%", "2012-01-31": "3.23%", "2011-10-31": "4.40%", "2011-07-31": "4.50%", "2011-04-30": "4.61%", "2011-01-31": "4.63%", "2010-10-31": "4.60%", "2010-07-31": "4.58%", "2010-04-30": "4.62%", "2010-01-31": "4.87%", "2009-10-31": "5.12%", "2009-07-31": "5.26%", "2009-04-30": "5.26%", "2009-01-31": "5.12%", "2008-10-31": "5.12%", "2008-07-31": "5.15%", "2008-04-30": "5.26%", "2008-01-31": "5.28%", "2007-10-31": "5.29%", "2007-07-31": "5.38%", "2007-04-30": "5.30%", "2007-01-31": "5.31%", "2006-10-31": "5.28%", "2006-07-31": "5.27%", "2006-04-30": "5.36%", "2006-01-31": "5.45%", "2005-10-31": "5.27%"}, "pre tax profit margin": {"2020-10-31": "2.96%", "2020-07-31": "2.53%", "2020-04-30": "2.04%", "2020-01-31": "1.62%", "2019-10-31": "1.57%", "2019-07-31": "1.72%", "2019-04-30": "1.92%", "2019-01-31": "3.26%", "2018-10-31": "2.84%", "2018-07-31": "3.01%", "2018-04-30": "2.95%", "2018-01-31": "1.20%", "2017-10-31": "1.95%", "2017-07-31": "1.95%", "2017-04-30": "1.98%", "2017-01-31": "2.53%", "2016-10-31": "2.63%", "2016-07-31": "2.73%", "2016-04-30": "2.86%", "2016-01-31": "2.82%", "2015-10-31": "2.83%", "2015-07-31": "2.71%", "2015-04-30": "2.60%", "2015-01-31": "2.44%", "2014-10-31": "2.31%", "2014-07-31": "2.26%", "2014-04-30": "2.28%", "2014-01-31": "2.32%", "2013-10-31": "2.40%", "2013-07-31": "2.48%", "2013-04-30": "2.44%", "2013-01-31": "2.38%", "2012-10-31": "1.14%", "2012-07-31": "0.95%", "2012-04-30": "0.92%", "2012-01-31": "0.93%", "2011-10-31": "2.05%", "2011-07-31": "2.09%", "2011-04-30": "2.14%", "2011-01-31": "2.11%", "2010-10-31": "2.08%", "2010-07-31": "0.64%", "2010-04-30": "0.64%", "2010-01-31": "0.77%", "2009-10-31": "0.99%", "2009-07-31": "2.63%", "2009-04-30": "2.68%", "2009-01-31": "2.58%", "2008-10-31": "2.63%", "2008-07-31": "2.63%", "2008-04-30": "2.70%", "2008-01-31": "2.68%", "2007-10-31": "2.71%", "2007-07-31": "2.77%", "2007-04-30": "2.67%", "2007-01-31": "2.64%", "2006-10-31": "2.53%", "2006-07-31": "2.50%", "2006-04-30": "2.51%", "2006-01-31": "2.52%", "2005-10-31": "0.83%"}, "net profit margin": {"2020-10-31": "2.29%", "2020-07-31": "2.03%", "2020-04-30": "1.66%", "2020-01-31": "1.36%", "2019-10-31": "1.31%", "2019-07-31": "1.35%", "2019-04-30": "1.53%", "2019-01-31": "2.55%", "2018-10-31": "2.96%", "2018-07-31": "3.02%", "2018-04-30": "2.91%", "2018-01-31": "1.55%", "2017-10-31": "1.31%", "2017-07-31": "1.31%", "2017-04-30": "1.35%", "2017-01-31": "1.71%", "2016-10-31": "1.78%", "2016-07-31": "1.84%", "2016-04-30": "1.90%", "2016-01-31": "1.86%", "2015-10-31": "1.84%", "2015-07-31": "1.78%", "2015-04-30": "1.70%", "2015-01-31": "1.59%", "2014-10-31": "1.53%", "2014-07-31": "1.51%", "2014-04-30": "1.52%", "2014-01-31": "1.54%", "2013-10-31": "1.57%", "2013-07-31": "1.60%", "2013-04-30": "1.58%", "2013-01-31": "1.55%", "2012-10-31": "0.78%", "2012-07-31": "0.65%", "2012-04-30": "0.66%", "2012-01-31": "0.67%", "2011-10-31": "1.34%", "2011-07-31": "1.37%", "2011-04-30": "1.38%", "2011-01-31": "1.36%", "2010-10-31": "1.36%", "2010-07-31": "0.02%", "2010-04-30": "0.01%", "2010-01-31": "0.09%", "2009-10-31": "0.22%", "2009-07-31": "1.69%", "2009-04-30": "1.71%", "2009-01-31": "1.64%", "2008-10-31": "1.64%", "2008-07-31": "1.70%", "2008-04-30": "1.73%", "2008-01-31": "1.72%", "2007-10-31": "1.78%", "2007-07-31": "1.76%", "2007-04-30": "1.70%", "2007-01-31": "1.69%", "2006-10-31": "1.58%", "2006-07-31": "1.55%", "2006-04-30": "1.56%", "2006-01-31": "1.58%", "2005-10-31": "0.04%"}, "pe ratio": {"current": "10.26", "2021-02-05": "8.84", "2020-10-31": "8.54", "2020-07-31": "10.52", "2020-04-30": "11.92", "2020-01-31": "12.89", "2019-10-31": "12.23", "2019-07-31": "10.14", "2019-04-30": "10.94", "2019-01-31": "7.37", "2018-10-31": "6.57", "2018-07-31": "6.21", "2018-04-30": "5.66", "2018-01-31": "13.39", "2017-10-31": "11.40", "2017-07-31": "13.68", "2017-04-30": "16.38", "2017-01-31": "15.21", "2016-10-31": "13.56", "2016-07-31": "14.77", "2016-04-30": "14.95", "2016-01-31": "16.95", "2015-10-31": "16.87", "2015-07-31": "18.04", "2015-04-30": "16.57", "2015-01-31": "17.85", "2014-10-31": "15.39", "2014-07-31": "14.19", "2014-04-30": "13.74", "2014-01-31": "10.95", "2013-10-31": "12.63", "2013-07-31": "11.42", "2013-04-30": "10.26", "2013-01-31": "8.64", "2012-10-31": "16.05", "2012-07-31": "17.54", "2012-04-30": "19.21", "2012-01-31": "21.16", "2011-10-31": "10.11", "2011-07-31": "10.85", "2011-04-30": "10.85", "2011-01-31": "10.16", "2010-10-31": "10.70", "2010-07-31": "581.22", "2010-04-30": "0.00", "2010-01-31": "194.32", "2009-10-31": "81.73", "2009-07-31": "8.92", "2009-04-30": "8.84", "2009-01-31": "9.55", "2008-10-31": "11.94", "2008-07-31": "12.19", "2008-04-30": "11.97", "2008-01-31": "11.86", "2007-10-31": "13.20", "2007-07-31": "12.11", "2007-04-30": "14.50", "2007-01-31": "12.95", "2006-10-31": "12.56"}, "price sales": {"2021-02-05": "0.20", "2020-10-31": "0.19", "2020-07-31": "0.21", "2020-04-30": "0.20", "2020-01-31": "0.17", "2019-10-31": "0.16", "2019-07-31": "0.14", "2019-04-30": "0.17", "2019-01-31": "0.18", "2018-10-31": "0.19", "2018-07-31": "0.19", "2018-04-30": "0.17", "2018-01-31": "0.21", "2017-10-31": "0.15", "2017-07-31": "0.18", "2017-04-30": "0.22", "2017-01-31": "0.26", "2016-10-31": "0.24", "2016-07-31": "0.27", "2016-04-30": "0.28", "2016-01-31": "0.31", "2015-10-31": "0.31", "2015-07-31": "0.32", "2015-04-30": "0.28", "2015-01-31": "0.28", "2014-10-31": "0.23", "2014-07-31": "0.21", "2014-04-30": "0.21", "2014-01-31": "0.17", "2013-10-31": "0.20", "2013-07-31": "0.18", "2013-04-30": "0.16", "2013-01-31": "0.13", "2012-10-31": "0.13", "2012-07-31": "0.12", "2012-04-30": "0.13", "2012-01-31": "0.13", "2011-10-31": "0.13", "2011-07-31": "0.15", "2011-04-30": "0.15", "2011-01-31": "0.14", "2010-10-31": "0.15", "2010-07-31": "0.14", "2010-04-30": "0.15", "2010-01-31": "0.15", "2009-10-31": "0.16", "2009-07-31": "0.15", "2009-04-30": "0.15", "2009-01-31": "0.16", "2008-10-31": "0.19", "2008-07-31": "0.20", "2008-04-30": "0.20", "2008-01-31": "0.20", "2007-10-31": "0.24", "2007-07-31": "0.21", "2007-04-30": "0.25", "2007-01-31": "0.22", "2006-10-31": "0.20"}, "price book": {"current": "2.56", "2021-02-05": "2.53", "2020-10-31": "2.44", "2020-07-31": "2.72", "2020-04-30": "2.60", "2020-01-31": "2.42", "2019-10-31": "2.20", "2019-07-31": "1.91", "2019-04-30": "2.34", "2019-01-31": "2.78", "2018-10-31": "2.99", "2018-07-31": "2.96", "2018-04-30": "2.70", "2018-01-31": "3.56", "2017-10-31": "2.72", "2017-07-31": "3.28", "2017-04-30": "3.99", "2017-01-31": "4.27", "2016-10-31": "3.97", "2016-07-31": "4.43", "2016-04-30": "4.67", "2016-01-31": "4.98", "2015-10-31": "5.26", "2015-07-31": "5.77", "2015-04-30": "5.35", "2015-01-31": "5.51", "2014-10-31": "4.51", "2014-07-31": "4.20", "2014-04-30": "4.13", "2014-01-31": "2.99", "2013-10-31": "3.86", "2013-07-31": "3.65", "2013-04-30": "3.34", "2013-01-31": "2.92", "2012-10-31": "2.96", "2012-07-31": "2.63", "2012-04-30": "2.67", "2012-01-31": "2.84", "2011-10-31": "2.28", "2011-07-31": "2.37", "2011-04-30": "2.34", "2011-01-31": "2.08", "2010-10-31": "2.19", "2010-07-31": "2.14", "2010-04-30": "2.28", "2010-01-31": "2.28", "2009-10-31": "2.50", "2009-07-31": "1.93", "2009-04-30": "2.00", "2009-01-31": "2.21", "2008-10-31": "2.70", "2008-07-31": "2.85", "2008-04-30": "2.84", "2008-01-31": "2.72", "2007-10-31": "3.28", "2007-07-31": "2.83", "2007-04-30": "3.12", "2007-01-31": "2.87", "2006-10-31": "2.70", "2006-07-31": "2.75", "2006-04-30": "2.46", "2006-01-31": "2.35"}, "price fcf": {"2021-02-05": "", "2020-10-31": "$4.88", "2020-07-31": "$5.05", "2020-04-30": "$4.95", "2020-01-31": "$2.25", "2019-10-31": "$2.05", "2019-07-31": "$1.70", "2019-04-30": "$1.45", "2019-01-31": "$1.57", "2018-10-31": "$1.58", "2018-07-31": "$1.01", "2018-04-30": "$1.08", "2018-01-31": "$0.82", "2017-10-31": "$1.33", "2017-07-31": "$1.70", "2017-04-30": "$1.34", "2017-01-31": "$0.74", "2016-10-31": "$0.84", "2016-07-31": "$1.59", "2016-04-30": "$1.85", "2016-01-31": "$1.65", "2015-10-31": "$1.45", "2015-07-31": "$1.33", "2015-04-30": "$1.31", "2015-01-31": "$1.43", "2014-10-31": "$1.48", "2014-07-31": "$1.06", "2014-04-30": "$1.27", "2014-01-31": "$1.22", "2013-10-31": "$1.19", "2013-07-31": "$1.34", "2013-04-30": "$1.16", "2013-01-31": "$0.88", "2012-10-31": "$0.58", "2012-07-31": "$0.61", "2012-04-30": "$0.78", "2012-01-31": "$0.68", "2011-10-31": "$1.17", "2011-07-31": "$1.16", "2011-04-30": "$0.97", "2011-01-31": "$1.18", "2010-10-31": "$0.92", "2010-07-31": "$0.84", "2010-04-30": "$0.78", "2010-01-31": "$0.50", "2009-10-31": "$0.48", "2009-07-31": "$0.50", "2009-04-30": "$0.52", "2009-01-31": "$0.61", "2008-10-31": "$0.46", "2008-07-31": "$0.44", "2008-04-30": "$0.60", "2008-01-31": "$0.36", "2007-10-31": "$0.53", "2007-07-31": "$0.54", "2007-04-30": "$0.50", "2007-01-31": "$0.56", "2006-10-31": "$1.19"}, "net worth": {"value": "$25.24B"}, "current ratio": {"current": "0.83", "2020-10-31": "0.83", "2020-07-31": "0.84", "2020-04-30": "0.83", "2020-01-31": "0.77", "2019-10-31": "0.78", "2019-07-31": "0.76", "2019-04-30": "0.75", "2019-01-31": "0.76", "2018-10-31": "0.73", "2018-07-31": "0.73", "2018-04-30": "0.76", "2018-01-31": "0.78", "2017-10-31": "0.85", "2017-07-31": "0.87", "2017-04-30": "0.76", "2017-01-31": "0.80", "2016-10-31": "0.74", "2016-07-31": "0.68", "2016-04-30": "0.70", "2016-01-31": "0.76", "2015-10-31": "0.72", "2015-07-31": "0.75", "2015-04-30": "0.76", "2015-01-31": "0.78", "2014-10-31": "0.76", "2014-07-31": "0.77", "2014-04-30": "0.77", "2014-01-31": "0.83", "2013-10-31": "0.81", "2013-07-31": "0.80", "2013-04-30": "0.72", "2013-01-31": "0.72", "2012-10-31": "0.79", "2012-07-31": "0.78", "2012-04-30": "0.81", "2012-01-31": "0.81", "2011-10-31": "0.83", "2011-07-31": "0.82", "2011-04-30": "0.87", "2011-01-31": "0.94", "2010-10-31": "0.95", "2010-07-31": "0.95", "2010-04-30": "0.92", "2010-01-31": "0.97", "2009-10-31": "0.92", "2009-07-31": "0.87", "2009-04-30": "0.89", "2009-01-31": "0.95", "2008-10-31": "0.85", "2008-07-31": "0.85", "2008-04-30": "0.89", "2008-01-31": "0.82", "2007-10-31": "0.77", "2007-07-31": "0.78", "2007-04-30": "0.81", "2007-01-31": "0.89", "2006-10-31": "0.88", "2006-07-31": "0.90", "2006-04-30": "0.94", "2006-01-31": "0.96", "2005-10-31": "0.91", "2005-07-31": "0.93", "2005-04-30": "0.97", "2005-01-31": "1.01"}, "quick ratio": {"2020-10-31": "0.35", "2020-07-31": "0.41", "2020-04-30": "0.40", "2020-01-31": "0.27", "2019-10-31": "0.26", "2019-07-31": "0.27", "2019-04-30": "0.26", "2019-01-31": "0.28", "2018-10-31": "0.25", "2018-07-31": "0.26", "2018-04-30": "0.29", "2018-01-31": "0.32", "2017-10-31": "0.31", "2017-07-31": "0.33", "2017-04-30": "0.25", "2017-01-31": "0.29", "2016-10-31": "0.24", "2016-07-31": "0.23", "2016-04-30": "0.24", "2016-01-31": "0.29", "2015-10-31": "0.23", "2015-07-31": "0.26", "2015-04-30": "0.25", "2015-01-31": "0.28", "2014-10-31": "0.24", "2014-07-31": "0.26", "2014-04-30": "0.25", "2014-01-31": "0.30", "2013-10-31": "0.25", "2013-07-31": "0.27", "2013-04-30": "0.23", "2013-01-31": "0.25", "2012-10-31": "0.26", "2012-07-31": "0.26", "2012-04-30": "0.28", "2012-01-31": "0.24", "2011-10-31": "0.24", "2011-07-31": "0.30", "2011-04-30": "0.29", "2011-01-31": "0.33", "2010-10-31": "0.32", "2010-07-31": "0.37", "2010-04-30": "0.31", "2010-01-31": "0.33", "2009-10-31": "0.28", "2009-07-31": "0.27", "2009-04-30": "0.30", "2009-01-31": "0.31", "2008-10-31": "0.23", "2008-07-31": "0.25", "2008-04-30": "0.27", "2008-01-31": "0.26", "2007-10-31": "0.19", "2007-07-31": "0.21", "2007-04-30": "0.22", "2007-01-31": "0.28", "2006-10-31": "0.23", "2006-07-31": "0.31", "2006-04-30": "0.31", "2006-01-31": "0.30", "2005-10-31": "0.25", "2005-07-31": "0.28", "2005-04-30": "0.26", "2005-01-31": "0.32"}, "debt equity ratio": {"current": "1.19", "2020-10-31": "3.83", "2020-07-31": "3.86", "2020-04-30": "4.03", "2020-01-31": "4.28", "2019-10-31": "4.20", "2019-07-31": "4.14", "2019-04-30": "4.19", "2019-01-31": "3.87", "2018-10-31": "4.01", "2018-07-31": "4.04", "2018-04-30": "4.27", "2018-01-31": "4.39", "2017-10-31": "4.96", "2017-07-31": "4.96", "2017-04-30": "4.84", "2017-01-31": "4.44", "2016-10-31": "4.51", "2016-07-31": "4.25", "2016-04-30": "4.24", "2016-01-31": "3.99", "2015-10-31": "4.11", "2015-07-31": "4.23", "2015-04-30": "4.50", "2015-01-31": "4.60", "2014-10-31": "4.66", "2014-07-31": "4.79", "2014-04-30": "5.06", "2014-01-31": "4.43", "2013-10-31": "4.11", "2013-07-31": "4.05", "2013-04-30": "4.27", "2013-01-31": "4.85", "2012-10-31": "5.55", "2012-07-31": "5.21", "2012-04-30": "4.85", "2012-01-31": "4.92", "2011-10-31": "3.89", "2011-07-31": "3.49", "2011-04-30": "3.44", "2011-01-31": "3.44", "2010-10-31": "3.52", "2010-07-31": "3.51", "2010-04-30": "3.48", "2010-01-31": "3.70", "2009-10-31": "3.76", "2009-07-31": "2.99", "2009-04-30": "3.15", "2009-01-31": "3.39", "2008-10-31": "3.40", "2008-07-31": "3.33", "2008-04-30": "3.51", "2008-01-31": "3.54", "2007-10-31": "3.59", "2007-07-31": "3.24", "2007-04-30": "2.99", "2007-01-31": "3.31", "2006-10-31": "3.54", "2006-07-31": "3.49", "2006-04-30": "3.50", "2006-01-31": "3.67", "2005-10-31": "4.04", "2005-07-31": "4.16", "2005-04-30": "4.38", "2005-01-31": "4.66"}, "return on equity": {"2020-10-31": "31.68%", "2020-07-31": "28.78%", "2020-04-30": "23.80%", "2020-01-31": "19.24%", "2019-10-31": "18.86%", "2019-07-31": "20.17%", "2019-04-30": "23.71%", "2019-01-31": "41.85%", "2018-10-31": "51.47%", "2018-07-31": "55.27%", "2018-04-30": "55.42%", "2018-01-31": "30.04%", "2017-10-31": "24.73%", "2017-07-31": "24.23%", "2017-04-30": "24.27%", "2017-01-31": "29.94%", "2016-10-31": "30.65%", "2016-07-31": "31.67%", "2016-04-30": "33.36%", "2016-01-31": "33.34%", "2015-10-31": "34.59%", "2015-07-31": "34.80%", "2015-04-30": "34.60%", "2015-01-31": "33.59%", "2014-10-31": "31.80%", "2014-07-31": "31.10%", "2014-04-30": "30.78%", "2014-01-31": "30.64%", "2013-10-31": "33.44%", "2013-07-31": "36.21%", "2013-04-30": "37.62%", "2013-01-31": "37.81%", "2012-10-31": "18.68%", "2012-07-31": "14.52%", "2012-04-30": "13.43%", "2012-01-31": "12.49%", "2011-10-31": "23.04%", "2011-07-31": "22.75%", "2011-04-30": "22.44%", "2011-01-31": "21.43%", "2010-10-31": "21.37%", "2010-07-31": "0.32%", "2010-04-30": "0.17%", "2010-01-31": "1.32%", "2009-10-31": "3.04%", "2009-07-31": "23.19%", "2009-04-30": "24.31%", "2009-01-31": "24.15%", "2008-10-31": "24.65%", "2008-07-31": "25.61%", "2008-04-30": "25.64%", "2008-01-31": "24.29%", "2007-10-31": "24.96%", "2007-07-31": "24.37%", "2007-04-30": "23.57%", "2007-01-31": "23.73%", "2006-10-31": "22.19%", "2006-07-31": "22.17%", "2006-04-30": "22.86%", "2006-01-31": "23.84%", "2005-10-31": "0.60%"}, "return on assets": {"2020-10-31": "6.35%", "2020-07-31": "5.66%", "2020-04-30": "4.61%", "2020-01-31": "3.70%", "2019-10-31": "3.69%", "2019-07-31": "3.99%", "2019-04-30": "4.71%", "2019-01-31": "8.31%", "2018-10-31": "9.96%", "2018-07-31": "10.25%", "2018-04-30": "9.85%", "2018-01-31": "5.20%", "2017-10-31": "4.27%", "2017-07-31": "4.27%", "2017-04-30": "4.41%", "2017-01-31": "5.58%", "2016-10-31": "5.84%", "2016-07-31": "6.15%", "2016-04-30": "6.49%", "2016-01-31": "6.42%", "2015-10-31": "6.46%", "2015-07-31": "6.34%", "2015-04-30": "6.14%", "2015-01-31": "5.82%", "2014-10-31": "5.56%", "2014-07-31": "5.57%", "2014-04-30": "5.69%", "2014-01-31": "5.87%", "2013-10-31": "6.31%", "2013-07-31": "6.44%", "2013-04-30": "6.34%", "2013-01-31": "6.20%", "2012-10-31": "3.05%", "2012-07-31": "2.56%", "2012-04-30": "2.57%", "2012-01-31": "2.56%", "2011-10-31": "5.05%", "2011-07-31": "5.09%", "2011-04-30": "5.01%", "2011-01-31": "4.78%", "2010-10-31": "4.70%", "2010-07-31": "0.07%", "2010-04-30": "0.04%", "2010-01-31": "0.30%", "2009-10-31": "0.71%", "2009-07-31": "5.49%", "2009-04-30": "5.63%", "2009-01-31": "5.48%", "2008-10-31": "5.55%", "2008-07-31": "5.70%", "2008-04-30": "5.74%", "2008-01-31": "5.61%", "2007-10-31": "5.84%", "2007-07-31": "5.72%", "2007-04-30": "5.45%", "2007-01-31": "5.32%", "2006-10-31": "4.88%", "2006-07-31": "4.75%", "2006-04-30": "4.74%", "2006-01-31": "4.73%", "2005-10-31": "0.11%"}, "return on investments": {"2020-10-31": "16.06%", "2020-07-31": "13.74%", "2020-04-30": "12.72%", "2020-01-31": "10.85%", "2019-10-31": "10.23%", "2019-07-31": "12.40%", "2019-04-30": "12.56%", "2019-01-31": "13.47%", "2018-10-31": "14.48%", "2018-07-31": "14.99%", "2018-04-30": "15.74%", "2018-01-31": "13.89%", "2017-10-31": "15.69%", "2017-07-31": "15.91%", "2017-04-30": "16.49%", "2017-01-31": "20.19%", "2016-10-31": "21.14%", "2016-07-31": "22.24%", "2016-04-30": "23.14%", "2016-01-31": "22.85%", "2015-10-31": "23.25%", "2015-07-31": "22.51%", "2015-04-30": "21.98%", "2015-01-31": "21.12%", "2014-10-31": "19.85%", "2014-07-31": "20.05%", "2014-04-30": "20.71%", "2014-01-31": "21.82%", "2013-10-31": "24.98%", "2013-07-31": "26.47%", "2013-04-30": "26.79%", "2013-01-31": "26.13%", "2012-10-31": "14.20%", "2012-07-31": "12.19%", "2012-04-30": "11.49%", "2012-01-31": "11.17%", "2011-10-31": "19.03%", "2011-07-31": "18.58%", "2011-04-30": "18.32%", "2011-01-31": "17.57%", "2010-10-31": "17.21%", "2010-07-31": "7.83%", "2010-04-30": "7.82%", "2010-01-31": "8.71%", "2009-10-31": "9.84%", "2009-07-31": "19.71%", "2009-04-30": "20.37%", "2009-01-31": "19.91%", "2008-10-31": "20.75%", "2008-07-31": "21.18%", "2008-04-30": "21.86%", "2008-01-31": "22.04%", "2007-10-31": "22.28%", "2007-07-31": "22.21%", "2007-04-30": "21.19%", "2007-01-31": "20.48%", "2006-10-31": "19.32%", "2006-07-31": "19.03%", "2006-04-30": "18.89%", "2006-01-31": "18.61%", "2005-10-31": "9.08%"}, "return on tangible equity": {"2020-10-31": "56.18%", "2020-07-31": "52.70%", "2020-04-30": "44.99%", "2020-01-31": "37.34%", "2019-10-31": "37.81%", "2019-07-31": "42.21%", "2019-04-30": "52.40%", "2019-01-31": "97.48%", "2018-10-31": "121.97%", "2018-07-31": "139.00%", "2018-04-30": "147.86%", "2018-01-31": "86.03%", "2017-10-31": "73.21%", "2017-07-31": "69.90%", "2017-04-30": "65.02%", "2017-01-31": "75.74%", "2016-10-31": "74.28%", "2016-07-31": "70.66%", "2016-04-30": "72.21%", "2016-01-31": "70.61%", "2015-10-31": "73.25%", "2015-07-31": "77.34%", "2015-04-30": "79.02%", "2015-01-31": "78.61%", "2014-10-31": "72.78%", "2014-07-31": "60.10%", "2014-04-30": "51.88%", "2014-01-31": "45.72%", "2013-10-31": "45.91%", "2013-07-31": "50.77%", "2013-04-30": "53.82%", "2013-01-31": "54.41%", "2012-10-31": "26.51%", "2012-07-31": "19.99%", "2012-04-30": "17.93%", "2012-01-31": "16.36%", "2011-10-31": "29.58%", "2011-07-31": "29.11%", "2011-04-30": "28.75%", "2011-01-31": "27.52%", "2010-10-31": "27.62%", "2010-07-31": "0.42%", "2010-04-30": "0.24%", "2010-01-31": "1.95%", "2009-10-31": "4.82%", "2009-07-31": "39.41%", "2009-04-30": "42.13%", "2009-01-31": "42.78%", "2008-10-31": "43.82%", "2008-07-31": "46.02%", "2008-04-30": "45.98%", "2008-01-31": "42.58%", "2007-10-31": "43.93%", "2007-07-31": "43.34%", "2007-04-30": "42.63%", "2007-01-31": "44.49%", "2006-10-31": "42.69%", "2006-07-31": "43.86%", "2006-04-30": "47.29%", "2006-01-31": "52.45%", "2005-10-31": "1.41%"}, "dividend yield history": {"last payout": "$0.72", "last yield": "2.17%"}}