{"ticker": "LRCX", "price": {"title": "Lam Research Historical Annual Stock Price Data", "value": 509.76, "historical": {"2021": {"Average Stock Price": "525.7854", "Year Open": "478.0200", "Year High": "580.0200", "Year Low": "478.0200", "Year Close": "509.7600", "Annual % Change": "7.94%"}, "2020": {"Average Stock Price": "332.0366", "Year Open": "297.8900", "Year High": "511.6600", "Year Low": "187.8900", "Year Close": "472.2700", "Annual % Change": "61.52%"}, "2019": {"Average Stock Price": "208.5833", "Year Open": "138.3000", "Year High": "297.4100", "Year Low": "131.6300", "Year Close": "292.4000", "Annual % Change": "114.73%"}, "2018": {"Average Stock Price": "176.0855", "Year Open": "189.2800", "Year High": "228.6500", "Year Low": "123.2800", "Year Close": "136.1700", "Annual % Change": "-26.02%"}, "2017": {"Average Stock Price": "155.8869", "Year Open": "107.2600", "Year High": "218.9100", "Year Low": "107.0800", "Year Close": "184.0700", "Annual % Change": "74.09%"}, "2016": {"Average Stock Price": "86.5022", "Year Open": "77.7300", "Year High": "109.0300", "Year Low": "64.2100", "Year Close": "105.7300", "Annual % Change": "33.13%"}, "2015": {"Average Stock Price": "76.4729", "Year Open": "79.4500", "Year High": "84.4800", "Year Low": "61.7700", "Year Close": "79.4200", "Annual % Change": "0.10%"}, "2014": {"Average Stock Price": "65.5900", "Year Open": "53.9500", "Year High": "84.3000", "Year Low": "48.5800", "Year Close": "79.3400", "Annual % Change": "45.71%"}, "2013": {"Average Stock Price": "47.0339", "Year Open": "38.7300", "Year High": "54.9400", "Year Low": "36.9800", "Year Close": "54.4500", "Annual % Change": "50.71%"}, "2012": {"Average Stock Price": "37.6988", "Year Open": "36.7500", "Year High": "44.9100", "Year Low": "31.3000", "Year Close": "36.1300", "Annual % Change": "-2.40%"}, "2011": {"Average Stock Price": "45.0959", "Year Open": "49.9300", "Year High": "58.3900", "Year Low": "34.8600", "Year Close": "37.0200", "Annual % Change": "-28.51%"}, "2010": {"Average Stock Price": "40.3835", "Year Open": "39.8800", "Year High": "52.7100", "Year Low": "32.2500", "Year Close": "51.7800", "Annual % Change": "32.06%"}, "2009": {"Average Stock Price": "28.6590", "Year Open": "22.0400", "Year High": "39.4800", "Year Low": "18.4200", "Year Close": "39.2100", "Annual % Change": "84.26%"}, "2008": {"Average Stock Price": "33.6407", "Year Open": "42.6300", "Year High": "44.0400", "Year Low": "15.0000", "Year Close": "21.2800", "Annual % Change": "-50.77%"}, "2007": {"Average Stock Price": "50.5904", "Year Open": "49.4600", "Year High": "59.9800", "Year Low": "42.9100", "Year Close": "43.2300", "Annual % Change": "-14.60%"}, "2006": {"Average Stock Price": "45.5709", "Year Open": "36.6900", "Year High": "56.6000", "Year Low": "36.6900", "Year Close": "50.6200", "Annual % Change": "41.87%"}, "2005": {"Average Stock Price": "30.4427", "Year Open": "27.7900", "Year High": "39.1500", "Year Low": "25.5400", "Year Close": "35.6800", "Annual % Change": "23.42%"}, "2004": {"Average Stock Price": "24.9893", "Year Open": "31.7100", "Year High": "35.3990", "Year Low": "19.8000", "Year Close": "28.9100", "Annual % Change": "-10.50%"}, "2003": {"Average Stock Price": "20.1992", "Year Open": "11.6500", "Year High": "32.9500", "Year Low": "11.1000", "Year Close": "32.3000", "Annual % Change": "199.07%"}, "2002": {"Average Stock Price": "18.2937", "Year Open": "24.1900", "Year High": "29.8700", "Year Low": "6.7200", "Year Close": "10.8000", "Annual % Change": "-53.49%"}, "2001": {"Average Stock Price": "24.6550", "Year Open": "14.3800", "Year High": "33.5000", "Year Low": "14.3800", "Year Close": "23.2200", "Annual % Change": "60.14%"}, "2000": {"Average Stock Price": "32.6743", "Year Open": "37.4667", "Year High": "55.5600", "Year Low": "13.6900", "Year Close": "14.5000", "Annual % Change": "-61.02%"}, "1999": {"Average Stock Price": "17.0739", "Year Open": "6.3333", "Year High": "37.2000", "Year Low": "6.3333", "Year Close": "37.2000", "Annual % Change": "526.61%"}, "1998": {"Average Stock Price": "6.9448", "Year Open": "10.1667", "Year High": "10.5833", "Year Low": "2.9377", "Year Close": "5.9367", "Annual % Change": "-39.11%"}, "1997": {"Average Stock Price": "13.3317", "Year Open": "9.2500", "Year High": "22.1267", "Year Low": "8.3767", "Year Close": "9.7500", "Annual % Change": "4.02%"}, "1996": {"Average Stock Price": "10.7592", "Year Open": "15.0833", "Year High": "17.3333", "Year Low": "6.9167", "Year Close": "9.3733", "Annual % Change": "-38.54%"}, "1995": {"Average Stock Price": "18.0208", "Year Open": "12.1667", "Year High": "23.9167", "Year Low": "11.8333", "Year Close": "15.2500", "Annual % Change": "22.82%"}, "1994": {"Average Stock Price": "11.5062", "Year Open": "10.8333", "Year High": "15.5000", "Year Low": "8.0433", "Year Close": "12.4167", "Annual % Change": "14.62%"}, "1993": {"Average Stock Price": "8.2836", "Year Open": "4.5289", "Year High": "12.0000", "Year Low": "4.4178", "Year Close": "10.8333", "Annual % Change": "133.48%"}, "1992": {"Average Stock Price": "3.1957", "Year Open": "2.6667", "Year High": "4.7222", "Year Low": "2.4178", "Year Close": "4.6400", "Annual % Change": "67.04%"}, "1991": {"Average Stock Price": "2.0165", "Year Open": "1.0556", "Year High": "3.0000", "Year Low": "0.8889", "Year Close": "2.7778", "Annual % Change": "156.68%"}}}, "market cap": {"value": "$72.85B"}, "income statement": {"Revenue": {"2020-06-30": "10044.74000", "2019-06-30": "9653.55900", "2018-06-30": "11077.00000", "2017-06-30": "8013.62000", "2016-06-30": "5885.89300", "2015-06-30": "5259.31200", "2014-06-30": "4607.30900", "2013-06-30": "3598.91600", "2012-06-30": "2665.19200", "2011-06-30": "3237.69300", "2010-06-30": "2133.77600", "2009-06-30": "1115.94600", "2008-06-30": "2474.91100", "2007-06-30": "2566.57600", "2006-06-30": "1642.17100", "2005-06-30": "1502.45300"}, "Cost Of Goods Sold": {"2020-06-30": "5436.04300", "2019-06-30": "5295.10000", "2018-06-30": "5911.96600", "2017-06-30": "4410.26100", "2016-06-30": "3266.97100", "2015-06-30": "2974.97600", "2014-06-30": "2599.82800", "2013-06-30": "2195.85700", "2012-06-30": "1581.12300", "2011-06-30": "1740.46100", "2010-06-30": "1163.84100", "2009-06-30": "727.21200", "2008-06-30": "1301.50500", "2007-06-30": "1261.52200", "2006-06-30": "815.15900", "2005-06-30": "738.98900"}, "Gross Profit": {"2020-06-30": "4608.69300", "2019-06-30": "4358.45800", "2018-06-30": "5165.03200", "2017-06-30": "3603.35900", "2016-06-30": "2618.92200", "2015-06-30": "2284.33600", "2014-06-30": "2007.48100", "2013-06-30": "1403.05900", "2012-06-30": "1084.06900", "2011-06-30": "1497.23200", "2010-06-30": "969.93490", "2009-06-30": "388.73410", "2008-06-30": "1173.40600", "2007-06-30": "1305.05400", "2006-06-30": "827.01200", "2005-06-30": "763.46400"}, "Research And Development Expenses": {"2020-06-30": "1252.41200", "2019-06-30": "1191.32000", "2018-06-30": "1189.51400", "2017-06-30": "1033.74200", "2016-06-30": "913.71200", "2015-06-30": "825.24200", "2014-06-30": "716.47100", "2013-06-30": "683.68800", "2012-06-30": "444.55900", "2011-06-30": "373.29300", "2010-06-30": "320.85900", "2009-06-30": "288.26900", "2008-06-30": "323.75900", "2007-06-30": "285.34800", "2006-06-30": "229.37800", "2005-06-30": "195.28900"}, "SG&A Expenses": {"2020-06-30": "682.47900", "2019-06-30": "702.40700", "2018-06-30": "762.21900", "2017-06-30": "667.48500", "2016-06-30": "630.95400", "2015-06-30": "591.61100", "2014-06-30": "613.34100", "2013-06-30": "601.30000", "2012-06-30": "401.77700", "2011-06-30": "308.07500", "2010-06-30": "240.94200", "2009-06-30": "233.06100", "2008-06-30": "287.28200", "2007-06-30": "241.04600", "2006-06-30": "192.86600", "2005-06-30": "165.83200"}, "Other Operating Income Or Expenses": {"2020-06-30": "", "2019-06-30": "", "2018-06-30": "", "2017-06-30": "", "2016-06-30": "", "2015-06-30": "", "2014-06-30": "", "2013-06-30": "", "2012-06-30": "", "2011-06-30": "", "2010-06-30": "38.59000", "2009-06-30": "-7.87900", "2008-06-30": "-44.49400", "2007-06-30": "", "2006-06-30": "", "2005-06-30": ""}, "Operating Expenses": {"2020-06-30": "7370.93400", "2019-06-30": "7188.82700", "2018-06-30": "7863.69900", "2017-06-30": "6111.48800", "2016-06-30": "4811.63700", "2015-06-30": "4471.27300", "2014-06-30": "3929.64000", "2013-06-30": "3480.84500", "2012-06-30": "2427.45900", "2011-06-30": "2433.40800", "2010-06-30": "1708.36600", "2009-06-30": "1397.18900", "2008-06-30": "1965.48000", "2007-06-30": "1787.91600", "2006-06-30": "1237.40300", "2005-06-30": "1114.31100"}, "Operating Income": {"2020-06-30": "2673.80200", "2019-06-30": "2464.73100", "2018-06-30": "3213.29900", "2017-06-30": "1902.13200", "2016-06-30": "1074.25600", "2015-06-30": "788.03910", "2014-06-30": "677.66920", "2013-06-30": "118.07100", "2012-06-30": "237.73290", "2011-06-30": "804.28490", "2010-06-30": "425.40990", "2009-06-30": "-281.24300", "2008-06-30": "509.43090", "2007-06-30": "778.65990", "2006-06-30": "404.76810", "2005-06-30": "388.14200"}, "Total Non-Operating Income/Expense": {"2020-06-30": "-98.82400", "2019-06-30": "-18.16100", "2018-06-30": "-61.51000", "2017-06-30": "-90.45900", "2016-06-30": "-114.13900", "2015-06-30": "-47.18900", "2014-06-30": "45.69400", "2013-06-30": "-51.41300", "2012-06-30": "-33.31500", "2011-06-30": "-3.40900", "2010-06-30": "4.73100", "2009-06-30": "18.15000", "2008-06-30": "67.54500", "2007-06-30": "69.06300", "2006-06-30": "35.02200", "2005-06-30": "8.12000"}, "Pre-Tax Income": {"2020-06-30": "2574.97800", "2019-06-30": "2446.57100", "2018-06-30": "3151.78900", "2017-06-30": "1811.67300", "2016-06-30": "960.11700", "2015-06-30": "740.85000", "2014-06-30": "723.36300", "2013-06-30": "66.65800", "2012-06-30": "204.41800", "2011-06-30": "800.87600", "2010-06-30": "430.14100", "2009-06-30": "-263.09300", "2008-06-30": "576.97600", "2007-06-30": "847.72300", "2006-06-30": "439.79000", "2005-06-30": "396.26200"}, "Income Taxes": {"2020-06-30": "323.22500", "2019-06-30": "255.14100", "2018-06-30": "771.10800", "2017-06-30": "113.91000", "2016-06-30": "46.06800", "2015-06-30": "85.27300", "2014-06-30": "91.07400", "2013-06-30": "-47.22100", "2012-06-30": "35.69500", "2011-06-30": "77.12800", "2010-06-30": "83.47200", "2009-06-30": "39.05500", "2008-06-30": "137.62700", "2007-06-30": "161.90700", "2006-06-30": "104.58000", "2005-06-30": "99.01000"}, "Income After Taxes": {"2020-06-30": "2251.75300", "2019-06-30": "2191.43000", "2018-06-30": "2380.68100", "2017-06-30": "1697.76300", "2016-06-30": "914.04900", "2015-06-30": "655.57700", "2014-06-30": "632.28900", "2013-06-30": "113.87900", "2012-06-30": "168.72300", "2011-06-30": "723.74800", "2010-06-30": "346.66900", "2009-06-30": "-302.14800", "2008-06-30": "439.34900", "2007-06-30": "685.81600", "2006-06-30": "335.21000", "2005-06-30": "297.25200"}, "Other Income": {"2020-06-30": "", "2019-06-30": "", "2018-06-30": "", "2017-06-30": "", "2016-06-30": "", "2015-06-30": "", "2014-06-30": "", "2013-06-30": "", "2012-06-30": "", "2011-06-30": "", "2010-06-30": "", "2009-06-30": "", "2008-06-30": "", "2007-06-30": "", "2006-06-30": "", "2005-06-30": ""}, "Income From Continuous Operations": {"2020-06-30": "2251.75300", "2019-06-30": "2191.43000", "2018-06-30": "2380.68100", "2017-06-30": "1697.76300", "2016-06-30": "914.04900", "2015-06-30": "655.57700", "2014-06-30": "632.28900", "2013-06-30": "113.87900", "2012-06-30": "168.72300", "2011-06-30": "723.74800", "2010-06-30": "346.66900", "2009-06-30": "-302.14800", "2008-06-30": "439.34900", "2007-06-30": "685.81600", "2006-06-30": "335.21000", "2005-06-30": "297.25200"}, "Income From Discontinued Operations": {"2020-06-30": "", "2019-06-30": "", "2018-06-30": "", "2017-06-30": "", "2016-06-30": "", "2015-06-30": "", "2014-06-30": "", "2013-06-30": "", "2012-06-30": "", "2011-06-30": "", "2010-06-30": "", "2009-06-30": "", "2008-06-30": "", "2007-06-30": "", "2006-06-30": "", "2005-06-30": ""}, "Net Income": {"2020-06-30": "2251.75300", "2019-06-30": "2191.43000", "2018-06-30": "2380.68100", "2017-06-30": "1697.76300", "2016-06-30": "914.04900", "2015-06-30": "655.57700", "2014-06-30": "632.28900", "2013-06-30": "113.87900", "2012-06-30": "168.72300", "2011-06-30": "723.74800", "2010-06-30": "346.66900", "2009-06-30": "-302.14800", "2008-06-30": "439.34900", "2007-06-30": "685.81600", "2006-06-30": "335.21000", "2005-06-30": "297.25200"}, "EBITDA": {"2020-06-30": "2948.26700", "2019-06-30": "2781.35500", "2018-06-30": "3554.12200", "2017-06-30": "2234.31900", "2016-06-30": "1435.80600", "2015-06-30": "1182.95300", "2014-06-30": "1005.40500", "2013-06-30": "456.10710", "2012-06-30": "365.58590", "2011-06-30": "882.59790", "2010-06-30": "496.81090", "2009-06-30": "-112.57100", "2008-06-30": "564.13490", "2007-06-30": "816.75690", "2006-06-30": "426.76810", "2005-06-30": "416.94400"}, "EBIT": {"2020-06-30": "2673.80200", "2019-06-30": "2464.73100", "2018-06-30": "3213.29900", "2017-06-30": "1902.13200", "2016-06-30": "1074.25600", "2015-06-30": "788.03910", "2014-06-30": "677.66920", "2013-06-30": "118.07100", "2012-06-30": "237.73290", "2011-06-30": "804.28490", "2010-06-30": "425.40990", "2009-06-30": "-281.24300", "2008-06-30": "509.43090", "2007-06-30": "778.65990", "2006-06-30": "404.76810", "2005-06-30": "388.14200"}, "Basic Shares Outstanding": {"2020-06-30": "144.81400", "2019-06-30": "152.47800", "2018-06-30": "161.64300", "2017-06-30": "162.22200", "2016-06-30": "158.91900", "2015-06-30": "159.62900", "2014-06-30": "164.74100", "2013-06-30": "168.93200", "2012-06-30": "124.17600", "2011-06-30": "123.52900", "2010-06-30": "126.93300", "2009-06-30": "125.59500", "2008-06-30": "124.64700", "2007-06-30": "138.71400", "2006-06-30": "138.58100", "2005-06-30": "137.72700"}, "Shares Outstanding": {"2020-06-30": "149.09000", "2019-06-30": "159.91500", "2018-06-30": "180.78200", "2017-06-30": "183.77000", "2016-06-30": "175.15900", "2015-06-30": "177.06700", "2014-06-30": "174.50300", "2013-06-30": "173.43000", "2012-06-30": "125.23300", "2011-06-30": "125.01900", "2010-06-30": "128.12600", "2009-06-30": "125.59500", "2008-06-30": "126.50400", "2007-06-30": "141.52400", "2006-06-30": "143.75900", "2005-06-30": "142.46000"}, "Basic EPS": {"2020-06-30": "15.55000", "2019-06-30": "14.37000", "2018-06-30": "14.73000", "2017-06-30": "10.47000", "2016-06-30": "5.75000", "2015-06-30": "4.11000", "2014-06-30": "3.84000", "2013-06-30": "0.67000", "2012-06-30": "1.36000", "2011-06-30": "5.86000", "2010-06-30": "2.73000", "2009-06-30": "-2.41000", "2008-06-30": "3.52000", "2007-06-30": "4.94000", "2006-06-30": "2.42000", "2005-06-30": "2.16000"}, "EPS - Earnings Per Share": {"2020-06-30": "15.10000", "2019-06-30": "13.70000", "2018-06-30": "13.17000", "2017-06-30": "9.24000", "2016-06-30": "5.22000", "2015-06-30": "3.70000", "2014-06-30": "3.62000", "2013-06-30": "0.66000", "2012-06-30": "1.35000", "2011-06-30": "5.79000", "2010-06-30": "2.71000", "2009-06-30": "-2.41000", "2008-06-30": "3.47000", "2007-06-30": "4.85000", "2006-06-30": "2.33000", "2005-06-30": "2.09000"}}, "income statement, quarterly": {"Revenue": {"2020-12-31": "3456.23700", "2020-09-30": "3177.08000", "2020-06-30": "2791.86400", "2020-03-31": "2503.62500", "2019-12-31": "2583.50100", "2019-09-30": "2165.74600", "2019-06-30": "2361.14700", "2019-03-31": "2439.04800", "2018-12-31": "2522.67300", "2018-09-30": "2330.69100", "2018-06-30": "3125.92800", "2018-03-31": "2892.11500", "2017-12-31": "2580.81500", "2017-09-30": "2478.14000", "2017-06-30": "2344.90700", "2017-03-31": "2153.99500", "2016-12-31": "1882.29900", "2016-09-30": "1632.41900", "2016-06-30": "1546.26100", "2016-03-31": "1314.05500", "2015-12-31": "1425.53400", "2015-09-30": "1600.04300", "2015-06-30": "1481.37000", "2015-03-31": "1393.33300", "2014-12-31": "1232.24100", "2014-09-30": "1152.36800", "2014-06-30": "1248.79700", "2014-03-31": "1227.39200", "2013-12-31": "1116.06100", "2013-09-30": "1015.05900", "2013-06-30": "986.21410", "2013-03-31": "844.92800", "2012-12-31": "860.88600", "2012-09-30": "906.88800", "2012-06-30": "741.81400", "2012-03-31": "658.96100", "2011-12-31": "583.98100", "2011-09-30": "680.43600", "2011-06-30": "752.01820", "2011-03-31": "809.08700", "2010-12-31": "870.71400", "2010-09-30": "805.87400", "2010-06-30": "695.28890", "2010-03-31": "632.76300", "2009-12-31": "487.17600", "2009-09-30": "318.54800", "2009-06-30": "217.76410", "2009-03-31": "174.41200", "2008-12-31": "283.40900", "2008-09-30": "440.36100", "2008-06-30": "566.15980", "2008-03-31": "613.81000", "2007-12-31": "610.32000", "2007-09-30": "684.62100", "2007-06-30": "678.51890", "2007-03-31": "650.27000", "2006-12-31": "633.40000", "2006-09-30": "604.38700", "2006-06-30": "525.59610", "2006-03-31": "437.42300", "2005-12-31": "358.24500", "2005-09-30": "320.90700", "2005-06-30": "353.76700", "2005-03-31": "349.33700"}, "Cost Of Goods Sold": {"2020-12-31": "1852.44200", "2020-09-30": "1670.90100", "2020-06-30": "1511.53200", "2020-03-31": "1336.61800", "2019-12-31": "1403.85700", "2019-09-30": "1184.03600", "2019-06-30": "1280.25600", "2019-03-31": "1364.71100", "2018-12-31": "1377.64000", "2018-09-30": "1272.49300", "2018-06-30": "1646.52000", "2018-03-31": "1561.40100", "2017-12-31": "1375.24800", "2017-09-30": "1328.79700", "2017-06-30": "1275.94700", "2017-03-31": "1182.59100", "2016-12-31": "1035.50200", "2016-09-30": "916.22200", "2016-06-30": "847.47700", "2016-03-31": "742.79000", "2015-12-31": "799.02400", "2015-09-30": "877.68000", "2015-06-30": "839.83220", "2015-03-31": "792.73100", "2014-12-31": "695.58400", "2014-09-30": "646.82900", "2014-06-30": "691.76090", "2014-03-31": "696.59400", "2013-12-31": "628.27200", "2013-09-30": "583.20100", "2013-06-30": "572.28700", "2013-03-31": "505.09600", "2012-12-31": "545.47200", "2012-09-30": "573.00200", "2012-06-30": "443.60100", "2012-03-31": "391.81400", "2011-12-31": "349.15500", "2011-09-30": "396.55300", "2011-06-30": "413.56410", "2011-03-31": "435.06800", "2010-12-31": "463.28100", "2010-09-30": "428.54800", "2010-06-30": "373.84700", "2010-03-31": "339.89200", "2009-12-31": "265.98900", "2009-09-30": "184.11300", "2009-06-30": "150.00690", "2009-03-31": "137.89700", "2008-12-31": "182.05700", "2008-09-30": "257.25100", "2008-06-30": "331.51000", "2008-03-31": "326.60200", "2007-12-31": "302.65900", "2007-09-30": "340.73400", "2007-06-30": "335.78990", "2007-03-31": "324.02500", "2006-12-31": "310.48400", "2006-09-30": "291.22300", "2006-06-30": "251.82700", "2006-03-31": "217.76900", "2005-12-31": "180.73500", "2005-09-30": "164.82800", "2005-06-30": "178.53600", "2005-03-31": "174.76700"}, "Gross Profit": {"2020-12-31": "1603.79500", "2020-09-30": "1506.17900", "2020-06-30": "1280.33200", "2020-03-31": "1167.00700", "2019-12-31": "1179.64400", "2019-09-30": "981.71010", "2019-06-30": "1080.89100", "2019-03-31": "1074.33700", "2018-12-31": "1145.03300", "2018-09-30": "1058.19800", "2018-06-30": "1479.40800", "2018-03-31": "1330.71400", "2017-12-31": "1205.56700", "2017-09-30": "1149.34300", "2017-06-30": "1068.96100", "2017-03-31": "971.40420", "2016-12-31": "846.79700", "2016-09-30": "716.19700", "2016-06-30": "698.78380", "2016-03-31": "571.26510", "2015-12-31": "626.51010", "2015-09-30": "722.36300", "2015-06-30": "641.53780", "2015-03-31": "600.60200", "2014-12-31": "536.65700", "2014-09-30": "505.53910", "2014-06-30": "557.03590", "2014-03-31": "530.79800", "2013-12-31": "487.78910", "2013-09-30": "431.85800", "2013-06-30": "413.92700", "2013-03-31": "339.83200", "2012-12-31": "315.41400", "2012-09-30": "333.88600", "2012-06-30": "298.21300", "2012-03-31": "267.14700", "2011-12-31": "234.82600", "2011-09-30": "283.88300", "2011-06-30": "338.45410", "2011-03-31": "374.01900", "2010-12-31": "407.43300", "2010-09-30": "377.32600", "2010-06-30": "321.44200", "2010-03-31": "292.87100", "2009-12-31": "221.18700", "2009-09-30": "134.43500", "2009-06-30": "67.75710", "2009-03-31": "36.51500", "2008-12-31": "101.35200", "2008-09-30": "183.11000", "2008-06-30": "234.64980", "2008-03-31": "287.20800", "2007-12-31": "307.66100", "2007-09-30": "343.88700", "2007-06-30": "342.72890", "2007-03-31": "326.24500", "2006-12-31": "322.91600", "2006-09-30": "313.16400", "2006-06-30": "273.76900", "2006-03-31": "219.65400", "2005-12-31": "177.51000", "2005-09-30": "156.07900", "2005-06-30": "175.23090", "2005-03-31": "174.57000"}, "Research And Development Expenses": {"2020-12-31": "375.17200", "2020-09-30": "355.36700", "2020-06-30": "338.81000", "2020-03-31": "307.91400", "2019-12-31": "318.86100", "2019-09-30": "286.82700", "2019-06-30": "295.57790", "2019-03-31": "318.51400", "2018-12-31": "285.55600", "2018-09-30": "291.67200", "2018-06-30": "327.71300", "2018-03-31": "305.41200", "2017-12-31": "281.31100", "2017-09-30": "275.07800", "2017-06-30": "285.71200", "2017-03-31": "265.98600", "2016-12-31": "246.80400", "2016-09-30": "235.24000", "2016-06-30": "237.25500", "2016-03-31": "221.49400", "2015-12-31": "220.75400", "2015-09-30": "234.20900", "2015-06-30": "221.67500", "2015-03-31": "217.86500", "2014-12-31": "196.76800", "2014-09-30": "188.93400", "2014-06-30": "185.44910", "2014-03-31": "185.97800", "2013-12-31": "174.47700", "2013-09-30": "170.56700", "2013-06-30": "180.22000", "2013-03-31": "174.20600", "2012-12-31": "165.95100", "2012-09-30": "163.31100", "2012-06-30": "124.52800", "2012-03-31": "113.44800", "2011-12-31": "104.02400", "2011-09-30": "102.55900", "2011-06-30": "99.58300", "2011-03-31": "96.88000", "2010-12-31": "90.47700", "2010-09-30": "86.35300", "2010-06-30": "85.64400", "2010-03-31": "81.84500", "2009-12-31": "82.17100", "2009-09-30": "71.19900", "2009-06-30": "67.49100", "2009-03-31": "70.43400", "2008-12-31": "68.78100", "2008-09-30": "81.56300", "2008-06-30": "86.65200", "2008-03-31": "80.57600", "2007-12-31": "80.24300", "2007-09-30": "76.28800", "2007-06-30": "79.60100", "2007-03-31": "75.06400", "2006-12-31": "69.06000", "2006-09-30": "61.62300", "2006-06-30": "61.31100", "2006-03-31": "61.08300", "2005-12-31": "55.74200", "2005-09-30": "51.24200", "2005-06-30": "50.64800", "2005-03-31": "47.22600"}, "SG&A Expenses": {"2020-12-31": "218.89900", "2020-09-30": "189.74800", "2020-06-30": "185.80000", "2020-03-31": "164.97900", "2019-12-31": "174.27200", "2019-09-30": "157.42800", "2019-06-30": "168.22790", "2019-03-31": "190.30600", "2018-12-31": "169.09800", "2018-09-30": "174.77500", "2018-06-30": "196.50000", "2018-03-31": "197.79100", "2017-12-31": "186.88500", "2017-09-30": "181.04300", "2017-06-30": "175.31000", "2017-03-31": "167.00000", "2016-12-31": "160.16500", "2016-09-30": "165.01000", "2016-06-30": "152.28800", "2016-03-31": "159.01800", "2015-12-31": "166.92200", "2015-09-30": "152.72600", "2015-06-30": "149.38400", "2015-03-31": "142.77200", "2014-12-31": "151.14800", "2014-09-30": "148.30700", "2014-06-30": "155.73700", "2014-03-31": "152.88300", "2013-12-31": "148.83800", "2013-09-30": "155.88300", "2013-06-30": "147.20900", "2013-03-31": "154.80700", "2012-12-31": "145.42100", "2012-09-30": "153.86300", "2012-06-30": "142.74000", "2012-03-31": "95.58100", "2011-12-31": "83.25600", "2011-09-30": "80.20000", "2011-06-30": "79.93800", "2011-03-31": "80.14300", "2010-12-31": "75.85200", "2010-09-30": "72.14200", "2010-06-30": "66.77900", "2010-03-31": "61.93300", "2009-12-31": "60.11100", "2009-09-30": "52.11900", "2009-06-30": "48.54800", "2009-03-31": "58.51500", "2008-12-31": "57.69900", "2008-09-30": "68.29900", "2008-06-30": "76.99400", "2008-03-31": "74.49100", "2007-12-31": "66.08400", "2007-09-30": "69.71300", "2007-06-30": "62.77900", "2007-03-31": "62.20800", "2006-12-31": "59.35100", "2006-09-30": "56.70800", "2006-06-30": "54.54900", "2006-03-31": "48.30300", "2005-12-31": "44.85900", "2005-09-30": "45.15500", "2005-06-30": "44.91200", "2005-03-31": "34.51800"}, "Other Operating Income Or Expenses": {"2020-12-31": "", "2020-09-30": "", "2020-06-30": "", "2020-03-31": "", "2019-12-31": "", "2019-09-30": "", "2019-06-30": "", "2019-03-31": "", "2018-12-31": "", "2018-09-30": "", "2018-06-30": "", "2018-03-31": "", "2017-12-31": "", "2017-09-30": "", "2017-06-30": "", "2017-03-31": "", "2016-12-31": "", "2016-09-30": "", "2016-06-30": "", "2016-03-31": "", "2015-12-31": "", "2015-09-30": "", "2015-06-30": "", "2015-03-31": "", "2014-12-31": "", "2014-09-30": "", "2014-06-30": "", "2014-03-31": "", "2013-12-31": "", "2013-09-30": "", "2013-06-30": "", "2013-03-31": "", "2012-12-31": "", "2012-09-30": "", "2012-06-30": "", "2012-03-31": "", "2011-12-31": "", "2011-09-30": "", "2011-06-30": "", "2011-03-31": "", "2010-12-31": "", "2010-09-30": "", "2010-06-30": "", "2010-03-31": "", "2009-12-31": "18.36200", "2009-09-30": "20.22800", "2009-06-30": "-4.32900", "2009-03-31": "-0.64600", "2008-12-31": "-2.14300", "2008-09-30": "-0.76100", "2008-06-30": "-0.71000", "2008-03-31": "-43.78400", "2007-12-31": "", "2007-09-30": "", "2007-06-30": "", "2007-03-31": "", "2006-12-31": "", "2006-09-30": "", "2006-06-30": "", "2006-03-31": "", "2005-12-31": "", "2005-09-30": "", "2005-06-30": "", "2005-03-31": ""}, "Operating Expenses": {"2020-12-31": "2446.51300", "2020-09-30": "2216.01600", "2020-06-30": "2036.14200", "2020-03-31": "1809.51100", "2019-12-31": "1896.99000", "2019-09-30": "1628.29100", "2019-06-30": "1744.06200", "2019-03-31": "1873.53100", "2018-12-31": "1832.29400", "2018-09-30": "1738.94000", "2018-06-30": "2170.73300", "2018-03-31": "2064.60400", "2017-12-31": "1843.44400", "2017-09-30": "1784.91800", "2017-06-30": "1736.96800", "2017-03-31": "1615.57700", "2016-12-31": "1442.47100", "2016-09-30": "1316.47200", "2016-06-30": "1237.02000", "2016-03-31": "1123.30200", "2015-12-31": "1186.70000", "2015-09-30": "1264.61500", "2015-06-30": "1290.33500", "2015-03-31": "1153.36800", "2014-12-31": "1043.50000", "2014-09-30": "984.07000", "2014-06-30": "1032.94700", "2014-03-31": "1035.45500", "2013-12-31": "951.58700", "2013-09-30": "909.65100", "2013-06-30": "899.71580", "2013-03-31": "834.10900", "2012-12-31": "856.84400", "2012-09-30": "890.17600", "2012-06-30": "709.14390", "2012-03-31": "600.84300", "2011-12-31": "536.43500", "2011-09-30": "581.03700", "2011-06-30": "609.82720", "2011-03-31": "612.09100", "2010-12-31": "629.61000", "2010-09-30": "581.87990", "2010-06-30": "539.57200", "2010-03-31": "483.67000", "2009-12-31": "395.82800", "2009-09-30": "289.29600", "2009-06-30": "282.95000", "2009-03-31": "369.59600", "2008-12-31": "320.80100", "2008-09-30": "423.84200", "2008-06-30": "502.23210", "2008-03-31": "527.52700", "2007-12-31": "448.98600", "2007-09-30": "486.73500", "2007-06-30": "478.17000", "2007-03-31": "461.29700", "2006-12-31": "438.89500", "2006-09-30": "409.55400", "2006-06-30": "367.68690", "2006-03-31": "327.15500", "2005-12-31": "281.33600", "2005-09-30": "261.22500", "2005-06-30": "274.09610", "2005-03-31": "270.71200"}, "Operating Income": {"2020-12-31": "1009.72400", "2020-09-30": "961.06400", "2020-06-30": "755.72240", "2020-03-31": "694.11400", "2019-12-31": "686.51100", "2019-09-30": "537.45510", "2019-06-30": "617.08510", "2019-03-31": "565.51700", "2018-12-31": "690.37900", "2018-09-30": "591.75090", "2018-06-30": "955.19480", "2018-03-31": "827.51100", "2017-12-31": "737.37080", "2017-09-30": "693.22190", "2017-06-30": "607.93910", "2017-03-31": "538.41820", "2016-12-31": "439.82800", "2016-09-30": "315.94690", "2016-06-30": "309.24050", "2016-03-31": "190.75310", "2015-12-31": "238.83410", "2015-09-30": "335.42800", "2015-06-30": "191.03530", "2015-03-31": "239.96500", "2014-12-31": "188.74100", "2014-09-30": "168.29800", "2014-06-30": "215.85000", "2014-03-31": "191.93690", "2013-12-31": "164.47410", "2013-09-30": "105.40800", "2013-06-30": "86.49820", "2013-03-31": "10.81900", "2012-12-31": "4.04200", "2012-09-30": "16.71200", "2012-06-30": "32.67010", "2012-03-31": "58.11800", "2011-12-31": "47.54600", "2011-09-30": "99.39900", "2011-06-30": "142.19100", "2011-03-31": "196.99600", "2010-12-31": "241.10400", "2010-09-30": "223.99410", "2010-06-30": "155.71690", "2010-03-31": "149.09300", "2009-12-31": "91.34800", "2009-09-30": "29.25200", "2009-06-30": "-65.18590", "2009-03-31": "-195.18400", "2008-12-31": "-37.39200", "2008-09-30": "16.51900", "2008-06-30": "63.92770", "2008-03-31": "86.28300", "2007-12-31": "161.33400", "2007-09-30": "197.88600", "2007-06-30": "200.34890", "2007-03-31": "188.97300", "2006-12-31": "194.50500", "2006-09-30": "194.83300", "2006-06-30": "157.90910", "2006-03-31": "110.26800", "2005-12-31": "76.90900", "2005-09-30": "59.68200", "2005-06-30": "79.67090", "2005-03-31": "78.62500"}, "Total Non-Operating Income/Expense": {"2020-12-31": "-29.94100", "2020-09-30": "-38.79200", "2020-06-30": "-7.55300", "2020-03-31": "-64.61900", "2019-12-31": "-13.92400", "2019-09-30": "-12.72800", "2019-06-30": "-7.66700", "2019-03-31": "20.53200", "2018-12-31": "-30.64900", "2018-09-30": "-0.37700", "2018-06-30": "2.95400", "2018-03-31": "-55.81000", "2017-12-31": "-3.15200", "2017-09-30": "-5.50200", "2017-06-30": "-4.44400", "2017-03-31": "-7.83800", "2016-12-31": "-55.02300", "2016-09-30": "-23.15400", "2016-06-30": "-27.24900", "2016-03-31": "-29.83400", "2015-12-31": "-29.93500", "2015-09-30": "-27.12100", "2015-06-30": "-20.35300", "2015-03-31": "-11.38900", "2014-12-31": "-9.79900", "2014-09-30": "-5.64800", "2014-06-30": "73.64800", "2014-03-31": "-9.85500", "2013-12-31": "-3.83700", "2013-09-30": "-14.26200", "2013-06-30": "-12.25100", "2013-03-31": "-15.83400", "2012-12-31": "-13.39000", "2012-09-30": "-9.93800", "2012-06-30": "-9.88900", "2012-03-31": "-3.56800", "2011-12-31": "-7.78500", "2011-09-30": "-12.07300", "2011-06-30": "-5.13100", "2011-03-31": "1.66300", "2010-12-31": "1.03800", "2010-09-30": "-0.97900", "2010-06-30": "3.54100", "2010-03-31": "1.61600", "2009-12-31": "-0.05800", "2009-09-30": "-0.36800", "2009-06-30": "2.86900", "2009-03-31": "13.49700", "2008-12-31": "-7.23300", "2008-09-30": "9.01700", "2008-06-30": "10.34400", "2008-03-31": "49.60500", "2007-12-31": "-0.03700", "2007-09-30": "7.63300", "2007-06-30": "10.87200", "2007-03-31": "14.75100", "2006-12-31": "13.09200", "2006-09-30": "30.34800", "2006-06-30": "9.39800", "2006-03-31": "7.82800", "2005-12-31": "9.30800", "2005-09-30": "8.48800", "2005-06-30": "6.17100", "2005-03-31": "0.64300"}, "Pre-Tax Income": {"2020-12-31": "979.78300", "2020-09-30": "922.27200", "2020-06-30": "748.16900", "2020-03-31": "629.49500", "2019-12-31": "672.58700", "2019-09-30": "524.72700", "2019-06-30": "609.41800", "2019-03-31": "586.04900", "2018-12-31": "659.73000", "2018-09-30": "591.37400", "2018-06-30": "958.14920", "2018-03-31": "771.70100", "2017-12-31": "734.21900", "2017-09-30": "687.72000", "2017-06-30": "603.49500", "2017-03-31": "530.58000", "2016-12-31": "384.80500", "2016-09-30": "292.79300", "2016-06-30": "281.99200", "2016-03-31": "160.91900", "2015-12-31": "208.89900", "2015-09-30": "308.30700", "2015-06-30": "170.68200", "2015-03-31": "228.57600", "2014-12-31": "178.94200", "2014-09-30": "162.65000", "2014-06-30": "289.49800", "2014-03-31": "182.08200", "2013-12-31": "160.63700", "2013-09-30": "91.14600", "2013-06-30": "74.24700", "2013-03-31": "-5.01500", "2012-12-31": "-9.34800", "2012-09-30": "6.77400", "2012-06-30": "22.78100", "2012-03-31": "54.55000", "2011-12-31": "39.76100", "2011-09-30": "87.32600", "2011-06-30": "137.06000", "2011-03-31": "198.65900", "2010-12-31": "242.14200", "2010-09-30": "223.01500", "2010-06-30": "159.25800", "2010-03-31": "150.70900", "2009-12-31": "91.29000", "2009-09-30": "28.88400", "2009-06-30": "-62.31700", "2009-03-31": "-181.68700", "2008-12-31": "-44.62500", "2008-09-30": "25.53600", "2008-06-30": "74.27200", "2008-03-31": "135.88800", "2007-12-31": "161.29700", "2007-09-30": "205.51900", "2007-06-30": "211.22100", "2007-03-31": "203.72400", "2006-12-31": "207.59700", "2006-09-30": "225.18100", "2006-06-30": "167.30700", "2006-03-31": "118.09600", "2005-12-31": "86.21700", "2005-09-30": "68.17000", "2005-06-30": "85.84200", "2005-03-31": "79.26800"}, "Income Taxes": {"2020-12-31": "110.55400", "2020-09-30": "98.82100", "2020-06-30": "51.49600", "2020-03-31": "54.71400", "2019-12-31": "158.07700", "2019-09-30": "58.93800", "2019-06-30": "67.59300", "2019-03-31": "38.65900", "2018-12-31": "90.87500", "2018-09-30": "58.01400", "2018-06-30": "-62.99700", "2018-03-31": "-7.09900", "2017-12-31": "744.17400", "2017-09-30": "97.03000", "2017-06-30": "77.07100", "2017-03-31": "-44.13300", "2016-12-31": "52.01400", "2016-09-30": "28.95800", "2016-06-30": "23.05300", "2016-03-31": "17.46800", "2015-12-31": "-14.08100", "2015-09-30": "19.62800", "2015-06-30": "39.41100", "2015-03-31": "22.29100", "2014-12-31": "2.00200", "2014-09-30": "21.56900", "2014-06-30": "56.10300", "2014-03-31": "17.68600", "2013-12-31": "11.64500", "2013-09-30": "5.64000", "2013-06-30": "-11.46000", "2013-03-31": "-24.01100", "2012-12-31": "-15.75600", "2012-09-30": "4.00600", "2012-06-30": "4.71200", "2012-03-31": "8.94600", "2011-12-31": "6.54900", "2011-09-30": "15.48800", "2011-06-30": "11.13200", "2011-03-31": "16.41900", "2010-12-31": "20.28600", "2010-09-30": "29.29100", "2010-06-30": "19.26100", "2010-03-31": "30.40800", "2009-12-31": "21.71600", "2009-09-30": "12.08700", "2009-06-30": "26.17300", "2009-03-31": "16.67200", "2008-12-31": "-20.45300", "2008-09-30": "16.66300", "2008-06-30": "2.09400", "2008-03-31": "32.36400", "2007-12-31": "46.23800", "2007-09-30": "56.93100", "2007-06-30": "40.99000", "2007-03-31": "38.98300", "2006-12-31": "40.27100", "2006-09-30": "41.66300", "2006-06-30": "45.70300", "2006-03-31": "31.75900", "2005-12-31": "8.43900", "2005-09-30": "18.67900", "2005-06-30": "21.40500", "2005-03-31": "19.81700"}, "Income After Taxes": {"2020-12-31": "869.22900", "2020-09-30": "823.45100", "2020-06-30": "696.67290", "2020-03-31": "574.78100", "2019-12-31": "514.51000", "2019-09-30": "465.78900", "2019-06-30": "541.82490", "2019-03-31": "547.39000", "2018-12-31": "568.85500", "2018-09-30": "533.36000", "2018-06-30": "1021.14600", "2018-03-31": "778.80000", "2017-12-31": "-9.95500", "2017-09-30": "590.68990", "2017-06-30": "526.42400", "2017-03-31": "574.71300", "2016-12-31": "332.79100", "2016-09-30": "263.83500", "2016-06-30": "258.93900", "2016-03-31": "143.45100", "2015-12-31": "222.98000", "2015-09-30": "288.67900", "2015-06-30": "131.27100", "2015-03-31": "206.28500", "2014-12-31": "176.94000", "2014-09-30": "141.08100", "2014-06-30": "233.39500", "2014-03-31": "164.39600", "2013-12-31": "148.99200", "2013-09-30": "85.50600", "2013-06-30": "85.70700", "2013-03-31": "18.99600", "2012-12-31": "6.40800", "2012-09-30": "2.76800", "2012-06-30": "18.06900", "2012-03-31": "45.60400", "2011-12-31": "33.21200", "2011-09-30": "71.83800", "2011-06-30": "125.92800", "2011-03-31": "182.24000", "2010-12-31": "221.85600", "2010-09-30": "193.72400", "2010-06-30": "139.99700", "2010-03-31": "120.30100", "2009-12-31": "69.57400", "2009-09-30": "16.79700", "2009-06-30": "-88.49000", "2009-03-31": "-198.35900", "2008-12-31": "-24.17200", "2008-09-30": "8.87300", "2008-06-30": "72.17800", "2008-03-31": "103.52400", "2007-12-31": "115.05900", "2007-09-30": "148.58800", "2007-06-30": "170.23110", "2007-03-31": "164.74100", "2006-12-31": "167.32600", "2006-09-30": "183.51800", "2006-06-30": "121.60400", "2006-03-31": "86.33700", "2005-12-31": "77.77800", "2005-09-30": "49.49100", "2005-06-30": "64.43700", "2005-03-31": "59.45100"}, "Other Income": {"2020-12-31": "", "2020-09-30": "", "2020-06-30": "", "2020-03-31": "", "2019-12-31": "", "2019-09-30": "", "2019-06-30": "", "2019-03-31": "", "2018-12-31": "", "2018-09-30": "", "2018-06-30": "", "2018-03-31": "", "2017-12-31": "", "2017-09-30": "", "2017-06-30": "", "2017-03-31": "", "2016-12-31": "", "2016-09-30": "", "2016-06-30": "", "2016-03-31": "", "2015-12-31": "", "2015-09-30": "", "2015-06-30": "", "2015-03-31": "", "2014-12-31": "", "2014-09-30": "", "2014-06-30": "", "2014-03-31": "", "2013-12-31": "", "2013-09-30": "", "2013-06-30": "", "2013-03-31": "", "2012-12-31": "", "2012-09-30": "", "2012-06-30": "", "2012-03-31": "", "2011-12-31": "", "2011-09-30": "", "2011-06-30": "", "2011-03-31": "", "2010-12-31": "", "2010-09-30": "", "2010-06-30": "", "2010-03-31": "", "2009-12-31": "", "2009-09-30": "", "2009-06-30": "", "2009-03-31": "", "2008-12-31": "", "2008-09-30": "", "2008-06-30": "", "2008-03-31": "", "2007-12-31": "", "2007-09-30": "", "2007-06-30": "", "2007-03-31": "", "2006-12-31": "", "2006-09-30": "", "2006-06-30": "", "2006-03-31": "", "2005-12-31": "", "2005-09-30": "", "2005-06-30": "", "2005-03-31": ""}, "Income From Continuous Operations": {"2020-12-31": "869.22900", "2020-09-30": "823.45100", "2020-06-30": "696.67290", "2020-03-31": "574.78100", "2019-12-31": "514.51000", "2019-09-30": "465.78900", "2019-06-30": "541.82490", "2019-03-31": "547.39000", "2018-12-31": "568.85500", "2018-09-30": "533.36000", "2018-06-30": "1021.14600", "2018-03-31": "778.80000", "2017-12-31": "-9.95500", "2017-09-30": "590.68990", "2017-06-30": "526.42400", "2017-03-31": "574.71300", "2016-12-31": "332.79100", "2016-09-30": "263.83500", "2016-06-30": "258.93900", "2016-03-31": "143.45100", "2015-12-31": "222.98000", "2015-09-30": "288.67900", "2015-06-30": "131.27100", "2015-03-31": "206.28500", "2014-12-31": "176.94000", "2014-09-30": "141.08100", "2014-06-30": "233.39500", "2014-03-31": "164.39600", "2013-12-31": "148.99200", "2013-09-30": "85.50600", "2013-06-30": "85.70700", "2013-03-31": "18.99600", "2012-12-31": "6.40800", "2012-09-30": "2.76800", "2012-06-30": "18.06900", "2012-03-31": "45.60400", "2011-12-31": "33.21200", "2011-09-30": "71.83800", "2011-06-30": "125.92800", "2011-03-31": "182.24000", "2010-12-31": "221.85600", "2010-09-30": "193.72400", "2010-06-30": "139.99700", "2010-03-31": "120.30100", "2009-12-31": "69.57400", "2009-09-30": "16.79700", "2009-06-30": "-88.49000", "2009-03-31": "-198.35900", "2008-12-31": "-24.17200", "2008-09-30": "8.87300", "2008-06-30": "72.17800", "2008-03-31": "103.52400", "2007-12-31": "115.05900", "2007-09-30": "148.58800", "2007-06-30": "170.23110", "2007-03-31": "164.74100", "2006-12-31": "167.32600", "2006-09-30": "183.51800", "2006-06-30": "121.60400", "2006-03-31": "86.33700", "2005-12-31": "77.77800", "2005-09-30": "49.49100", "2005-06-30": "64.43700", "2005-03-31": "59.45100"}, "Income From Discontinued Operations": {"2020-12-31": "", "2020-09-30": "", "2020-06-30": "", "2020-03-31": "", "2019-12-31": "", "2019-09-30": "", "2019-06-30": "", "2019-03-31": "", "2018-12-31": "", "2018-09-30": "", "2018-06-30": "", "2018-03-31": "", "2017-12-31": "", "2017-09-30": "", "2017-06-30": "", "2017-03-31": "", "2016-12-31": "", "2016-09-30": "", "2016-06-30": "", "2016-03-31": "", "2015-12-31": "", "2015-09-30": "", "2015-06-30": "", "2015-03-31": "", "2014-12-31": "", "2014-09-30": "", "2014-06-30": "", "2014-03-31": "", "2013-12-31": "", "2013-09-30": "", "2013-06-30": "", "2013-03-31": "", "2012-12-31": "", "2012-09-30": "", "2012-06-30": "", "2012-03-31": "", "2011-12-31": "", "2011-09-30": "", "2011-06-30": "", "2011-03-31": "", "2010-12-31": "", "2010-09-30": "", "2010-06-30": "", "2010-03-31": "", "2009-12-31": "", "2009-09-30": "", "2009-06-30": "", "2009-03-31": "", "2008-12-31": "", "2008-09-30": "", "2008-06-30": "", "2008-03-31": "", "2007-12-31": "", "2007-09-30": "", "2007-06-30": "", "2007-03-31": "", "2006-12-31": "", "2006-09-30": "", "2006-06-30": "", "2006-03-31": "", "2005-12-31": "", "2005-09-30": "", "2005-06-30": "", "2005-03-31": ""}, "Net Income": {"2020-12-31": "869.22900", "2020-09-30": "823.45100", "2020-06-30": "696.67290", "2020-03-31": "574.78100", "2019-12-31": "514.51000", "2019-09-30": "465.78900", "2019-06-30": "541.82500", "2019-03-31": "547.39000", "2018-12-31": "568.85500", "2018-09-30": "533.36000", "2018-06-30": "1021.14600", "2018-03-31": "778.80000", "2017-12-31": "-9.95500", "2017-09-30": "590.69000", "2017-06-30": "526.42400", "2017-03-31": "574.71300", "2016-12-31": "332.79100", "2016-09-30": "263.83500", "2016-06-30": "258.93910", "2016-03-31": "143.45100", "2015-12-31": "222.98000", "2015-09-30": "288.67900", "2015-06-30": "131.27100", "2015-03-31": "206.28500", "2014-12-31": "176.94000", "2014-09-30": "141.08100", "2014-06-30": "233.39500", "2014-03-31": "164.39600", "2013-12-31": "148.99200", "2013-09-30": "85.50600", "2013-06-30": "85.70700", "2013-03-31": "18.99600", "2012-12-31": "6.40800", "2012-09-30": "2.76800", "2012-06-30": "18.06900", "2012-03-31": "45.60400", "2011-12-31": "33.21200", "2011-09-30": "71.83800", "2011-06-30": "125.92800", "2011-03-31": "182.24000", "2010-12-31": "221.85600", "2010-09-30": "193.72400", "2010-06-30": "139.99700", "2010-03-31": "120.30100", "2009-12-31": "69.57400", "2009-09-30": "16.79700", "2009-06-30": "-88.49000", "2009-03-31": "-198.35900", "2008-12-31": "-24.17200", "2008-09-30": "8.87300", "2008-06-30": "72.17800", "2008-03-31": "103.52400", "2007-12-31": "115.05900", "2007-09-30": "148.58800", "2007-06-30": "170.23100", "2007-03-31": "164.74100", "2006-12-31": "167.32600", "2006-09-30": "183.51800", "2006-06-30": "121.60400", "2006-03-31": "86.33700", "2005-12-31": "77.77800", "2005-09-30": "49.49100", "2005-06-30": "64.43700", "2005-03-31": "59.45100"}, "EBITDA": {"2020-12-31": "1087.53000", "2020-09-30": "1035.39800", "2020-06-30": "828.13440", "2020-03-31": "762.72300", "2019-12-31": "753.61600", "2019-09-30": "603.79410", "2019-06-30": "684.69910", "2019-03-31": "650.65200", "2018-12-31": "773.20400", "2018-09-30": "672.80080", "2018-06-30": "1041.27300", "2018-03-31": "914.08900", "2017-12-31": "821.80790", "2017-09-30": "776.95190", "2017-06-30": "693.08910", "2017-03-31": "620.79620", "2016-12-31": "523.09500", "2016-09-30": "397.33890", "2016-06-30": "398.80050", "2016-03-31": "286.87510", "2015-12-31": "334.28110", "2015-09-30": "415.84900", "2015-06-30": "350.55530", "2015-03-31": "319.63900", "2014-12-31": "268.71500", "2014-09-30": "244.04400", "2014-06-30": "297.79500", "2014-03-31": "273.50590", "2013-12-31": "246.24310", "2013-09-30": "187.86100", "2013-06-30": "172.93920", "2013-03-31": "93.61500", "2012-12-31": "90.27300", "2012-09-30": "99.28000", "2012-06-30": "74.26010", "2012-03-31": "87.38500", "2011-12-31": "76.58900", "2011-09-30": "127.35200", "2011-06-30": "165.71700", "2011-03-31": "215.17200", "2010-12-31": "259.76700", "2010-09-30": "241.94210", "2010-06-30": "173.38090", "2010-03-31": "166.96500", "2009-12-31": "109.53200", "2009-09-30": "46.93300", "2009-06-30": "-40.31290", "2009-03-31": "-86.45800", "2008-12-31": "-20.21500", "2008-09-30": "34.41500", "2008-06-30": "83.15470", "2008-03-31": "99.19700", "2007-12-31": "172.65810", "2007-09-30": "209.12500", "2007-06-30": "212.76090", "2007-03-31": "200.42500", "2006-12-31": "202.32800", "2006-09-30": "201.24300", "2006-06-30": "161.42210", "2006-03-31": "116.12900", "2005-12-31": "82.70700", "2005-09-30": "66.51000", "2005-06-30": "86.64690", "2005-03-31": "85.71000"}, "EBIT": {"2020-12-31": "1009.72400", "2020-09-30": "961.06400", "2020-06-30": "755.72220", "2020-03-31": "694.11400", "2019-12-31": "686.51100", "2019-09-30": "537.45510", "2019-06-30": "617.08460", "2019-03-31": "565.51700", "2018-12-31": "690.37900", "2018-09-30": "591.75090", "2018-06-30": "955.19510", "2018-03-31": "827.51100", "2017-12-31": "737.37080", "2017-09-30": "693.22190", "2017-06-30": "607.93920", "2017-03-31": "538.41820", "2016-12-31": "439.82800", "2016-09-30": "315.94690", "2016-06-30": "309.24070", "2016-03-31": "190.75310", "2015-12-31": "238.83410", "2015-09-30": "335.42800", "2015-06-30": "191.03510", "2015-03-31": "239.96500", "2014-12-31": "188.74100", "2014-09-30": "168.29800", "2014-06-30": "215.85020", "2014-03-31": "191.93690", "2013-12-31": "164.47410", "2013-09-30": "105.40800", "2013-06-30": "86.49810", "2013-03-31": "10.81900", "2012-12-31": "4.04200", "2012-09-30": "16.71200", "2012-06-30": "32.66990", "2012-03-31": "58.11800", "2011-12-31": "47.54600", "2011-09-30": "99.39900", "2011-06-30": "142.19090", "2011-03-31": "196.99600", "2010-12-31": "241.10400", "2010-09-30": "223.99410", "2010-06-30": "155.71690", "2010-03-31": "149.09300", "2009-12-31": "91.34800", "2009-09-30": "29.25200", "2009-06-30": "-65.18600", "2009-03-31": "-195.18400", "2008-12-31": "-37.39200", "2008-09-30": "16.51900", "2008-06-30": "63.92790", "2008-03-31": "86.28300", "2007-12-31": "161.33400", "2007-09-30": "197.88600", "2007-06-30": "200.34890", "2007-03-31": "188.97300", "2006-12-31": "194.50500", "2006-09-30": "194.83300", "2006-06-30": "157.90910", "2006-03-31": "110.26800", "2005-12-31": "76.90900", "2005-09-30": "59.68200", "2005-06-30": "79.67090", "2005-03-31": "78.62500"}, "Basic Shares Outstanding": {"2020-12-31": "143.83000", "2020-09-30": "145.26700", "2020-06-30": "144.81400", "2020-03-31": "145.30100", "2019-12-31": "143.98700", "2019-09-30": "144.67300", "2019-06-30": "152.47800", "2019-03-31": "151.20100", "2018-12-31": "155.02200", "2018-09-30": "155.65800", "2018-06-30": "161.64300", "2018-03-31": "162.37800", "2017-12-31": "161.13500", "2017-09-30": "162.14100", "2017-06-30": "162.22200", "2017-03-31": "163.40800", "2016-12-31": "162.65900", "2016-09-30": "160.60700", "2016-06-30": "158.91900", "2016-03-31": "159.03900", "2015-12-31": "158.42400", "2015-09-30": "158.35200", "2015-06-30": "159.62900", "2015-03-31": "158.99200", "2014-12-31": "159.24800", "2014-09-30": "161.68500", "2014-06-30": "164.74100", "2014-03-31": "162.23800", "2013-12-31": "162.30500", "2013-09-30": "162.89600", "2013-06-30": "168.93200", "2013-03-31": "163.03400", "2012-12-31": "170.69900", "2012-09-30": "179.92800", "2012-06-30": "124.17600", "2012-03-31": "119.84100", "2011-12-31": "119.73900", "2011-09-30": "123.13000", "2011-06-30": "123.52900", "2011-03-31": "123.67400", "2010-12-31": "123.10100", "2010-09-30": "123.66500", "2010-06-30": "126.93300", "2010-03-31": "127.30700", "2009-12-31": "127.29600", "2009-09-30": "126.77400", "2009-06-30": "125.59500", "2009-03-31": "125.56600", "2008-12-31": "125.08400", "2008-09-30": "125.52700", "2008-06-30": "124.64700", "2008-03-31": "124.76800", "2007-12-31": "124.68500", "2007-09-30": "124.05700", "2007-06-30": "138.71400", "2007-03-31": "140.42300", "2006-12-31": "142.30600", "2006-09-30": "141.92800", "2006-06-30": "138.58100", "2006-03-31": "140.12200", "2005-12-31": "136.57200", "2005-09-30": "136.45300", "2005-06-30": "137.72700", "2005-03-31": "139.96700"}, "Shares Outstanding": {"2020-12-31": "145.91000", "2020-09-30": "147.24800", "2020-06-30": "149.09000", "2020-03-31": "148.16500", "2019-12-31": "150.09700", "2019-09-30": "150.68200", "2019-06-30": "159.91500", "2019-03-31": "157.84900", "2018-12-31": "162.17000", "2018-09-30": "165.32700", "2018-06-30": "180.78200", "2018-03-31": "179.77900", "2017-12-31": "161.13500", "2017-09-30": "183.88000", "2017-06-30": "183.77000", "2017-03-31": "185.09400", "2016-12-31": "183.54300", "2016-09-30": "180.01700", "2016-06-30": "175.15900", "2016-03-31": "174.37300", "2015-12-31": "174.24200", "2015-09-30": "174.37400", "2015-06-30": "177.06700", "2015-03-31": "177.53100", "2014-12-31": "177.04600", "2014-09-30": "177.11800", "2014-06-30": "174.50300", "2014-03-31": "171.63600", "2013-12-31": "171.75700", "2013-09-30": "171.36300", "2013-06-30": "173.43000", "2013-03-31": "168.50400", "2012-12-31": "173.02700", "2012-09-30": "181.92600", "2012-06-30": "125.23300", "2012-03-31": "120.95600", "2011-12-31": "120.87300", "2011-09-30": "124.04900", "2011-06-30": "125.01900", "2011-03-31": "125.29300", "2010-12-31": "124.78600", "2010-09-30": "125.20200", "2010-06-30": "128.12600", "2010-03-31": "128.58700", "2009-12-31": "128.82900", "2009-09-30": "127.89000", "2009-06-30": "125.59500", "2009-03-31": "125.56600", "2008-12-31": "125.08400", "2008-09-30": "126.81900", "2008-06-30": "126.50400", "2008-03-31": "126.54900", "2007-12-31": "126.65300", "2007-09-30": "126.35800", "2007-06-30": "141.52400", "2007-03-31": "143.05200", "2006-12-31": "145.34600", "2006-09-30": "144.85000", "2006-06-30": "143.75900", "2006-03-31": "144.84600", "2005-12-31": "142.52500", "2005-09-30": "141.43000", "2005-06-30": "142.46000", "2005-03-31": "144.75600"}, "Basic EPS": {"2020-12-31": "6.04000", "2020-09-30": "5.67000", "2020-06-30": "4.80000", "2020-03-31": "3.96000", "2019-12-31": "3.57000", "2019-09-30": "3.22000", "2019-06-30": "3.65000", "2019-03-31": "3.62000", "2018-12-31": "3.67000", "2018-09-30": "3.43000", "2018-06-30": "6.35000", "2018-03-31": "4.80000", "2017-12-31": "-0.06000", "2017-09-30": "3.64000", "2017-06-30": "3.26000", "2017-03-31": "3.52000", "2016-12-31": "2.05000", "2016-09-30": "1.64000", "2016-06-30": "1.62000", "2016-03-31": "0.90000", "2015-12-31": "1.41000", "2015-09-30": "1.82000", "2015-06-30": "0.83000", "2015-03-31": "1.30000", "2014-12-31": "1.11000", "2014-09-30": "0.87000", "2014-06-30": "1.39000", "2014-03-31": "1.01000", "2013-12-31": "0.92000", "2013-09-30": "0.52000", "2013-06-30": "0.49000", "2013-03-31": "0.12000", "2012-12-31": "0.04000", "2012-09-30": "0.02000", "2012-06-30": "0.12000", "2012-03-31": "0.38000", "2011-12-31": "0.28000", "2011-09-30": "0.58000", "2011-06-30": "1.02000", "2011-03-31": "1.47000", "2010-12-31": "1.80000", "2010-09-30": "1.57000", "2010-06-30": "1.11000", "2010-03-31": "0.94000", "2009-12-31": "0.55000", "2009-09-30": "0.13000", "2009-06-30": "-0.71000", "2009-03-31": "-1.58000", "2008-12-31": "-0.19000", "2008-09-30": "0.07000", "2008-06-30": "0.57000", "2008-03-31": "0.83000", "2007-12-31": "0.92000", "2007-09-30": "1.20000", "2007-06-30": "1.30000", "2007-03-31": "1.17000", "2006-12-31": "1.18000", "2006-09-30": "1.29000", "2006-06-30": "0.87000", "2006-03-31": "0.62000", "2005-12-31": "0.57000", "2005-09-30": "0.36000", "2005-06-30": "0.47000", "2005-03-31": "0.42000"}, "EPS - Earnings Per Share": {"2020-12-31": "5.96000", "2020-09-30": "5.59000", "2020-06-30": "4.70000", "2020-03-31": "3.88000", "2019-12-31": "3.43000", "2019-09-30": "3.09000", "2019-06-30": "3.49000", "2019-03-31": "3.47000", "2018-12-31": "3.51000", "2018-09-30": "3.23000", "2018-06-30": "5.69000", "2018-03-31": "4.33000", "2017-12-31": "-0.06000", "2017-09-30": "3.21000", "2017-06-30": "2.86000", "2017-03-31": "3.10000", "2016-12-31": "1.81000", "2016-09-30": "1.47000", "2016-06-30": "1.46000", "2016-03-31": "0.82000", "2015-12-31": "1.28000", "2015-09-30": "1.66000", "2015-06-30": "0.74000", "2015-03-31": "1.16000", "2014-12-31": "1.00000", "2014-09-30": "0.80000", "2014-06-30": "1.29000", "2014-03-31": "0.96000", "2013-12-31": "0.87000", "2013-09-30": "0.50000", "2013-06-30": "0.49000", "2013-03-31": "0.11000", "2012-12-31": "0.04000", "2012-09-30": "0.02000", "2012-06-30": "0.12000", "2012-03-31": "0.38000", "2011-12-31": "0.27000", "2011-09-30": "0.58000", "2011-06-30": "1.01000", "2011-03-31": "1.45000", "2010-12-31": "1.78000", "2010-09-30": "1.55000", "2010-06-30": "1.10000", "2010-03-31": "0.94000", "2009-12-31": "0.54000", "2009-09-30": "0.13000", "2009-06-30": "-0.71000", "2009-03-31": "-1.58000", "2008-12-31": "-0.19000", "2008-09-30": "0.07000", "2008-06-30": "0.56000", "2008-03-31": "0.82000", "2007-12-31": "0.91000", "2007-09-30": "1.18000", "2007-06-30": "1.28000", "2007-03-31": "1.15000", "2006-12-31": "1.15000", "2006-09-30": "1.27000", "2006-06-30": "0.83000", "2006-03-31": "0.60000", "2005-12-31": "0.55000", "2005-09-30": "0.35000", "2005-06-30": "0.45000", "2005-03-31": "0.41000"}}, "balance sheet": {"Cash On Hand": {"2020-06-30": "6710.25200", "2019-06-30": "5431.20300", "2018-06-30": "4949.59500", "2017-06-30": "6041.16200", "2016-06-30": "6827.93400", "2015-06-30": "4076.48600", "2014-06-30": "3065.64400", "2013-06-30": "2497.21800", "2012-06-30": "2862.68300", "2011-06-30": "2122.24700", "2010-06-30": "826.45700", "2009-06-30": "579.38800", "2008-06-30": "1058.73600", "2007-06-30": "670.69100", "2006-06-30": "1050.33900", "2005-06-30": "809.25300"}, "Receivables": {"2020-06-30": "2097.09900", "2019-06-30": "1455.52200", "2018-06-30": "2176.93600", "2017-06-30": "1673.39800", "2016-06-30": "1262.14500", "2015-06-30": "1093.58200", "2014-06-30": "800.61600", "2013-06-30": "602.62400", "2012-06-30": "765.81800", "2011-06-30": "590.56800", "2010-06-30": "499.89000", "2009-06-30": "253.58500", "2008-06-30": "412.35600", "2007-06-30": "410.01300", "2006-06-30": "407.34700", "2005-06-30": "232.00500"}, "Inventory": {"2020-06-30": "1900.02400", "2019-06-30": "1540.14000", "2018-06-30": "1876.16200", "2017-06-30": "1232.91600", "2016-06-30": "971.91100", "2015-06-30": "943.34600", "2014-06-30": "740.50300", "2013-06-30": "559.31700", "2012-06-30": "632.85300", "2011-06-30": "396.60700", "2010-06-30": "318.47900", "2009-06-30": "233.41000", "2008-06-30": "282.21800", "2007-06-30": "235.43100", "2006-06-30": "168.71400", "2005-06-30": "110.05100"}, "Pre-Paid Expenses": {"2020-06-30": "146.16000", "2019-06-30": "133.54400", "2018-06-30": "147.21800", "2017-06-30": "195.02200", "2016-06-30": "151.16000", "2015-06-30": "157.43500", "2014-06-30": "176.89900", "2013-06-30": "134.67000", "2012-06-30": "105.97300", "2011-06-30": "85.40800", "2010-06-30": "65.67700", "2009-06-30": "101.71400", "2008-06-30": "67.64900", "2007-06-30": "38.49900", "2006-06-30": "26.34400", "2005-06-30": "16.86700"}, "Other Current Assets": {"2020-06-30": "", "2019-06-30": "", "2018-06-30": "", "2017-06-30": "", "2016-06-30": "", "2015-06-30": "", "2014-06-30": "", "2013-06-30": "", "2012-06-30": "", "2011-06-30": "", "2010-06-30": "", "2009-06-30": "", "2008-06-30": "", "2007-06-30": "", "2006-06-30": "", "2005-06-30": ""}, "Total Current Assets": {"2020-06-30": "10853.54000", "2019-06-30": "8560.40900", "2018-06-30": "9149.91100", "2017-06-30": "9142.49800", "2016-06-30": "9213.15000", "2015-06-30": "6270.84900", "2014-06-30": "4783.66200", "2013-06-30": "3793.82900", "2012-06-30": "4415.10900", "2011-06-30": "3273.26500", "2010-06-30": "1756.66100", "2009-06-30": "1237.14000", "2008-06-30": "1917.70700", "2007-06-30": "1416.36100", "2006-06-30": "1706.36900", "2005-06-30": "1244.83600"}, "Property, Plant, And Equipment": {"2020-06-30": "1071.49900", "2019-06-30": "1059.07700", "2018-06-30": "902.54700", "2017-06-30": "685.59500", "2016-06-30": "639.60800", "2015-06-30": "621.41800", "2014-06-30": "543.49600", "2013-06-30": "603.91000", "2012-06-30": "584.59600", "2011-06-30": "270.45800", "2010-06-30": "200.33600", "2009-06-30": "215.66600", "2008-06-30": "235.73500", "2007-06-30": "113.72500", "2006-06-30": "49.89300", "2005-06-30": "41.08200"}, "Long-Term Investments": {"2020-06-30": "", "2019-06-30": "", "2018-06-30": "", "2017-06-30": "", "2016-06-30": "", "2015-06-30": "", "2014-06-30": "", "2013-06-30": "", "2012-06-30": "", "2011-06-30": "", "2010-06-30": "", "2009-06-30": "", "2008-06-30": "", "2007-06-30": "", "2006-06-30": "", "2005-06-30": ""}, "Goodwill And Intangible Assets": {"2020-06-30": "1652.96800", "2019-06-30": "1701.54700", "2018-06-30": "1802.74000", "2017-06-30": "1796.66800", "2016-06-30": "1951.19700", "2015-06-30": "2115.64900", "2014-06-30": "2360.30300", "2013-06-30": "2526.54100", "2012-06-30": "2686.73000", "2011-06-30": "216.61600", "2010-06-30": "236.90600", "2009-06-30": "260.78700", "2008-06-30": "403.18700", "2007-06-30": "130.65000", "2006-06-30": "14.64300", "2005-06-30": ""}, "Other Long-Term Assets": {"2020-06-30": "981.04500", "2019-06-30": "680.30000", "2018-06-30": "624.28000", "2017-06-30": "498.00400", "2016-06-30": "460.36000", "2015-06-30": "356.73200", "2014-06-30": "305.84500", "2013-06-30": "326.03500", "2012-06-30": "318.21700", "2011-06-30": "289.63600", "2010-06-30": "267.27100", "2009-06-30": "262.58400", "2008-06-30": "230.33300", "2007-06-30": "413.45500", "2006-06-30": "503.90600", "2005-06-30": "119.67300"}, "Total Long-Term Assets": {"2020-06-30": "3705.51200", "2019-06-30": "3440.92400", "2018-06-30": "3329.56700", "2017-06-30": "2980.26700", "2016-06-30": "3051.16500", "2015-06-30": "3093.79900", "2014-06-30": "3209.64400", "2013-06-30": "3456.48600", "2012-06-30": "3589.54300", "2011-06-30": "780.60200", "2010-06-30": "730.73100", "2009-06-30": "756.04390", "2008-06-30": "889.04800", "2007-06-30": "685.24400", "2006-06-30": "621.01300", "2005-06-30": "203.97900"}, "Total Assets": {"2020-06-30": "14559.05000", "2019-06-30": "12001.33000", "2018-06-30": "12479.48000", "2017-06-30": "12122.76000", "2016-06-30": "12264.32000", "2015-06-30": "9364.64800", "2014-06-30": "7993.30600", "2013-06-30": "7250.31500", "2012-06-30": "8004.65200", "2011-06-30": "4053.86700", "2010-06-30": "2487.39200", "2009-06-30": "1993.18400", "2008-06-30": "2806.75500", "2007-06-30": "2101.60500", "2006-06-30": "2327.38200", "2005-06-30": "1448.81500"}, "Total Current Liabilities": {"2020-06-30": "3162.44200", "2019-06-30": "2371.65000", "2018-06-30": "3150.30800", "2017-06-30": "2950.11500", "2016-06-30": "2418.04100", "2015-06-30": "2631.36100", "2014-06-30": "1582.00100", "2013-06-30": "1404.47500", "2012-06-30": "1426.92800", "2011-06-30": "680.75900", "2010-06-30": "558.65700", "2009-06-30": "382.07600", "2008-06-30": "637.67900", "2007-06-30": "672.79800", "2006-06-30": "567.64900", "2005-06-30": "379.13300"}, "Long Term Debt": {"2020-06-30": "4970.84800", "2019-06-30": "3822.76800", "2018-06-30": "1806.56200", "2017-06-30": "1784.97400", "2016-06-30": "3378.12900", "2015-06-30": "1001.38200", "2014-06-30": "1000.55100", "2013-06-30": "976.17600", "2012-06-30": "952.12600", "2011-06-30": "738.48800", "2010-06-30": "17.64500", "2009-06-30": "40.88600", "2008-06-30": "276.50300", "2007-06-30": "250.00000", "2006-06-30": "350.00000", "2005-06-30": ""}, "Other Non-Current Liabilities": {"2020-06-30": "1242.26800", "2019-06-30": "1083.61100", "2018-06-30": "942.56500", "2017-06-30": "400.36400", "2016-06-30": "366.07600", "2015-06-30": "386.95300", "2014-06-30": "381.01900", "2013-06-30": "380.79200", "2012-06-30": "493.81700", "2011-06-30": "164.77500", "2010-06-30": "142.95500", "2009-06-30": "117.13300", "2008-06-30": "108.62900", "2007-06-30": "2.48700", "2006-06-30": "0.96900", "2005-06-30": "2.78600"}, "Total Long Term Liabilities": {"2020-06-30": "6213.11600", "2019-06-30": "4906.37900", "2018-06-30": "2749.12700", "2017-06-30": "2185.33800", "2016-06-30": "3744.20500", "2015-06-30": "1388.33500", "2014-06-30": "1381.57000", "2013-06-30": "1356.96800", "2012-06-30": "1445.94300", "2011-06-30": "903.26290", "2010-06-30": "160.60000", "2009-06-30": "158.01900", "2008-06-30": "390.47900", "2007-06-30": "252.48700", "2006-06-30": "350.96900", "2005-06-30": "2.78600"}, "Total Liabilities": {"2020-06-30": "9375.55800", "2019-06-30": "7278.02900", "2018-06-30": "5899.43500", "2017-06-30": "5135.45300", "2016-06-30": "6162.24600", "2015-06-30": "4019.69600", "2014-06-30": "2963.57100", "2013-06-30": "2761.44300", "2012-06-30": "2872.87100", "2011-06-30": "1584.02200", "2010-06-30": "719.25700", "2009-06-30": "540.09500", "2008-06-30": "1028.15800", "2007-06-30": "925.28500", "2006-06-30": "918.61800", "2005-06-30": "381.91900"}, "Common Stock Net": {"2020-06-30": "0.14500", "2019-06-30": "0.14400", "2018-06-30": "0.15700", "2017-06-30": "0.16200", "2016-06-30": "0.16000", "2015-06-30": "0.15900", "2014-06-30": "0.16200", "2013-06-30": "0.16300", "2012-06-30": "0.18700", "2011-06-30": "0.12400", "2010-06-30": "0.12600", "2009-06-30": "0.12700", "2008-06-30": "0.12500", "2007-06-30": "0.12400", "2006-06-30": "0.14200", "2005-06-30": "0.13700"}, "Retained Earnings (Accumulated Deficit)": {"2020-06-30": "11520.59000", "2019-06-30": "9930.91900", "2018-06-30": "8261.19400", "2017-06-30": "6249.69100", "2016-06-30": "4820.10900", "2015-06-30": "4096.85500", "2014-06-30": "3575.73700", "2013-06-30": "2972.68800", "2012-06-30": "2858.80900", "2011-06-30": "2690.08600", "2010-06-30": "1966.33600", "2009-06-30": "1624.24600", "2008-06-30": "1926.39400", "2007-06-30": "1469.45200", "2006-06-30": "784.42300", "2005-06-30": "520.16500"}, "Comprehensive Income": {"2020-06-30": "-94.21100", "2019-06-30": "-64.03000", "2018-06-30": "-57.44900", "2017-06-30": "-61.70000", "2016-06-30": "-69.33300", "2015-06-30": "-57.79600", "2014-06-30": "-28.65500", "2013-06-30": "-28.69300", "2012-06-30": "-33.81800", "2011-06-30": "9.76100", "2010-06-30": "-69.84900", "2009-06-30": "-52.82200", "2008-06-30": "10.62000", "2007-06-30": "-4.30200", "2006-06-30": "-11.20500", "2005-06-30": "-10.78900"}, "Other Share Holders Equity": {"2020-06-30": "10.99500", "2019-06-30": "49.43900", "2018-06-30": "78.19200", "2017-06-30": "169.86100", "2016-06-30": "207.55200", "2015-06-30": "241.80800", "2014-06-30": "", "2013-06-30": "", "2012-06-30": "", "2011-06-30": "", "2010-06-30": "", "2009-06-30": "", "2008-06-30": "", "2007-06-30": "", "2006-06-30": "", "2005-06-30": ""}, "Share Holder Equity": {"2020-06-30": "5183.48900", "2019-06-30": "4723.30400", "2018-06-30": "6580.04300", "2017-06-30": "6987.31200", "2016-06-30": "6102.06900", "2015-06-30": "5344.95200", "2014-06-30": "5029.73500", "2013-06-30": "4488.87200", "2012-06-30": "5131.78100", "2011-06-30": "2469.84500", "2010-06-30": "1768.13500", "2009-06-30": "1453.08900", "2008-06-30": "1778.59700", "2007-06-30": "1176.32000", "2006-06-30": "1408.76400", "2005-06-30": "1066.89600"}, "Total Liabilities And Share Holders Equity": {"2020-06-30": "14559.05000", "2019-06-30": "12001.33000", "2018-06-30": "12479.48000", "2017-06-30": "12122.76000", "2016-06-30": "12264.32000", "2015-06-30": "9364.64800", "2014-06-30": "7993.30600", "2013-06-30": "7250.31500", "2012-06-30": "8004.65200", "2011-06-30": "4053.86700", "2010-06-30": "2487.39200", "2009-06-30": "1993.18400", "2008-06-30": "2806.75500", "2007-06-30": "2101.60500", "2006-06-30": "2327.38200", "2005-06-30": "1448.81500"}}, "balance sheet, quarterly": {"Cash On Hand": {"2020-12-31": "6042.23200", "2020-09-30": "6657.90800", "2020-06-30": "6710.25200", "2020-03-31": "5393.13600", "2019-12-31": "4683.75400", "2019-09-30": "5590.83200", "2019-06-30": "5431.20300", "2019-03-31": "6140.92600", "2018-12-31": "3635.46300", "2018-09-30": "3618.94800", "2018-06-30": "4949.59500", "2018-03-31": "6484.97100", "2017-12-31": "5699.69900", "2017-09-30": "6182.38700", "2017-06-30": "6041.16200", "2017-03-31": "5883.60600", "2016-12-31": "5833.38500", "2016-09-30": "7214.47600", "2016-06-30": "6827.93400", "2016-03-31": "4538.73900", "2015-12-31": "4475.48000", "2015-09-30": "4331.79900", "2015-06-30": "4076.48600", "2015-03-31": "3949.13100", "2014-12-31": "2883.67700", "2014-09-30": "2887.34600", "2014-06-30": "3065.64400", "2014-03-31": "2754.47200", "2013-12-31": "2522.29000", "2013-09-30": "2456.21500", "2013-06-30": "2497.21800", "2013-03-31": "2356.92800", "2012-12-31": "2520.68700", "2012-09-30": "2724.23300", "2012-06-30": "2862.68300", "2012-03-31": "2403.96300", "2011-12-31": "2219.78400", "2011-09-30": "2052.40500", "2011-06-30": "2122.24700", "2011-03-31": "1255.58900", "2010-12-31": "1032.09800", "2010-09-30": "933.27300", "2010-06-30": "826.45700", "2010-03-31": "678.54700", "2009-12-31": "645.73300", "2009-09-30": "576.19400", "2009-06-30": "579.38800", "2009-03-31": "623.14800", "2008-12-31": "950.31200", "2008-09-30": "1059.23500", "2008-06-30": "1058.73600", "2008-03-31": "842.89500", "2007-12-31": "869.87800", "2007-09-30": "911.24600", "2007-06-30": "670.69100", "2007-03-31": "1133.68500", "2006-12-31": "1203.96200", "2006-09-30": "1264.63200", "2006-06-30": "1050.33900", "2006-03-31": "991.37300", "2005-12-31": "892.24500", "2005-09-30": "788.81600", "2005-06-30": "809.25300", "2005-03-31": "726.29200"}, "Receivables": {"2020-12-31": "2900.36200", "2020-09-30": "2317.92200", "2020-06-30": "2097.09900", "2020-03-31": "2191.07000", "2019-12-31": "2030.49000", "2019-09-30": "1635.64300", "2019-06-30": "1455.52200", "2019-03-31": "1522.27300", "2018-12-31": "1868.84200", "2018-09-30": "1846.84500", "2018-06-30": "2176.93600", "2018-03-31": "2082.63200", "2017-12-31": "2279.04400", "2017-09-30": "1530.76200", "2017-06-30": "1673.39800", "2017-03-31": "1636.09000", "2016-12-31": "1426.30700", "2016-09-30": "1290.31700", "2016-06-30": "1262.14500", "2016-03-31": "1236.61700", "2015-12-31": "1089.85000", "2015-09-30": "1088.94200", "2015-06-30": "1093.58200", "2015-03-31": "1046.80000", "2014-12-31": "944.01400", "2014-09-30": "864.40300", "2014-06-30": "800.61600", "2014-03-31": "818.39000", "2013-12-31": "909.72000", "2013-09-30": "713.52400", "2013-06-30": "602.62400", "2013-03-31": "544.07000", "2012-12-31": "590.92500", "2012-09-30": "640.21700", "2012-06-30": "765.81800", "2012-03-31": "471.77600", "2011-12-31": "462.24300", "2011-09-30": "523.24000", "2011-06-30": "590.56800", "2011-03-31": "637.79500", "2010-12-31": "689.40000", "2010-09-30": "526.90400", "2010-06-30": "499.89000", "2010-03-31": "521.81000", "2009-12-31": "420.48600", "2009-09-30": "325.75600", "2009-06-30": "253.58500", "2009-03-31": "196.84200", "2008-12-31": "290.56500", "2008-09-30": "311.63300", "2008-06-30": "412.35600", "2008-03-31": "599.71900", "2007-12-31": "441.99300", "2007-09-30": "339.15900", "2007-06-30": "410.01300", "2007-03-31": "461.36500", "2006-12-31": "456.42700", "2006-09-30": "379.86900", "2006-06-30": "407.34700", "2006-03-31": "319.15000", "2005-12-31": "279.18500", "2005-09-30": "220.95500", "2005-06-30": "232.00500", "2005-03-31": "257.49600"}, "Inventory": {"2020-12-31": "2348.95500", "2020-09-30": "2138.05000", "2020-06-30": "1900.02400", "2020-03-31": "1674.74000", "2019-12-31": "1528.62000", "2019-09-30": "1483.38500", "2019-06-30": "1540.14000", "2019-03-31": "1622.24200", "2018-12-31": "1703.30700", "2018-09-30": "1874.19400", "2018-06-30": "1876.16200", "2018-03-31": "1693.12800", "2017-12-31": "1507.43500", "2017-09-30": "1328.29700", "2017-06-30": "1232.91600", "2017-03-31": "1133.19600", "2016-12-31": "1018.89100", "2016-09-30": "931.58100", "2016-06-30": "971.91100", "2016-03-31": "934.93200", "2015-12-31": "879.82100", "2015-09-30": "916.68300", "2015-06-30": "943.34600", "2015-03-31": "919.67900", "2014-12-31": "913.39000", "2014-09-30": "815.61200", "2014-06-30": "740.50300", "2014-03-31": "717.35600", "2013-12-31": "661.57200", "2013-09-30": "614.79000", "2013-06-30": "559.31700", "2013-03-31": "545.03600", "2012-12-31": "530.27200", "2012-09-30": "567.92000", "2012-06-30": "632.85300", "2012-03-31": "376.12600", "2011-12-31": "373.13000", "2011-09-30": "396.30100", "2011-06-30": "396.60700", "2011-03-31": "355.73400", "2010-12-31": "333.87400", "2010-09-30": "338.33500", "2010-06-30": "318.47900", "2010-03-31": "281.46900", "2009-12-31": "241.29600", "2009-09-30": "220.08300", "2009-06-30": "233.41000", "2009-03-31": "260.66700", "2008-12-31": "269.95900", "2008-09-30": "272.21500", "2008-06-30": "282.21800", "2008-03-31": "305.80200", "2007-12-31": "242.21600", "2007-09-30": "239.87500", "2007-06-30": "235.43100", "2007-03-31": "228.43500", "2006-12-31": "212.29900", "2006-09-30": "188.17900", "2006-06-30": "168.71400", "2006-03-31": "144.25900", "2005-12-31": "114.05100", "2005-09-30": "113.70200", "2005-06-30": "110.05100", "2005-03-31": "120.35300"}, "Pre-Paid Expenses": {"2020-12-31": "176.40300", "2020-09-30": "161.00300", "2020-06-30": "146.16000", "2020-03-31": "149.83900", "2019-12-31": "212.10100", "2019-09-30": "124.75500", "2019-06-30": "133.54400", "2019-03-31": "156.80000", "2018-12-31": "148.23300", "2018-09-30": "175.88600", "2018-06-30": "147.21800", "2018-03-31": "165.06600", "2017-12-31": "179.94400", "2017-09-30": "187.33400", "2017-06-30": "195.02200", "2017-03-31": "223.05600", "2016-12-31": "225.29100", "2016-09-30": "162.62800", "2016-06-30": "151.16000", "2016-03-31": "231.27700", "2015-12-31": "225.04600", "2015-09-30": "178.55700", "2015-06-30": "157.43500", "2015-03-31": "145.35700", "2014-12-31": "173.73100", "2014-09-30": "123.61500", "2014-06-30": "176.89900", "2014-03-31": "157.13100", "2013-12-31": "138.35900", "2013-09-30": "110.63300", "2013-06-30": "134.67000", "2013-03-31": "86.15600", "2012-12-31": "65.22400", "2012-09-30": "100.49000", "2012-06-30": "105.97300", "2012-03-31": "93.32500", "2011-12-31": "79.21500", "2011-09-30": "84.35300", "2011-06-30": "85.40800", "2011-03-31": "77.72200", "2010-12-31": "76.99300", "2010-09-30": "74.72800", "2010-06-30": "65.67700", "2010-03-31": "73.54600", "2009-12-31": "79.48200", "2009-09-30": "61.12800", "2009-06-30": "101.71400", "2009-03-31": "82.27300", "2008-12-31": "56.64800", "2008-09-30": "69.98300", "2008-06-30": "67.64900", "2008-03-31": "65.54200", "2007-12-31": "59.10800", "2007-09-30": "25.44000", "2007-06-30": "38.49900", "2007-03-31": "66.11800", "2006-12-31": "43.16900", "2006-09-30": "40.71400", "2006-06-30": "26.34400", "2006-03-31": "34.17300", "2005-12-31": "30.28800", "2005-09-30": "35.38600", "2005-06-30": "16.86700", "2005-03-31": "11.35300"}, "Other Current Assets": {"2020-12-31": "", "2020-09-30": "", "2020-06-30": "", "2020-03-31": "", "2019-12-31": "", "2019-09-30": "", "2019-06-30": "", "2019-03-31": "", "2018-12-31": "", "2018-09-30": "", "2018-06-30": "", "2018-03-31": "", "2017-12-31": "", "2017-09-30": "", "2017-06-30": "", "2017-03-31": "", "2016-12-31": "", "2016-09-30": "", "2016-06-30": "", "2016-03-31": "", "2015-12-31": "", "2015-09-30": "", "2015-06-30": "", "2015-03-31": "", "2014-12-31": "", "2014-09-30": "", "2014-06-30": "", "2014-03-31": "", "2013-12-31": "", "2013-09-30": "", "2013-06-30": "", "2013-03-31": "", "2012-12-31": "", "2012-09-30": "", "2012-06-30": "", "2012-03-31": "", "2011-12-31": "", "2011-09-30": "", "2011-06-30": "", "2011-03-31": "", "2010-12-31": "", "2010-09-30": "", "2010-06-30": "", "2010-03-31": "", "2009-12-31": "", "2009-09-30": "", "2009-06-30": "", "2009-03-31": "", "2008-12-31": "", "2008-09-30": "", "2008-06-30": "", "2008-03-31": "", "2007-12-31": "", "2007-09-30": "", "2007-06-30": "", "2007-03-31": "", "2006-12-31": "", "2006-09-30": "", "2006-06-30": "", "2006-03-31": "", "2005-12-31": "", "2005-09-30": "", "2005-06-30": "", "2005-03-31": ""}, "Total Current Assets": {"2020-12-31": "11467.95000", "2020-09-30": "11274.88000", "2020-06-30": "10853.54000", "2020-03-31": "9408.78500", "2019-12-31": "8454.96500", "2019-09-30": "8834.61500", "2019-06-30": "8560.40900", "2019-03-31": "9442.24100", "2018-12-31": "7355.84500", "2018-09-30": "7515.87300", "2018-06-30": "9149.91100", "2018-03-31": "10425.80000", "2017-12-31": "9666.12200", "2017-09-30": "9228.78000", "2017-06-30": "9142.49800", "2017-03-31": "8875.94800", "2016-12-31": "8503.87400", "2016-09-30": "9599.00200", "2016-06-30": "9213.15000", "2016-03-31": "6941.56500", "2015-12-31": "6670.19700", "2015-09-30": "6515.98100", "2015-06-30": "6270.84900", "2015-03-31": "6060.96700", "2014-12-31": "4914.81200", "2014-09-30": "4690.97600", "2014-06-30": "4783.66200", "2014-03-31": "4447.34900", "2013-12-31": "4249.03600", "2013-09-30": "3924.25200", "2013-06-30": "3793.82900", "2013-03-31": "3669.91900", "2012-12-31": "3846.40800", "2012-09-30": "4169.41600", "2012-06-30": "4415.10900", "2012-03-31": "3423.90900", "2011-12-31": "3212.85100", "2011-09-30": "3134.62900", "2011-06-30": "3273.26500", "2011-03-31": "2372.77400", "2010-12-31": "2179.74500", "2010-09-30": "1919.43100", "2010-06-30": "1756.66100", "2010-03-31": "1604.73500", "2009-12-31": "1434.98100", "2009-09-30": "1240.45400", "2009-06-30": "1237.14000", "2009-03-31": "1253.47100", "2008-12-31": "1660.48600", "2008-09-30": "1808.25200", "2008-06-30": "1917.70700", "2008-03-31": "1890.68300", "2007-12-31": "1676.19200", "2007-09-30": "1578.70400", "2007-06-30": "1416.36100", "2007-03-31": "1944.36800", "2006-12-31": "1956.65600", "2006-09-30": "1920.60000", "2006-06-30": "1706.36900", "2006-03-31": "1539.76800", "2005-12-31": "1380.49300", "2005-09-30": "1222.93600", "2005-06-30": "1244.83600", "2005-03-31": "1183.88000"}, "Property, Plant, And Equipment": {"2020-12-31": "1208.28500", "2020-09-30": "1133.52900", "2020-06-30": "1071.49900", "2020-03-31": "1048.61900", "2019-12-31": "1047.25400", "2019-09-30": "1030.16800", "2019-06-30": "1059.07700", "2019-03-31": "1040.32900", "2018-12-31": "1013.30600", "2018-09-30": "951.37600", "2018-06-30": "902.54700", "2018-03-31": "826.50000", "2017-12-31": "807.34000", "2017-09-30": "745.60000", "2017-06-30": "685.59500", "2017-03-31": "675.70700", "2016-12-31": "672.55300", "2016-09-30": "649.58700", "2016-06-30": "639.60800", "2016-03-31": "664.42400", "2015-12-31": "643.74600", "2015-09-30": "636.76900", "2015-06-30": "621.41800", "2015-03-31": "579.82400", "2014-12-31": "585.37200", "2014-09-30": "555.65800", "2014-06-30": "543.49600", "2014-03-31": "552.59100", "2013-12-31": "546.19300", "2013-09-30": "564.84500", "2013-06-30": "603.91000", "2013-03-31": "594.91600", "2012-12-31": "590.54700", "2012-09-30": "593.20200", "2012-06-30": "584.59600", "2012-03-31": "279.95500", "2011-12-31": "272.40900", "2011-09-30": "266.41100", "2011-06-30": "270.45800", "2011-03-31": "251.95400", "2010-12-31": "229.76900", "2010-09-30": "206.23800", "2010-06-30": "200.33600", "2010-03-31": "203.03700", "2009-12-31": "205.08900", "2009-09-30": "211.34800", "2009-06-30": "215.66600", "2009-03-31": "225.86400", "2008-12-31": "233.25000", "2008-09-30": "230.37700", "2008-06-30": "235.73500", "2008-03-31": "231.74800", "2007-12-31": "133.98500", "2007-09-30": "117.42100", "2007-06-30": "113.72500", "2007-03-31": "107.38800", "2006-12-31": "97.03400", "2006-09-30": "56.78600", "2006-06-30": "49.89300", "2006-03-31": "43.90300", "2005-12-31": "41.65200", "2005-09-30": "40.01000", "2005-06-30": "41.08200", "2005-03-31": "43.16700"}, "Long-Term Investments": {"2020-12-31": "", "2020-09-30": "", "2020-06-30": "", "2020-03-31": "", "2019-12-31": "", "2019-09-30": "", "2019-06-30": "", "2019-03-31": "", "2018-12-31": "", "2018-09-30": "", "2018-06-30": "", "2018-03-31": "", "2017-12-31": "", "2017-09-30": "", "2017-06-30": "", "2017-03-31": "", "2016-12-31": "", "2016-09-30": "", "2016-06-30": "", "2016-03-31": "", "2015-12-31": "", "2015-09-30": "", "2015-06-30": "", "2015-03-31": "", "2014-12-31": "", "2014-09-30": "", "2014-06-30": "", "2014-03-31": "", "2013-12-31": "", "2013-09-30": "", "2013-06-30": "", "2013-03-31": "", "2012-12-31": "", "2012-09-30": "", "2012-06-30": "", "2012-03-31": "", "2011-12-31": "", "2011-09-30": "", "2011-06-30": "", "2011-03-31": "", "2010-12-31": "", "2010-09-30": "", "2010-06-30": "", "2010-03-31": "", "2009-12-31": "", "2009-09-30": "", "2009-06-30": "", "2009-03-31": "", "2008-12-31": "", "2008-09-30": "", "2008-06-30": "", "2008-03-31": "", "2007-12-31": "", "2007-09-30": "", "2007-06-30": "", "2007-03-31": "", "2006-12-31": "", "2006-09-30": "", "2006-06-30": "", "2006-03-31": "", "2005-12-31": "", "2005-09-30": "", "2005-06-30": "", "2005-03-31": ""}, "Goodwill And Intangible Assets": {"2020-12-31": "1641.16800", "2020-09-30": "1646.34300", "2020-06-30": "1652.96800", "2020-03-31": "1666.73200", "2019-12-31": "1677.94000", "2019-09-30": "1690.64800", "2019-06-30": "1701.54700", "2019-03-31": "1707.93000", "2018-12-31": "1736.46800", "2018-09-30": "1767.56200", "2018-06-30": "1802.74000", "2018-03-31": "1825.89100", "2017-12-31": "1866.15900", "2017-09-30": "1904.38900", "2017-06-30": "1796.66800", "2017-03-31": "1835.15000", "2016-12-31": "1873.58100", "2016-09-30": "1912.43100", "2016-06-30": "1951.19700", "2016-03-31": "1999.33800", "2015-12-31": "2039.21300", "2015-09-30": "2076.16400", "2015-06-30": "2115.64900", "2015-03-31": "2242.97700", "2014-12-31": "2282.00600", "2014-09-30": "2322.15300", "2014-06-30": "2360.30300", "2014-03-31": "2408.91300", "2013-12-31": "2453.06600", "2013-09-30": "2484.90000", "2013-06-30": "2526.54100", "2013-03-31": "2562.98600", "2012-12-31": "2608.22100", "2012-09-30": "2642.77000", "2012-06-30": "2686.73000", "2012-03-31": "203.27600", "2011-12-31": "207.56800", "2011-09-30": "212.08700", "2011-06-30": "216.61600", "2011-03-31": "221.14600", "2010-12-31": "225.67100", "2010-09-30": "231.68800", "2010-06-30": "236.90600", "2010-03-31": "242.86800", "2009-12-31": "248.83800", "2009-09-30": "254.81600", "2009-06-30": "260.78700", "2009-03-31": "268.24900", "2008-12-31": "371.98700", "2008-09-30": "374.53800", "2008-06-30": "403.18700", "2008-03-31": "391.90900", "2007-12-31": "126.16300", "2007-09-30": "129.79700", "2007-06-30": "130.65000", "2007-03-31": "117.50700", "2006-12-31": "120.53300", "2006-09-30": "", "2006-06-30": "14.64300", "2006-03-31": "", "2005-12-31": "", "2005-09-30": "", "2005-06-30": "", "2005-03-31": ""}, "Other Long-Term Assets": {"2020-12-31": "1052.96900", "2020-09-30": "1002.25300", "2020-06-30": "981.04500", "2020-03-31": "814.49900", "2019-12-31": "733.96300", "2019-09-30": "788.07100", "2019-06-30": "680.30000", "2019-03-31": "704.76200", "2018-12-31": "662.83900", "2018-09-30": "722.76600", "2018-06-30": "624.28000", "2018-03-31": "585.31100", "2017-12-31": "572.64400", "2017-09-30": "519.85700", "2017-06-30": "498.00400", "2017-03-31": "488.38100", "2016-12-31": "471.05100", "2016-09-30": "475.34200", "2016-06-30": "460.36000", "2016-03-31": "418.93500", "2015-12-31": "397.26500", "2015-09-30": "365.51700", "2015-06-30": "356.73200", "2015-03-31": "354.77300", "2014-12-31": "328.49900", "2014-09-30": "325.04100", "2014-06-30": "305.84500", "2014-03-31": "298.51400", "2013-12-31": "307.50300", "2013-09-30": "316.34800", "2013-06-30": "326.03500", "2013-03-31": "318.48100", "2012-12-31": "317.64400", "2012-09-30": "318.95800", "2012-06-30": "318.21700", "2012-03-31": "286.12300", "2011-12-31": "281.13500", "2011-09-30": "283.10900", "2011-06-30": "289.63600", "2011-03-31": "273.04300", "2010-12-31": "270.00200", "2010-09-30": "267.97100", "2010-06-30": "267.27100", "2010-03-31": "259.33900", "2009-12-31": "279.53500", "2009-09-30": "272.18900", "2009-06-30": "262.58400", "2009-03-31": "270.61700", "2008-12-31": "246.86200", "2008-09-30": "237.64100", "2008-06-30": "230.33300", "2008-03-31": "244.76000", "2007-12-31": "475.66600", "2007-09-30": "426.24900", "2007-06-30": "413.45500", "2007-03-31": "411.93500", "2006-12-31": "467.96700", "2006-09-30": "518.44200", "2006-06-30": "503.90600", "2006-03-31": "118.74500", "2005-12-31": "119.69300", "2005-09-30": "121.29500", "2005-06-30": "119.67300", "2005-03-31": "153.28900"}, "Total Long-Term Assets": {"2020-12-31": "3902.42200", "2020-09-30": "3782.12500", "2020-06-30": "3705.51200", "2020-03-31": "3529.85000", "2019-12-31": "3459.15700", "2019-09-30": "3508.88700", "2019-06-30": "3440.92400", "2019-03-31": "3453.02100", "2018-12-31": "3412.61300", "2018-09-30": "3441.70400", "2018-06-30": "3329.56700", "2018-03-31": "3237.70200", "2017-12-31": "3246.14300", "2017-09-30": "3169.84600", "2017-06-30": "2980.26700", "2017-03-31": "2999.23800", "2016-12-31": "3017.18500", "2016-09-30": "3037.36000", "2016-06-30": "3051.16500", "2016-03-31": "3082.69700", "2015-12-31": "3080.22400", "2015-09-30": "3078.45000", "2015-06-30": "3093.79900", "2015-03-31": "3177.57400", "2014-12-31": "3195.87700", "2014-09-30": "3202.85200", "2014-06-30": "3209.64400", "2014-03-31": "3260.01800", "2013-12-31": "3306.76200", "2013-09-30": "3366.09300", "2013-06-30": "3456.48600", "2013-03-31": "3476.38300", "2012-12-31": "3516.75600", "2012-09-30": "3554.93000", "2012-06-30": "3589.54300", "2012-03-31": "769.35400", "2011-12-31": "765.29600", "2011-09-30": "766.32500", "2011-06-30": "780.60200", "2011-03-31": "775.72100", "2010-12-31": "753.47200", "2010-09-30": "732.86500", "2010-06-30": "730.73100", "2010-03-31": "719.62400", "2009-12-31": "749.86100", "2009-09-30": "754.65100", "2009-06-30": "756.04390", "2009-03-31": "780.01100", "2008-12-31": "877.93500", "2008-09-30": "876.31810", "2008-06-30": "889.04800", "2008-03-31": "903.58100", "2007-12-31": "771.97200", "2007-09-30": "710.41390", "2007-06-30": "685.24400", "2007-03-31": "665.50200", "2006-12-31": "723.04990", "2006-09-30": "613.76100", "2006-06-30": "621.01300", "2006-03-31": "199.05700", "2005-12-31": "201.77800", "2005-09-30": "201.73800", "2005-06-30": "203.97900", "2005-03-31": "299.14100"}, "Total Assets": {"2020-12-31": "15370.37000", "2020-09-30": "15057.01000", "2020-06-30": "14559.05000", "2020-03-31": "12938.63000", "2019-12-31": "11914.12000", "2019-09-30": "12343.50000", "2019-06-30": "12001.33000", "2019-03-31": "12895.26000", "2018-12-31": "10768.46000", "2018-09-30": "10957.58000", "2018-06-30": "12479.48000", "2018-03-31": "13663.50000", "2017-12-31": "12912.26000", "2017-09-30": "12398.63000", "2017-06-30": "12122.76000", "2017-03-31": "11875.19000", "2016-12-31": "11521.06000", "2016-09-30": "12636.36000", "2016-06-30": "12264.32000", "2016-03-31": "10024.26000", "2015-12-31": "9750.42100", "2015-09-30": "9594.43100", "2015-06-30": "9364.64800", "2015-03-31": "9238.54100", "2014-12-31": "8110.68900", "2014-09-30": "7893.82800", "2014-06-30": "7993.30600", "2014-03-31": "7707.36700", "2013-12-31": "7555.79800", "2013-09-30": "7290.34500", "2013-06-30": "7250.31500", "2013-03-31": "7146.30200", "2012-12-31": "7363.16400", "2012-09-30": "7724.34600", "2012-06-30": "8004.65200", "2012-03-31": "4193.26300", "2011-12-31": "3978.14700", "2011-09-30": "3900.95400", "2011-06-30": "4053.86700", "2011-03-31": "3148.49500", "2010-12-31": "2933.21700", "2010-09-30": "2652.29600", "2010-06-30": "2487.39200", "2010-03-31": "2324.35900", "2009-12-31": "2184.84200", "2009-09-30": "1995.10500", "2009-06-30": "1993.18400", "2009-03-31": "2033.48200", "2008-12-31": "2538.42100", "2008-09-30": "2684.57000", "2008-06-30": "2806.75500", "2008-03-31": "2794.26400", "2007-12-31": "2448.16400", "2007-09-30": "2289.11800", "2007-06-30": "2101.60500", "2007-03-31": "2609.87000", "2006-12-31": "2679.70600", "2006-09-30": "2534.36100", "2006-06-30": "2327.38200", "2006-03-31": "1738.82500", "2005-12-31": "1582.27100", "2005-09-30": "1424.67400", "2005-06-30": "1448.81500", "2005-03-31": "1483.02100"}, "Total Current Liabilities": {"2020-12-31": "3591.05300", "2020-09-30": "3406.86800", "2020-06-30": "3162.44200", "2020-03-31": "2105.66100", "2019-12-31": "2565.50100", "2019-09-30": "2457.68200", "2019-06-30": "2371.65000", "2019-03-31": "2805.62800", "2018-12-31": "2166.83700", "2018-09-30": "2824.96500", "2018-06-30": "3150.30800", "2018-03-31": "3948.42000", "2017-12-31": "3911.69500", "2017-09-30": "2788.63100", "2017-06-30": "2950.11500", "2017-03-31": "2756.73900", "2016-12-31": "2658.01800", "2016-09-30": "2486.25200", "2016-06-30": "2418.04100", "2016-03-31": "2342.18600", "2015-12-31": "2222.98000", "2015-09-30": "2281.94100", "2015-06-30": "2631.36100", "2015-03-31": "1734.99600", "2014-12-31": "1708.65600", "2014-09-30": "1599.62500", "2014-06-30": "1582.00100", "2014-03-31": "1542.70500", "2013-12-31": "1522.57200", "2013-09-30": "1402.89000", "2013-06-30": "1404.47500", "2013-03-31": "801.01300", "2012-12-31": "825.48200", "2012-09-30": "854.25700", "2012-06-30": "1426.92800", "2012-03-31": "651.65500", "2011-12-31": "593.60500", "2011-09-30": "594.59400", "2011-06-30": "680.75900", "2011-03-31": "667.39100", "2010-12-31": "689.87100", "2010-09-30": "612.39700", "2010-06-30": "558.65700", "2010-03-31": "533.36100", "2009-12-31": "445.24300", "2009-09-30": "336.91100", "2009-06-30": "382.07600", "2009-03-31": "369.99800", "2008-12-31": "446.41200", "2008-09-30": "533.72200", "2008-06-30": "637.67900", "2008-03-31": "725.04200", "2007-12-31": "569.49300", "2007-09-30": "574.35400", "2007-06-30": "672.79800", "2007-03-31": "642.87100", "2006-12-31": "638.36300", "2006-09-30": "584.24400", "2006-06-30": "567.64900", "2006-03-31": "507.30900", "2005-12-31": "439.19100", "2005-09-30": "364.64900", "2005-06-30": "379.13300", "2005-03-31": "375.35200"}, "Long Term Debt": {"2020-12-31": "4992.49600", "2020-09-30": "4993.49500", "2020-06-30": "4970.84800", "2020-03-31": "5043.93100", "2019-12-31": "3786.06700", "2019-09-30": "3788.08900", "2019-06-30": "3822.76800", "2019-03-31": "3801.51400", "2018-12-31": "1813.19000", "2018-09-30": "1805.09100", "2018-06-30": "1806.56200", "2018-03-31": "1781.73100", "2017-12-31": "1789.95800", "2017-09-30": "1793.47700", "2017-06-30": "1784.97400", "2017-03-31": "1777.29700", "2016-12-31": "1768.71300", "2016-09-30": "3378.17900", "2016-06-30": "3378.12900", "2016-03-31": "1407.25000", "2015-12-31": "1404.68300", "2015-09-30": "1400.61500", "2015-06-30": "1001.38200", "2015-03-31": "2011.66300", "2014-12-31": "1012.38500", "2014-09-30": "1006.70100", "2014-06-30": "1000.55100", "2014-03-31": "994.94400", "2013-12-31": "988.43000", "2013-09-30": "982.41500", "2013-06-30": "976.17600", "2013-03-31": "1294.59900", "2012-12-31": "1286.72900", "2012-09-30": "1278.79200", "2012-06-30": "952.12600", "2012-03-31": "755.42700", "2011-12-31": "749.07800", "2011-09-30": "743.25200", "2011-06-30": "738.48800", "2011-03-31": "15.94900", "2010-12-31": "16.52400", "2010-09-30": "15.07700", "2010-06-30": "17.64500", "2010-03-31": "20.31400", "2009-12-31": "35.14500", "2009-09-30": "35.78700", "2009-06-30": "40.88600", "2009-03-31": "39.94300", "2008-12-31": "257.13500", "2008-09-30": "269.25600", "2008-06-30": "276.50300", "2008-03-31": "287.33000", "2007-12-31": "250.00000", "2007-09-30": "250.00000", "2007-06-30": "250.00000", "2007-03-31": "250.00000", "2006-12-31": "300.00000", "2006-09-30": "350.00000", "2006-06-30": "350.00000", "2006-03-31": "", "2005-12-31": "", "2005-09-30": "1.36400", "2005-06-30": "", "2005-03-31": "3.31800"}, "Other Non-Current Liabilities": {"2020-12-31": "1278.27700", "2020-09-30": "1231.15300", "2020-06-30": "1242.26800", "2020-03-31": "1239.89000", "2019-12-31": "1144.82100", "2019-09-30": "1118.78500", "2019-06-30": "1083.61100", "2019-03-31": "947.14100", "2018-12-31": "947.05900", "2018-09-30": "945.88400", "2018-06-30": "942.56500", "2018-03-31": "1049.32000", "2017-12-31": "937.05700", "2017-09-30": "408.34400", "2017-06-30": "400.36400", "2017-03-31": "419.78800", "2016-12-31": "501.31900", "2016-09-30": "384.58100", "2016-06-30": "366.07600", "2016-03-31": "403.69800", "2015-12-31": "392.80500", "2015-09-30": "375.05500", "2015-06-30": "386.95300", "2015-03-31": "394.82700", "2014-12-31": "389.21300", "2014-09-30": "396.82900", "2014-06-30": "381.01900", "2014-03-31": "362.42600", "2013-12-31": "378.70600", "2013-09-30": "377.76800", "2013-06-30": "380.79200", "2013-03-31": "508.49000", "2012-12-31": "554.36300", "2012-09-30": "579.65100", "2012-06-30": "493.81700", "2012-03-31": "177.03900", "2011-12-31": "172.72000", "2011-09-30": "173.22600", "2011-06-30": "164.77500", "2011-03-31": "141.99900", "2010-12-31": "142.04300", "2010-09-30": "138.19400", "2010-06-30": "142.95500", "2010-03-31": "126.23600", "2009-12-31": "119.67000", "2009-09-30": "118.64700", "2009-06-30": "117.13300", "2009-03-31": "120.28300", "2008-12-31": "113.68200", "2008-09-30": "116.05900", "2008-06-30": "108.62900", "2008-03-31": "108.56100", "2007-12-31": "79.58000", "2007-09-30": "73.75900", "2007-06-30": "2.48700", "2007-03-31": "0.82100", "2006-12-31": "0.83300", "2006-09-30": "0.92400", "2006-06-30": "0.96900", "2006-03-31": "1.60500", "2005-12-31": "1.27900", "2005-09-30": "", "2005-06-30": "2.78600", "2005-03-31": ""}, "Total Long Term Liabilities": {"2020-12-31": "6270.77300", "2020-09-30": "6224.64800", "2020-06-30": "6213.11600", "2020-03-31": "6283.82100", "2019-12-31": "4930.88800", "2019-09-30": "4906.87400", "2019-06-30": "4906.37900", "2019-03-31": "4748.65500", "2018-12-31": "2760.24900", "2018-09-30": "2750.97500", "2018-06-30": "2749.12700", "2018-03-31": "2831.05100", "2017-12-31": "2727.01500", "2017-09-30": "2201.82100", "2017-06-30": "2185.33800", "2017-03-31": "2197.08500", "2016-12-31": "2270.03200", "2016-09-30": "3762.76000", "2016-06-30": "3744.20500", "2016-03-31": "1810.94800", "2015-12-31": "1797.48800", "2015-09-30": "1775.67000", "2015-06-30": "1388.33500", "2015-03-31": "2406.49000", "2014-12-31": "1401.59800", "2014-09-30": "1403.53000", "2014-06-30": "1381.57000", "2014-03-31": "1357.37000", "2013-12-31": "1367.13600", "2013-09-30": "1360.18300", "2013-06-30": "1356.96800", "2013-03-31": "1803.08900", "2012-12-31": "1841.09200", "2012-09-30": "1858.44300", "2012-06-30": "1445.94300", "2012-03-31": "932.46600", "2011-12-31": "921.79800", "2011-09-30": "916.47800", "2011-06-30": "903.26290", "2011-03-31": "157.94800", "2010-12-31": "158.56700", "2010-09-30": "153.27100", "2010-06-30": "160.60000", "2010-03-31": "146.55000", "2009-12-31": "154.81500", "2009-09-30": "154.43400", "2009-06-30": "158.01900", "2009-03-31": "160.22600", "2008-12-31": "370.81700", "2008-09-30": "390.10400", "2008-06-30": "390.47900", "2008-03-31": "405.16500", "2007-12-31": "329.58000", "2007-09-30": "323.75900", "2007-06-30": "252.48700", "2007-03-31": "250.82100", "2006-12-31": "300.83300", "2006-09-30": "350.92400", "2006-06-30": "350.96900", "2006-03-31": "1.60500", "2005-12-31": "1.27900", "2005-09-30": "1.36400", "2005-06-30": "2.78600", "2005-03-31": "3.31800"}, "Total Liabilities": {"2020-12-31": "9861.82600", "2020-09-30": "9631.51600", "2020-06-30": "9375.55800", "2020-03-31": "8389.48200", "2019-12-31": "7496.38900", "2019-09-30": "7364.55600", "2019-06-30": "7278.02900", "2019-03-31": "7554.28300", "2018-12-31": "4927.08600", "2018-09-30": "5575.94000", "2018-06-30": "5899.43500", "2018-03-31": "6779.47100", "2017-12-31": "6638.71000", "2017-09-30": "4990.45200", "2017-06-30": "5135.45300", "2017-03-31": "4953.82400", "2016-12-31": "4928.05000", "2016-09-30": "6249.01200", "2016-06-30": "6162.24600", "2016-03-31": "4153.13400", "2015-12-31": "4020.46800", "2015-09-30": "4057.61100", "2015-06-30": "4019.69600", "2015-03-31": "4141.48600", "2014-12-31": "3110.25400", "2014-09-30": "3003.15500", "2014-06-30": "2963.57100", "2014-03-31": "2900.07500", "2013-12-31": "2889.70800", "2013-09-30": "2763.07300", "2013-06-30": "2761.44300", "2013-03-31": "2604.10200", "2012-12-31": "2666.57400", "2012-09-30": "2712.70000", "2012-06-30": "2872.87100", "2012-03-31": "1584.12100", "2011-12-31": "1515.40300", "2011-09-30": "1511.07200", "2011-06-30": "1584.02200", "2011-03-31": "825.33900", "2010-12-31": "848.43800", "2010-09-30": "765.66800", "2010-06-30": "719.25700", "2010-03-31": "679.91100", "2009-12-31": "600.05800", "2009-09-30": "491.34500", "2009-06-30": "540.09500", "2009-03-31": "530.22400", "2008-12-31": "817.22900", "2008-09-30": "923.82600", "2008-06-30": "1028.15800", "2008-03-31": "1130.20700", "2007-12-31": "899.07300", "2007-09-30": "898.11300", "2007-06-30": "925.28500", "2007-03-31": "893.69200", "2006-12-31": "939.19600", "2006-09-30": "935.16800", "2006-06-30": "918.61800", "2006-03-31": "508.91400", "2005-12-31": "440.47000", "2005-09-30": "366.01300", "2005-06-30": "381.91900", "2005-03-31": "378.67000"}, "Common Stock Net": {"2020-12-31": "0.14300", "2020-09-30": "0.14500", "2020-06-30": "0.14500", "2020-03-31": "0.14500", "2019-12-31": "0.14200", "2019-09-30": "0.14500", "2019-06-30": "0.14400", "2019-03-31": "0.15000", "2018-12-31": "0.15400", "2018-09-30": "0.15300", "2018-06-30": "0.15700", "2018-03-31": "0.16400", "2017-12-31": "0.15900", "2017-09-30": "0.16200", "2017-06-30": "0.16200", "2017-03-31": "0.16400", "2016-12-31": "0.16200", "2016-09-30": "0.16200", "2016-06-30": "0.16000", "2016-03-31": "0.15900", "2015-12-31": "0.15900", "2015-09-30": "0.15800", "2015-06-30": "0.15900", "2015-03-31": "0.15800", "2014-12-31": "0.15900", "2014-09-30": "0.15900", "2014-06-30": "0.16200", "2014-03-31": "0.16200", "2013-12-31": "0.16200", "2013-09-30": "0.16200", "2013-06-30": "0.16300", "2013-03-31": "0.16200", "2012-12-31": "0.16600", "2012-09-30": "0.17500", "2012-06-30": "0.18700", "2012-03-31": "0.12000", "2011-12-31": "0.12000", "2011-09-30": "0.12200", "2011-06-30": "0.12400", "2011-03-31": "0.12400", "2010-12-31": "0.12300", "2010-09-30": "0.12300", "2010-06-30": "0.12600", "2010-03-31": "0.12600", "2009-12-31": "0.12700", "2009-09-30": "0.12700", "2009-06-30": "0.12700", "2009-03-31": "0.12600", "2008-12-31": "0.12500", "2008-09-30": "0.12600", "2008-06-30": "0.12500", "2008-03-31": "0.12500", "2007-12-31": "0.12500", "2007-09-30": "0.12400", "2007-06-30": "0.12400", "2007-03-31": "0.13700", "2006-12-31": "0.14200", "2006-09-30": "0.14200", "2006-06-30": "0.14200", "2006-03-31": "0.14000", "2005-12-31": "0.13800", "2005-09-30": "0.13600", "2005-06-30": "0.13700", "2005-03-31": "0.14000"}, "Retained Earnings (Accumulated Deficit)": {"2020-12-31": "12839.89000", "2020-09-30": "12157.15000", "2020-06-30": "11520.59000", "2020-03-31": "10991.05000", "2019-12-31": "10584.00000", "2019-09-30": "10233.00000", "2019-06-30": "9930.91900", "2019-03-31": "9547.96100", "2018-12-31": "9165.44500", "2018-09-30": "8767.78600", "2018-06-30": "8261.19400", "2018-03-31": "7414.39500", "2017-12-31": "6717.62100", "2017-09-30": "6808.17400", "2017-06-30": "6249.69100", "2017-03-31": "5795.76000", "2016-12-31": "5295.00000", "2016-09-30": "5035.54700", "2016-06-30": "4820.10900", "2016-03-31": "4609.22100", "2015-12-31": "4513.56100", "2015-09-30": "4337.69700", "2015-06-30": "4096.85500", "2015-03-31": "4013.22200", "2014-12-31": "3835.65200", "2014-09-30": "3687.43700", "2014-06-30": "3575.73700", "2014-03-31": "3371.58200", "2013-12-31": "3207.18600", "2013-09-30": "3058.19400", "2013-06-30": "2972.68800", "2013-03-31": "2886.98100", "2012-12-31": "2867.98500", "2012-09-30": "2861.57700", "2012-06-30": "2858.80900", "2012-03-31": "2840.74000", "2011-12-31": "2795.13600", "2011-09-30": "2761.92400", "2011-06-30": "2690.08600", "2011-03-31": "2564.15600", "2010-12-31": "2381.91600", "2010-09-30": "2160.06000", "2010-06-30": "1966.33600", "2010-03-31": "1828.61000", "2009-12-31": "1710.61700", "2009-09-30": "1641.04300", "2009-06-30": "1624.24600", "2009-03-31": "1712.73600", "2008-12-31": "1911.09500", "2008-09-30": "1935.26600", "2008-06-30": "1926.39400", "2008-03-31": "1854.23900", "2007-12-31": "1750.71500", "2007-09-30": "1635.65600", "2007-06-30": "1469.45200", "2007-03-31": "1365.06600", "2006-12-31": "1200.32500", "2006-09-30": "1032.99900", "2006-06-30": "784.42300", "2006-03-31": "730.24600", "2005-12-31": "644.77700", "2005-09-30": "566.00500", "2005-06-30": "520.16500", "2005-03-31": "453.93400"}, "Comprehensive Income": {"2020-12-31": "-56.12600", "2020-09-30": "-82.67200", "2020-06-30": "-94.21100", "2020-03-31": "-112.67600", "2019-12-31": "-60.24700", "2019-09-30": "-72.56000", "2019-06-30": "-64.03000", "2019-03-31": "-62.66000", "2018-12-31": "-64.69200", "2018-09-30": "-57.72900", "2018-06-30": "-57.44900", "2018-03-31": "-65.43100", "2017-12-31": "-64.16000", "2017-09-30": "-52.78700", "2017-06-30": "-61.70000", "2017-03-31": "-75.60200", "2016-12-31": "-70.07700", "2016-09-30": "-57.00000", "2016-06-30": "-69.33300", "2016-03-31": "-55.89000", "2015-12-31": "-68.78100", "2015-09-30": "-62.95800", "2015-06-30": "-57.79600", "2015-03-31": "-63.24000", "2014-12-31": "-45.39100", "2014-09-30": "-38.73200", "2014-06-30": "-28.65500", "2014-03-31": "-27.07100", "2013-12-31": "-15.52100", "2013-09-30": "-23.35500", "2013-06-30": "-28.69300", "2013-03-31": "-23.74500", "2012-12-31": "-24.48400", "2012-09-30": "-33.90700", "2012-06-30": "-33.81800", "2012-03-31": "-16.18800", "2011-12-31": "-33.13000", "2011-09-30": "-16.43400", "2011-06-30": "9.76100", "2011-03-31": "-0.19800", "2010-12-31": "-24.66800", "2010-09-30": "-39.86600", "2010-06-30": "-69.84900", "2010-03-31": "-50.89000", "2009-12-31": "-44.14000", "2009-09-30": "-38.47800", "2009-06-30": "-52.82200", "2009-03-31": "-69.59500", "2008-12-31": "-43.76200", "2008-09-30": "-44.53300", "2008-06-30": "10.62000", "2008-03-31": "4.65900", "2007-12-31": "2.23300", "2007-09-30": "-7.06700", "2007-06-30": "-4.30200", "2007-03-31": "-6.60000", "2006-12-31": "-6.90000", "2006-09-30": "-6.48300", "2006-06-30": "-11.20500", "2006-03-31": "-10.81100", "2005-12-31": "-14.06700", "2005-09-30": "-12.38200", "2005-06-30": "-10.78900", "2005-03-31": "-9.98800"}, "Other Share Holders Equity": {"2020-12-31": "5.51500", "2020-09-30": "6.30700", "2020-06-30": "10.99500", "2020-03-31": "11.54600", "2019-12-31": "38.30400", "2019-09-30": "42.55300", "2019-06-30": "49.43900", "2019-03-31": "49.78300", "2018-12-31": "57.00900", "2018-09-30": "58.81200", "2018-06-30": "78.19200", "2018-03-31": "80.97300", "2017-12-31": "130.42400", "2017-09-30": "136.99600", "2017-06-30": "169.86100", "2017-03-31": "175.10800", "2016-12-31": "197.31300", "2016-09-30": "202.46700", "2016-06-30": "207.55200", "2016-03-31": "178.78900", "2015-12-31": "177.66200", "2015-09-30": "178.66500", "2015-06-30": "241.80800", "2015-03-31": "", "2014-12-31": "", "2014-09-30": "", "2014-06-30": "", "2014-03-31": "", "2013-12-31": "", "2013-09-30": "", "2013-06-30": "", "2013-03-31": "", "2012-12-31": "", "2012-09-30": "", "2012-06-30": "", "2012-03-31": "", "2011-12-31": "", "2011-09-30": "", "2011-06-30": "", "2011-03-31": "", "2010-12-31": "", "2010-09-30": "", "2010-06-30": "", "2010-03-31": "", "2009-12-31": "", "2009-09-30": "", "2009-06-30": "", "2009-03-31": "", "2008-12-31": "", "2008-09-30": "", "2008-06-30": "", "2008-03-31": "", "2007-12-31": "", "2007-09-30": "", "2007-06-30": "", "2007-03-31": "", "2006-12-31": "", "2006-09-30": "", "2006-06-30": "", "2006-03-31": "", "2005-12-31": "", "2005-09-30": "", "2005-06-30": "", "2005-03-31": ""}, "Share Holder Equity": {"2020-12-31": "5508.54800", "2020-09-30": "5425.49200", "2020-06-30": "5183.48900", "2020-03-31": "4549.15300", "2019-12-31": "4417.73300", "2019-09-30": "4978.94600", "2019-06-30": "4723.30400", "2019-03-31": "5340.97700", "2018-12-31": "5841.37200", "2018-09-30": "5381.63700", "2018-06-30": "6580.04300", "2018-03-31": "6884.02800", "2017-12-31": "6273.55500", "2017-09-30": "7408.17400", "2017-06-30": "6987.31200", "2017-03-31": "6921.36200", "2016-12-31": "6593.00900", "2016-09-30": "6387.35000", "2016-06-30": "6102.06900", "2016-03-31": "5871.12800", "2015-12-31": "5729.95300", "2015-09-30": "5536.82000", "2015-06-30": "5344.95200", "2015-03-31": "5097.05500", "2014-12-31": "5000.43500", "2014-09-30": "4890.67300", "2014-06-30": "5029.73500", "2014-03-31": "4807.29200", "2013-12-31": "4666.09000", "2013-09-30": "4527.27200", "2013-06-30": "4488.87200", "2013-03-31": "4542.20000", "2012-12-31": "4696.59000", "2012-09-30": "5011.64600", "2012-06-30": "5131.78100", "2012-03-31": "2609.14200", "2011-12-31": "2462.74400", "2011-09-30": "2389.88200", "2011-06-30": "2469.84500", "2011-03-31": "2323.15600", "2010-12-31": "2084.77900", "2010-09-30": "1886.62800", "2010-06-30": "1768.13500", "2010-03-31": "1644.44800", "2009-12-31": "1584.78400", "2009-09-30": "1503.76000", "2009-06-30": "1453.08900", "2009-03-31": "1503.25800", "2008-12-31": "1721.19200", "2008-09-30": "1760.74400", "2008-06-30": "1778.59700", "2008-03-31": "1664.05700", "2007-12-31": "1549.09100", "2007-09-30": "1391.00500", "2007-06-30": "1176.32000", "2007-03-31": "1716.17800", "2006-12-31": "1740.51000", "2006-09-30": "1599.19300", "2006-06-30": "1408.76400", "2006-03-31": "1229.91100", "2005-12-31": "1141.80100", "2005-09-30": "1058.66100", "2005-06-30": "1066.89600", "2005-03-31": "1104.35100"}, "Total Liabilities And Share Holders Equity": {"2020-12-31": "15370.37000", "2020-09-30": "15057.01000", "2020-06-30": "14559.05000", "2020-03-31": "12938.63000", "2019-12-31": "11914.12000", "2019-09-30": "12343.50000", "2019-06-30": "12001.33000", "2019-03-31": "12895.26000", "2018-12-31": "10768.46000", "2018-09-30": "10957.58000", "2018-06-30": "12479.48000", "2018-03-31": "13663.50000", "2017-12-31": "12912.26000", "2017-09-30": "12398.63000", "2017-06-30": "12122.76000", "2017-03-31": "11875.19000", "2016-12-31": "11521.06000", "2016-09-30": "12636.36000", "2016-06-30": "12264.32000", "2016-03-31": "10024.26000", "2015-12-31": "9750.42100", "2015-09-30": "9594.43100", "2015-06-30": "9364.64800", "2015-03-31": "9238.54100", "2014-12-31": "8110.68900", "2014-09-30": "7893.82800", "2014-06-30": "7993.30600", "2014-03-31": "7707.36700", "2013-12-31": "7555.79800", "2013-09-30": "7290.34500", "2013-06-30": "7250.31500", "2013-03-31": "7146.30200", "2012-12-31": "7363.16400", "2012-09-30": "7724.34600", "2012-06-30": "8004.65200", "2012-03-31": "4193.26300", "2011-12-31": "3978.14700", "2011-09-30": "3900.95400", "2011-06-30": "4053.86700", "2011-03-31": "3148.49500", "2010-12-31": "2933.21700", "2010-09-30": "2652.29600", "2010-06-30": "2487.39200", "2010-03-31": "2324.35900", "2009-12-31": "2184.84200", "2009-09-30": "1995.10500", "2009-06-30": "1993.18400", "2009-03-31": "2033.48200", "2008-12-31": "2538.42100", "2008-09-30": "2684.57000", "2008-06-30": "2806.75500", "2008-03-31": "2794.26400", "2007-12-31": "2448.16400", "2007-09-30": "2289.11800", "2007-06-30": "2101.60500", "2007-03-31": "2609.87000", "2006-12-31": "2679.70600", "2006-09-30": "2534.36100", "2006-06-30": "2327.38200", "2006-03-31": "1738.82500", "2005-12-31": "1582.27100", "2005-09-30": "1424.67400", "2005-06-30": "1448.81500", "2005-03-31": "1483.02100"}}, "cash flow statement": {"Net Income/Loss": {"2020-06-30": "2251.75300", "2019-06-30": "2191.43000", "2018-06-30": "2380.68100", "2017-06-30": "1697.76300", "2016-06-30": "914.04900", "2015-06-30": "655.57700", "2014-06-30": "632.28900", "2013-06-30": "113.87900", "2012-06-30": "168.72300", "2011-06-30": "723.74800", "2010-06-30": "346.66900", "2009-06-30": "-302.14800", "2008-06-30": "439.34900", "2007-06-30": "685.81600", "2006-06-30": "335.21000", "2005-06-30": "297.25200"}, "Total Depreciation And Amortization - Cash Flow": {"2020-06-30": "274.46500", "2019-06-30": "316.62400", "2018-06-30": "340.82300", "2017-06-30": "332.18700", "2016-06-30": "361.55000", "2015-06-30": "394.91400", "2014-06-30": "327.73600", "2013-06-30": "338.03600", "2012-06-30": "127.85300", "2011-06-30": "78.31300", "2010-06-30": "71.40100", "2009-06-30": "168.67200", "2008-06-30": "54.70400", "2007-06-30": "38.09700", "2006-06-30": "22.00000", "2005-06-30": "28.80200"}, "Other Non-Cash Items": {"2020-06-30": "171.42000", "2019-06-30": "182.25400", "2018-06-30": "217.71800", "2017-06-30": "291.11200", "2016-06-30": "78.11900", "2015-06-30": "131.89700", "2014-06-30": "39.68700", "2013-06-30": "32.94200", "2012-06-30": "124.55300", "2011-06-30": "59.35500", "2010-06-30": "89.33400", "2009-06-30": "141.07200", "2008-06-30": "25.56000", "2007-06-30": "70.05600", "2006-06-30": "67.44300", "2005-06-30": "108.23900"}, "Total Non-Cash Items": {"2020-06-30": "445.88500", "2019-06-30": "498.87800", "2018-06-30": "558.54100", "2017-06-30": "623.29900", "2016-06-30": "439.66900", "2015-06-30": "526.81100", "2014-06-30": "367.42290", "2013-06-30": "370.97800", "2012-06-30": "252.40600", "2011-06-30": "137.66800", "2010-06-30": "160.73500", "2009-06-30": "309.74400", "2008-06-30": "80.26400", "2007-06-30": "108.15300", "2006-06-30": "89.44300", "2005-06-30": "137.04100"}, "Change In Accounts Receivable": {"2020-06-30": "-641.82700", "2019-06-30": "732.13800", "2018-06-30": "-501.62800", "2017-06-30": "-411.28700", "2016-06-30": "-169.03400", "2015-06-30": "-294.15500", "2014-06-30": "-201.54900", "2013-06-30": "162.63400", "2012-06-30": "66.06400", "2011-06-30": "-89.71600", "2010-06-30": "-246.65300", "2009-06-30": "152.08600", "2008-06-30": "99.88700", "2007-06-30": "-0.51300", "2006-06-30": "-178.54200", "2005-06-30": "13.47000"}, "Change In Inventories": {"2020-06-30": "-411.60800", "2019-06-30": "281.35500", "2018-06-30": "-701.00800", "2017-06-30": "-307.87500", "2016-06-30": "-66.37100", "2015-06-30": "-207.46200", "2014-06-30": "-190.05800", "2013-06-30": "76.35100", "2012-06-30": "73.98700", "2011-06-30": "-77.46100", "2010-06-30": "-79.70100", "2009-06-30": "46.05200", "2008-06-30": "19.68400", "2007-06-30": "-56.33600", "2006-06-30": "-59.03800", "2005-06-30": "-2.58800"}, "Change In Accounts Payable": {"2020-06-30": "208.47800", "2019-06-30": "-131.47200", "2018-06-30": "35.65500", "2017-06-30": "126.81900", "2016-06-30": "41.64500", "2015-06-30": "76.61700", "2014-06-30": "18.70400", "2013-06-30": "-58.08100", "2012-06-30": "12.14500", "2011-06-30": "42.32000", "2010-06-30": "71.60000", "2009-06-30": "-39.38100", "2008-06-30": "-40.12500", "2007-06-30": "9.05500", "2006-06-30": "48.34100", "2005-06-30": "-33.10800"}, "Change In Assets/Liabilities": {"2020-06-30": "61.85300", "2019-06-30": "-195.93800", "2018-06-30": "98.02200", "2017-06-30": "231.20400", "2016-06-30": "-19.53500", "2015-06-30": "33.65000", "2014-06-30": "-1.03700", "2013-06-30": "60.72300", "2012-06-30": "33.93500", "2011-06-30": "8.73000", "2010-06-30": "53.76000", "2009-06-30": "-76.57600", "2008-06-30": "-85.97900", "2007-06-30": "31.93200", "2006-06-30": "41.40500", "2005-06-30": "-19.39100"}, "Total Change In Assets/Liabilities": {"2020-06-30": "-571.87500", "2019-06-30": "491.52400", "2018-06-30": "-317.19300", "2017-06-30": "-310.83200", "2016-06-30": "-52.22900", "2015-06-30": "-409.54100", "2014-06-30": "-295.33200", "2013-06-30": "197.87500", "2012-06-30": "66.15600", "2011-06-30": "21.95300", "2010-06-30": "-159.88100", "2009-06-30": "-95.07800", "2008-06-30": "74.02500", "2007-06-30": "28.96500", "2006-06-30": "-59.62800", "2005-06-30": "-7.93200"}, "Cash Flow From Operating Activities": {"2020-06-30": "2126.45100", "2019-06-30": "3176.01300", "2018-06-30": "2655.74700", "2017-06-30": "2029.28200", "2016-06-30": "1350.27700", "2015-06-30": "785.50300", "2014-06-30": "717.04900", "2013-06-30": "719.93300", "2012-06-30": "499.02800", "2011-06-30": "881.02800", "2010-06-30": "350.71300", "2009-06-30": "-78.12900", "2008-06-30": "590.31900", "2007-06-30": "823.55900", "2006-06-30": "367.38200", "2005-06-30": "425.93000"}, "Net Change In Property, Plant, And Equipment": {"2020-06-30": "-203.23900", "2019-06-30": "-303.49100", "2018-06-30": "-273.46900", "2017-06-30": "-156.12800", "2016-06-30": "-95.60000", "2015-06-30": "-198.26500", "2014-06-30": "10.89400", "2013-06-30": "-160.13500", "2012-06-30": "-104.59500", "2011-06-30": "-125.95100", "2010-06-30": "-35.59000", "2009-06-30": "-44.28200", "2008-06-30": "-76.80300", "2007-06-30": "-59.96800", "2006-06-30": "-42.08000", "2005-06-30": "-22.84900"}, "Net Change In Intangible Assets": {"2020-06-30": "", "2019-06-30": "", "2018-06-30": "", "2017-06-30": "", "2016-06-30": "", "2015-06-30": "", "2014-06-30": "", "2013-06-30": "", "2012-06-30": "", "2011-06-30": "", "2010-06-30": "", "2009-06-30": "", "2008-06-30": "", "2007-06-30": "", "2006-06-30": "", "2005-06-30": ""}, "Net Acquisitions/Divestitures": {"2020-06-30": "", "2019-06-30": "", "2018-06-30": "-115.69700", "2017-06-30": "", "2016-06-30": "", "2015-06-30": "40.07500", "2014-06-30": "-30.22700", "2013-06-30": "-9.91600", "2012-06-30": "418.68100", "2011-06-30": "", "2010-06-30": "", "2009-06-30": "-19.45700", "2008-06-30": "-482.57400", "2007-06-30": "-181.10800", "2006-06-30": "", "2005-06-30": ""}, "Net Change In Short-term Investments": {"2020-06-30": "-14.99990", "2019-06-30": "-1326.20800", "2018-06-30": "3152.88600", "2017-06-30": "-1883.88600", "2016-06-30": "798.82800", "2015-06-30": "-949.74010", "2014-06-30": "-283.96600", "2013-06-30": "-58.40510", "2012-06-30": "-52.72900", "2011-06-30": "-353.94000", "2010-06-30": "-77.98700", "2009-06-30": "173.76400", "2008-06-30": "18.82200", "2007-06-30": "45.23000", "2006-06-30": "182.78800", "2005-06-30": "-63.30900"}, "Net Change In Long-Term Investments": {"2020-06-30": "", "2019-06-30": "", "2018-06-30": "", "2017-06-30": "", "2016-06-30": "", "2015-06-30": "", "2014-06-30": "", "2013-06-30": "", "2012-06-30": "8.37500", "2011-06-30": "", "2010-06-30": "-0.80000", "2009-06-30": "-8.37500", "2008-06-30": "", "2007-06-30": "", "2006-06-30": "", "2005-06-30": ""}, "Net Change In Investments - Total": {"2020-06-30": "-14.99990", "2019-06-30": "-1326.20800", "2018-06-30": "3152.88600", "2017-06-30": "-1883.88600", "2016-06-30": "798.82800", "2015-06-30": "-949.74010", "2014-06-30": "-283.96600", "2013-06-30": "-58.40510", "2012-06-30": "-44.35400", "2011-06-30": "-353.94000", "2010-06-30": "-78.78700", "2009-06-30": "165.38900", "2008-06-30": "18.82200", "2007-06-30": "45.23000", "2006-06-30": "182.78800", "2005-06-30": "-63.30900"}, "Investing Activities - Other": {"2020-06-30": "-25.84500", "2019-06-30": "-7.35500", "2018-06-30": "-15.18400", "2017-06-30": "-12.81500", "2016-06-30": "-110.74500", "2015-06-30": "1.83400", "2014-06-30": "38.08500", "2013-06-30": "-10.18100", "2012-06-30": "-0.00600", "2011-06-30": "-0.02200", "2010-06-30": "11.02100", "2009-06-30": "-95.64500", "2008-06-30": "44.75000", "2007-06-30": "113.00000", "2006-06-30": "-385.00000", "2005-06-30": "27.43000"}, "Cash Flow From Investing Activities": {"2020-06-30": "-244.08400", "2019-06-30": "-1637.05400", "2018-06-30": "2748.53600", "2017-06-30": "-2052.82900", "2016-06-30": "592.48300", "2015-06-30": "-1106.09600", "2014-06-30": "-265.21400", "2013-06-30": "-238.63700", "2012-06-30": "269.72600", "2011-06-30": "-479.91300", "2010-06-30": "-103.35600", "2009-06-30": "6.00500", "2008-06-30": "-495.80500", "2007-06-30": "-82.84600", "2006-06-30": "-244.29200", "2005-06-30": "-58.72800"}, "Net Long-Term Debt": {"2020-06-30": "1307.11400", "2019-06-30": "1997.31300", "2018-06-30": "-396.09000", "2017-06-30": "-1688.31300", "2016-06-30": "1886.64700", "2015-06-30": "990.71000", "2014-06-30": "-1.65800", "2013-06-30": "-2.23400", "2012-06-30": "-5.26500", "2011-06-30": "697.17600", "2010-06-30": "-20.70400", "2009-06-30": "-255.42200", "2008-06-30": "0.20100", "2007-06-30": "-100.17100", "2006-06-30": "349.52000", "2005-06-30": ""}, "Net Current Debt": {"2020-06-30": "", "2019-06-30": "", "2018-06-30": "", "2017-06-30": "", "2016-06-30": "", "2015-06-30": "", "2014-06-30": "", "2013-06-30": "", "2012-06-30": "", "2011-06-30": "", "2010-06-30": "", "2009-06-30": "", "2008-06-30": "", "2007-06-30": "", "2006-06-30": "", "2005-06-30": ""}, "Debt Issuance/Retirement Net - Total": {"2020-06-30": "1307.11400", "2019-06-30": "1997.31300", "2018-06-30": "-396.09000", "2017-06-30": "-1688.31300", "2016-06-30": "1886.64700", "2015-06-30": "990.71000", "2014-06-30": "-1.65800", "2013-06-30": "-2.23400", "2012-06-30": "-5.26500", "2011-06-30": "697.17600", "2010-06-30": "-20.70400", "2009-06-30": "-255.42200", "2008-06-30": "0.20100", "2007-06-30": "-100.17100", "2006-06-30": "349.52000", "2005-06-30": ""}, "Net Common Equity Issued/Repurchased": {"2020-06-30": "-1276.12600", "2019-06-30": "-3695.83700", "2018-06-30": "-2568.36700", "2017-06-30": "-739.09600", "2016-06-30": "-98.99200", "2015-06-30": "-506.91700", "2014-06-30": "-167.14200", "2013-06-30": "-885.01700", "2012-06-30": "-745.36200", "2011-06-30": "-43.89100", "2010-06-30": "-62.19400", "2009-06-30": "0.86500", "2008-06-30": "6.70500", "2007-06-30": "-1023.15400", "2006-06-30": "-56.64000", "2005-06-30": "-52.31900"}, "Net Total Equity Issued/Repurchased": {"2020-06-30": "-1276.12600", "2019-06-30": "-3695.83700", "2018-06-30": "-2568.36700", "2017-06-30": "-739.09600", "2016-06-30": "-98.99200", "2015-06-30": "-506.91700", "2014-06-30": "-167.14200", "2013-06-30": "-885.01700", "2012-06-30": "-745.36200", "2011-06-30": "-43.89100", "2010-06-30": "-62.19400", "2009-06-30": "0.86500", "2008-06-30": "6.70500", "2007-06-30": "-1023.15400", "2006-06-30": "-56.64000", "2005-06-30": "-52.31900"}, "Total Common And Preferred Stock Dividends Paid": {"2020-06-30": "-656.83800", "2019-06-30": "-678.34800", "2018-06-30": "-307.60900", "2017-06-30": "-243.49500", "2016-06-30": "-190.40200", "2015-06-30": "-116.05900", "2014-06-30": "", "2013-06-30": "", "2012-06-30": "", "2011-06-30": "", "2010-06-30": "", "2009-06-30": "", "2008-06-30": "", "2007-06-30": "", "2006-06-30": "", "2005-06-30": ""}, "Financial Activities - Other": {"2020-06-30": "1.92000", "2019-06-30": "-13.20800", "2018-06-30": "0.00900", "2017-06-30": "38.51000", "2016-06-30": "-1.50800", "2015-06-30": "10.73800", "2014-06-30": "6.06500", "2013-06-30": "-0.53900", "2012-06-30": "57.88000", "2011-06-30": "-126.29900", "2010-06-30": "10.23400", "2009-06-30": "-6.27300", "2008-06-30": "58.90400", "2007-06-30": "44.99000", "2006-06-30": "11.11000", "2005-06-30": ""}, "Cash Flow From Financial Activities": {"2020-06-30": "-623.93000", "2019-06-30": "-2390.08000", "2018-06-30": "-3272.05700", "2017-06-30": "-2632.39400", "2016-06-30": "1595.74500", "2015-06-30": "378.47200", "2014-06-30": "-162.73500", "2013-06-30": "-887.79000", "2012-06-30": "-692.74700", "2011-06-30": "526.98600", "2010-06-30": "-72.66400", "2009-06-30": "-260.83000", "2008-06-30": "65.81000", "2007-06-30": "-1078.33500", "2006-06-30": "303.99000", "2005-06-30": "-52.31900"}, "Net Cash Flow": {"2020-06-30": "1255.68700", "2019-06-30": "-855.16200", "2018-06-30": "2134.81900", "2017-06-30": "-2656.00400", "2016-06-30": "3537.78300", "2015-06-30": "48.86200", "2014-06-30": "290.20400", "2013-06-30": "-402.27900", "2012-06-30": "72.62000", "2011-06-30": "946.36500", "2010-06-30": "171.60000", "2009-06-30": "-358.37000", "2008-06-30": "158.57000", "2007-06-30": "-336.84800", "2006-06-30": "428.56500", "2005-06-30": "318.84700"}, "Stock-Based Compensation": {"2020-06-30": "189.19700", "2019-06-30": "187.23400", "2018-06-30": "172.21600", "2017-06-30": "149.97500", "2016-06-30": "142.34800", "2015-06-30": "135.35400", "2014-06-30": "103.70000", "2013-06-30": "99.33000", "2012-06-30": "81.55900", "2011-06-30": "53.01200", "2010-06-30": "50.46300", "2009-06-30": "53.04200", "2008-06-30": "42.51600", "2007-06-30": "35.55400", "2006-06-30": "23.99300", "2005-06-30": "3.58800"}, "Common Stock Dividends Paid": {"2020-06-30": "-656.83800", "2019-06-30": "-678.34800", "2018-06-30": "-307.60900", "2017-06-30": "-243.49500", "2016-06-30": "-190.40200", "2015-06-30": "-116.05900", "2014-06-30": "", "2013-06-30": "", "2012-06-30": "", "2011-06-30": "", "2010-06-30": "", "2009-06-30": "", "2008-06-30": "", "2007-06-30": "", "2006-06-30": "", "2005-06-30": ""}}, "cash flow statement, quarterly": {"Net Income/Loss": {"2020-12-31": 869.229, "2020-09-30": "823.45100", "2020-06-30": 696.673, "2020-03-31": 574.781, "2019-12-31": 514.51, "2019-09-30": "465.78900", "2019-06-30": 541.825, "2019-03-31": 547.39, "2018-12-31": 568.855, "2018-09-30": "533.36000", "2018-06-30": 1021.146, "2018-03-31": 778.8, "2017-12-31": -9.955, "2017-09-30": "590.69000", "2017-06-30": 526.424, "2017-03-31": 574.713, "2016-12-31": 332.791, "2016-09-30": "263.83500", "2016-06-30": 258.939, "2016-03-31": 143.451, "2015-12-31": 222.98, "2015-09-30": "288.67900", "2015-06-30": 131.271, "2015-03-31": 206.285, "2014-12-31": 176.94, "2014-09-30": "141.08100", "2014-06-30": 233.395, "2014-03-31": 164.396, "2013-12-31": 148.992, "2013-09-30": "85.50600", "2013-06-30": 85.707, "2013-03-31": 18.996, "2012-12-31": 6.408, "2012-09-30": "2.76800", "2012-06-30": 18.069, "2012-03-31": 45.604, "2011-12-31": 33.212, "2011-09-30": "71.83800", "2011-06-30": 125.928, "2011-03-31": 182.24, "2010-12-31": 221.856, "2010-09-30": "193.72400", "2010-06-30": 139.997, "2010-03-31": 120.301, "2009-12-31": 69.574, "2009-09-30": "16.79700", "2009-06-30": -88.49, "2009-03-31": -198.359, "2008-12-31": -24.172, "2008-09-30": "8.87300", "2008-06-30": 72.178, "2008-03-31": 103.524, "2007-12-31": 115.059, "2007-09-30": "148.58800", "2007-06-30": 170.231, "2007-03-31": 164.741, "2006-12-31": 167.326, "2006-09-30": "183.51800", "2006-06-30": 121.604, "2006-03-31": 86.337, "2005-12-31": 77.778, "2005-09-30": "49.49100", "2005-06-30": 64.437, "2005-03-31": 232.815}, "Total Depreciation And Amortization - Cash Flow": {"2020-12-31": 77.806, "2020-09-30": "74.33400", "2020-06-30": 72.412, "2020-03-31": 68.609, "2019-12-31": 67.105, "2019-09-30": "66.33900", "2019-06-30": 67.614, "2019-03-31": 85.135, "2018-12-31": 82.825, "2018-09-30": "81.05000", "2018-06-30": 86.078, "2018-03-31": 86.578, "2017-12-31": 84.437, "2017-09-30": "83.73000", "2017-06-30": 85.15, "2017-03-31": 82.378, "2016-12-31": 83.267, "2016-09-30": "81.39200", "2016-06-30": 89.56, "2016-03-31": 96.122, "2015-12-31": 95.447, "2015-09-30": "80.42100", "2015-06-30": 159.52, "2015-03-31": 79.674, "2014-12-31": 79.974, "2014-09-30": "75.74600", "2014-06-30": 81.945, "2014-03-31": 81.569, "2013-12-31": 81.769, "2013-09-30": "82.45300", "2013-06-30": 86.441, "2013-03-31": 82.796, "2012-12-31": 86.231, "2012-09-30": "82.56800", "2012-06-30": 41.59, "2012-03-31": 29.267, "2011-12-31": 29.043, "2011-09-30": "27.95300", "2011-06-30": 23.526, "2011-03-31": 18.176, "2010-12-31": 18.663, "2010-09-30": "17.94800", "2010-06-30": 17.664, "2010-03-31": 17.872, "2009-12-31": 18.184, "2009-09-30": "17.68100", "2009-06-30": 24.873, "2009-03-31": 108.726, "2008-12-31": 17.177, "2008-09-30": "17.89600", "2008-06-30": 19.227, "2008-03-31": 12.914, "2007-12-31": 11.324, "2007-09-30": "11.23900", "2007-06-30": 12.412, "2007-03-31": 11.452, "2006-12-31": 7.823, "2006-09-30": "6.41000", "2006-06-30": 3.513, "2006-03-31": 5.861, "2005-12-31": 5.798, "2005-09-30": "6.82800", "2005-06-30": 6.976, "2005-03-31": 21.826}, "Other Non-Cash Items": {"2020-12-31": 49.647, "2020-09-30": "54.13800", "2020-06-30": -39.14, "2020-03-31": 47.414, "2019-12-31": 123.233, "2019-09-30": "39.91300", "2019-06-30": 114.97, "2019-03-31": 40.839, "2018-12-31": 59.603, "2018-09-30": "-33.15800", "2018-06-30": 259.474, "2018-03-31": 102.611, "2017-12-31": -229.354, "2017-09-30": "84.98700", "2017-06-30": 78.747, "2017-03-31": 62.942, "2016-12-31": 103.195, "2016-09-30": "46.22800", "2016-06-30": -22.646, "2016-03-31": 29.808, "2015-12-31": 40.773, "2015-09-30": "30.18400", "2015-06-30": 35.23, "2015-03-31": 45.923, "2014-12-31": 23.492, "2014-09-30": "27.25200", "2014-06-30": -54.201, "2014-03-31": 27.518, "2013-12-31": 36.131, "2013-09-30": "30.23900", "2013-06-30": 2.413, "2013-03-31": 1.425, "2012-12-31": 16.707, "2012-09-30": "12.39700", "2012-06-30": 68.699, "2012-03-31": 18.955, "2011-12-31": 16.998, "2011-09-30": "19.90100", "2011-06-30": 26.463, "2011-03-31": 15.172, "2010-12-31": 9.513, "2010-09-30": "8.20700", "2010-06-30": 21.119, "2010-03-31": 11.664, "2009-12-31": 28.475, "2009-09-30": "28.07600", "2009-06-30": 37.257, "2009-03-31": 42.313, "2008-12-31": 38.715, "2008-09-30": "22.78700", "2008-06-30": 30.957, "2008-03-31": -35.536, "2007-12-31": 15.378, "2007-09-30": "14.76100", "2007-06-30": 22.272, "2007-03-31": 14.137, "2006-12-31": 20.369, "2006-09-30": "13.27800", "2006-06-30": 17.462, "2006-03-31": 23.964, "2005-12-31": 5.397, "2005-09-30": "20.62000", "2005-06-30": 25.153, "2005-03-31": 83.086}, "Total Non-Cash Items": {"2020-12-31": 127.453, "2020-09-30": "128.47200", "2020-06-30": 33.272, "2020-03-31": 116.023, "2019-12-31": 190.338, "2019-09-30": "106.25200", "2019-06-30": 182.584, "2019-03-31": 125.974, "2018-12-31": 142.428, "2018-09-30": "47.89200", "2018-06-30": 345.552, "2018-03-31": 189.189, "2017-12-31": -144.917, "2017-09-30": "168.71700", "2017-06-30": 163.897, "2017-03-31": 145.32, "2016-12-31": 186.462, "2016-09-30": "127.62000", "2016-06-30": 66.914, "2016-03-31": 125.93, "2015-12-31": 136.22, "2015-09-30": "110.60500", "2015-06-30": 194.75, "2015-03-31": 125.597, "2014-12-31": 103.466, "2014-09-30": "102.99800", "2014-06-30": 27.7439, "2014-03-31": 109.087, "2013-12-31": 117.9, "2013-09-30": "112.69200", "2013-06-30": 88.854, "2013-03-31": 84.221, "2012-12-31": 102.938, "2012-09-30": "94.96500", "2012-06-30": 110.289, "2012-03-31": 48.222, "2011-12-31": 46.041, "2011-09-30": "47.85400", "2011-06-30": 49.989, "2011-03-31": 33.348, "2010-12-31": 28.176, "2010-09-30": "26.15500", "2010-06-30": 38.783, "2010-03-31": 29.536, "2009-12-31": 46.659, "2009-09-30": "45.75700", "2009-06-30": 62.13, "2009-03-31": 151.039, "2008-12-31": 55.892, "2008-09-30": "40.68300", "2008-06-30": 50.184, "2008-03-31": -22.622, "2007-12-31": 26.702, "2007-09-30": "26.00000", "2007-06-30": 34.684, "2007-03-31": 25.589, "2006-12-31": 28.192, "2006-09-30": "19.68800", "2006-06-30": 20.975, "2006-03-31": 29.825, "2005-12-31": 11.195, "2005-09-30": "27.44800", "2005-06-30": 32.129, "2005-03-31": 104.912}, "Change In Accounts Receivable": {"2020-12-31": 0, "2020-09-30": "", "2020-06-30": -641.827, "2020-03-31": 0, "2019-12-31": 0, "2019-09-30": "", "2019-06-30": 732.138, "2019-03-31": 0, "2018-12-31": 0, "2018-09-30": "", "2018-06-30": -501.628, "2018-03-31": 0, "2017-12-31": 0, "2017-09-30": "", "2017-06-30": -411.287, "2017-03-31": 0, "2016-12-31": 0, "2016-09-30": "", "2016-06-30": -169.034, "2016-03-31": 0, "2015-12-31": 0, "2015-09-30": "", "2015-06-30": -294.155, "2015-03-31": 0, "2014-12-31": 0, "2014-09-30": "", "2014-06-30": -201.549, "2014-03-31": 0, "2013-12-31": 0, "2013-09-30": "", "2013-06-30": 162.634, "2013-03-31": 0, "2012-12-31": 0, "2012-09-30": "", "2012-06-30": 66.064, "2012-03-31": 0, "2011-12-31": 0, "2011-09-30": "", "2011-06-30": -89.716, "2011-03-31": 0, "2010-12-31": 0, "2010-09-30": "", "2010-06-30": -246.653, "2010-03-31": 0, "2009-12-31": 0, "2009-09-30": "", "2009-06-30": 152.086, "2009-03-31": 0, "2008-12-31": 0, "2008-09-30": "", "2008-06-30": 99.887, "2008-03-31": 0, "2007-12-31": 0, "2007-09-30": "", "2007-06-30": -0.513, "2007-03-31": 0, "2006-12-31": 0, "2006-09-30": "", "2006-06-30": -178.542, "2006-03-31": 0, "2005-12-31": 0, "2005-09-30": "", "2005-06-30": 13.47, "2005-03-31": 0}, "Change In Inventories": {"2020-12-31": 0, "2020-09-30": "", "2020-06-30": -411.608, "2020-03-31": 0, "2019-12-31": 0, "2019-09-30": "", "2019-06-30": 281.355, "2019-03-31": 0, "2018-12-31": 0, "2018-09-30": "", "2018-06-30": -701.008, "2018-03-31": 0, "2017-12-31": 0, "2017-09-30": "", "2017-06-30": -307.875, "2017-03-31": 0, "2016-12-31": 0, "2016-09-30": "", "2016-06-30": -66.371, "2016-03-31": 0, "2015-12-31": 0, "2015-09-30": "", "2015-06-30": -207.462, "2015-03-31": 0, "2014-12-31": 0, "2014-09-30": "", "2014-06-30": -190.058, "2014-03-31": 0, "2013-12-31": 0, "2013-09-30": "", "2013-06-30": 76.351, "2013-03-31": 0, "2012-12-31": 0, "2012-09-30": "", "2012-06-30": 73.987, "2012-03-31": 0, "2011-12-31": 0, "2011-09-30": "", "2011-06-30": -77.461, "2011-03-31": 0, "2010-12-31": 0, "2010-09-30": "", "2010-06-30": -79.701, "2010-03-31": 0, "2009-12-31": 0, "2009-09-30": "", "2009-06-30": 46.052, "2009-03-31": 0, "2008-12-31": 0, "2008-09-30": "", "2008-06-30": 19.684, "2008-03-31": 0, "2007-12-31": 0, "2007-09-30": "", "2007-06-30": -56.336, "2007-03-31": 0, "2006-12-31": 0, "2006-09-30": "", "2006-06-30": -59.038, "2006-03-31": 0, "2005-12-31": 0, "2005-09-30": "", "2005-06-30": -2.588, "2005-03-31": 0}, "Change In Accounts Payable": {"2020-12-31": 0, "2020-09-30": "", "2020-06-30": 208.478, "2020-03-31": 0, "2019-12-31": 0, "2019-09-30": "", "2019-06-30": -131.472, "2019-03-31": 0, "2018-12-31": 0, "2018-09-30": "", "2018-06-30": 35.655, "2018-03-31": 0, "2017-12-31": 0, "2017-09-30": "", "2017-06-30": 126.819, "2017-03-31": 0, "2016-12-31": 0, "2016-09-30": "", "2016-06-30": 41.645, "2016-03-31": 0, "2015-12-31": 0, "2015-09-30": "", "2015-06-30": 76.617, "2015-03-31": 0, "2014-12-31": 0, "2014-09-30": "", "2014-06-30": 18.704, "2014-03-31": 0, "2013-12-31": 0, "2013-09-30": "", "2013-06-30": -58.081, "2013-03-31": 0, "2012-12-31": 0, "2012-09-30": "", "2012-06-30": 12.145, "2012-03-31": 0, "2011-12-31": 0, "2011-09-30": "", "2011-06-30": 42.32, "2011-03-31": 0, "2010-12-31": 0, "2010-09-30": "", "2010-06-30": 71.6, "2010-03-31": 0, "2009-12-31": 0, "2009-09-30": "", "2009-06-30": -39.381, "2009-03-31": 0, "2008-12-31": 0, "2008-09-30": "", "2008-06-30": -40.125, "2008-03-31": 0, "2007-12-31": 0, "2007-09-30": "", "2007-06-30": 9.055, "2007-03-31": 0, "2006-12-31": 0, "2006-09-30": "", "2006-06-30": 48.341, "2006-03-31": 0, "2005-12-31": 0, "2005-09-30": "", "2005-06-30": -33.108, "2005-03-31": 0}, "Change In Assets/Liabilities": {"2020-12-31": -657.318, "2020-09-30": "-312.32900", "2020-06-30": 727.653, "2020-03-31": -157.187, "2019-12-31": -396.593, "2019-09-30": "-112.02000", "2019-06-30": -526.211, "2019-03-31": 260.951, "2018-12-31": -67.521, "2018-09-30": "136.84300", "2018-06-30": -243.516, "2018-03-31": 64.524, "2017-12-31": 184.684, "2017-09-30": "92.33000", "2017-06-30": 572.712, "2017-03-31": -292.607, "2016-12-31": -113.863, "2016-09-30": "64.96200", "2016-06-30": 111.746, "2016-03-31": -95.776, "2015-12-31": -75.207, "2015-09-30": "39.70200", "2015-06-30": 405.615, "2015-03-31": -131.745, "2014-12-31": -131.776, "2014-09-30": "-108.44400", "2014-06-30": 270.806, "2014-03-31": 13.986, "2013-12-31": -135.441, "2013-09-30": "-150.38800", "2013-06-30": -142.011, "2013-03-31": -6.931, "2012-12-31": 66.542, "2012-09-30": "143.12300", "2012-06-30": -71.936, "2012-03-31": 51.406, "2011-12-31": 88.68, "2011-09-30": "-34.21500", "2011-06-30": 8.491, "2011-03-31": 25.259, "2010-12-31": -62.849, "2010-09-30": "37.82900", "2010-06-30": 199.646, "2010-03-31": -41.781, "2009-12-31": -43.096, "2009-09-30": "-61.00900", "2009-06-30": -15.793, "2009-03-31": 22.215, "2008-12-31": -73.909, "2008-09-30": "-9.08900", "2008-06-30": -81.467, "2008-03-31": 79.266, "2007-12-31": -130.26, "2007-09-30": "46.48200", "2007-06-30": 92.44, "2007-03-31": -40.526, "2006-12-31": -32.866, "2006-09-30": "12.88400", "2006-06-30": 53.893, "2006-03-31": -5.01, "2005-12-31": 23.126, "2005-09-30": "-30.60400", "2005-06-30": 26.307, "2005-03-31": -45.698}, "Total Change In Assets/Liabilities": {"2020-12-31": -657.318, "2020-09-30": "-312.32900", "2020-06-30": 93.925, "2020-03-31": -157.187, "2019-12-31": -396.593, "2019-09-30": "-112.02000", "2019-06-30": 161.251, "2019-03-31": 260.951, "2018-12-31": -67.521, "2018-09-30": "136.84300", "2018-06-30": -658.731, "2018-03-31": 64.524, "2017-12-31": 184.684, "2017-09-30": "92.33000", "2017-06-30": 30.676, "2017-03-31": -292.607, "2016-12-31": -113.863, "2016-09-30": "64.96200", "2016-06-30": 79.052, "2016-03-31": -95.776, "2015-12-31": -75.207, "2015-09-30": "39.70200", "2015-06-30": -37.576, "2015-03-31": -142.747, "2014-12-31": -120.774, "2014-09-30": "-108.44400", "2014-06-30": -23.489, "2014-03-31": 13.986, "2013-12-31": -135.441, "2013-09-30": "-150.38800", "2013-06-30": -4.859, "2013-03-31": -6.931, "2012-12-31": 66.542, "2012-09-30": "143.12300", "2012-06-30": -39.715, "2012-03-31": 51.406, "2011-12-31": 88.68, "2011-09-30": "-34.21500", "2011-06-30": 21.714, "2011-03-31": 25.259, "2010-12-31": -62.849, "2010-09-30": "37.82900", "2010-06-30": -13.995, "2010-03-31": -41.781, "2009-12-31": -43.096, "2009-09-30": "-61.00900", "2009-06-30": -34.295, "2009-03-31": 22.215, "2008-12-31": -73.909, "2008-09-30": "-9.08900", "2008-06-30": 78.537, "2008-03-31": 79.266, "2007-12-31": -130.26, "2007-09-30": "46.48200", "2007-06-30": 89.473, "2007-03-31": -40.526, "2006-12-31": -32.866, "2006-09-30": "12.88400", "2006-06-30": -47.14, "2006-03-31": -5.01, "2005-12-31": 23.126, "2005-09-30": "-30.60400", "2005-06-30": 37.766, "2005-03-31": -45.698}, "Cash Flow From Operating Activities": {"2020-12-31": 344.637, "2020-09-30": "642.51100", "2020-06-30": 813.048, "2020-03-31": 541.428, "2019-12-31": 307.928, "2019-09-30": "464.04700", "2019-06-30": 880.487, "2019-03-31": 932.821, "2018-12-31": 642.419, "2018-09-30": "720.28600", "2018-06-30": 718.358, "2018-03-31": 1050.379, "2017-12-31": 28.704, "2017-09-30": "858.30600", "2017-06-30": 729.272, "2017-03-31": 422.688, "2016-12-31": 404.098, "2016-09-30": "473.22400", "2016-06-30": 423.824, "2016-03-31": 182.911, "2015-12-31": 294.545, "2015-09-30": "448.99700", "2015-06-30": 292.066, "2015-03-31": 191.037, "2014-12-31": 161.239, "2014-09-30": "141.16100", "2014-06-30": 245.891, "2014-03-31": 290.21, "2013-12-31": 129.023, "2013-09-30": "51.92500", "2013-06-30": 174.988, "2013-03-31": 102.457, "2012-12-31": 193.226, "2012-09-30": "249.26200", "2012-06-30": 96.715, "2012-03-31": 146.397, "2011-12-31": 169.016, "2011-09-30": "86.90000", "2011-06-30": 198.108, "2011-03-31": 241.593, "2010-12-31": 185.583, "2010-09-30": "255.74400", "2010-06-30": 165.433, "2010-03-31": 109.266, "2009-12-31": 73.31, "2009-09-30": "2.70400", "2009-06-30": -58.12, "2009-03-31": -24.152, "2008-12-31": -38.989, "2008-09-30": "43.13200", "2008-06-30": 200.447, "2008-03-31": 145.985, "2007-12-31": 21.44, "2007-09-30": "222.44700", "2007-06-30": 293.493, "2007-03-31": 151.401, "2006-12-31": 162.038, "2006-09-30": "216.62700", "2006-06-30": 98.961, "2006-03-31": 109.635, "2005-12-31": 111.405, "2005-09-30": "47.38100", "2005-06-30": 133.884, "2005-03-31": 292.046}, "Net Change In Property, Plant, And Equipment": {"2020-12-31": -92.072, "2020-09-30": "-62.80600", "2020-06-30": -50.554, "2020-03-31": -51.375, "2019-12-31": -62.054, "2019-09-30": "-39.25600", "2019-06-30": -65.948, "2019-03-31": -75.522, "2018-12-31": -105.923, "2018-09-30": "-56.09800", "2018-06-30": -79.655, "2018-03-31": -49.057, "2017-12-31": -84.693, "2017-09-30": "-60.06400", "2017-06-30": -33.52, "2017-03-31": -44.116, "2016-12-31": -36.513, "2016-09-30": "-41.97900", "2016-06-30": 28.004, "2016-03-31": -46.007, "2015-12-31": -28.143, "2015-09-30": "-49.45400", "2015-06-30": -63.133, "2015-03-31": -31.898, "2014-12-31": -61.363, "2014-09-30": "-41.87100", "2014-06-30": 92.998, "2014-03-31": -41.638, "2013-12-31": -16.688, "2013-09-30": "-23.77800", "2013-06-30": -43.14, "2013-03-31": -34.766, "2012-12-31": -38.264, "2012-09-30": "-43.96500", "2012-06-30": -36.88, "2012-03-31": -27.978, "2011-12-31": -24.005, "2011-09-30": "-15.73200", "2011-06-30": -34.571, "2011-03-31": -35.769, "2010-12-31": -36.481, "2010-09-30": "-19.13000", "2010-06-30": -12.042, "2010-03-31": -10.823, "2009-12-31": -6.893, "2009-09-30": "-5.83200", "2009-06-30": -5.848, "2009-03-31": -10.866, "2008-12-31": -12.417, "2008-09-30": "-15.15100", "2008-06-30": -18.951, "2008-03-31": -19.291, "2007-12-31": -24.417, "2007-09-30": "-14.14400", "2007-06-30": -14.305, "2007-03-31": -18.777, "2006-12-31": -13.966, "2006-09-30": "-12.92000", "2006-06-30": -25.939, "2006-03-31": -6.447, "2005-12-31": -5.036, "2005-09-30": "-4.65800", "2005-06-30": -4.226, "2005-03-31": -18.623}, "Net Change In Intangible Assets": {"2020-12-31": 0, "2020-09-30": "", "2020-06-30": 0, "2020-03-31": 0, "2019-12-31": 0, "2019-09-30": "", "2019-06-30": 0, "2019-03-31": 0, "2018-12-31": 0, "2018-09-30": "", "2018-06-30": 0, "2018-03-31": 0, "2017-12-31": 0, "2017-09-30": "", "2017-06-30": 0, "2017-03-31": 0, "2016-12-31": 0, "2016-09-30": "", "2016-06-30": 0, "2016-03-31": 0, "2015-12-31": 0, "2015-09-30": "", "2015-06-30": 0, "2015-03-31": 0, "2014-12-31": 0, "2014-09-30": "", "2014-06-30": 0, "2014-03-31": 0, "2013-12-31": 0, "2013-09-30": "", "2013-06-30": 0, "2013-03-31": 0, "2012-12-31": 0, "2012-09-30": "", "2012-06-30": 0, "2012-03-31": 0, "2011-12-31": 0, "2011-09-30": "", "2011-06-30": 0, "2011-03-31": 0, "2010-12-31": 0, "2010-09-30": "", "2010-06-30": 0, "2010-03-31": 0, "2009-12-31": 0, "2009-09-30": "", "2009-06-30": 0, "2009-03-31": 0, "2008-12-31": 0, "2008-09-30": "", "2008-06-30": 0, "2008-03-31": 0, "2007-12-31": 0, "2007-09-30": "", "2007-06-30": 0, "2007-03-31": 0, "2006-12-31": 0, "2006-09-30": "", "2006-06-30": 0, "2006-03-31": 0, "2005-12-31": 0, "2005-09-30": "", "2005-06-30": 0, "2005-03-31": 0}, "Net Acquisitions/Divestitures": {"2020-12-31": 0, "2020-09-30": "", "2020-06-30": 0, "2020-03-31": 0, "2019-12-31": 0, "2019-09-30": "", "2019-06-30": 0, "2019-03-31": 0, "2018-12-31": 0, "2018-09-30": "", "2018-06-30": 0, "2018-03-31": 0, "2017-12-31": -0.084, "2017-09-30": "-115.61300", "2017-06-30": 0, "2017-03-31": 0, "2016-12-31": 0, "2016-09-30": "", "2016-06-30": 0, "2016-03-31": 0, "2015-12-31": 0, "2015-09-30": "", "2015-06-30": 0, "2015-03-31": 0, "2014-12-31": 0, "2014-09-30": "40.07500", "2014-06-30": -11.839, "2014-03-31": 0, "2013-12-31": -18.388, "2013-09-30": "", "2013-06-30": -0.8, "2013-03-31": -0.4, "2012-12-31": -8.716, "2012-09-30": "", "2012-06-30": 418.681, "2012-03-31": 0, "2011-12-31": 0, "2011-09-30": "", "2011-06-30": 0, "2011-03-31": 0, "2010-12-31": 0, "2010-09-30": "", "2010-06-30": 0, "2010-03-31": 0, "2009-12-31": 0, "2009-09-30": "", "2009-06-30": 0, "2009-03-31": -8.267, "2008-12-31": -8.763, "2008-09-30": "-2.42700", "2008-06-30": -6.918, "2008-03-31": -475.656, "2007-12-31": 0, "2007-09-30": "", "2007-06-30": -4, "2007-03-31": 0, "2006-12-31": -177.108, "2006-09-30": "", "2006-06-30": 0, "2006-03-31": 0, "2005-12-31": 0, "2005-09-30": "", "2005-06-30": 0, "2005-03-31": 0}, "Net Change In Short-term Investments": {"2020-12-31": 168.102, "2020-09-30": "-737.07400", "2020-06-30": -354.3499, "2020-03-31": 211.1589, "2019-12-31": -662.2869, "2019-09-30": "790.47800", "2019-06-30": -555.468, "2019-03-31": -931.38, "2018-12-31": 773.2229, "2018-09-30": "-612.58290", "2018-06-30": 1341.475, "2018-03-31": 2134.8861, "2017-12-31": -205.7011, "2017-09-30": "-117.77400", "2017-06-30": 93.858, "2017-03-31": -418.566, "2016-12-31": -1990.928, "2016-09-30": "431.75000", "2016-06-30": 605.891, "2016-03-31": 181.938, "2015-12-31": 39.202, "2015-09-30": "-28.20300", "2015-06-30": -278.3791, "2015-03-31": -359.416, "2014-12-31": -321.59, "2014-09-30": "9.64500", "2014-06-30": -155.035, "2014-03-31": -82.744, "2013-12-31": -88.754, "2013-09-30": "42.56700", "2013-06-30": -6.4421, "2013-03-31": -12.075, "2012-12-31": -23.25, "2012-09-30": "-16.63800", "2012-06-30": 329.689, "2012-03-31": -282.225, "2011-12-31": -14.934, "2011-09-30": "-85.25900", "2011-06-30": -317.206, "2011-03-31": -11.068, "2010-12-31": -1.16, "2010-09-30": "-24.50600", "2010-06-30": -63.958, "2010-03-31": -3.238, "2009-12-31": -1.016, "2009-09-30": "-9.77500", "2009-06-30": 93.056, "2009-03-31": 33.961, "2008-12-31": 39.767, "2008-09-30": "6.98000", "2008-06-30": -32.494, "2008-03-31": 83.201, "2007-12-31": -15.9, "2007-09-30": "-15.98500", "2007-06-30": 540.076, "2007-03-31": -63.149, "2006-12-31": -340.774, "2006-09-30": "-90.92300", "2006-06-30": 90.296, "2006-03-31": 26.703, "2005-12-31": 14.191, "2005-09-30": "51.59800", "2005-06-30": -35.565, "2005-03-31": -27.744}, "Net Change In Long-Term Investments": {"2020-12-31": 0, "2020-09-30": "", "2020-06-30": 0, "2020-03-31": 0, "2019-12-31": 0, "2019-09-30": "", "2019-06-30": 0, "2019-03-31": 0, "2018-12-31": 0, "2018-09-30": "", "2018-06-30": 0, "2018-03-31": 0, "2017-12-31": 0, "2017-09-30": "", "2017-06-30": 0, "2017-03-31": 0, "2016-12-31": 0, "2016-09-30": "", "2016-06-30": 0, "2016-03-31": 0, "2015-12-31": 0, "2015-09-30": "", "2015-06-30": 0, "2015-03-31": 0, "2014-12-31": 0, "2014-09-30": "", "2014-06-30": 0, "2014-03-31": 0, "2013-12-31": 0, "2013-09-30": "", "2013-06-30": 0, "2013-03-31": 0, "2012-12-31": 0, "2012-09-30": "", "2012-06-30": 0, "2012-03-31": 0, "2011-12-31": 8.375, "2011-09-30": "", "2011-06-30": 0, "2011-03-31": 0, "2010-12-31": 0, "2010-09-30": "", "2010-06-30": -0.8, "2010-03-31": 0, "2009-12-31": 0, "2009-09-30": "", "2009-06-30": -8.375, "2009-03-31": 0, "2008-12-31": 0, "2008-09-30": "", "2008-06-30": 0, "2008-03-31": 0, "2007-12-31": 0, "2007-09-30": "", "2007-06-30": 0, "2007-03-31": 0, "2006-12-31": 0, "2006-09-30": "", "2006-06-30": 0, "2006-03-31": 0, "2005-12-31": 0, "2005-09-30": "", "2005-06-30": 0, "2005-03-31": 0}, "Net Change In Investments - Total": {"2020-12-31": 168.102, "2020-09-30": "-737.07400", "2020-06-30": -354.3499, "2020-03-31": 211.1589, "2019-12-31": -662.2869, "2019-09-30": "790.47800", "2019-06-30": -555.468, "2019-03-31": -931.38, "2018-12-31": 773.2229, "2018-09-30": "-612.58290", "2018-06-30": 1341.475, "2018-03-31": 2134.8861, "2017-12-31": -205.7011, "2017-09-30": "-117.77400", "2017-06-30": 93.858, "2017-03-31": -418.566, "2016-12-31": -1990.928, "2016-09-30": "431.75000", "2016-06-30": 605.891, "2016-03-31": 181.938, "2015-12-31": 39.202, "2015-09-30": "-28.20300", "2015-06-30": -278.3791, "2015-03-31": -359.416, "2014-12-31": -321.59, "2014-09-30": "9.64500", "2014-06-30": -155.035, "2014-03-31": -82.744, "2013-12-31": -88.754, "2013-09-30": "42.56700", "2013-06-30": -6.4421, "2013-03-31": -12.075, "2012-12-31": -23.25, "2012-09-30": "-16.63800", "2012-06-30": 329.689, "2012-03-31": -282.225, "2011-12-31": -6.559, "2011-09-30": "-85.25900", "2011-06-30": -317.206, "2011-03-31": -11.068, "2010-12-31": -1.16, "2010-09-30": "-24.50600", "2010-06-30": -64.758, "2010-03-31": -3.238, "2009-12-31": -1.016, "2009-09-30": "-9.77500", "2009-06-30": 84.681, "2009-03-31": 33.961, "2008-12-31": 39.767, "2008-09-30": "6.98000", "2008-06-30": -32.494, "2008-03-31": 83.201, "2007-12-31": -15.9, "2007-09-30": "-15.98500", "2007-06-30": 540.076, "2007-03-31": -63.149, "2006-12-31": -340.774, "2006-09-30": "-90.92300", "2006-06-30": 90.296, "2006-03-31": 26.703, "2005-12-31": 14.191, "2005-09-30": "51.59800", "2005-06-30": -35.565, "2005-03-31": -27.744}, "Investing Activities - Other": {"2020-12-31": -6.09, "2020-09-30": "-1.78600", "2020-06-30": -25.305, "2020-03-31": 9.988, "2019-12-31": -9.988, "2019-09-30": "-0.54000", "2019-06-30": -2.067, "2019-03-31": -1.269, "2018-12-31": -0.369, "2018-09-30": "-3.65000", "2018-06-30": -0.826, "2018-03-31": 0.638, "2017-12-31": -4.396, "2017-09-30": "-10.60000", "2017-06-30": 4.548, "2017-03-31": -4.568, "2016-12-31": 0.224, "2016-09-30": "-13.01900", "2016-06-30": -112.381, "2016-03-31": -0.2, "2015-12-31": 3.336, "2015-09-30": "-1.50000", "2015-06-30": 1.056, "2015-03-31": -3.322, "2014-12-31": 4.078, "2014-09-30": "0.02200", "2014-06-30": -0.637, "2014-03-31": 28.572, "2013-12-31": 10, "2013-09-30": "0.15000", "2013-06-30": -10.328, "2013-03-31": -0.032, "2012-12-31": 0.033, "2012-09-30": "0.14600", "2012-06-30": -0.029, "2012-03-31": 0.003, "2011-12-31": 0.003, "2011-09-30": "0.01700", "2011-06-30": 0.409, "2011-03-31": -0.421, "2010-12-31": 0, "2010-09-30": "-0.01000", "2010-06-30": -1.173, "2010-03-31": 19.629, "2009-12-31": 0.097, "2009-09-30": "-7.53200", "2009-06-30": -34.083, "2009-03-31": -11.256, "2008-12-31": -34.178, "2008-09-30": "-16.12800", "2008-06-30": 17.616, "2008-03-31": 45.295, "2007-12-31": -18.161, "2007-09-30": "", "2007-06-30": 3, "2007-03-31": 55, "2006-12-31": 55, "2006-09-30": "", "2006-06-30": -385, "2006-03-31": 0, "2005-12-31": 0, "2005-09-30": "", "2005-06-30": 27.43, "2005-03-31": 0}, "Cash Flow From Investing Activities": {"2020-12-31": 69.94, "2020-09-30": "-801.66600", "2020-06-30": -430.209, "2020-03-31": 169.772, "2019-12-31": -734.329, "2019-09-30": "750.68200", "2019-06-30": -623.483, "2019-03-31": -1008.171, "2018-12-31": 666.931, "2018-09-30": "-672.33100", "2018-06-30": 1260.994, "2018-03-31": 2086.467, "2017-12-31": -294.874, "2017-09-30": "-304.05100", "2017-06-30": 64.886, "2017-03-31": -467.25, "2016-12-31": -2027.217, "2016-09-30": "376.75200", "2016-06-30": 521.514, "2016-03-31": 135.731, "2015-12-31": 14.395, "2015-09-30": "-79.15700", "2015-06-30": -340.456, "2015-03-31": -394.636, "2014-12-31": -378.875, "2014-09-30": "7.87100", "2014-06-30": -74.513, "2014-03-31": -95.81, "2013-12-31": -113.83, "2013-09-30": "18.93900", "2013-06-30": -60.71, "2013-03-31": -47.273, "2012-12-31": -70.197, "2012-09-30": "-60.45700", "2012-06-30": 711.461, "2012-03-31": -310.2, "2011-12-31": -30.561, "2011-09-30": "-100.97400", "2011-06-30": -351.368, "2011-03-31": -47.258, "2010-12-31": -37.641, "2010-09-30": "-43.64600", "2010-06-30": -77.973, "2010-03-31": 5.568, "2009-12-31": -7.812, "2009-09-30": "-23.13900", "2009-06-30": 44.75, "2009-03-31": 3.572, "2008-12-31": -15.591, "2008-09-30": "-26.72600", "2008-06-30": -40.747, "2008-03-31": -366.451, "2007-12-31": -58.478, "2007-09-30": "-30.12900", "2007-06-30": 524.771, "2007-03-31": -26.926, "2006-12-31": -476.848, "2006-09-30": "-103.84300", "2006-06-30": -320.643, "2006-03-31": 20.256, "2005-12-31": 9.155, "2005-09-30": "46.94000", "2005-06-30": -12.361, "2005-03-31": -46.367}, "Net Long-Term Debt": {"2020-12-31": -4.596, "2020-09-30": "-19.17300", "2020-06-30": 721.703, "2020-03-31": 632.363, "2019-12-31": -17.987, "2019-09-30": "-28.96500", "2019-06-30": -301.157, "2019-03-31": 2744.345, "2018-12-31": -365.958, "2018-09-30": "-79.91700", "2018-06-30": -816.6459, "2018-03-31": -29.1421, "2017-12-31": 751.425, "2017-09-30": "-301.72700", "2017-06-30": -2.445, "2017-03-31": -69.227, "2016-12-31": -1616.27, "2016-09-30": "-0.37100", "2016-06-30": 1923.596, "2016-03-31": -8.479, "2015-12-31": -28.374, "2015-09-30": "-0.09600", "2015-06-30": -0.27, "2015-03-31": 991.761, "2014-12-31": -0.674, "2014-09-30": "-0.10700", "2014-06-30": -0.739, "2014-03-31": -0.112, "2013-12-31": -0.719, "2013-09-30": "-0.08800", "2013-06-30": -0.698, "2013-03-31": -0.756, "2012-12-31": -0.115, "2012-09-30": "-0.66500", "2012-06-30": -1.101, "2012-03-31": -1.024, "2011-12-31": -1.576, "2011-09-30": "-1.56400", "2011-06-30": 701.625, "2011-03-31": -1.038, "2010-12-31": -0.078, "2010-09-30": "-3.33300", "2010-06-30": -0.616, "2010-03-31": -17.82, "2009-12-31": -0.637, "2009-09-30": "-1.63100", "2009-06-30": -0.911, "2009-03-31": -239.703, "2008-12-31": -12.545, "2008-09-30": "-2.26300", "2008-06-30": 0.415, "2008-03-31": -0.114, "2007-12-31": -0.051, "2007-09-30": "-0.04900", "2007-06-30": -0.051, "2007-03-31": -50.048, "2006-12-31": -50.028, "2006-09-30": "-0.04400", "2006-06-30": 349.587, "2006-03-31": -0.067, "2005-12-31": 0, "2005-09-30": "", "2005-06-30": 0, "2005-03-31": 0}, "Net Current Debt": {"2020-12-31": 0, "2020-09-30": "", "2020-06-30": 0, "2020-03-31": 0, "2019-12-31": 0, "2019-09-30": "", "2019-06-30": 0, "2019-03-31": 0, "2018-12-31": 0, "2018-09-30": "", "2018-06-30": 0, "2018-03-31": 0, "2017-12-31": 0, "2017-09-30": "", "2017-06-30": 0, "2017-03-31": 0, "2016-12-31": 0, "2016-09-30": "", "2016-06-30": 0, "2016-03-31": 0, "2015-12-31": 0, "2015-09-30": "", "2015-06-30": 0, "2015-03-31": 0, "2014-12-31": 0, "2014-09-30": "", "2014-06-30": 0, "2014-03-31": 0, "2013-12-31": 0, "2013-09-30": "", "2013-06-30": 0, "2013-03-31": 0, "2012-12-31": 0, "2012-09-30": "", "2012-06-30": 0, "2012-03-31": 0, "2011-12-31": 0, "2011-09-30": "", "2011-06-30": 0, "2011-03-31": 0, "2010-12-31": 0, "2010-09-30": "", "2010-06-30": 0, "2010-03-31": 0, "2009-12-31": 0, "2009-09-30": "", "2009-06-30": 0, "2009-03-31": 0, "2008-12-31": 0, "2008-09-30": "", "2008-06-30": 0, "2008-03-31": 0, "2007-12-31": 0, "2007-09-30": "", "2007-06-30": 0, "2007-03-31": 0, "2006-12-31": 0, "2006-09-30": "", "2006-06-30": 0, "2006-03-31": 0, "2005-12-31": 0, "2005-09-30": "", "2005-06-30": 0, "2005-03-31": 0}, "Debt Issuance/Retirement Net - Total": {"2020-12-31": -4.596, "2020-09-30": "-19.17300", "2020-06-30": 721.703, "2020-03-31": 632.363, "2019-12-31": -17.987, "2019-09-30": "-28.96500", "2019-06-30": -301.157, "2019-03-31": 2744.345, "2018-12-31": -365.958, "2018-09-30": "-79.91700", "2018-06-30": -816.6459, "2018-03-31": -29.1421, "2017-12-31": 751.425, "2017-09-30": "-301.72700", "2017-06-30": -2.445, "2017-03-31": -69.227, "2016-12-31": -1616.27, "2016-09-30": "-0.37100", "2016-06-30": 1923.596, "2016-03-31": -8.479, "2015-12-31": -28.374, "2015-09-30": "-0.09600", "2015-06-30": -0.27, "2015-03-31": 991.761, "2014-12-31": -0.674, "2014-09-30": "-0.10700", "2014-06-30": -0.739, "2014-03-31": -0.112, "2013-12-31": -0.719, "2013-09-30": "-0.08800", "2013-06-30": -0.698, "2013-03-31": -0.756, "2012-12-31": -0.115, "2012-09-30": "-0.66500", "2012-06-30": -1.101, "2012-03-31": -1.024, "2011-12-31": -1.576, "2011-09-30": "-1.56400", "2011-06-30": 701.625, "2011-03-31": -1.038, "2010-12-31": -0.078, "2010-09-30": "-3.33300", "2010-06-30": -0.616, "2010-03-31": -17.82, "2009-12-31": -0.637, "2009-09-30": "-1.63100", "2009-06-30": -0.911, "2009-03-31": -239.703, "2008-12-31": -12.545, "2008-09-30": "-2.26300", "2008-06-30": 0.415, "2008-03-31": -0.114, "2007-12-31": -0.051, "2007-09-30": "-0.04900", "2007-06-30": -0.051, "2007-03-31": -50.048, "2006-12-31": -50.028, "2006-09-30": "-0.04400", "2006-06-30": 349.587, "2006-03-31": -0.067, "2005-12-31": 0, "2005-09-30": "", "2005-06-30": 0, "2005-03-31": 0}, "Net Common Equity Issued/Repurchased": {"2020-12-31": -673.755, "2020-09-30": "-443.04300", "2020-06-30": 7.844, "2020-03-31": -243.719, "2019-12-31": -965.988, "2019-09-30": "-74.26300", "2019-06-30": -1061.825, "2019-03-31": -929.627, "2018-12-31": 31.51, "2018-09-30": "-1735.89500", "2018-06-30": -1262.116, "2018-03-31": -77.588, "2017-12-31": -1074.32, "2017-09-30": "-154.34300", "2017-06-30": -502.289, "2017-03-31": -191.185, "2016-12-31": -45.227, "2016-09-30": "-0.39500", "2016-06-30": -5.207, "2016-03-31": -3.397, "2015-12-31": -11.625, "2015-09-30": "-78.76300", "2015-06-30": -56.104, "2015-03-31": -102.606, "2014-12-31": -61.313, "2014-09-30": "-286.89400", "2014-06-30": -16.995, "2014-03-31": -34.094, "2013-12-31": -39.496, "2013-09-30": "-76.55700", "2013-06-30": 27.284, "2013-03-31": -219.671, "2012-12-31": -348.427, "2012-09-30": "-344.20300", "2012-06-30": -652.294, "2012-03-31": -10.706, "2011-12-31": -19.331, "2011-09-30": "-63.03100", "2011-06-30": 89.774, "2011-03-31": 3.884, "2010-12-31": -0.744, "2010-09-30": "-136.80500", "2010-06-30": -6.124, "2010-03-31": -65.281, "2009-12-31": 3.55, "2009-09-30": "5.66100", "2009-06-30": 9.361, "2009-03-31": 6.679, "2008-12-31": -23.154, "2008-09-30": "7.97900", "2008-06-30": 0.26, "2008-03-31": -0.737, "2007-12-31": 2.637, "2007-09-30": "4.54500", "2007-06-30": -749.39, "2007-03-31": -227.822, "2006-12-31": -52.623, "2006-09-30": "6.68100", "2006-06-30": 12.215, "2006-03-31": -7.485, "2005-12-31": 0.009, "2005-09-30": "-61.37900", "2005-06-30": -75.374, "2005-03-31": 23.055}, "Net Total Equity Issued/Repurchased": {"2020-12-31": -673.755, "2020-09-30": "-443.04300", "2020-06-30": 7.844, "2020-03-31": -243.719, "2019-12-31": -965.988, "2019-09-30": "-74.26300", "2019-06-30": -1061.825, "2019-03-31": -929.627, "2018-12-31": 31.51, "2018-09-30": "-1735.89500", "2018-06-30": -1262.116, "2018-03-31": -77.588, "2017-12-31": -1074.32, "2017-09-30": "-154.34300", "2017-06-30": -502.289, "2017-03-31": -191.185, "2016-12-31": -45.227, "2016-09-30": "-0.39500", "2016-06-30": -5.207, "2016-03-31": -3.397, "2015-12-31": -11.625, "2015-09-30": "-78.76300", "2015-06-30": -56.104, "2015-03-31": -102.606, "2014-12-31": -61.313, "2014-09-30": "-286.89400", "2014-06-30": -16.995, "2014-03-31": -34.094, "2013-12-31": -39.496, "2013-09-30": "-76.55700", "2013-06-30": 27.284, "2013-03-31": -219.671, "2012-12-31": -348.427, "2012-09-30": "-344.20300", "2012-06-30": -652.294, "2012-03-31": -10.706, "2011-12-31": -19.331, "2011-09-30": "-63.03100", "2011-06-30": 89.774, "2011-03-31": 3.884, "2010-12-31": -0.744, "2010-09-30": "-136.80500", "2010-06-30": -6.124, "2010-03-31": -65.281, "2009-12-31": 3.55, "2009-09-30": "5.66100", "2009-06-30": 9.361, "2009-03-31": 6.679, "2008-12-31": -23.154, "2008-09-30": "7.97900", "2008-06-30": 0.26, "2008-03-31": -0.737, "2007-12-31": 2.637, "2007-09-30": "4.54500", "2007-06-30": -749.39, "2007-03-31": -227.822, "2006-12-31": -52.623, "2006-09-30": "6.68100", "2006-06-30": 12.215, "2006-03-31": -7.485, "2005-12-31": 0.009, "2005-09-30": "-61.37900", "2005-06-30": -75.374, "2005-03-31": 23.055}, "Total Common And Preferred Stock Dividends Paid": {"2020-12-31": -187.927, "2020-09-30": "-167.12900", "2020-06-30": -167.739, "2020-03-31": -163.51, "2019-12-31": -166.721, "2019-09-30": "-158.86800", "2019-06-30": -164.873, "2019-03-31": -171.196, "2018-12-31": -167.907, "2018-09-30": "-174.37200", "2018-06-30": -82.005, "2018-03-31": -79.739, "2017-12-31": -73.127, "2017-09-30": "-72.73800", "2017-06-30": -73.709, "2017-03-31": -73.337, "2016-12-31": -48.397, "2016-09-30": "-48.05200", "2016-06-30": -47.308, "2016-03-31": -47.539, "2015-12-31": -47.896, "2015-09-30": "-47.65900", "2015-06-30": -28.714, "2015-03-31": -28.724, "2014-12-31": -29.381, "2014-09-30": "-29.24000", "2014-06-30": 0, "2014-03-31": 0, "2013-12-31": 0, "2013-09-30": "", "2013-06-30": 0, "2013-03-31": 0, "2012-12-31": 0, "2012-09-30": "", "2012-06-30": 0, "2012-03-31": 0, "2011-12-31": 0, "2011-09-30": "", "2011-06-30": 0, "2011-03-31": 0, "2010-12-31": 0, "2010-09-30": "", "2010-06-30": 0, "2010-03-31": 0, "2009-12-31": 0, "2009-09-30": "", "2009-06-30": 0, "2009-03-31": 0, "2008-12-31": 0, "2008-09-30": "", "2008-06-30": 0, "2008-03-31": 0, "2007-12-31": 0, "2007-09-30": "", "2007-06-30": 0, "2007-03-31": 0, "2006-12-31": 0, "2006-09-30": "", "2006-06-30": 0, "2006-03-31": 0, "2005-12-31": 0, "2005-09-30": "", "2005-06-30": 0, "2005-03-31": 0}, "Financial Activities - Other": {"2020-12-31": 0.961, "2020-09-30": "-2.14000", "2020-06-30": 1.592, "2020-03-31": 0.328, "2019-12-31": 0, "2019-09-30": "", "2019-06-30": -0.001, "2019-03-31": 0, "2018-12-31": -13.198, "2018-09-30": "-0.00900", "2018-06-30": -0.002, "2018-03-31": 0.007, "2017-12-31": 0, "2017-09-30": "0.00400", "2017-06-30": 38.634, "2017-03-31": -0.07, "2016-12-31": -19.364, "2016-09-30": "19.31000", "2016-06-30": -9.194, "2016-03-31": 2.255, "2015-12-31": 2.159, "2015-09-30": "3.27200", "2015-06-30": -2.469, "2015-03-31": 2.204, "2014-12-31": 0.599, "2014-09-30": "10.40400", "2014-06-30": 6.361, "2014-03-31": -0.296, "2013-12-31": 0, "2013-09-30": "", "2013-06-30": 0.364, "2013-03-31": -0.903, "2012-12-31": 0, "2012-09-30": "", "2012-06-30": 0.394, "2012-03-31": 79.326, "2011-12-31": 51.209, "2011-09-30": "-73.04900", "2011-06-30": -91.405, "2011-03-31": 11.878, "2010-12-31": -50.711, "2010-09-30": "3.93900", "2010-06-30": 9.261, "2010-03-31": 0.37, "2009-12-31": 0.235, "2009-09-30": "0.36800", "2009-06-30": 0.237, "2009-03-31": -7.027, "2008-12-31": -3.752, "2008-09-30": "4.26900", "2008-06-30": 21.666, "2008-03-31": -0.401, "2007-12-31": 16.488, "2007-09-30": "21.15100", "2007-06-30": 10.449, "2007-03-31": 19.191, "2006-12-31": 14.086, "2006-09-30": "1.26400", "2006-06-30": 11.11, "2006-03-31": 0, "2005-12-31": 0, "2005-09-30": "", "2005-06-30": 0, "2005-03-31": 0}, "Cash Flow From Financial Activities": {"2020-12-31": -865.317, "2020-09-30": "-631.48500", "2020-06-30": 563.4, "2020-03-31": 225.462, "2019-12-31": -1150.696, "2019-09-30": "-262.09600", "2019-06-30": -1527.856, "2019-03-31": 1643.522, "2018-12-31": -515.553, "2018-09-30": "-1990.19300", "2018-06-30": -2160.769, "2018-03-31": -186.462, "2017-12-31": -396.022, "2017-09-30": "-528.80400", "2017-06-30": -539.809, "2017-03-31": -333.819, "2016-12-31": -1729.258, "2016-09-30": "-29.50800", "2016-06-30": 1861.887, "2016-03-31": -57.16, "2015-12-31": -85.736, "2015-09-30": "-123.24600", "2015-06-30": -87.557, "2015-03-31": 862.635, "2014-12-31": -90.769, "2014-09-30": "-305.83700", "2014-06-30": -11.373, "2014-03-31": -34.502, "2013-12-31": -40.215, "2013-09-30": "-76.64500", "2013-06-30": 26.95, "2013-03-31": -221.33, "2012-12-31": -348.542, "2012-09-30": "-344.86800", "2012-06-30": -653.001, "2012-03-31": 67.596, "2011-12-31": 30.302, "2011-09-30": "-137.64400", "2011-06-30": 699.994, "2011-03-31": 14.724, "2010-12-31": -51.533, "2010-09-30": "-136.19900", "2010-06-30": 2.521, "2010-03-31": -82.731, "2009-12-31": 3.148, "2009-09-30": "4.39800", "2009-06-30": 8.687, "2009-03-31": -240.051, "2008-12-31": -39.451, "2008-09-30": "9.98500", "2008-06-30": 22.341, "2008-03-31": -1.252, "2007-12-31": 19.074, "2007-09-30": "25.64700", "2007-06-30": -738.992, "2007-03-31": -258.679, "2006-12-31": -88.565, "2006-09-30": "7.90100", "2006-06-30": 372.912, "2006-03-31": -7.552, "2005-12-31": 0.009, "2005-09-30": "-61.37900", "2005-06-30": -75.374, "2005-03-31": 23.055}, "Net Cash Flow": {"2020-12-31": -442.553, "2020-09-30": "-786.55800", "2020-06-30": 953.342, "2020-03-31": 925.947, "2019-12-31": -1572.042, "2019-09-30": "948.44000", "2019-06-30": -1273.989, "2019-03-31": 1572.3, "2018-12-31": 791.076, "2018-09-30": "-1944.54900", "2018-06-30": -187.024, "2018-03-31": 2954.425, "2017-12-31": -661.35, "2017-09-30": "28.76800", "2017-06-30": 254.748, "2017-03-31": -375.39, "2016-12-31": -3357.741, "2016-09-30": "822.37900", "2016-06-30": 2807.301, "2016-03-31": 264.148, "2015-12-31": 223.548, "2015-09-30": "242.78600", "2015-06-30": -134.097, "2015-03-31": 654.361, "2014-12-31": -312.403, "2014-09-30": "-158.99900", "2014-06-30": 160.376, "2014-03-31": 159.746, "2013-12-31": -23.629, "2013-09-30": "-6.28900", "2013-06-30": 143.364, "2013-03-31": -171.08, "2012-12-31": -221.277, "2012-09-30": "-153.28600", "2012-06-30": 154.485, "2012-03-31": -96.661, "2011-12-31": 167.61, "2011-09-30": "-152.81400", "2011-06-30": 549.422, "2011-03-31": 213.65, "2010-12-31": 100.779, "2010-09-30": "82.51400", "2010-06-30": 84.398, "2010-03-31": 31.203, "2009-12-31": 69.003, "2009-09-30": "-13.00400", "2009-06-30": -0.481, "2009-03-31": -278.265, "2008-12-31": -92.519, "2008-09-30": "12.89500", "2008-06-30": 180.184, "2008-03-31": -223.702, "2007-12-31": -17.113, "2007-09-30": "219.20100", "2007-06-30": 79.16, "2007-03-31": -134.31, "2006-12-31": -402.231, "2006-09-30": "120.53300", "2006-06-30": 152.97, "2006-03-31": 124.063, "2005-12-31": 118.964, "2005-09-30": "32.56800", "2005-06-30": 45.788, "2005-03-31": 273.059}, "Stock-Based Compensation": {"2020-12-31": 52.109, "2020-09-30": "55.98800", "2020-06-30": 53.153, "2020-03-31": 47.414, "2019-12-31": 45.725, "2019-09-30": "42.90500", "2019-06-30": 44.845, "2019-03-31": 53.24, "2018-12-31": 38.806, "2018-09-30": "50.34300", "2018-06-30": 47.214, "2018-03-31": 41.095, "2017-12-31": 42.124, "2017-09-30": "41.78300", "2017-06-30": 43.802, "2017-03-31": 35.323, "2016-12-31": 32.255, "2016-09-30": "38.59500", "2016-06-30": 39.288, "2016-03-31": 34.716, "2015-12-31": 32.57, "2015-09-30": "35.77400", "2015-06-30": 39.734, "2015-03-31": 32.948, "2014-12-31": 30.632, "2014-09-30": "32.04000", "2014-06-30": 33.085, "2014-03-31": 24.334, "2013-12-31": 23.046, "2013-09-30": "23.23500", "2013-06-30": 25.241, "2013-03-31": 25.648, "2012-12-31": 24.027, "2012-09-30": "24.41400", "2012-06-30": 29.174, "2012-03-31": 16.417, "2011-12-31": 18.224, "2011-09-30": "17.74400", "2011-06-30": 14.788, "2011-03-31": 12.456, "2010-12-31": 12.759, "2010-09-30": "13.00900", "2010-06-30": 12.329, "2010-03-31": 10.917, "2009-12-31": 13.259, "2009-09-30": "13.95800", "2009-06-30": 13.358, "2009-03-31": 10.227, "2008-12-31": 14.049, "2008-09-30": "15.40800", "2008-06-30": 11.629, "2008-03-31": 10.272, "2007-12-31": 9.813, "2007-09-30": "10.80200", "2007-06-30": 11.766, "2007-03-31": 10.873, "2006-12-31": 6.664, "2006-09-30": "6.25100", "2006-06-30": 6.674, "2006-03-31": 6.029, "2005-12-31": 6.044, "2005-09-30": "5.24600", "2005-06-30": 3.221, "2005-03-31": 0.367}, "Common Stock Dividends Paid": {"2020-12-31": -187.927, "2020-09-30": "-167.12900", "2020-06-30": -167.739, "2020-03-31": -163.51, "2019-12-31": -166.721, "2019-09-30": "-158.86800", "2019-06-30": -164.873, "2019-03-31": -171.196, "2018-12-31": -167.907, "2018-09-30": "-174.37200", "2018-06-30": -82.005, "2018-03-31": -79.739, "2017-12-31": -73.127, "2017-09-30": "-72.73800", "2017-06-30": -73.709, "2017-03-31": -73.337, "2016-12-31": -48.397, "2016-09-30": "-48.05200", "2016-06-30": -47.308, "2016-03-31": -47.539, "2015-12-31": -47.896, "2015-09-30": "-47.65900", "2015-06-30": -28.714, "2015-03-31": -28.724, "2014-12-31": -29.381, "2014-09-30": "-29.24000", "2014-06-30": 0, "2014-03-31": 0, "2013-12-31": 0, "2013-09-30": "", "2013-06-30": 0, "2013-03-31": 0, "2012-12-31": 0, "2012-09-30": "", "2012-06-30": 0, "2012-03-31": 0, "2011-12-31": 0, "2011-09-30": "", "2011-06-30": 0, "2011-03-31": 0, "2010-12-31": 0, "2010-09-30": "", "2010-06-30": 0, "2010-03-31": 0, "2009-12-31": 0, "2009-09-30": "", "2009-06-30": 0, "2009-03-31": 0, "2008-12-31": 0, "2008-09-30": "", "2008-06-30": 0, "2008-03-31": 0, "2007-12-31": 0, "2007-09-30": "", "2007-06-30": 0, "2007-03-31": 0, "2006-12-31": 0, "2006-09-30": "", "2006-06-30": 0, "2006-03-31": 0, "2005-12-31": 0, "2005-09-30": "", "2005-06-30": 0, "2005-03-31": 0}}, "financial ratios": {"Current Ratio": {"2020-06-30": "3.43200", "2019-06-30": "3.60950", "2018-06-30": "2.90450", "2017-06-30": "3.09900", "2016-06-30": "3.81020", "2015-06-30": "2.38310", "2014-06-30": "3.02380", "2013-06-30": "2.70120", "2012-06-30": "3.09410", "2011-06-30": "4.80830", "2010-06-30": "3.14440", "2009-06-30": "3.23790", "2008-06-30": "3.00730", "2007-06-30": "2.10520", "2006-06-30": "3.00600", "2005-06-30": "3.28340"}, "Long-term Debt / Capital": {"2020-06-30": "0.48950", "2019-06-30": "0.44730", "2018-06-30": "0.21540", "2017-06-30": "0.20350", "2016-06-30": "0.35630", "2015-06-30": "0.15780", "2014-06-30": "0.16590", "2013-06-30": "0.17860", "2012-06-30": "0.15650", "2011-06-30": "0.23020", "2010-06-30": "0.00990", "2009-06-30": "0.02740", "2008-06-30": "0.13450", "2007-06-30": "0.17530", "2006-06-30": "0.19900", "2005-06-30": ""}, "Debt/Equity Ratio": {"2020-06-30": "1.12100", "2019-06-30": "0.95060", "2018-06-30": "0.36730", "2017-06-30": "0.38550", "2016-06-30": "0.70890", "2015-06-30": "0.44170", "2014-06-30": "0.30200", "2013-06-30": "0.33210", "2012-06-30": "0.28510", "2011-06-30": "0.30090", "2010-06-30": "0.01280", "2009-06-30": "0.03180", "2008-06-30": "0.17260", "2007-06-30": "0.21250", "2006-06-30": "0.24840", "2005-06-30": ""}, "Gross Margin": {"2020-06-30": "45.88170", "2019-06-30": "45.14870", "2018-06-30": "46.62850", "2017-06-30": "44.96540", "2016-06-30": "44.49490", "2015-06-30": "43.43410", "2014-06-30": "43.57170", "2013-06-30": "38.98560", "2012-06-30": "40.67510", "2011-06-30": "46.24380", "2010-06-30": "45.45630", "2009-06-30": "34.83450", "2008-06-30": "47.41210", "2007-06-30": "50.84810", "2006-06-30": "50.36090", "2005-06-30": "50.81450"}, "Operating Margin": {"2020-06-30": "26.61890", "2019-06-30": "25.53180", "2018-06-30": "29.00880", "2017-06-30": "23.73620", "2016-06-30": "18.25140", "2015-06-30": "14.98370", "2014-06-30": "14.70860", "2013-06-30": "3.28070", "2012-06-30": "8.91990", "2011-06-30": "24.84130", "2010-06-30": "19.93700", "2009-06-30": "-25.20220", "2008-06-30": "20.58380", "2007-06-30": "30.33850", "2006-06-30": "24.64840", "2005-06-30": "25.83390"}, "EBIT Margin": {"2020-06-30": "26.61890", "2019-06-30": "25.53180", "2018-06-30": "29.00880", "2017-06-30": "23.73620", "2016-06-30": "18.25140", "2015-06-30": "14.98370", "2014-06-30": "14.70860", "2013-06-30": "3.28070", "2012-06-30": "8.91990", "2011-06-30": "24.84130", "2010-06-30": "19.93700", "2009-06-30": "-25.20220", "2008-06-30": "20.58380", "2007-06-30": "30.33850", "2006-06-30": "24.64840", "2005-06-30": "25.83390"}, "EBITDA Margin": {"2020-06-30": "29.35140", "2019-06-30": "28.81170", "2018-06-30": "32.08560", "2017-06-30": "27.88150", "2016-06-30": "24.39400", "2015-06-30": "22.49250", "2014-06-30": "21.82200", "2013-06-30": "12.67350", "2012-06-30": "13.71710", "2011-06-30": "27.26010", "2010-06-30": "23.28320", "2009-06-30": "-10.08750", "2008-06-30": "22.79420", "2007-06-30": "31.82280", "2006-06-30": "25.98800", "2005-06-30": "27.75090"}, "Pre-Tax Profit Margin": {"2020-06-30": "25.63510", "2019-06-30": "25.34370", "2018-06-30": "28.45350", "2017-06-30": "22.60740", "2016-06-30": "16.31220", "2015-06-30": "14.08640", "2014-06-30": "15.70030", "2013-06-30": "1.85220", "2012-06-30": "7.66990", "2011-06-30": "24.73600", "2010-06-30": "20.15870", "2009-06-30": "-23.57580", "2008-06-30": "23.31300", "2007-06-30": "33.02930", "2006-06-30": "26.78100", "2005-06-30": "26.37430"}, "Net Profit Margin": {"2020-06-30": "22.41720", "2019-06-30": "22.70080", "2018-06-30": "21.49210", "2017-06-30": "21.18600", "2016-06-30": "15.52950", "2015-06-30": "12.46510", "2014-06-30": "13.72360", "2013-06-30": "3.16430", "2012-06-30": "6.33060", "2011-06-30": "22.35380", "2010-06-30": "16.24670", "2009-06-30": "-27.07550", "2008-06-30": "17.75210", "2007-06-30": "26.72110", "2006-06-30": "20.41260", "2005-06-30": "19.78450"}, "Asset Turnover": {"2020-06-30": "0.68990", "2019-06-30": "0.80440", "2018-06-30": "0.88760", "2017-06-30": "0.66100", "2016-06-30": "0.47990", "2015-06-30": "0.56160", "2014-06-30": "0.57640", "2013-06-30": "0.49640", "2012-06-30": "0.33300", "2011-06-30": "0.79870", "2010-06-30": "0.85780", "2009-06-30": "0.55990", "2008-06-30": "0.88180", "2007-06-30": "1.22120", "2006-06-30": "0.70560", "2005-06-30": "1.03700"}, "Inventory Turnover Ratio": {"2020-06-30": "2.86100", "2019-06-30": "3.43810", "2018-06-30": "3.15110", "2017-06-30": "3.57710", "2016-06-30": "3.36140", "2015-06-30": "3.15360", "2014-06-30": "3.51090", "2013-06-30": "3.92600", "2012-06-30": "2.49840", "2011-06-30": "4.38840", "2010-06-30": "3.65440", "2009-06-30": "3.11560", "2008-06-30": "4.61170", "2007-06-30": "5.35840", "2006-06-30": "4.83160", "2005-06-30": "6.71500"}, "Receiveable Turnover": {"2020-06-30": "4.78980", "2019-06-30": "6.63240", "2018-06-30": "5.08830", "2017-06-30": "4.78880", "2016-06-30": "4.66340", "2015-06-30": "4.80930", "2014-06-30": "5.75470", "2013-06-30": "5.97210", "2012-06-30": "3.48020", "2011-06-30": "5.48230", "2010-06-30": "4.26850", "2009-06-30": "4.40070", "2008-06-30": "6.00190", "2007-06-30": "6.25970", "2006-06-30": "4.03140", "2005-06-30": "6.47600"}, "Days Sales In Receivables": {"2020-06-30": "76.20320", "2019-06-30": "55.03310", "2018-06-30": "71.73260", "2017-06-30": "76.21900", "2016-06-30": "78.26900", "2015-06-30": "75.89540", "2014-06-30": "63.42640", "2013-06-30": "61.11780", "2012-06-30": "104.87930", "2011-06-30": "66.57740", "2010-06-30": "85.51030", "2009-06-30": "82.94180", "2008-06-30": "60.81430", "2007-06-30": "58.30910", "2006-06-30": "90.53970", "2005-06-30": "56.36240"}, "ROE - Return On Equity": {"2020-06-30": "43.44090", "2019-06-30": "46.39610", "2018-06-30": "36.18030", "2017-06-30": "24.29780", "2016-06-30": "14.97930", "2015-06-30": "12.26540", "2014-06-30": "12.57100", "2013-06-30": "2.53690", "2012-06-30": "3.28780", "2011-06-30": "29.30340", "2010-06-30": "19.60650", "2009-06-30": "-20.79350", "2008-06-30": "24.70200", "2007-06-30": "58.30180", "2006-06-30": "23.79460", "2005-06-30": "27.86140"}, "Return On Tangible Equity": {"2020-06-30": "63.77960", "2019-06-30": "72.52170", "2018-06-30": "49.83320", "2017-06-30": "32.70810", "2016-06-30": "22.02070", "2015-06-30": "20.30090", "2014-06-30": "23.68630", "2013-06-30": "5.80330", "2012-06-30": "6.90060", "2011-06-30": "32.12050", "2010-06-30": "22.63990", "2009-06-30": "-25.34160", "2008-06-30": "31.94310", "2007-06-30": "65.58630", "2006-06-30": "24.04450", "2005-06-30": "27.86140"}, "ROA - Return On Assets": {"2020-06-30": "15.46640", "2019-06-30": "18.25990", "2018-06-30": "19.07680", "2017-06-30": "14.00480", "2016-06-30": "7.45290", "2015-06-30": "7.00060", "2014-06-30": "7.91020", "2013-06-30": "1.57070", "2012-06-30": "2.10780", "2011-06-30": "17.85330", "2010-06-30": "13.93710", "2009-06-30": "-15.15910", "2008-06-30": "15.65330", "2007-06-30": "32.63300", "2006-06-30": "14.40290", "2005-06-30": "20.51690"}, "ROI - Return On Investment": {"2020-06-30": "22.17530", "2019-06-30": "25.64250", "2018-06-30": "28.38670", "2017-06-30": "19.35370", "2016-06-30": "9.64170", "2015-06-30": "10.33000", "2014-06-30": "10.48520", "2013-06-30": "2.08380", "2012-06-30": "2.77330", "2011-06-30": "22.55840", "2010-06-30": "19.41280", "2009-06-30": "-20.22440", "2008-06-30": "21.37850", "2007-06-30": "48.08290", "2006-06-30": "19.05940", "2005-06-30": "27.86140"}, "Book Value Per Share": {"2020-06-30": "35.66680", "2019-06-30": "32.70240", "2018-06-30": "41.94000", "2017-06-30": "43.20540", "2016-06-30": "38.09010", "2015-06-30": "33.71550", "2014-06-30": "30.98080", "2013-06-30": "27.56060", "2012-06-30": "27.49330", "2011-06-30": "19.98600", "2010-06-30": "14.03880", "2009-06-30": "11.48400", "2008-06-30": "14.20750", "2007-06-30": "9.52220", "2006-06-30": "9.93590", "2005-06-30": "7.76880"}, "Operating Cash Flow Per Share": {"2020-06-30": -5.5977, "2019-06-30": 5.1703, "2018-06-30": 3.6478, "2017-06-30": 3.3336, "2016-06-30": 3.2727, "2015-06-30": 0.3271, "2014-06-30": -0.042, "2013-06-30": 0.1663, "2012-06-30": -3.0624, "2011-06-30": 4.3099, "2010-06-30": 3.3594, "2009-06-30": -5.2885, "2008-06-30": -1.1528, "2007-06-30": 3.2637, "2006-06-30": -0.4343, "2005-06-30": 2.9898}, "Free Cash Flow Per Share": {"2020-06-30": -5.0631, "2019-06-30": 4.7852, "2018-06-30": 2.9847, "2017-06-30": 3.0298, "2016-06-30": 3.8466, "2015-06-30": -0.855, "2014-06-30": 0.9437, "2013-06-30": 0.0782, "2012-06-30": -2.8901, "2011-06-30": 3.5802, "2010-06-30": 3.4341, "2009-06-30": -5.0339, "2008-06-30": -1.3362, "2007-06-30": 3.1327, "2006-06-30": -0.5666, "2005-06-30": 2.8294}}, "financial ratios, quarterly": {"Current Ratio": {"2020-12-31": "3.19350", "2020-09-30": "3.30950", "2020-06-30": "3.43200", "2020-03-31": "4.46830", "2019-12-31": "3.29560", "2019-09-30": "3.59470", "2019-06-30": "3.60950", "2019-03-31": "3.36550", "2018-12-31": "3.39470", "2018-09-30": "2.66050", "2018-06-30": "2.90450", "2018-03-31": "2.64050", "2017-12-31": "2.47110", "2017-09-30": "3.30940", "2017-06-30": "3.09900", "2017-03-31": "3.21970", "2016-12-31": "3.19930", "2016-09-30": "3.86080", "2016-06-30": "3.81020", "2016-03-31": "2.96370", "2015-12-31": "3.00060", "2015-09-30": "2.85550", "2015-06-30": "2.38310", "2015-03-31": "3.49340", "2014-12-31": "2.87640", "2014-09-30": "2.93250", "2014-06-30": "3.02380", "2014-03-31": "2.88280", "2013-12-31": "2.79070", "2013-09-30": "2.79730", "2013-06-30": "2.70120", "2013-03-31": "4.58160", "2012-12-31": "4.65960", "2012-09-30": "4.88080", "2012-06-30": "3.09410", "2012-03-31": "5.25420", "2011-12-31": "5.41240", "2011-09-30": "5.27190", "2011-06-30": "4.80830", "2011-03-31": "3.55530", "2010-12-31": "3.15960", "2010-09-30": "3.13430", "2010-06-30": "3.14440", "2010-03-31": "3.00870", "2009-12-31": "3.22290", "2009-09-30": "3.68180", "2009-06-30": "3.23790", "2009-03-31": "3.38780", "2008-12-31": "3.71960", "2008-09-30": "3.38800", "2008-06-30": "3.00730", "2008-03-31": "2.60770", "2007-12-31": "2.94330", "2007-09-30": "2.74870", "2007-06-30": "2.10520", "2007-03-31": "3.02450", "2006-12-31": "3.06510", "2006-09-30": "3.28730", "2006-06-30": "3.00600", "2006-03-31": "3.03520", "2005-12-31": "3.14330", "2005-09-30": "3.35370", "2005-06-30": "3.28340", "2005-03-31": "3.15410"}, "Long-term Debt / Capital": {"2020-12-31": "0.47540", "2020-09-30": "0.47930", "2020-06-30": "0.48950", "2020-03-31": "0.52580", "2019-12-31": "0.46150", "2019-09-30": "0.43210", "2019-06-30": "0.44730", "2019-03-31": "0.41580", "2018-12-31": "0.23690", "2018-09-30": "0.25120", "2018-06-30": "0.21540", "2018-03-31": "0.20560", "2017-12-31": "0.22200", "2017-09-30": "0.19490", "2017-06-30": "0.20350", "2017-03-31": "0.20430", "2016-12-31": "0.21150", "2016-09-30": "0.34590", "2016-06-30": "0.35630", "2016-03-31": "0.19330", "2015-12-31": "0.19690", "2015-09-30": "0.20190", "2015-06-30": "0.15780", "2015-03-31": "0.28300", "2014-12-31": "0.16840", "2014-09-30": "0.17070", "2014-06-30": "0.16590", "2014-03-31": "0.17150", "2013-12-31": "0.17480", "2013-09-30": "0.17830", "2013-06-30": "0.17860", "2013-03-31": "0.22180", "2012-12-31": "0.21510", "2012-09-30": "0.20330", "2012-06-30": "0.15650", "2012-03-31": "0.22450", "2011-12-31": "0.23320", "2011-09-30": "0.23720", "2011-06-30": "0.23020", "2011-03-31": "0.00680", "2010-12-31": "0.00790", "2010-09-30": "0.00790", "2010-06-30": "0.00990", "2010-03-31": "0.01220", "2009-12-31": "0.02170", "2009-09-30": "0.02320", "2009-06-30": "0.02740", "2009-03-31": "0.02590", "2008-12-31": "0.13000", "2008-09-30": "0.13260", "2008-06-30": "0.13450", "2008-03-31": "0.14720", "2007-12-31": "0.13900", "2007-09-30": "0.15230", "2007-06-30": "0.17530", "2007-03-31": "0.12720", "2006-12-31": "0.14700", "2006-09-30": "0.17960", "2006-06-30": "0.19900", "2006-03-31": "", "2005-12-31": "", "2005-09-30": "0.00130", "2005-06-30": "", "2005-03-31": "0.00300"}, "Debt/Equity Ratio": {"2020-12-31": "1.05750", "2020-09-30": "1.07410", "2020-06-30": "1.12100", "2020-03-31": "1.11810", "2019-12-31": "1.00010", "2019-09-30": "0.89040", "2019-06-30": "0.95060", "2019-03-31": "0.89230", "2018-12-31": "0.34240", "2018-09-30": "0.43770", "2018-06-30": "0.36730", "2018-03-31": "0.46560", "2017-12-31": "0.50870", "2017-09-30": "0.32850", "2017-06-30": "0.38550", "2017-03-31": "0.38760", "2016-12-31": "0.41360", "2016-09-30": "0.67810", "2016-06-30": "0.70890", "2016-03-31": "0.40640", "2015-12-31": "0.41510", "2015-09-30": "0.42800", "2015-06-30": "0.44170", "2015-03-31": "0.49680", "2014-12-31": "0.30640", "2014-09-30": "0.31200", "2014-06-30": "0.30200", "2014-03-31": "0.31460", "2013-12-31": "0.32250", "2013-09-30": "0.33090", "2013-06-30": "0.33210", "2013-03-31": "0.28540", "2012-12-31": "0.27430", "2012-09-30": "0.25550", "2012-06-30": "0.28510", "2012-03-31": "0.29050", "2011-12-31": "0.30530", "2011-09-30": "0.31290", "2011-06-30": "0.30090", "2011-03-31": "0.00870", "2010-12-31": "0.00990", "2010-09-30": "0.01080", "2010-06-30": "0.01280", "2010-03-31": "0.01570", "2009-12-31": "0.02940", "2009-09-30": "0.03140", "2009-06-30": "0.03180", "2009-03-31": "0.03010", "2008-12-31": "0.16680", "2008-09-30": "0.17000", "2008-06-30": "0.17260", "2008-03-31": "0.18380", "2007-12-31": "0.16140", "2007-09-30": "0.17970", "2007-06-30": "0.21250", "2007-03-31": "0.14570", "2006-12-31": "0.17240", "2006-09-30": "0.21890", "2006-06-30": "0.24840", "2006-03-31": "", "2005-12-31": "", "2005-09-30": "0.00130", "2005-06-30": "", "2005-03-31": "0.00300"}, "Gross Margin": {"2020-12-31": "46.40290", "2020-09-30": "47.40770", "2020-06-30": "45.85940", "2020-03-31": "46.61270", "2019-12-31": "45.66070", "2019-09-30": "45.32900", "2019-06-30": "45.77820", "2019-03-31": "44.04740", "2018-12-31": "45.38970", "2018-09-30": "45.40280", "2018-06-30": "47.32700", "2018-03-31": "46.01180", "2017-12-31": "46.71270", "2017-09-30": "46.37930", "2017-06-30": "45.58650", "2017-03-31": "45.09780", "2016-12-31": "44.98740", "2016-09-30": "43.87340", "2016-06-30": "45.19190", "2016-03-31": "43.47350", "2015-12-31": "43.94910", "2015-09-30": "45.14650", "2015-06-30": "43.30710", "2015-03-31": "43.10540", "2014-12-31": "43.55130", "2014-09-30": "43.86960", "2014-06-30": "44.60580", "2014-03-31": "43.24600", "2013-12-31": "43.70630", "2013-09-30": "42.54510", "2013-06-30": "41.97130", "2013-03-31": "40.22020", "2012-12-31": "36.63830", "2012-09-30": "36.81670", "2012-06-30": "40.20050", "2012-03-31": "40.54060", "2011-12-31": "40.21120", "2011-09-30": "41.72080", "2011-06-30": "45.00610", "2011-03-31": "46.22730", "2010-12-31": "46.79300", "2010-09-30": "46.82200", "2010-06-30": "46.23140", "2010-03-31": "46.28450", "2009-12-31": "45.40190", "2009-09-30": "42.20240", "2009-06-30": "31.11490", "2009-03-31": "20.93610", "2008-12-31": "35.76180", "2008-09-30": "41.58180", "2008-06-30": "41.44590", "2008-03-31": "46.79100", "2007-12-31": "50.40980", "2007-09-30": "50.23030", "2007-06-30": "50.51130", "2007-03-31": "50.17070", "2006-12-31": "50.98140", "2006-09-30": "51.81510", "2006-06-30": "52.08730", "2006-03-31": "50.21550", "2005-12-31": "49.54990", "2005-09-30": "48.63680", "2005-06-30": "49.53290", "2005-03-31": "49.97180"}, "Operating Margin": {"2020-12-31": "29.21460", "2020-09-30": "30.24990", "2020-06-30": "27.06870", "2020-03-31": "27.72440", "2019-12-31": "26.57290", "2019-09-30": "24.81620", "2019-06-30": "26.13500", "2019-03-31": "23.18600", "2018-12-31": "27.36700", "2018-09-30": "25.38950", "2018-06-30": "30.55720", "2018-03-31": "28.61270", "2017-12-31": "28.57120", "2017-09-30": "27.97350", "2017-06-30": "25.92590", "2017-03-31": "24.99630", "2016-12-31": "23.36650", "2016-09-30": "19.35450", "2016-06-30": "19.99920", "2016-03-31": "14.51640", "2015-12-31": "16.75400", "2015-09-30": "20.96370", "2015-06-30": "12.89590", "2015-03-31": "17.22240", "2014-12-31": "15.31690", "2014-09-30": "14.60450", "2014-06-30": "17.28460", "2014-03-31": "15.63780", "2013-12-31": "14.73700", "2013-09-30": "10.38440", "2013-06-30": "8.77070", "2013-03-31": "1.28050", "2012-12-31": "0.46950", "2012-09-30": "1.84280", "2012-06-30": "4.40410", "2012-03-31": "8.81960", "2011-12-31": "8.14170", "2011-09-30": "14.60810", "2011-06-30": "18.90790", "2011-03-31": "24.34790", "2010-12-31": "27.69040", "2010-09-30": "27.79520", "2010-06-30": "22.39600", "2010-03-31": "23.56220", "2009-12-31": "18.75050", "2009-09-30": "9.18290", "2009-06-30": "-29.93420", "2009-03-31": "-111.90970", "2008-12-31": "-13.19370", "2008-09-30": "3.75120", "2008-06-30": "11.29150", "2008-03-31": "14.05700", "2007-12-31": "26.43430", "2007-09-30": "28.90450", "2007-06-30": "29.52740", "2007-03-31": "29.06070", "2006-12-31": "30.70810", "2006-09-30": "32.23650", "2006-06-30": "30.04380", "2006-03-31": "25.20860", "2005-12-31": "21.46830", "2005-09-30": "18.59790", "2005-06-30": "22.52070", "2005-03-31": "22.50690"}, "EBIT Margin": {"2020-12-31": "29.21460", "2020-09-30": "30.24990", "2020-06-30": "27.06870", "2020-03-31": "27.72440", "2019-12-31": "26.57290", "2019-09-30": "24.81620", "2019-06-30": "26.13500", "2019-03-31": "23.18600", "2018-12-31": "27.36700", "2018-09-30": "25.38950", "2018-06-30": "30.55720", "2018-03-31": "28.61270", "2017-12-31": "28.57120", "2017-09-30": "27.97350", "2017-06-30": "25.92590", "2017-03-31": "24.99630", "2016-12-31": "23.36650", "2016-09-30": "19.35450", "2016-06-30": "19.99930", "2016-03-31": "14.51640", "2015-12-31": "16.75400", "2015-09-30": "20.96370", "2015-06-30": "12.89580", "2015-03-31": "17.22240", "2014-12-31": "15.31690", "2014-09-30": "14.60450", "2014-06-30": "17.28470", "2014-03-31": "15.63780", "2013-12-31": "14.73700", "2013-09-30": "10.38440", "2013-06-30": "8.77070", "2013-03-31": "1.28050", "2012-12-31": "0.46950", "2012-09-30": "1.84280", "2012-06-30": "4.40410", "2012-03-31": "8.81960", "2011-12-31": "8.14170", "2011-09-30": "14.60810", "2011-06-30": "18.90790", "2011-03-31": "24.34790", "2010-12-31": "27.69040", "2010-09-30": "27.79520", "2010-06-30": "22.39600", "2010-03-31": "23.56220", "2009-12-31": "18.75050", "2009-09-30": "9.18290", "2009-06-30": "-29.93420", "2009-03-31": "-111.90970", "2008-12-31": "-13.19370", "2008-09-30": "3.75120", "2008-06-30": "11.29150", "2008-03-31": "14.05700", "2007-12-31": "26.43430", "2007-09-30": "28.90450", "2007-06-30": "29.52740", "2007-03-31": "29.06070", "2006-12-31": "30.70810", "2006-09-30": "32.23650", "2006-06-30": "30.04380", "2006-03-31": "25.20860", "2005-12-31": "21.46830", "2005-09-30": "18.59790", "2005-06-30": "22.52070", "2005-03-31": "22.50690"}, "EBITDA Margin": {"2020-12-31": "", "2020-09-30": "", "2020-06-30": "", "2020-03-31": "", "2019-12-31": "", "2019-09-30": "", "2019-06-30": "", "2019-03-31": "", "2018-12-31": "", "2018-09-30": "", "2018-06-30": "", "2018-03-31": "", "2017-12-31": "", "2017-09-30": "", "2017-06-30": "", "2017-03-31": "", "2016-12-31": "", "2016-09-30": "", "2016-06-30": "", "2016-03-31": "", "2015-12-31": "", "2015-09-30": "", "2015-06-30": "", "2015-03-31": "", "2014-12-31": "", "2014-09-30": "", "2014-06-30": "", "2014-03-31": "", "2013-12-31": "", "2013-09-30": "", "2013-06-30": "", "2013-03-31": "", "2012-12-31": "", "2012-09-30": "", "2012-06-30": "", "2012-03-31": "", "2011-12-31": "", "2011-09-30": "", "2011-06-30": "", "2011-03-31": "", "2010-12-31": "", "2010-09-30": "", "2010-06-30": "", "2010-03-31": "", "2009-12-31": "", "2009-09-30": "", "2009-06-30": "", "2009-03-31": "", "2008-12-31": "", "2008-09-30": "", "2008-06-30": "", "2008-03-31": "", "2007-12-31": "", "2007-09-30": "", "2007-06-30": "", "2007-03-31": "", "2006-12-31": "", "2006-09-30": "", "2006-06-30": "", "2006-03-31": "", "2005-12-31": "", "2005-09-30": "", "2005-06-30": "", "2005-03-31": ""}, "Pre-Tax Profit Margin": {"2020-12-31": "28.34830", "2020-09-30": "29.02890", "2020-06-30": "26.79820", "2020-03-31": "25.14330", "2019-12-31": "26.03390", "2019-09-30": "24.22850", "2019-06-30": "25.81030", "2019-03-31": "24.02780", "2018-12-31": "26.15200", "2018-09-30": "25.37330", "2018-06-30": "30.65170", "2018-03-31": "26.68290", "2017-12-31": "28.44910", "2017-09-30": "27.75150", "2017-06-30": "25.73640", "2017-03-31": "24.63240", "2016-12-31": "20.44340", "2016-09-30": "17.93610", "2016-06-30": "18.23700", "2016-03-31": "12.24600", "2015-12-31": "14.65410", "2015-09-30": "19.26870", "2015-06-30": "11.52190", "2015-03-31": "16.40500", "2014-12-31": "14.52170", "2014-09-30": "14.11440", "2014-06-30": "23.18220", "2014-03-31": "14.83490", "2013-12-31": "14.39320", "2013-09-30": "8.97940", "2013-06-30": "7.52850", "2013-03-31": "-0.59350", "2012-12-31": "-1.08590", "2012-09-30": "0.74700", "2012-06-30": "3.07100", "2012-03-31": "8.27820", "2011-12-31": "6.80860", "2011-09-30": "12.83380", "2011-06-30": "18.22560", "2011-03-31": "24.55350", "2010-12-31": "27.80960", "2010-09-30": "27.67370", "2010-06-30": "22.90530", "2010-03-31": "23.81760", "2009-12-31": "18.73860", "2009-09-30": "9.06740", "2009-06-30": "-28.61680", "2009-03-31": "-104.17120", "2008-12-31": "-15.74580", "2008-09-30": "5.79890", "2008-06-30": "13.11860", "2008-03-31": "22.13850", "2007-12-31": "26.42830", "2007-09-30": "30.01940", "2007-06-30": "31.12970", "2007-03-31": "31.32910", "2006-12-31": "32.77500", "2006-09-30": "37.25780", "2006-06-30": "31.83190", "2006-03-31": "26.99810", "2005-12-31": "24.06650", "2005-09-30": "21.24290", "2005-06-30": "24.26510", "2005-03-31": "22.69100"}, "Net Profit Margin": {"2020-12-31": "25.14960", "2020-09-30": "25.91850", "2020-06-30": "24.95370", "2020-03-31": "22.95800", "2019-12-31": "19.91520", "2019-09-30": "21.50710", "2019-06-30": "22.94750", "2019-03-31": "22.44280", "2018-12-31": "22.54970", "2018-09-30": "22.88420", "2018-06-30": "32.66700", "2018-03-31": "26.92840", "2017-12-31": "-0.38570", "2017-09-30": "23.83600", "2017-06-30": "22.44970", "2017-03-31": "26.68130", "2016-12-31": "17.68000", "2016-09-30": "16.16220", "2016-06-30": "16.74610", "2016-03-31": "10.91670", "2015-12-31": "15.64190", "2015-09-30": "18.04200", "2015-06-30": "8.86150", "2015-03-31": "14.80520", "2014-12-31": "14.35920", "2014-09-30": "12.24270", "2014-06-30": "18.68960", "2014-03-31": "13.39390", "2013-12-31": "13.34980", "2013-09-30": "8.42370", "2013-06-30": "8.69050", "2013-03-31": "2.24820", "2012-12-31": "0.74430", "2012-09-30": "0.30520", "2012-06-30": "2.43580", "2012-03-31": "6.92060", "2011-12-31": "5.68720", "2011-09-30": "10.55760", "2011-06-30": "16.74530", "2011-03-31": "22.52420", "2010-12-31": "25.47980", "2010-09-30": "24.03900", "2010-06-30": "20.13510", "2010-03-31": "19.01200", "2009-12-31": "14.28110", "2009-09-30": "5.27300", "2009-06-30": "-40.63570", "2009-03-31": "-113.73010", "2008-12-31": "-8.52900", "2008-09-30": "2.01490", "2008-06-30": "12.74870", "2008-03-31": "16.86580", "2007-12-31": "18.85220", "2007-09-30": "21.70370", "2007-06-30": "25.08860", "2007-03-31": "25.33430", "2006-12-31": "26.41710", "2006-09-30": "30.36430", "2006-06-30": "23.13640", "2006-03-31": "19.73760", "2005-12-31": "21.71080", "2005-09-30": "15.42220", "2005-06-30": "18.21450", "2005-03-31": "17.01820"}, "Asset Turnover": {"2020-12-31": "0.22490", "2020-09-30": "0.21100", "2020-06-30": "0.19180", "2020-03-31": "0.19350", "2019-12-31": "0.21680", "2019-09-30": "0.17550", "2019-06-30": "0.19670", "2019-03-31": "0.18910", "2018-12-31": "0.23430", "2018-09-30": "0.21270", "2018-06-30": "0.25050", "2018-03-31": "0.21170", "2017-12-31": "0.19990", "2017-09-30": "0.19990", "2017-06-30": "0.19340", "2017-03-31": "0.18140", "2016-12-31": "0.16340", "2016-09-30": "0.12920", "2016-06-30": "0.12610", "2016-03-31": "0.13110", "2015-12-31": "0.14620", "2015-09-30": "0.16680", "2015-06-30": "0.15820", "2015-03-31": "0.15080", "2014-12-31": "0.15190", "2014-09-30": "0.14600", "2014-06-30": "0.15620", "2014-03-31": "0.15920", "2013-12-31": "0.14770", "2013-09-30": "0.13920", "2013-06-30": "0.13600", "2013-03-31": "0.11820", "2012-12-31": "0.11690", "2012-09-30": "0.11740", "2012-06-30": "0.09270", "2012-03-31": "0.15710", "2011-12-31": "0.14680", "2011-09-30": "0.17440", "2011-06-30": "0.18550", "2011-03-31": "0.25700", "2010-12-31": "0.29680", "2010-09-30": "0.30380", "2010-06-30": "0.27950", "2010-03-31": "0.27220", "2009-12-31": "0.22300", "2009-09-30": "0.15970", "2009-06-30": "0.10930", "2009-03-31": "0.08580", "2008-12-31": "0.11160", "2008-09-30": "0.16400", "2008-06-30": "0.20170", "2008-03-31": "0.21970", "2007-12-31": "0.24930", "2007-09-30": "0.29910", "2007-06-30": "0.32290", "2007-03-31": "0.24920", "2006-12-31": "0.23640", "2006-09-30": "0.23850", "2006-06-30": "0.22580", "2006-03-31": "0.25160", "2005-12-31": "0.22640", "2005-09-30": "0.22520", "2005-06-30": "0.24420", "2005-03-31": "0.23560"}, "Inventory Turnover Ratio": {"2020-12-31": "0.78860", "2020-09-30": "0.78150", "2020-06-30": "0.79550", "2020-03-31": "0.79810", "2019-12-31": "0.91840", "2019-09-30": "0.79820", "2019-06-30": "0.83130", "2019-03-31": "0.84130", "2018-12-31": "0.80880", "2018-09-30": "0.67900", "2018-06-30": "0.87760", "2018-03-31": "0.92220", "2017-12-31": "0.91230", "2017-09-30": "1.00040", "2017-06-30": "1.03490", "2017-03-31": "1.04360", "2016-12-31": "1.01630", "2016-09-30": "0.98350", "2016-06-30": "0.87200", "2016-03-31": "0.79450", "2015-12-31": "0.90820", "2015-09-30": "0.95750", "2015-06-30": "0.89030", "2015-03-31": "0.86200", "2014-12-31": "0.76150", "2014-09-30": "0.79310", "2014-06-30": "0.93420", "2014-03-31": "0.97110", "2013-12-31": "0.94970", "2013-09-30": "0.94860", "2013-06-30": "1.02320", "2013-03-31": "0.92670", "2012-12-31": "1.02870", "2012-09-30": "1.00890", "2012-06-30": "0.70100", "2012-03-31": "1.04170", "2011-12-31": "0.93570", "2011-09-30": "1.00060", "2011-06-30": "1.04280", "2011-03-31": "1.22300", "2010-12-31": "1.38760", "2010-09-30": "1.26660", "2010-06-30": "1.17390", "2010-03-31": "1.20760", "2009-12-31": "1.10230", "2009-09-30": "0.83660", "2009-06-30": "0.64270", "2009-03-31": "0.52900", "2008-12-31": "0.67440", "2008-09-30": "0.94500", "2008-06-30": "1.17470", "2008-03-31": "1.06800", "2007-12-31": "1.24950", "2007-09-30": "1.42050", "2007-06-30": "1.42630", "2007-03-31": "1.41850", "2006-12-31": "1.46250", "2006-09-30": "1.54760", "2006-06-30": "1.49260", "2006-03-31": "1.50960", "2005-12-31": "1.58470", "2005-09-30": "1.44960", "2005-06-30": "1.62230", "2005-03-31": "1.45210"}, "Receiveable Turnover": {"2020-12-31": "1.19170", "2020-09-30": "1.37070", "2020-06-30": "1.33130", "2020-03-31": "1.14260", "2019-12-31": "1.27240", "2019-09-30": "1.32410", "2019-06-30": "1.62220", "2019-03-31": "1.60220", "2018-12-31": "1.34990", "2018-09-30": "1.26200", "2018-06-30": "1.43590", "2018-03-31": "1.38870", "2017-12-31": "1.13240", "2017-09-30": "1.61890", "2017-06-30": "1.40130", "2017-03-31": "1.31660", "2016-12-31": "1.31970", "2016-09-30": "1.26510", "2016-06-30": "1.22510", "2016-03-31": "1.06260", "2015-12-31": "1.30800", "2015-09-30": "1.46940", "2015-06-30": "1.35460", "2015-03-31": "1.33100", "2014-12-31": "1.30530", "2014-09-30": "1.33310", "2014-06-30": "1.55980", "2014-03-31": "1.49980", "2013-12-31": "1.22680", "2013-09-30": "1.42260", "2013-06-30": "1.63650", "2013-03-31": "1.55300", "2012-12-31": "1.45680", "2012-09-30": "1.41650", "2012-06-30": "0.96870", "2012-03-31": "1.39680", "2011-12-31": "1.26340", "2011-09-30": "1.30040", "2011-06-30": "1.27340", "2011-03-31": "1.26860", "2010-12-31": "1.26300", "2010-09-30": "1.52950", "2010-06-30": "1.39090", "2010-03-31": "1.21260", "2009-12-31": "1.15860", "2009-09-30": "0.97790", "2009-06-30": "0.85870", "2009-03-31": "0.88610", "2008-12-31": "0.97540", "2008-09-30": "1.41310", "2008-06-30": "1.37300", "2008-03-31": "1.02350", "2007-12-31": "1.38080", "2007-09-30": "2.01860", "2007-06-30": "1.65490", "2007-03-31": "1.40940", "2006-12-31": "1.38770", "2006-09-30": "1.59100", "2006-06-30": "1.29030", "2006-03-31": "1.37060", "2005-12-31": "1.28320", "2005-09-30": "1.45240", "2005-06-30": "1.52480", "2005-03-31": "1.35670"}, "Days Sales In Receivables": {"2020-12-31": "75.52510", "2020-09-30": "65.66190", "2020-06-30": "67.60320", "2020-03-31": "78.76430", "2019-12-31": "70.73510", "2019-09-30": "67.97100", "2019-06-30": "55.48020", "2019-03-31": "56.17130", "2018-12-31": "66.67360", "2018-09-30": "71.31620", "2018-06-30": "62.67710", "2018-03-31": "64.80960", "2017-12-31": "79.47640", "2017-09-30": "55.59350", "2017-06-30": "64.22680", "2017-03-31": "68.36050", "2016-12-31": "68.19730", "2016-09-30": "71.13890", "2016-06-30": "73.46310", "2016-03-31": "84.69620", "2015-12-31": "68.80690", "2015-09-30": "61.25130", "2015-06-30": "66.44010", "2015-03-31": "67.61630", "2014-12-31": "68.94860", "2014-09-30": "67.50990", "2014-06-30": "57.69990", "2014-03-31": "60.00940", "2013-12-31": "73.36050", "2013-09-30": "63.26450", "2013-06-30": "54.99430", "2013-03-31": "57.95320", "2012-12-31": "61.77730", "2012-09-30": "63.53540", "2012-06-30": "92.91230", "2012-03-31": "64.43450", "2011-12-31": "71.23840", "2011-09-30": "69.20800", "2011-06-30": "70.67800", "2011-03-31": "70.94610", "2010-12-31": "71.25880", "2010-09-30": "58.84460", "2010-06-30": "64.70710", "2010-03-31": "74.21880", "2009-12-31": "77.67980", "2009-09-30": "92.03650", "2009-06-30": "104.80450", "2009-03-31": "101.57430", "2008-12-31": "92.27250", "2008-09-30": "63.69090", "2008-06-30": "65.55050", "2008-03-31": "87.93390", "2007-12-31": "65.17790", "2007-09-30": "44.58570", "2007-06-30": "54.38490", "2007-03-31": "63.85480", "2006-12-31": "64.85390", "2006-09-30": "56.56680", "2006-06-30": "69.75170", "2006-03-31": "65.66530", "2005-12-31": "70.13820", "2005-09-30": "61.96800", "2005-06-30": "59.02320", "2005-03-31": "66.33890"}, "ROE - Return On Equity": {"2020-12-31": "15.77960", "2020-09-30": "15.17740", "2020-06-30": "13.44020", "2020-03-31": "12.63490", "2019-12-31": "11.64650", "2019-09-30": "9.35520", "2019-06-30": "11.47130", "2019-03-31": "10.24890", "2018-12-31": "9.73840", "2018-09-30": "9.91070", "2018-06-30": "15.51880", "2018-03-31": "11.31310", "2017-12-31": "-0.15870", "2017-09-30": "7.97350", "2017-06-30": "7.53400", "2017-03-31": "8.30350", "2016-12-31": "5.04760", "2016-09-30": "4.13060", "2016-06-30": "4.24350", "2016-03-31": "2.44330", "2015-12-31": "3.89150", "2015-09-30": "5.21380", "2015-06-30": "2.45600", "2015-03-31": "4.04710", "2014-12-31": "3.53850", "2014-09-30": "2.88470", "2014-06-30": "4.64030", "2014-03-31": "3.41970", "2013-12-31": "3.19310", "2013-09-30": "1.88870", "2013-06-30": "1.90930", "2013-03-31": "0.41820", "2012-12-31": "0.13640", "2012-09-30": "0.05520", "2012-06-30": "0.35210", "2012-03-31": "1.74790", "2011-12-31": "1.34860", "2011-09-30": "3.00590", "2011-06-30": "5.09860", "2011-03-31": "7.84450", "2010-12-31": "10.64170", "2010-09-30": "10.26830", "2010-06-30": "7.91780", "2010-03-31": "7.31560", "2009-12-31": "4.39010", "2009-09-30": "1.11700", "2009-06-30": "-6.08980", "2009-03-31": "-13.19530", "2008-12-31": "-1.40440", "2008-09-30": "0.50390", "2008-06-30": "4.05810", "2008-03-31": "6.22120", "2007-12-31": "7.42750", "2007-09-30": "10.68210", "2007-06-30": "14.47150", "2007-03-31": "9.59930", "2006-12-31": "9.61360", "2006-09-30": "11.47570", "2006-06-30": "8.63200", "2006-03-31": "7.01980", "2005-12-31": "6.81190", "2005-09-30": "4.67490", "2005-06-30": "6.03970", "2005-03-31": "5.38330"}, "Return On Tangible Equity": {"2020-12-31": "22.47590", "2020-09-30": "21.78930", "2020-06-30": "19.73290", "2020-03-31": "19.94090", "2019-12-31": "18.77920", "2019-09-30": "14.16510", "2019-06-30": "17.93080", "2019-03-31": "15.06700", "2018-12-31": "13.85790", "2018-09-30": "14.75790", "2018-06-30": "21.37500", "2018-03-31": "15.39700", "2017-12-31": "-0.22590", "2017-09-30": "10.73240", "2017-06-30": "10.14180", "2017-03-31": "11.29940", "2016-12-31": "7.05150", "2016-09-30": "5.89590", "2016-06-30": "6.23820", "2016-03-31": "3.70500", "2015-12-31": "6.04160", "2015-09-30": "8.34170", "2015-06-30": "4.06500", "2015-03-31": "7.22770", "2014-12-31": "6.50890", "2014-09-30": "5.49270", "2014-06-30": "8.74320", "2014-03-31": "6.85450", "2013-12-31": "6.73250", "2013-09-30": "4.18660", "2013-06-30": "4.36760", "2013-03-31": "0.95980", "2012-12-31": "0.30680", "2012-09-30": "0.11680", "2012-06-30": "0.73900", "2012-03-31": "1.89550", "2011-12-31": "1.47270", "2011-09-30": "3.29870", "2011-06-30": "5.58880", "2011-03-31": "8.66980", "2010-12-31": "11.93350", "2010-09-30": "11.70580", "2010-06-30": "9.14280", "2010-03-31": "8.58320", "2009-12-31": "5.20780", "2009-09-30": "1.34490", "2009-06-30": "-7.42180", "2009-03-31": "-16.06130", "2008-12-31": "-1.79160", "2008-09-30": "0.64010", "2008-06-30": "5.24770", "2008-03-31": "8.13770", "2007-12-31": "8.08610", "2007-09-30": "11.78140", "2007-06-30": "16.27960", "2007-03-31": "10.30490", "2006-12-31": "10.32890", "2006-09-30": "11.47570", "2006-06-30": "8.72260", "2006-03-31": "7.01980", "2005-12-31": "6.81190", "2005-09-30": "4.67490", "2005-06-30": "6.03970", "2005-03-31": "5.38330"}, "ROA - Return On Assets": {"2020-12-31": "5.65520", "2020-09-30": "5.46890", "2020-06-30": "4.78520", "2020-03-31": "4.44240", "2019-12-31": "4.31850", "2019-09-30": "3.77360", "2019-06-30": "4.51470", "2019-03-31": "4.24490", "2018-12-31": "5.28260", "2018-09-30": "4.86750", "2018-06-30": "8.18260", "2018-03-31": "5.69990", "2017-12-31": "-0.07710", "2017-09-30": "4.76420", "2017-06-30": "4.34240", "2017-03-31": "4.83960", "2016-12-31": "2.88850", "2016-09-30": "2.08790", "2016-06-30": "2.11130", "2016-03-31": "1.43100", "2015-12-31": "2.28690", "2015-09-30": "3.00880", "2015-06-30": "1.40180", "2015-03-31": "2.23290", "2014-12-31": "2.18160", "2014-09-30": "1.78720", "2014-06-30": "2.91990", "2014-03-31": "2.13300", "2013-12-31": "1.97190", "2013-09-30": "1.17290", "2013-06-30": "1.18210", "2013-03-31": "0.26580", "2012-12-31": "0.08700", "2012-09-30": "0.03580", "2012-06-30": "0.22570", "2012-03-31": "1.08760", "2011-12-31": "0.83490", "2011-09-30": "1.84150", "2011-06-30": "3.10640", "2011-03-31": "5.78820", "2010-12-31": "7.56360", "2010-09-30": "7.30400", "2010-06-30": "5.62830", "2010-03-31": "5.17570", "2009-12-31": "3.18440", "2009-09-30": "0.84190", "2009-06-30": "-4.43960", "2009-03-31": "-9.75460", "2008-12-31": "-0.95220", "2008-09-30": "0.33050", "2008-06-30": "2.57160", "2008-03-31": "3.70490", "2007-12-31": "4.69980", "2007-09-30": "6.49110", "2007-06-30": "8.10010", "2007-03-31": "6.31220", "2006-12-31": "6.24420", "2006-09-30": "7.24120", "2006-06-30": "5.22490", "2006-03-31": "4.96530", "2005-12-31": "4.91560", "2005-09-30": "3.47380", "2005-06-30": "4.44760", "2005-03-31": "4.00880"}, "ROI - Return On Investment": {"2020-12-31": "8.27750", "2020-09-30": "7.90340", "2020-06-30": "6.86080", "2020-03-31": "5.99160", "2019-12-31": "6.27160", "2019-09-30": "5.31300", "2019-06-30": "6.34000", "2019-03-31": "5.98730", "2018-12-31": "7.43160", "2018-09-30": "7.42150", "2018-06-30": "12.17590", "2018-03-31": "8.98710", "2017-12-31": "-0.12350", "2017-09-30": "6.41940", "2017-06-30": "6.00100", "2017-03-31": "6.60690", "2016-12-31": "3.97990", "2016-09-30": "2.70170", "2016-06-30": "2.73140", "2016-03-31": "1.97090", "2015-12-31": "3.12530", "2015-09-30": "4.16120", "2015-06-30": "2.06850", "2015-03-31": "2.90190", "2014-12-31": "2.94270", "2014-09-30": "2.39230", "2014-06-30": "3.87040", "2014-03-31": "2.83330", "2013-12-31": "2.63490", "2013-09-30": "1.55190", "2013-06-30": "1.56830", "2013-03-31": "0.32550", "2012-12-31": "0.10710", "2012-09-30": "0.04400", "2012-06-30": "0.29700", "2012-03-31": "1.35540", "2011-12-31": "1.03410", "2011-09-30": "2.29280", "2011-06-30": "3.92500", "2011-03-31": "7.79100", "2010-12-31": "10.55800", "2010-09-30": "10.18690", "2010-06-30": "7.83950", "2010-03-31": "7.22630", "2009-12-31": "4.29490", "2009-09-30": "1.09100", "2009-06-30": "-5.92310", "2009-03-31": "-12.85370", "2008-12-31": "-1.22180", "2008-09-30": "0.43710", "2008-06-30": "3.51210", "2008-03-31": "5.30520", "2007-12-31": "6.39540", "2007-09-30": "9.05470", "2007-06-30": "11.93500", "2007-03-31": "8.37870", "2006-12-31": "8.20020", "2006-09-30": "9.41510", "2006-06-30": "6.91420", "2006-03-31": "7.01980", "2005-12-31": "6.81190", "2005-09-30": "4.66890", "2005-06-30": "6.03970", "2005-03-31": "5.36720"}, "Book Value Per Share": {"2020-12-31": "38.46620", "2020-09-30": "37.52250", "2020-06-30": "35.66680", "2020-03-31": "31.33980", "2019-12-31": "31.00990", "2019-09-30": "34.36810", "2019-06-30": "32.70240", "2019-03-31": "35.63360", "2018-12-31": "37.94060", "2018-09-30": "35.08600", "2018-06-30": "41.94000", "2018-03-31": "41.95020", "2017-12-31": "39.34470", "2017-09-30": "45.68890", "2017-06-30": "43.20540", "2017-03-31": "42.21140", "2016-12-31": "40.60810", "2016-09-30": "39.49980", "2016-06-30": "38.09010", "2016-03-31": "36.85140", "2015-12-31": "36.13560", "2015-09-30": "35.02080", "2015-06-30": "33.71550", "2015-03-31": "32.16110", "2014-12-31": "31.39120", "2014-09-30": "30.68480", "2014-06-30": "30.98080", "2014-03-31": "29.67680", "2013-12-31": "28.77300", "2013-09-30": "27.90870", "2013-06-30": "27.56060", "2013-03-31": "28.07260", "2012-12-31": "28.31900", "2012-09-30": "28.58230", "2012-06-30": "27.49330", "2012-03-31": "21.78370", "2011-12-31": "20.60180", "2011-09-30": "19.57170", "2011-06-30": "19.98600", "2011-03-31": "18.72950", "2010-12-31": "16.91450", "2010-09-30": "15.35480", "2010-06-30": "14.03880", "2010-03-31": "13.04730", "2009-12-31": "12.43660", "2009-09-30": "11.82390", "2009-06-30": "11.48400", "2009-03-31": "11.96370", "2008-12-31": "13.75990", "2008-09-30": "13.99820", "2008-06-30": "14.20750", "2008-03-31": "13.33520", "2007-12-31": "12.41730", "2007-09-30": "11.17280", "2007-06-30": "9.52220", "2007-03-31": "12.50990", "2006-12-31": "12.26580", "2006-09-30": "11.24670", "2006-06-30": "9.93590", "2006-03-31": "8.77610", "2005-12-31": "8.26010", "2005-09-30": "7.80460", "2005-06-30": "7.76880", "2005-03-31": "7.91340"}, "Operating Cash Flow Per Share": {"2020-12-31": 2.402, "2020-09-30": "4.36350", "2020-06-30": 5.3984, "2020-03-31": 3.7213, "2019-12-31": 2.0636, "2019-09-30": "3.07960", "2019-06-30": 5.3181, "2019-03-31": 6.1396, "2018-12-31": 4.0462, "2018-09-30": "4.35670", "2018-06-30": 3.9138, "2018-03-31": 5.2717, "2017-12-31": 0.837, "2017-09-30": "4.66780", "2017-06-30": 4.019, "2017-03-31": 2.2436, "2016-12-31": 2.1511, "2016-09-30": "2.62880", "2016-06-30": 2.3958, "2016-03-31": 1.0458, "2015-12-31": 1.6924, "2015-09-30": "2.57490", "2015-06-30": 1.6568, "2015-03-31": 1.0714, "2014-12-31": 0.911, "2014-09-30": "0.79700", "2014-06-30": 1.364, "2014-03-31": 1.6916, "2013-12-31": 0.7505, "2013-09-30": "0.30300", "2013-06-30": 0.9171, "2013-03-31": 0.6767, "2012-12-31": 1.1872, "2012-09-30": "1.37010", "2012-06-30": 0.6587, "2012-03-31": 1.2089, "2011-12-31": 1.4167, "2011-09-30": "0.70050", "2011-06-30": 1.5966, "2011-03-31": 1.9139, "2010-12-31": 1.494, "2010-09-30": "2.04270", "2010-06-30": 1.2964, "2010-03-31": 0.8509, "2009-12-31": 0.5689, "2009-09-30": "0.02110", "2009-06-30": -0.4627, "2009-03-31": -0.1925, "2008-12-31": -0.307, "2008-09-30": "0.34010", "2008-06-30": 1.5856, "2008-03-31": 1.1552, "2007-12-31": 0.1651, "2007-09-30": "1.76050", "2007-06-30": 2.1138, "2007-03-31": 1.1001, "2006-12-31": 1.1098, "2006-09-30": "1.49550", "2006-06-30": 0.7024, "2006-03-31": 0.739, "2005-12-31": 0.7791, "2005-09-30": "0.33500", "2005-06-30": 0.9723, "2005-03-31": 2.0175}, "Free Cash Flow Per Share": {"2020-12-31": 1.7671, "2020-09-30": "3.93690", "2020-06-30": 5.0657, "2020-03-31": 3.3658, "2019-12-31": 1.6491, "2019-09-30": "2.81910", "2019-06-30": 4.9251, "2019-03-31": 5.6338, "2018-12-31": 3.3865, "2018-09-30": "4.01740", "2018-06-30": 3.4792, "2018-03-31": 5.092, "2017-12-31": 0.2653, "2017-09-30": "4.34110", "2017-06-30": 3.8318, "2017-03-31": 2.0088, "2016-12-31": 1.9567, "2016-09-30": "2.39560", "2016-06-30": 2.5589, "2016-03-31": 0.7822, "2015-12-31": 1.5307, "2015-09-30": "2.29130", "2015-06-30": 1.2982, "2015-03-31": 0.8934, "2014-12-31": 0.5643, "2014-09-30": "0.56060", "2014-06-30": 1.9048, "2014-03-31": 1.4488, "2013-12-31": 0.6536, "2013-09-30": "0.16430", "2013-06-30": 0.6881, "2013-03-31": 0.4576, "2012-12-31": 0.9536, "2012-09-30": "1.12850", "2012-06-30": 0.3833, "2012-03-31": 0.9778, "2011-12-31": 1.2148, "2011-09-30": "0.57370", "2011-06-30": 1.3184, "2011-03-31": 1.6303, "2010-12-31": 1.2011, "2010-09-30": "1.88990", "2010-06-30": 1.2017, "2010-03-31": 0.7665, "2009-12-31": 0.5158, "2009-09-30": "-0.02450", "2009-06-30": -0.5092, "2009-03-31": -0.2781, "2008-12-31": -0.4079, "2008-09-30": "0.22060", "2008-06-30": 1.4357, "2008-03-31": 1.0024, "2007-12-31": -0.0273, "2007-09-30": "1.64850", "2007-06-30": 2.0093, "2007-03-31": 0.9659, "2006-12-31": 1.014, "2006-09-30": "1.40630", "2006-06-30": 0.5211, "2006-03-31": 0.6956, "2005-12-31": 0.744, "2005-09-30": "0.30210", "2005-06-30": 0.9405, "2005-03-31": 1.8889}}, "revenue": {"Lam Research Annual Revenue (Millions of US $)": {"2020": "$10,045", "2019": "$9,654", "2018": "$11,077", "2017": "$8,014", "2016": "$5,886", "2015": "$5,259", "2014": "$4,607", "2013": "$3,599", "2012": "$2,665", "2011": "$3,238", "2010": "$2,134", "2009": "$1,116", "2008": "$2,475", "2007": "$2,567", "2006": "$1,642", "2005": "$1,502"}, "Lam Research Quarterly Revenue (Millions of US $)": {"2020-12-31": "$3,456", "2020-09-30": "$3,177", "2020-06-30": "$2,792", "2020-03-31": "$2,504", "2019-12-31": "$2,584", "2019-09-30": "$2,166", "2019-06-30": "$2,361", "2019-03-31": "$2,439", "2018-12-31": "$2,523", "2018-09-30": "$2,331", "2018-06-30": "$3,126", "2018-03-31": "$2,892", "2017-12-31": "$2,581", "2017-09-30": "$2,478", "2017-06-30": "$2,345", "2017-03-31": "$2,154", "2016-12-31": "$1,882", "2016-09-30": "$1,632", "2016-06-30": "$1,546", "2016-03-31": "$1,314", "2015-12-31": "$1,426", "2015-09-30": "$1,600", "2015-06-30": "$1,481", "2015-03-31": "$1,393", "2014-12-31": "$1,232", "2014-09-30": "$1,152", "2014-06-30": "$1,249", "2014-03-31": "$1,227", "2013-12-31": "$1,116", "2013-09-30": "$1,015", "2013-06-30": "$986", "2013-03-31": "$845", "2012-12-31": "$861", "2012-09-30": "$907", "2012-06-30": "$742", "2012-03-31": "$659", "2011-12-31": "$584", "2011-09-30": "$680", "2011-06-30": "$752", "2011-03-31": "$809", "2010-12-31": "$871", "2010-09-30": "$806", "2010-06-30": "$695", "2010-03-31": "$633", "2009-12-31": "$487", "2009-09-30": "$319", "2009-06-30": "$218", "2009-03-31": "$174", "2008-12-31": "$283", "2008-09-30": "$440", "2008-06-30": "$566", "2008-03-31": "$614", "2007-12-31": "$610", "2007-09-30": "$685", "2007-06-30": "$679", "2007-03-31": "$650", "2006-12-31": "$633", "2006-09-30": "$604", "2006-06-30": "$526", "2006-03-31": "$437", "2005-12-31": "$358", "2005-09-30": "$321", "2005-06-30": "$354", "2005-03-31": "$349"}}, "gross-profit": {"Lam Research Annual Gross Profit (Millions of US $)": {"2020": "$4,609", "2019": "$4,358", "2018": "$5,165", "2017": "$3,603", "2016": "$2,619", "2015": "$2,284", "2014": "$2,007", "2013": "$1,403", "2012": "$1,084", "2011": "$1,497", "2010": "$970", "2009": "$389", "2008": "$1,173", "2007": "$1,305", "2006": "$827", "2005": "$763"}, "Lam Research Quarterly Gross Profit (Millions of US $)": {"2020-12-31": "$1,604", "2020-09-30": "$1,506", "2020-06-30": "$1,280", "2020-03-31": "$1,167", "2019-12-31": "$1,180", "2019-09-30": "$982", "2019-06-30": "$1,081", "2019-03-31": "$1,074", "2018-12-31": "$1,145", "2018-09-30": "$1,058", "2018-06-30": "$1,479", "2018-03-31": "$1,331", "2017-12-31": "$1,206", "2017-09-30": "$1,149", "2017-06-30": "$1,069", "2017-03-31": "$971", "2016-12-31": "$847", "2016-09-30": "$716", "2016-06-30": "$699", "2016-03-31": "$571", "2015-12-31": "$627", "2015-09-30": "$722", "2015-06-30": "$642", "2015-03-31": "$601", "2014-12-31": "$537", "2014-09-30": "$506", "2014-06-30": "$557", "2014-03-31": "$531", "2013-12-31": "$488", "2013-09-30": "$432", "2013-06-30": "$414", "2013-03-31": "$340", "2012-12-31": "$315", "2012-09-30": "$334", "2012-06-30": "$298", "2012-03-31": "$267", "2011-12-31": "$235", "2011-09-30": "$284", "2011-06-30": "$338", "2011-03-31": "$374", "2010-12-31": "$407", "2010-09-30": "$377", "2010-06-30": "$321", "2010-03-31": "$293", "2009-12-31": "$221", "2009-09-30": "$134", "2009-06-30": "$68", "2009-03-31": "$37", "2008-12-31": "$101", "2008-09-30": "$183", "2008-06-30": "$235", "2008-03-31": "$287", "2007-12-31": "$308", "2007-09-30": "$344", "2007-06-30": "$343", "2007-03-31": "$326", "2006-12-31": "$323", "2006-09-30": "$313", "2006-06-30": "$274", "2006-03-31": "$220", "2005-12-31": "$178", "2005-09-30": "$156", "2005-06-30": "$175", "2005-03-31": "$175"}}, "operating-income": {"Lam Research Annual Operating Income (Millions of US $)": {"2020": "$2,674", "2019": "$2,465", "2018": "$3,213", "2017": "$1,902", "2016": "$1,074", "2015": "$788", "2014": "$678", "2013": "$118", "2012": "$238", "2011": "$804", "2010": "$425", "2009": "$-281", "2008": "$509", "2007": "$779", "2006": "$405", "2005": "$388"}, "Lam Research Quarterly Operating Income (Millions of US $)": {"2020-12-31": "$1,010", "2020-09-30": "$961", "2020-06-30": "$756", "2020-03-31": "$694", "2019-12-31": "$687", "2019-09-30": "$537", "2019-06-30": "$617", "2019-03-31": "$566", "2018-12-31": "$690", "2018-09-30": "$592", "2018-06-30": "$955", "2018-03-31": "$828", "2017-12-31": "$737", "2017-09-30": "$693", "2017-06-30": "$608", "2017-03-31": "$538", "2016-12-31": "$440", "2016-09-30": "$316", "2016-06-30": "$309", "2016-03-31": "$191", "2015-12-31": "$239", "2015-09-30": "$335", "2015-06-30": "$191", "2015-03-31": "$240", "2014-12-31": "$189", "2014-09-30": "$168", "2014-06-30": "$216", "2014-03-31": "$192", "2013-12-31": "$164", "2013-09-30": "$105", "2013-06-30": "$86", "2013-03-31": "$11", "2012-12-31": "$4", "2012-09-30": "$17", "2012-06-30": "$33", "2012-03-31": "$58", "2011-12-31": "$48", "2011-09-30": "$99", "2011-06-30": "$142", "2011-03-31": "$197", "2010-12-31": "$241", "2010-09-30": "$224", "2010-06-30": "$156", "2010-03-31": "$149", "2009-12-31": "$91", "2009-09-30": "$29", "2009-06-30": "$-65", "2009-03-31": "$-195", "2008-12-31": "$-37", "2008-09-30": "$17", "2008-06-30": "$64", "2008-03-31": "$86", "2007-12-31": "$161", "2007-09-30": "$198", "2007-06-30": "$200", "2007-03-31": "$189", "2006-12-31": "$195", "2006-09-30": "$195", "2006-06-30": "$158", "2006-03-31": "$110", "2005-12-31": "$77", "2005-09-30": "$60", "2005-06-30": "$80", "2005-03-31": "$79"}}, "ebitda": {"Lam Research Annual EBITDA (Millions of US $)": {"2020": "$2,948", "2019": "$2,781", "2018": "$3,554", "2017": "$2,234", "2016": "$1,436", "2015": "$1,183", "2014": "$1,005", "2013": "$456", "2012": "$366", "2011": "$883", "2010": "$497", "2009": "$-113", "2008": "$564", "2007": "$817", "2006": "$427", "2005": "$417"}, "Lam Research Quarterly EBITDA (Millions of US $)": {"2020-12-31": "$1,088", "2020-09-30": "$1,035", "2020-06-30": "$828", "2020-03-31": "$763", "2019-12-31": "$754", "2019-09-30": "$604", "2019-06-30": "$685", "2019-03-31": "$651", "2018-12-31": "$773", "2018-09-30": "$673", "2018-06-30": "$1,041", "2018-03-31": "$914", "2017-12-31": "$822", "2017-09-30": "$777", "2017-06-30": "$693", "2017-03-31": "$621", "2016-12-31": "$523", "2016-09-30": "$397", "2016-06-30": "$399", "2016-03-31": "$287", "2015-12-31": "$334", "2015-09-30": "$416", "2015-06-30": "$351", "2015-03-31": "$320", "2014-12-31": "$269", "2014-09-30": "$244", "2014-06-30": "$298", "2014-03-31": "$274", "2013-12-31": "$246", "2013-09-30": "$188", "2013-06-30": "$173", "2013-03-31": "$94", "2012-12-31": "$90", "2012-09-30": "$99", "2012-06-30": "$74", "2012-03-31": "$87", "2011-12-31": "$77", "2011-09-30": "$127", "2011-06-30": "$166", "2011-03-31": "$215", "2010-12-31": "$260", "2010-09-30": "$242", "2010-06-30": "$173", "2010-03-31": "$167", "2009-12-31": "$110", "2009-09-30": "$47", "2009-06-30": "$-40", "2009-03-31": "$-86", "2008-12-31": "$-20", "2008-09-30": "$34", "2008-06-30": "$83", "2008-03-31": "$99", "2007-12-31": "$173", "2007-09-30": "$209", "2007-06-30": "$213", "2007-03-31": "$200", "2006-12-31": "$202", "2006-09-30": "$201", "2006-06-30": "$161", "2006-03-31": "$116", "2005-12-31": "$83", "2005-09-30": "$67", "2005-06-30": "$87", "2005-03-31": "$86"}}, "net-income": {"Lam Research Annual Net Income (Millions of US $)": {"2020": "$2,252", "2019": "$2,191", "2018": "$2,381", "2017": "$1,698", "2016": "$914", "2015": "$656", "2014": "$632", "2013": "$114", "2012": "$169", "2011": "$724", "2010": "$347", "2009": "$-302", "2008": "$439", "2007": "$686", "2006": "$335", "2005": "$297"}, "Lam Research Quarterly Net Income (Millions of US $)": {"2020-12-31": "$869", "2020-09-30": "$823", "2020-06-30": "$697", "2020-03-31": "$575", "2019-12-31": "$515", "2019-09-30": "$466", "2019-06-30": "$542", "2019-03-31": "$547", "2018-12-31": "$569", "2018-09-30": "$533", "2018-06-30": "$1,021", "2018-03-31": "$779", "2017-12-31": "$-10", "2017-09-30": "$591", "2017-06-30": "$526", "2017-03-31": "$575", "2016-12-31": "$333", "2016-09-30": "$264", "2016-06-30": "$259", "2016-03-31": "$143", "2015-12-31": "$223", "2015-09-30": "$289", "2015-06-30": "$131", "2015-03-31": "$206", "2014-12-31": "$177", "2014-09-30": "$141", "2014-06-30": "$233", "2014-03-31": "$164", "2013-12-31": "$149", "2013-09-30": "$86", "2013-06-30": "$86", "2013-03-31": "$19", "2012-12-31": "$6", "2012-09-30": "$3", "2012-06-30": "$18", "2012-03-31": "$46", "2011-12-31": "$33", "2011-09-30": "$72", "2011-06-30": "$126", "2011-03-31": "$182", "2010-12-31": "$222", "2010-09-30": "$194", "2010-06-30": "$140", "2010-03-31": "$120", "2009-12-31": "$70", "2009-09-30": "$17", "2009-06-30": "$-88", "2009-03-31": "$-198", "2008-12-31": "$-24", "2008-09-30": "$9", "2008-06-30": "$72", "2008-03-31": "$104", "2007-12-31": "$115", "2007-09-30": "$149", "2007-06-30": "$170", "2007-03-31": "$165", "2006-12-31": "$167", "2006-09-30": "$184", "2006-06-30": "$122", "2006-03-31": "$86", "2005-12-31": "$78", "2005-09-30": "$49", "2005-06-30": "$64", "2005-03-31": "$59"}}, "eps-earnings-per-share-diluted": {"Lam Research Annual EPS": {"2020": "$15.10", "2019": "$13.70", "2018": "$13.17", "2017": "$9.24", "2016": "$5.22", "2015": "$3.70", "2014": "$3.62", "2013": "$0.66", "2012": "$1.35", "2011": "$5.79", "2010": "$2.71", "2009": "$-2.41", "2008": "$3.47", "2007": "$4.85", "2006": "$2.33", "2005": "$2.09"}, "Lam Research Quarterly EPS": {"2020-12-31": "$5.96", "2020-09-30": "$5.59", "2020-06-30": "$4.70", "2020-03-31": "$3.88", "2019-12-31": "$3.43", "2019-09-30": "$3.09", "2019-06-30": "$3.49", "2019-03-31": "$3.47", "2018-12-31": "$3.51", "2018-09-30": "$3.23", "2018-06-30": "$5.69", "2018-03-31": "$4.33", "2017-12-31": "$-0.06", "2017-09-30": "$3.21", "2017-06-30": "$2.86", "2017-03-31": "$3.10", "2016-12-31": "$1.81", "2016-09-30": "$1.47", "2016-06-30": "$1.46", "2016-03-31": "$0.82", "2015-12-31": "$1.28", "2015-09-30": "$1.66", "2015-06-30": "$0.74", "2015-03-31": "$1.16", "2014-12-31": "$1.00", "2014-09-30": "$0.80", "2014-06-30": "$1.29", "2014-03-31": "$0.96", "2013-12-31": "$0.87", "2013-09-30": "$0.50", "2013-06-30": "$0.49", "2013-03-31": "$0.11", "2012-12-31": "$0.04", "2012-09-30": "$0.02", "2012-06-30": "$0.12", "2012-03-31": "$0.38", "2011-12-31": "$0.27", "2011-09-30": "$0.58", "2011-06-30": "$1.01", "2011-03-31": "$1.45", "2010-12-31": "$1.78", "2010-09-30": "$1.55", "2010-06-30": "$1.10", "2010-03-31": "$0.94", "2009-12-31": "$0.54", "2009-09-30": "$0.13", "2009-06-30": "$-0.71", "2009-03-31": "$-1.58", "2008-12-31": "$-0.19", "2008-09-30": "$0.07", "2008-06-30": "$0.56", "2008-03-31": "$0.82", "2007-12-31": "$0.91", "2007-09-30": "$1.18", "2007-06-30": "$1.28", "2007-03-31": "$1.15", "2006-12-31": "$1.15", "2006-09-30": "$1.27", "2006-06-30": "$0.83", "2006-03-31": "$0.60", "2005-12-31": "$0.55", "2005-09-30": "$0.35", "2005-06-30": "$0.45", "2005-03-31": "$0.41"}}, "shares-outstanding": {"Lam Research Annual Shares Outstanding (Millions of Shares)": {"2020": "149", "2019": "160", "2018": "181", "2017": "184", "2016": "175", "2015": "177", "2014": "175", "2013": "173", "2012": "125", "2011": "125", "2010": "128", "2009": "126", "2008": "127", "2007": "142", "2006": "144", "2005": "142"}, "Lam Research Quarterly Shares Outstanding (Millions of Shares)": {"2020-12-31": "146", "2020-09-30": "147", "2020-06-30": "149", "2020-03-31": "148", "2019-12-31": "150", "2019-09-30": "151", "2019-06-30": "160", "2019-03-31": "158", "2018-12-31": "162", "2018-09-30": "165", "2018-06-30": "181", "2018-03-31": "180", "2017-12-31": "161", "2017-09-30": "184", "2017-06-30": "184", "2017-03-31": "185", "2016-12-31": "184", "2016-09-30": "180", "2016-06-30": "175", "2016-03-31": "174", "2015-12-31": "174", "2015-09-30": "174", "2015-06-30": "177", "2015-03-31": "178", "2014-12-31": "177", "2014-09-30": "177", "2014-06-30": "175", "2014-03-31": "172", "2013-12-31": "172", "2013-09-30": "171", "2013-06-30": "173", "2013-03-31": "169", "2012-12-31": "173", "2012-09-30": "182", "2012-06-30": "125", "2012-03-31": "121", "2011-12-31": "121", "2011-09-30": "124", "2011-06-30": "125", "2011-03-31": "125", "2010-12-31": "125", "2010-09-30": "125", "2010-06-30": "128", "2010-03-31": "129", "2009-12-31": "129", "2009-09-30": "128", "2009-06-30": "126", "2009-03-31": "126", "2008-12-31": "125", "2008-09-30": "127", "2008-06-30": "127", "2008-03-31": "127", "2007-12-31": "127", "2007-09-30": "126", "2007-06-30": "142", "2007-03-31": "143", "2006-12-31": "145", "2006-09-30": "145", "2006-06-30": "144", "2006-03-31": "145", "2005-12-31": "143", "2005-09-30": "141", "2005-06-30": "142", "2005-03-31": "145"}}, "total-assets": {"Lam Research Annual Total Assets (Millions of US $)": {"2020": "$14,559", "2019": "$12,001", "2018": "$12,479", "2017": "$12,123", "2016": "$12,264", "2015": "$9,365", "2014": "$7,993", "2013": "$7,250", "2012": "$8,005", "2011": "$4,054", "2010": "$2,487", "2009": "$1,993", "2008": "$2,807", "2007": "$2,102", "2006": "$2,327", "2005": "$1,449"}, "Lam Research Quarterly Total Assets (Millions of US $)": {"2020-12-31": "$15,370", "2020-09-30": "$15,057", "2020-06-30": "$14,559", "2020-03-31": "$12,939", "2019-12-31": "$11,914", "2019-09-30": "$12,344", "2019-06-30": "$12,001", "2019-03-31": "$12,895", "2018-12-31": "$10,768", "2018-09-30": "$10,958", "2018-06-30": "$12,479", "2018-03-31": "$13,664", "2017-12-31": "$12,912", "2017-09-30": "$12,399", "2017-06-30": "$12,123", "2017-03-31": "$11,875", "2016-12-31": "$11,521", "2016-09-30": "$12,636", "2016-06-30": "$12,264", "2016-03-31": "$10,024", "2015-12-31": "$9,750", "2015-09-30": "$9,594", "2015-06-30": "$9,365", "2015-03-31": "$9,239", "2014-12-31": "$8,111", "2014-09-30": "$7,894", "2014-06-30": "$7,993", "2014-03-31": "$7,707", "2013-12-31": "$7,556", "2013-09-30": "$7,290", "2013-06-30": "$7,250", "2013-03-31": "$7,146", "2012-12-31": "$7,363", "2012-09-30": "$7,724", "2012-06-30": "$8,005", "2012-03-31": "$4,193", "2011-12-31": "$3,978", "2011-09-30": "$3,901", "2011-06-30": "$4,054", "2011-03-31": "$3,148", "2010-12-31": "$2,933", "2010-09-30": "$2,652", "2010-06-30": "$2,487", "2010-03-31": "$2,324", "2009-12-31": "$2,185", "2009-09-30": "$1,995", "2009-06-30": "$1,993", "2009-03-31": "$2,033", "2008-12-31": "$2,538", "2008-09-30": "$2,685", "2008-06-30": "$2,807", "2008-03-31": "$2,794", "2007-12-31": "$2,448", "2007-09-30": "$2,289", "2007-06-30": "$2,102", "2007-03-31": "$2,610", "2006-12-31": "$2,680", "2006-09-30": "$2,534", "2006-06-30": "$2,327", "2006-03-31": "$1,739", "2005-12-31": "$1,582", "2005-09-30": "$1,425", "2005-06-30": "$1,449", "2005-03-31": "$1,483"}}, "cash-on-hand": {"Lam Research Annual Cash on Hand (Millions of US $)": {"2020": "$6,710", "2019": "$5,431", "2018": "$4,950", "2017": "$6,041", "2016": "$6,828", "2015": "$4,076", "2014": "$3,066", "2013": "$2,497", "2012": "$2,863", "2011": "$2,122", "2010": "$826", "2009": "$579", "2008": "$1,059", "2007": "$671", "2006": "$1,050", "2005": "$809"}, "Lam Research Quarterly Cash on Hand (Millions of US $)": {"2020-12-31": "$6,042", "2020-09-30": "$6,658", "2020-06-30": "$6,710", "2020-03-31": "$5,393", "2019-12-31": "$4,684", "2019-09-30": "$5,591", "2019-06-30": "$5,431", "2019-03-31": "$6,141", "2018-12-31": "$3,635", "2018-09-30": "$3,619", "2018-06-30": "$4,950", "2018-03-31": "$6,485", "2017-12-31": "$5,700", "2017-09-30": "$6,182", "2017-06-30": "$6,041", "2017-03-31": "$5,884", "2016-12-31": "$5,833", "2016-09-30": "$7,214", "2016-06-30": "$6,828", "2016-03-31": "$4,539", "2015-12-31": "$4,475", "2015-09-30": "$4,332", "2015-06-30": "$4,076", "2015-03-31": "$3,949", "2014-12-31": "$2,884", "2014-09-30": "$2,887", "2014-06-30": "$3,066", "2014-03-31": "$2,754", "2013-12-31": "$2,522", "2013-09-30": "$2,456", "2013-06-30": "$2,497", "2013-03-31": "$2,357", "2012-12-31": "$2,521", "2012-09-30": "$2,724", "2012-06-30": "$2,863", "2012-03-31": "$2,404", "2011-12-31": "$2,220", "2011-09-30": "$2,052", "2011-06-30": "$2,122", "2011-03-31": "$1,256", "2010-12-31": "$1,032", "2010-09-30": "$933", "2010-06-30": "$826", "2010-03-31": "$679", "2009-12-31": "$646", "2009-09-30": "$576", "2009-06-30": "$579", "2009-03-31": "$623", "2008-12-31": "$950", "2008-09-30": "$1,059", "2008-06-30": "$1,059", "2008-03-31": "$843", "2007-12-31": "$870", "2007-09-30": "$911", "2007-06-30": "$671", "2007-03-31": "$1,134", "2006-12-31": "$1,204", "2006-09-30": "$1,265", "2006-06-30": "$1,050", "2006-03-31": "$991", "2005-12-31": "$892", "2005-09-30": "$789", "2005-06-30": "$809", "2005-03-31": "$726"}}, "long-term-debt": {"Lam Research Annual Long Term Debt (Millions of US $)": {"2020": "$4,971", "2019": "$3,823", "2018": "$1,807", "2017": "$1,785", "2016": "$3,378", "2015": "$1,001", "2014": "$1,001", "2013": "$976", "2012": "$952", "2011": "$738", "2010": "$18", "2009": "$41", "2008": "$277", "2007": "$250", "2006": "$350", "2005": "$"}, "Lam Research Quarterly Long Term Debt (Millions of US $)": {"2020-12-31": "$4,992", "2020-09-30": "$4,993", "2020-06-30": "$4,971", "2020-03-31": "$5,044", "2019-12-31": "$3,786", "2019-09-30": "$3,788", "2019-06-30": "$3,823", "2019-03-31": "$3,802", "2018-12-31": "$1,813", "2018-09-30": "$1,805", "2018-06-30": "$1,807", "2018-03-31": "$1,782", "2017-12-31": "$1,790", "2017-09-30": "$1,793", "2017-06-30": "$1,785", "2017-03-31": "$1,777", "2016-12-31": "$1,769", "2016-09-30": "$3,378", "2016-06-30": "$3,378", "2016-03-31": "$1,407", "2015-12-31": "$1,405", "2015-09-30": "$1,401", "2015-06-30": "$1,001", "2015-03-31": "$2,012", "2014-12-31": "$1,012", "2014-09-30": "$1,007", "2014-06-30": "$1,001", "2014-03-31": "$995", "2013-12-31": "$988", "2013-09-30": "$982", "2013-06-30": "$976", "2013-03-31": "$1,295", "2012-12-31": "$1,287", "2012-09-30": "$1,279", "2012-06-30": "$952", "2012-03-31": "$755", "2011-12-31": "$749", "2011-09-30": "$743", "2011-06-30": "$738", "2011-03-31": "$16", "2010-12-31": "$17", "2010-09-30": "$15", "2010-06-30": "$18", "2010-03-31": "$20", "2009-12-31": "$35", "2009-09-30": "$36", "2009-06-30": "$41", "2009-03-31": "$40", "2008-12-31": "$257", "2008-09-30": "$269", "2008-06-30": "$277", "2008-03-31": "$287", "2007-12-31": "$250", "2007-09-30": "$250", "2007-06-30": "$250", "2007-03-31": "$250", "2006-12-31": "$300", "2006-09-30": "$350", "2006-06-30": "$350", "2006-03-31": "", "2005-12-31": "", "2005-09-30": "$1", "2005-06-30": "", "2005-03-31": "$3"}}, "total-liabilities": {"Lam Research Annual Total Liabilities (Millions of US $)": {"2020": "$9,376", "2019": "$7,278", "2018": "$5,899", "2017": "$5,135", "2016": "$6,162", "2015": "$4,020", "2014": "$2,964", "2013": "$2,761", "2012": "$2,873", "2011": "$1,584", "2010": "$719", "2009": "$540", "2008": "$1,028", "2007": "$925", "2006": "$919", "2005": "$382"}, "Lam Research Quarterly Total Liabilities (Millions of US $)": {"2020-12-31": "$9,862", "2020-09-30": "$9,632", "2020-06-30": "$9,376", "2020-03-31": "$8,389", "2019-12-31": "$7,496", "2019-09-30": "$7,365", "2019-06-30": "$7,278", "2019-03-31": "$7,554", "2018-12-31": "$4,927", "2018-09-30": "$5,576", "2018-06-30": "$5,899", "2018-03-31": "$6,779", "2017-12-31": "$6,639", "2017-09-30": "$4,990", "2017-06-30": "$5,135", "2017-03-31": "$4,954", "2016-12-31": "$4,928", "2016-09-30": "$6,249", "2016-06-30": "$6,162", "2016-03-31": "$4,153", "2015-12-31": "$4,020", "2015-09-30": "$4,058", "2015-06-30": "$4,020", "2015-03-31": "$4,141", "2014-12-31": "$3,110", "2014-09-30": "$3,003", "2014-06-30": "$2,964", "2014-03-31": "$2,900", "2013-12-31": "$2,890", "2013-09-30": "$2,763", "2013-06-30": "$2,761", "2013-03-31": "$2,604", "2012-12-31": "$2,667", "2012-09-30": "$2,713", "2012-06-30": "$2,873", "2012-03-31": "$1,584", "2011-12-31": "$1,515", "2011-09-30": "$1,511", "2011-06-30": "$1,584", "2011-03-31": "$825", "2010-12-31": "$848", "2010-09-30": "$766", "2010-06-30": "$719", "2010-03-31": "$680", "2009-12-31": "$600", "2009-09-30": "$491", "2009-06-30": "$540", "2009-03-31": "$530", "2008-12-31": "$817", "2008-09-30": "$924", "2008-06-30": "$1,028", "2008-03-31": "$1,130", "2007-12-31": "$899", "2007-09-30": "$898", "2007-06-30": "$925", "2007-03-31": "$894", "2006-12-31": "$939", "2006-09-30": "$935", "2006-06-30": "$919", "2006-03-31": "$509", "2005-12-31": "$440", "2005-09-30": "$366", "2005-06-30": "$382", "2005-03-31": "$379"}}, "total-share-holder-equity": {"Lam Research Annual Share Holder Equity (Millions of US $)": {"2020": "$5,183", "2019": "$4,723", "2018": "$6,580", "2017": "$6,987", "2016": "$6,102", "2015": "$5,345", "2014": "$5,030", "2013": "$4,489", "2012": "$5,132", "2011": "$2,470", "2010": "$1,768", "2009": "$1,453", "2008": "$1,779", "2007": "$1,176", "2006": "$1,409", "2005": "$1,067"}, "Lam Research Quarterly Share Holder Equity (Millions of US $)": {"2020-12-31": "$5,509", "2020-09-30": "$5,425", "2020-06-30": "$5,183", "2020-03-31": "$4,549", "2019-12-31": "$4,418", "2019-09-30": "$4,979", "2019-06-30": "$4,723", "2019-03-31": "$5,341", "2018-12-31": "$5,841", "2018-09-30": "$5,382", "2018-06-30": "$6,580", "2018-03-31": "$6,884", "2017-12-31": "$6,274", "2017-09-30": "$7,408", "2017-06-30": "$6,987", "2017-03-31": "$6,921", "2016-12-31": "$6,593", "2016-09-30": "$6,387", "2016-06-30": "$6,102", "2016-03-31": "$5,871", "2015-12-31": "$5,730", "2015-09-30": "$5,537", "2015-06-30": "$5,345", "2015-03-31": "$5,097", "2014-12-31": "$5,000", "2014-09-30": "$4,891", "2014-06-30": "$5,030", "2014-03-31": "$4,807", "2013-12-31": "$4,666", "2013-09-30": "$4,527", "2013-06-30": "$4,489", "2013-03-31": "$4,542", "2012-12-31": "$4,697", "2012-09-30": "$5,012", "2012-06-30": "$5,132", "2012-03-31": "$2,609", "2011-12-31": "$2,463", "2011-09-30": "$2,390", "2011-06-30": "$2,470", "2011-03-31": "$2,323", "2010-12-31": "$2,085", "2010-09-30": "$1,887", "2010-06-30": "$1,768", "2010-03-31": "$1,644", "2009-12-31": "$1,585", "2009-09-30": "$1,504", "2009-06-30": "$1,453", "2009-03-31": "$1,503", "2008-12-31": "$1,721", "2008-09-30": "$1,761", "2008-06-30": "$1,779", "2008-03-31": "$1,664", "2007-12-31": "$1,549", "2007-09-30": "$1,391", "2007-06-30": "$1,176", "2007-03-31": "$1,716", "2006-12-31": "$1,741", "2006-09-30": "$1,599", "2006-06-30": "$1,409", "2006-03-31": "$1,230", "2005-12-31": "$1,142", "2005-09-30": "$1,059", "2005-06-30": "$1,067", "2005-03-31": "$1,104"}}, "profit-margins": {"current": "24.85%"}, "gross margin": {"2020-12-31": "46.58%", "2020-09-30": "46.42%", "2020-06-30": "45.88%", "2020-03-31": "45.87%", "2019-12-31": "45.20%", "2019-09-30": "45.13%", "2019-06-30": "45.14%", "2019-03-31": "45.65%", "2018-12-31": "46.11%", "2018-09-30": "46.42%", "2018-06-30": "46.63%", "2018-03-31": "46.18%", "2017-12-31": "45.98%", "2017-09-30": "45.56%", "2017-06-30": "44.96%", "2017-03-31": "44.82%", "2016-12-31": "44.45%", "2016-09-30": "44.15%", "2016-06-30": "44.50%", "2016-03-31": "44.01%", "2015-12-31": "43.93%", "2015-09-30": "43.85%", "2015-06-30": "43.48%", "2015-03-31": "43.79%", "2014-12-31": "43.85%", "2014-09-30": "43.89%", "2014-06-30": "43.59%", "2014-03-31": "42.93%", "2013-12-31": "42.25%", "2013-09-30": "40.49%", "2013-06-30": "38.98%", "2013-03-31": "38.36%", "2012-12-31": "38.31%", "2012-09-30": "39.21%", "2012-06-30": "40.68%", "2012-03-31": "42.02%", "2011-12-31": "43.58%", "2011-09-30": "45.08%", "2011-06-30": "46.20%", "2011-03-31": "46.49%", "2010-12-31": "46.52%", "2010-09-30": "46.24%", "2010-06-30": "45.41%", "2010-03-31": "43.21%", "2009-12-31": "38.40%", "2009-09-30": "34.21%", "2009-06-30": "34.89%", "2009-03-31": "38.00%", "2008-12-31": "42.35%", "2008-09-30": "45.43%", "2008-06-30": "47.43%", "2008-03-31": "49.54%", "2007-12-31": "50.34%", "2007-09-30": "50.47%", "2007-06-30": "50.86%", "2007-03-31": "51.22%", "2006-12-31": "51.36%", "2006-09-30": "51.17%", "2006-06-30": "50.43%", "2006-03-31": "49.59%", "2005-12-31": "49.49%"}, "operating margin": {"2020-12-31": "28.68%", "2020-09-30": "28.02%", "2020-06-30": "26.62%", "2020-03-31": "26.37%", "2019-12-31": "25.20%", "2019-09-30": "25.40%", "2019-06-30": "25.53%", "2019-03-31": "26.90%", "2018-12-31": "28.19%", "2018-09-30": "28.47%", "2018-06-30": "29.01%", "2018-03-31": "27.84%", "2017-12-31": "26.95%", "2017-09-30": "25.73%", "2017-06-30": "23.74%", "2017-03-31": "22.22%", "2016-12-31": "19.71%", "2016-09-30": "17.83%", "2016-06-30": "18.25%", "2016-03-31": "16.42%", "2015-12-31": "17.03%", "2015-09-30": "16.74%", "2015-06-30": "14.99%", "2015-03-31": "16.18%", "2014-12-31": "15.74%", "2014-09-30": "15.60%", "2014-06-30": "14.70%", "2014-03-31": "12.59%", "2013-12-31": "9.24%", "2013-09-30": "5.56%", "2013-06-30": "3.28%", "2013-03-31": "1.94%", "2012-12-31": "3.53%", "2012-09-30": "5.39%", "2012-06-30": "8.93%", "2012-03-31": "12.97%", "2011-12-31": "17.20%", "2011-09-30": "21.82%", "2011-06-30": "24.83%", "2011-03-31": "25.72%", "2010-12-31": "25.62%", "2010-09-30": "23.66%", "2010-06-30": "19.92%", "2010-03-31": "12.31%", "2009-12-31": "-11.69%", "2009-09-30": "-26.96%", "2009-06-30": "-25.11%", "2009-03-31": "-10.32%", "2008-12-31": "6.83%", "2008-09-30": "14.71%", "2008-06-30": "20.57%", "2008-03-31": "24.92%", "2007-12-31": "28.51%", "2007-09-30": "29.54%", "2007-06-30": "30.36%", "2007-03-31": "30.54%", "2006-12-31": "29.91%", "2006-09-30": "28.05%", "2006-06-30": "24.67%", "2006-03-31": "22.24%", "2005-12-31": "21.42%"}, "ebitda margin": {"2020-12-31": "31.13%", "2020-09-30": "30.57%", "2020-06-30": "29.35%", "2020-03-31": "29.18%", "2019-12-31": "28.21%", "2019-09-30": "28.59%", "2019-06-30": "28.82%", "2019-03-31": "30.12%", "2018-12-31": "31.28%", "2018-09-30": "31.56%", "2018-06-30": "32.08%", "2018-03-31": "31.14%", "2017-12-31": "30.48%", "2017-09-30": "29.51%", "2017-06-30": "27.88%", "2017-03-31": "26.89%", "2016-12-31": "25.20%", "2016-09-30": "23.94%", "2016-06-30": "24.40%", "2016-03-31": "23.84%", "2015-12-31": "24.08%", "2015-09-30": "23.76%", "2015-06-30": "22.52%", "2015-03-31": "22.50%", "2014-12-31": "22.33%", "2014-09-30": "22.39%", "2014-06-30": "21.84%", "2014-03-31": "20.28%", "2013-12-31": "17.69%", "2013-09-30": "14.70%", "2013-06-30": "12.67%", "2013-03-31": "10.64%", "2012-12-31": "11.04%", "2012-09-30": "11.65%", "2012-06-30": "13.70%", "2012-03-31": "17.08%", "2011-12-31": "20.71%", "2011-09-30": "24.68%", "2011-06-30": "27.27%", "2011-03-31": "27.98%", "2010-12-31": "28.02%", "2010-09-30": "26.40%", "2010-06-30": "23.29%", "2010-03-31": "17.14%", "2009-12-31": "2.59%", "2009-09-30": "-9.96%", "2009-06-30": "-10.04%", "2009-03-31": "0.75%", "2008-12-31": "10.30%", "2008-09-30": "17.44%", "2008-06-30": "22.79%", "2008-03-31": "26.82%", "2007-12-31": "30.30%", "2007-09-30": "31.13%", "2007-06-30": "31.80%", "2007-03-31": "31.66%", "2006-12-31": "30.91%", "2006-09-30": "29.14%", "2006-06-30": "26.00%", "2006-03-31": "24.01%", "2005-12-31": "23.37%"}, "pre tax profit margin": {"2020-12-31": "27.49%", "2020-09-30": "26.88%", "2020-06-30": "25.63%", "2020-03-31": "25.34%", "2019-12-31": "25.06%", "2019-09-30": "25.08%", "2019-06-30": "25.34%", "2019-03-31": "26.83%", "2018-12-31": "27.42%", "2018-09-30": "27.95%", "2018-06-30": "28.46%", "2018-03-31": "27.17%", "2017-12-31": "26.74%", "2017-09-30": "24.91%", "2017-06-30": "22.61%", "2017-03-31": "20.67%", "2016-12-31": "17.59%", "2016-09-30": "15.97%", "2016-06-30": "16.31%", "2016-03-31": "14.59%", "2015-12-31": "15.54%", "2015-09-30": "15.55%", "2015-06-30": "14.11%", "2015-03-31": "17.11%", "2014-12-31": "16.73%", "2014-09-30": "16.76%", "2014-06-30": "15.69%", "2014-03-31": "11.69%", "2013-12-31": "8.10%", "2013-09-30": "4.07%", "2013-06-30": "1.86%", "2013-03-31": "0.48%", "2012-12-31": "2.40%", "2012-09-30": "4.32%", "2012-06-30": "7.69%", "2012-03-31": "11.93%", "2011-12-31": "16.39%", "2011-09-30": "21.37%", "2011-06-30": "24.74%", "2011-03-31": "25.87%", "2010-12-31": "25.79%", "2010-09-30": "23.81%", "2010-06-30": "20.15%", "2010-03-31": "12.61%", "2009-12-31": "-10.35%", "2009-09-30": "-26.16%", "2009-06-30": "-23.59%", "2009-03-31": "-8.68%", "2008-12-31": "10.04%", "2008-09-30": "17.80%", "2008-06-30": "23.31%", "2008-03-31": "27.59%", "2007-12-31": "29.80%", "2007-09-30": "31.32%", "2007-06-30": "33.05%", "2007-03-31": "33.32%", "2006-12-31": "32.64%", "2006-09-30": "30.96%", "2006-06-30": "26.74%", "2006-03-31": "24.35%", "2005-12-31": "23.08%"}, "net profit margin": {"2020-12-31": "24.85%", "2020-09-30": "23.60%", "2020-06-30": "22.43%", "2020-03-31": "21.82%", "2019-12-31": "21.68%", "2019-09-30": "22.38%", "2019-06-30": "22.70%", "2019-03-31": "25.63%", "2018-12-31": "26.69%", "2018-09-30": "21.25%", "2018-06-30": "21.49%", "2018-03-31": "18.32%", "2017-12-31": "17.60%", "2017-09-30": "22.86%", "2017-06-30": "21.19%", "2017-03-31": "19.84%", "2016-12-31": "15.67%", "2016-09-30": "15.02%", "2016-06-30": "15.53%", "2016-03-31": "13.50%", "2015-12-31": "14.39%", "2015-09-30": "14.07%", "2015-06-30": "12.46%", "2015-03-31": "15.06%", "2014-12-31": "14.71%", "2014-09-30": "14.48%", "2014-06-30": "13.72%", "2014-03-31": "11.16%", "2013-12-31": "8.58%", "2013-09-30": "5.31%", "2013-06-30": "3.17%", "2013-03-31": "1.37%", "2012-12-31": "2.30%", "2012-09-30": "3.46%", "2012-06-30": "6.34%", "2012-03-31": "10.36%", "2011-12-31": "14.62%", "2011-09-30": "19.34%", "2011-06-30": "22.36%", "2011-03-31": "23.20%", "2010-12-31": "22.50%", "2010-09-30": "19.99%", "2010-06-30": "16.26%", "2010-03-31": "7.18%", "2009-12-31": "-16.61%", "2009-09-30": "-29.48%", "2009-06-30": "-27.00%", "2009-03-31": "-9.64%", "2008-12-31": "8.46%", "2008-09-30": "13.45%", "2008-06-30": "17.78%", "2008-03-31": "20.79%", "2007-12-31": "22.83%", "2007-09-30": "24.59%", "2007-06-30": "26.73%", "2007-03-31": "26.44%", "2006-12-31": "25.41%", "2006-09-30": "24.42%", "2006-06-30": "20.40%", "2006-03-31": "18.84%", "2005-12-31": "18.09%"}, "pe ratio": {"current": "24.91", "2021-02-05": "25.29", "2020-12-31": "23.43", "2020-09-30": "18.77", "2020-06-30": "21.24", "2020-03-31": "17.08", "2019-12-31": "21.33", "2019-09-30": "16.69", "2019-06-30": "13.36", "2019-03-31": "10.84", "2018-12-31": "7.78", "2018-09-30": "10.90", "2018-06-30": "12.35", "2018-03-31": "18.65", "2017-12-31": "19.14", "2017-09-30": "15.91", "2017-06-30": "14.42", "2017-03-31": "15.32", "2016-12-31": "17.72", "2016-09-30": "17.47", "2016-06-30": "14.90", "2016-03-31": "16.92", "2015-12-31": "15.06", "2015-09-30": "13.10", "2015-06-30": "20.02", "2015-03-31": "14.78", "2014-12-31": "17.47", "2014-09-30": "16.95", "2014-06-30": "16.55", "2014-03-31": "17.46", "2013-12-31": "24.71", "2013-09-30": "40.00", "2013-06-30": "59.46", "2013-03-31": "124.17", "2012-12-31": "56.95", "2012-09-30": "35.69", "2012-06-30": "24.93", "2012-03-31": "17.90", "2011-12-31": "10.05", "2011-09-30": "7.08", "2011-06-30": "6.87", "2011-03-31": "8.66", "2010-12-31": "8.66", "2010-09-30": "9.10", "2010-06-30": "12.62", "2010-03-31": "36.85", "2009-12-31": "0.00", "2009-09-30": "0.00", "2009-06-30": "0.00", "2009-03-31": "0.00", "2008-12-31": "15.05", "2008-09-30": "11.94", "2008-06-30": "9.33", "2008-03-31": "8.20", "2007-12-31": "8.59", "2007-09-30": "10.05", "2007-06-30": "9.52", "2007-03-31": "9.64", "2006-12-31": "11.78"}, "price sales": {"2021-02-05": "6.30", "2020-12-31": "5.84", "2020-09-30": "4.45", "2020-06-30": "4.78", "2020-03-31": "3.76", "2019-12-31": "4.66", "2019-09-30": "3.77", "2019-06-30": "3.06", "2019-03-31": "2.78", "2018-12-31": "2.08", "2018-09-30": "2.29", "2018-06-30": "2.61", "2018-03-31": "3.29", "2017-12-31": "3.22", "2017-09-30": "3.62", "2017-06-30": "3.03", "2017-03-31": "3.02", "2016-12-31": "2.76", "2016-09-30": "2.61", "2016-06-30": "2.31", "2016-03-31": "2.29", "2015-12-31": "2.17", "2015-09-30": "1.85", "2015-06-30": "2.50", "2015-03-31": "2.24", "2014-12-31": "2.59", "2014-09-30": "2.47", "2014-06-30": "2.28", "2014-03-31": "1.96", "2013-12-31": "2.12", "2013-09-30": "2.13", "2013-06-30": "1.93", "2013-03-31": "1.78", "2012-12-31": "1.52", "2012-09-30": "1.35", "2012-06-30": "1.56", "2012-03-31": "1.84", "2011-12-31": "1.46", "2011-09-30": "1.37", "2011-06-30": "1.54", "2011-03-31": "2.01", "2010-12-31": "1.96", "2010-09-30": "1.83", "2010-06-30": "2.06", "2010-03-31": "2.59", "2009-12-31": "3.75", "2009-09-30": "3.90", "2009-06-30": "2.64", "2009-03-31": "1.76", "2008-12-31": "1.27", "2008-09-30": "1.61", "2008-06-30": "1.66", "2008-03-31": "1.73", "2007-12-31": "1.98", "2007-09-30": "2.50", "2007-06-30": "2.58", "2007-03-31": "2.54", "2006-12-31": "2.99"}, "price book": {"current": "13.22", "2021-02-05": "13.25", "2020-12-31": "12.28", "2020-09-30": "8.82", "2020-06-30": "9.01", "2020-03-31": "7.58", "2019-12-31": "9.29", "2019-09-30": "6.60", "2019-06-30": "5.61", "2019-03-31": "4.87", "2018-12-31": "3.46", "2018-09-30": "4.14", "2018-06-30": "3.92", "2018-03-31": "4.58", "2017-12-31": "4.41", "2017-09-30": "3.81", "2017-06-30": "3.07", "2017-03-31": "2.84", "2016-12-31": "2.43", "2016-09-30": "2.23", "2016-06-30": "2.04", "2016-03-31": "2.07", "2015-12-31": "2.02", "2015-09-30": "1.71", "2015-06-30": "2.20", "2015-03-31": "1.98", "2014-12-31": "2.29", "2014-09-30": "2.20", "2014-06-30": "1.97", "2014-03-31": "1.67", "2013-12-31": "1.70", "2013-09-30": "1.65", "2013-06-30": "1.45", "2013-03-31": "1.33", "2012-12-31": "1.15", "2012-09-30": "1.00", "2012-06-30": "1.23", "2012-03-31": "1.84", "2011-12-31": "1.61", "2011-09-30": "1.74", "2011-06-30": "1.99", "2011-03-31": "2.72", "2010-12-31": "2.75", "2010-09-30": "2.45", "2010-06-30": "2.44", "2010-03-31": "2.57", "2009-12-31": "2.83", "2009-09-30": "2.60", "2009-06-30": "2.03", "2009-03-31": "1.71", "2008-12-31": "1.39", "2008-09-30": "2.02", "2008-06-30": "2.29", "2008-03-31": "2.58", "2007-12-31": "3.13", "2007-09-30": "4.28", "2007-06-30": "4.85", "2007-03-31": "3.40", "2006-12-31": "3.71", "2006-09-30": "3.62", "2006-06-30": "4.22", "2006-03-31": "4.40"}, "price fcf": {"2021-02-05": "", "2020-12-31": "$14.14", "2020-09-30": "$14.02", "2020-06-30": "$12.90", "2020-03-31": "$12.76", "2019-12-31": "$15.03", "2019-09-30": "$16.76", "2019-06-30": "$17.96", "2019-03-31": "$16.52", "2018-12-31": "$15.98", "2018-09-30": "$12.85", "2018-06-30": "$13.18", "2018-03-31": "$13.53", "2017-12-31": "$10.45", "2017-09-30": "$12.14", "2017-06-30": "$10.19", "2017-03-31": "$8.92", "2016-12-31": "$7.69", "2016-09-30": "$7.27", "2016-06-30": "$7.16", "2016-03-31": "$5.90", "2015-12-31": "$6.01", "2015-09-30": "$5.05", "2015-06-30": "$3.32", "2015-03-31": "$3.92", "2014-12-31": "$4.48", "2014-09-30": "$4.57", "2014-06-30": "$4.17", "2014-03-31": "$2.95", "2013-12-31": "$1.96", "2013-09-30": "$2.26", "2013-06-30": "$3.23", "2013-03-31": "$2.92", "2012-12-31": "$3.44", "2012-09-30": "$3.70", "2012-06-30": "$3.15", "2012-03-31": "$4.08", "2011-12-31": "$4.74", "2011-09-30": "$4.72", "2011-06-30": "$6.04", "2011-03-31": "$5.92", "2010-12-31": "$5.06", "2010-09-30": "$4.37", "2010-06-30": "$2.46", "2010-03-31": "$0.75", "2009-12-31": "$-0.30", "2009-09-30": "$-1.22", "2009-06-30": "$-0.97", "2009-03-31": "$0.97", "2008-12-31": "$2.25", "2008-09-30": "$2.63", "2008-06-30": "$4.06", "2008-03-31": "$4.63", "2007-12-31": "$4.60", "2007-09-30": "$5.64", "2007-06-30": "$5.40", "2007-03-31": "$3.91", "2006-12-31": "$4.68"}, "net worth": {"value": "$72.85B"}, "current ratio": {"current": "3.19", "2020-12-31": "3.19", "2020-09-30": "3.31", "2020-06-30": "3.43", "2020-03-31": "4.47", "2019-12-31": "3.30", "2019-09-30": "3.60", "2019-06-30": "3.61", "2019-03-31": "3.37", "2018-12-31": "3.40", "2018-09-30": "2.66", "2018-06-30": "2.90", "2018-03-31": "2.64", "2017-12-31": "2.47", "2017-09-30": "3.31", "2017-06-30": "3.10", "2017-03-31": "3.22", "2016-12-31": "3.20", "2016-09-30": "3.86", "2016-06-30": "3.81", "2016-03-31": "2.96", "2015-12-31": "3.00", "2015-09-30": "2.86", "2015-06-30": "2.38", "2015-03-31": "3.49", "2014-12-31": "2.88", "2014-09-30": "2.93", "2014-06-30": "3.02", "2014-03-31": "2.88", "2013-12-31": "2.79", "2013-09-30": "2.80", "2013-06-30": "2.70", "2013-03-31": "4.58", "2012-12-31": "4.66", "2012-09-30": "4.88", "2012-06-30": "3.09", "2012-03-31": "5.25", "2011-12-31": "5.41", "2011-09-30": "5.27", "2011-06-30": "4.81", "2011-03-31": "3.56", "2010-12-31": "3.16", "2010-09-30": "3.13", "2010-06-30": "3.14", "2010-03-31": "3.01", "2009-12-31": "3.22", "2009-09-30": "3.68", "2009-06-30": "3.24", "2009-03-31": "3.39", "2008-12-31": "3.72", "2008-09-30": "3.39", "2008-06-30": "3.01", "2008-03-31": "2.61", "2007-12-31": "2.94", "2007-09-30": "2.75", "2007-06-30": "2.11", "2007-03-31": "3.03", "2006-12-31": "3.07", "2006-09-30": "3.29", "2006-06-30": "3.01", "2006-03-31": "3.04", "2005-12-31": "3.14", "2005-09-30": "3.35", "2005-06-30": "3.28", "2005-03-31": "3.15"}, "quick ratio": {"2020-12-31": "2.54", "2020-09-30": "2.68", "2020-06-30": "2.83", "2020-03-31": "3.67", "2019-12-31": "2.70", "2019-09-30": "2.99", "2019-06-30": "2.96", "2019-03-31": "2.79", "2018-12-31": "2.61", "2018-09-30": "2.00", "2018-06-30": "2.31", "2018-03-31": "2.21", "2017-12-31": "2.09", "2017-09-30": "2.83", "2017-06-30": "2.68", "2017-03-31": "2.81", "2016-12-31": "2.82", "2016-09-30": "3.49", "2016-06-30": "3.41", "2016-03-31": "2.57", "2015-12-31": "2.61", "2015-09-30": "2.45", "2015-06-30": "2.03", "2015-03-31": "2.96", "2014-12-31": "2.34", "2014-09-30": "2.42", "2014-06-30": "2.56", "2014-03-31": "2.42", "2013-12-31": "2.36", "2013-09-30": "2.36", "2013-06-30": "2.30", "2013-03-31": "3.90", "2012-12-31": "4.02", "2012-09-30": "4.22", "2012-06-30": "2.65", "2012-03-31": "4.68", "2011-12-31": "4.78", "2011-09-30": "4.61", "2011-06-30": "4.23", "2011-03-31": "3.02", "2010-12-31": "2.68", "2010-09-30": "2.58", "2010-06-30": "2.57", "2010-03-31": "2.48", "2009-12-31": "2.68", "2009-09-30": "3.03", "2009-06-30": "2.63", "2009-03-31": "2.68", "2008-12-31": "3.12", "2008-09-30": "2.88", "2008-06-30": "2.57", "2008-03-31": "2.19", "2007-12-31": "2.52", "2007-09-30": "2.33", "2007-06-30": "1.76", "2007-03-31": "2.67", "2006-12-31": "2.73", "2006-09-30": "2.97", "2006-06-30": "2.71", "2006-03-31": "2.75", "2005-12-31": "2.88", "2005-09-30": "3.04", "2005-06-30": "2.99", "2005-03-31": "2.83"}, "debt equity ratio": {"current": "0.91", "2020-12-31": "1.79", "2020-09-30": "1.78", "2020-06-30": "1.81", "2020-03-31": "1.84", "2019-12-31": "1.70", "2019-09-30": "1.48", "2019-06-30": "1.54", "2019-03-31": "1.41", "2018-12-31": "0.84", "2018-09-30": "1.04", "2018-06-30": "0.90", "2018-03-31": "0.99", "2017-12-31": "1.06", "2017-09-30": "0.67", "2017-06-30": "0.74", "2017-03-31": "0.72", "2016-12-31": "0.75", "2016-09-30": "0.98", "2016-06-30": "1.01", "2016-03-31": "0.71", "2015-12-31": "0.70", "2015-09-30": "0.73", "2015-06-30": "0.75", "2015-03-31": "0.81", "2014-12-31": "0.62", "2014-09-30": "0.61", "2014-06-30": "0.59", "2014-03-31": "0.60", "2013-12-31": "0.62", "2013-09-30": "0.61", "2013-06-30": "0.62", "2013-03-31": "0.57", "2012-12-31": "0.57", "2012-09-30": "0.54", "2012-06-30": "0.56", "2012-03-31": "0.61", "2011-12-31": "0.62", "2011-09-30": "0.63", "2011-06-30": "0.64", "2011-03-31": "0.36", "2010-12-31": "0.41", "2010-09-30": "0.41", "2010-06-30": "0.41", "2010-03-31": "0.41", "2009-12-31": "0.38", "2009-09-30": "0.33", "2009-06-30": "0.37", "2009-03-31": "0.35", "2008-12-31": "0.48", "2008-09-30": "0.53", "2008-06-30": "0.58", "2008-03-31": "0.68", "2007-12-31": "0.58", "2007-09-30": "0.65", "2007-06-30": "0.79", "2007-03-31": "0.52", "2006-12-31": "0.54", "2006-09-30": "0.59", "2006-06-30": "0.65", "2006-03-31": "0.41", "2005-12-31": "0.39", "2005-09-30": "0.35", "2005-06-30": "0.36", "2005-03-31": "0.34"}, "return on equity": {"2020-12-31": "57.37%", "2020-09-30": "53.33%", "2020-06-30": "47.11%", "2020-03-31": "44.95%", "2019-12-31": "42.55%", "2019-09-30": "40.68%", "2019-06-30": "41.17%", "2019-03-31": "46.15%", "2018-12-31": "47.02%", "2018-09-30": "36.99%", "2018-06-30": "35.08%", "2018-03-31": "27.38%", "2017-12-31": "24.39%", "2017-09-30": "29.02%", "2017-06-30": "25.26%", "2017-03-31": "22.01%", "2016-12-31": "16.01%", "2016-09-30": "14.76%", "2016-06-30": "15.73%", "2016-03-31": "13.98%", "2015-12-31": "15.64%", "2015-09-30": "15.31%", "2015-06-30": "12.89%", "2015-03-31": "15.13%", "2014-12-31": "14.50%", "2014-09-30": "14.17%", "2014-06-30": "13.28%", "2014-03-31": "10.49%", "2013-12-31": "7.46%", "2013-09-30": "4.32%", "2013-06-30": "2.43%", "2013-03-31": "0.95%", "2012-12-31": "1.67%", "2012-09-30": "2.63%", "2012-06-30": "5.37%", "2012-03-31": "11.16%", "2011-12-31": "17.13%", "2011-09-30": "25.98%", "2011-06-30": "33.04%", "2011-03-31": "36.61%", "2010-12-31": "36.62%", "2010-09-30": "30.45%", "2010-06-30": "21.35%", "2010-03-31": "7.69%", "2009-12-31": "-13.17%", "2009-09-30": "-18.96%", "2009-06-30": "-18.70%", "2009-03-31": "-8.34%", "2008-12-31": "9.30%", "2008-09-30": "17.77%", "2008-06-30": "27.57%", "2008-03-31": "37.23%", "2007-12-31": "41.08%", "2007-09-30": "43.23%", "2007-06-30": "44.03%", "2007-03-31": "39.47%", "2006-12-31": "37.40%", "2006-09-30": "34.94%", "2006-06-30": "27.69%", "2006-03-31": "24.63%", "2005-12-31": "22.87%"}, "return on assets": {"2020-12-31": "20.47%", "2020-09-30": "19.17%", "2020-06-30": "17.41%", "2020-03-31": "17.06%", "2019-12-31": "16.85%", "2019-09-30": "17.70%", "2019-06-30": "18.80%", "2019-03-31": "22.68%", "2018-12-31": "24.25%", "2018-09-30": "18.58%", "2018-06-30": "18.51%", "2018-03-31": "14.76%", "2017-12-31": "13.64%", "2017-09-30": "16.90%", "2017-06-30": "14.10%", "2017-03-31": "11.85%", "2016-12-31": "8.60%", "2016-09-30": "7.96%", "2016-06-30": "8.78%", "2016-03-31": "8.12%", "2015-12-31": "8.95%", "2015-09-30": "8.85%", "2015-06-30": "7.57%", "2015-03-31": "9.11%", "2014-12-31": "9.02%", "2014-09-30": "8.82%", "2014-06-30": "8.28%", "2014-03-31": "6.51%", "2013-12-31": "4.65%", "2013-09-30": "2.71%", "2013-06-30": "1.55%", "2013-03-31": "0.61%", "2012-12-31": "1.07%", "2012-09-30": "1.67%", "2012-06-30": "3.37%", "2012-03-31": "6.87%", "2011-12-31": "10.95%", "2011-09-30": "17.16%", "2011-06-30": "22.65%", "2011-03-31": "26.31%", "2010-12-31": "26.01%", "2010-09-30": "21.72%", "2010-06-30": "15.44%", "2010-03-31": "5.60%", "2009-12-31": "-9.70%", "2009-09-30": "-13.69%", "2009-06-30": "-13.02%", "2009-03-31": "-5.60%", "2008-12-31": "5.95%", "2008-09-30": "11.18%", "2008-06-30": "17.02%", "2008-03-31": "22.34%", "2007-12-31": "25.36%", "2007-09-30": "26.90%", "2007-06-30": "27.64%", "2007-03-31": "25.14%", "2006-12-31": "24.09%", "2006-09-30": "22.98%", "2006-06-30": "18.95%", "2006-03-31": "17.89%", "2005-12-31": "16.84%"}, "return on investments": {"2020-12-31": "33.65%", "2020-09-30": "32.30%", "2020-06-30": "29.13%", "2020-03-31": "28.88%", "2019-12-31": "27.78%", "2019-09-30": "28.26%", "2019-06-30": "30.31%", "2019-03-31": "34.64%", "2018-12-31": "38.44%", "2018-09-30": "38.53%", "2018-06-30": "37.45%", "2018-03-31": "33.03%", "2017-12-31": "29.66%", "2017-09-30": "26.02%", "2017-06-30": "21.37%", "2017-03-31": "17.66%", "2016-12-31": "14.40%", "2016-09-30": "12.54%", "2016-06-30": "13.93%", "2016-03-31": "13.81%", "2015-12-31": "14.60%", "2015-09-30": "14.47%", "2015-06-30": "12.43%", "2015-03-31": "12.98%", "2014-12-31": "12.89%", "2014-09-30": "12.66%", "2014-06-30": "11.78%", "2014-03-31": "9.75%", "2013-12-31": "6.52%", "2013-09-30": "3.61%", "2013-06-30": "2.00%", "2013-03-31": "1.07%", "2012-12-31": "2.06%", "2012-09-30": "3.29%", "2012-06-30": "6.03%", "2012-03-31": "10.74%", "2011-12-31": "16.35%", "2011-09-30": "25.19%", "2011-06-30": "33.68%", "2011-03-31": "40.26%", "2010-12-31": "41.32%", "2010-09-30": "35.57%", "2010-06-30": "25.71%", "2010-03-31": "12.91%", "2009-12-31": "-9.04%", "2009-09-30": "-16.35%", "2009-06-30": "-15.90%", "2009-03-31": "-7.94%", "2008-12-31": "6.49%", "2008-09-30": "16.75%", "2008-06-30": "27.34%", "2008-03-31": "37.85%", "2007-12-31": "43.79%", "2007-09-30": "44.22%", "2007-06-30": "42.21%", "2007-03-31": "38.21%", "2006-12-31": "45.78%", "2006-09-30": "58.25%", "2006-06-30": "57.47%", "2006-03-31": "123.40%", "2005-12-31": "54.61%"}, "return on tangible equity": {"2020-12-31": "84.33%", "2020-09-30": "80.73%", "2020-06-30": "72.44%", "2020-03-31": "70.33%", "2019-12-31": "65.28%", "2019-09-30": "60.48%", "2019-06-30": "60.97%", "2019-03-31": "66.22%", "2018-12-31": "66.13%", "2018-09-30": "52.04%", "2018-06-30": "48.23%", "2018-03-31": "37.42%", "2017-12-31": "33.33%", "2017-09-30": "39.51%", "2017-06-30": "34.88%", "2017-03-31": "31.06%", "2016-12-31": "23.21%", "2016-09-30": "21.97%", "2016-06-30": "24.09%", "2016-03-31": "22.06%", "2015-12-31": "25.66%", "2015-09-30": "26.19%", "2015-06-30": "23.04%", "2015-03-31": "28.01%", "2014-12-31": "27.62%", "2014-09-30": "27.90%", "2014-06-30": "27.12%", "2014-03-31": "22.52%", "2013-12-31": "16.59%", "2013-09-30": "9.76%", "2013-06-30": "5.43%", "2013-03-31": "2.07%", "2012-12-31": "3.14%", "2012-09-30": "4.22%", "2012-06-30": "7.28%", "2012-03-31": "12.19%", "2011-12-31": "18.80%", "2011-09-30": "28.69%", "2011-06-30": "36.80%", "2011-03-31": "41.30%", "2010-12-31": "41.94%", "2010-09-30": "35.38%", "2010-06-30": "25.15%", "2010-03-31": "9.19%", "2009-12-31": "-15.88%", "2009-09-30": "-23.32%", "2009-06-30": "-23.32%", "2009-03-31": "-10.55%", "2008-12-31": "11.97%", "2008-09-30": "21.99%", "2008-06-30": "33.01%", "2008-03-31": "43.02%", "2007-12-31": "44.96%", "2007-09-30": "47.12%", "2007-06-30": "46.79%", "2007-03-31": "41.08%", "2006-12-31": "38.27%", "2006-09-30": "35.04%", "2006-06-30": "27.77%", "2006-03-31": "24.63%", "2005-12-31": "22.87%"}, "dividend yield history": {"last payout": "$5.20", "last yield": "1.02%"}}