{"ticker": "LAMR", "price": {"title": "Lamar Advertising Historical Annual Stock Price Data", "value": 87.5, "historical": {"2021": {"Average Stock Price": "83.3575", "Year Open": "80.2800", "Year High": "87.5000", "Year Low": "79.2800", "Year Close": "87.5000", "Annual % Change": "5.14%"}, "2020": {"Average Stock Price": "70.6731", "Year Open": "88.4500", "Year High": "96.1900", "Year Low": "32.3300", "Year Close": "83.2200", "Annual % Change": "-6.77%"}, "2019": {"Average Stock Price": "79.7962", "Year Open": "67.1600", "Year High": "89.2600", "Year Low": "67.1600", "Year Close": "89.2600", "Annual % Change": "29.03%"}, "2018": {"Average Stock Price": "70.9226", "Year Open": "72.8400", "Year High": "80.4700", "Year Low": "62.1000", "Year Close": "69.1800", "Annual % Change": "-6.82%"}, "2017": {"Average Stock Price": "71.8390", "Year Open": "67.9800", "Year High": "79.0500", "Year Low": "63.1400", "Year Close": "74.2400", "Annual % Change": "10.41%"}, "2016": {"Average Stock Price": "62.4648", "Year Open": "59.7900", "Year High": "69.1100", "Year Low": "50.1300", "Year Close": "67.2400", "Annual % Change": "12.10%"}, "2015": {"Average Stock Price": "57.4957", "Year Open": "53.7700", "Year High": "61.5000", "Year Low": "51.5900", "Year Close": "59.9800", "Annual % Change": "11.82%"}, "2014": {"Average Stock Price": "51.1993", "Year Open": "51.6400", "Year High": "54.4500", "Year Low": "45.7100", "Year Close": "53.6400", "Annual % Change": "2.66%"}, "2013": {"Average Stock Price": "45.9088", "Year Open": "39.9800", "Year High": "52.2500", "Year Low": "39.3600", "Year Close": "52.2500", "Annual % Change": "34.84%"}, "2012": {"Average Stock Price": "32.4322", "Year Open": "28.2800", "Year High": "40.9500", "Year Low": "23.8500", "Year Close": "38.7500", "Annual % Change": "40.91%"}, "2011": {"Average Stock Price": "28.1877", "Year Open": "40.6800", "Year High": "41.5400", "Year Low": "16.9000", "Year Close": "27.5000", "Annual % Change": "-30.97%"}, "2010": {"Average Stock Price": "31.9612", "Year Open": "32.3300", "Year High": "39.8400", "Year Low": "24.2900", "Year Close": "39.8400", "Annual % Change": "28.14%"}, "2009": {"Average Stock Price": "19.0879", "Year Open": "14.0600", "Year High": "32.0400", "Year Low": "5.4400", "Year Close": "31.0900", "Annual % Change": "147.53%"}, "2008": {"Average Stock Price": "32.4274", "Year Open": "47.6100", "Year High": "47.6100", "Year Low": "10.3900", "Year Close": "12.5600", "Annual % Change": "-73.87%"}, "2007": {"Average Stock Price": "58.7220", "Year Open": "65.5300", "Year High": "70.2900", "Year Low": "47.2400", "Year Close": "48.0700", "Annual % Change": "-26.49%"}, "2006": {"Average Stock Price": "53.3466", "Year Open": "46.2100", "Year High": "65.6600", "Year Low": "45.2300", "Year Close": "65.3900", "Annual % Change": "41.75%"}, "2005": {"Average Stock Price": "42.3640", "Year Open": "42.6100", "Year High": "47.8500", "Year Low": "36.8600", "Year Close": "46.1300", "Annual % Change": "7.83%"}, "2004": {"Average Stock Price": "40.9884", "Year Open": "37.5600", "Year High": "44.4000", "Year Low": "37.1800", "Year Close": "42.7800", "Annual % Change": "14.63%"}, "2003": {"Average Stock Price": "33.3456", "Year Open": "35.8600", "Year High": "37.4900", "Year Low": "28.1200", "Year Close": "37.3200", "Annual % Change": "10.91%"}, "2002": {"Average Stock Price": "36.3175", "Year Open": "42.3900", "Year High": "44.9900", "Year Low": "26.5400", "Year Close": "33.6500", "Annual % Change": "-20.52%"}, "2001": {"Average Stock Price": "39.0169", "Year Open": "36.6600", "Year High": "48.7500", "Year Low": "26.4200", "Year Close": "42.3400", "Annual % Change": "9.72%"}, "2000": {"Average Stock Price": "46.2400", "Year Open": "60.6200", "Year High": "67.3400", "Year Low": "36.1300", "Year Close": "38.5900", "Annual % Change": "-36.28%"}, "1999": {"Average Stock Price": "43.0060", "Year Open": "38.0000", "Year High": "64.5000", "Year Low": "29.0600", "Year Close": "60.5600", "Annual % Change": "62.58%"}, "1998": {"Average Stock Price": "32.8522", "Year Open": "26.1667", "Year High": "40.6900", "Year Low": "19.6300", "Year Close": "37.2500", "Annual % Change": "40.57%"}, "1997": {"Average Stock Price": "17.4741", "Year Open": "16.0000", "Year High": "26.5867", "Year Low": "10.8333", "Year Close": "26.5000", "Annual % Change": "63.92%"}}}, "market cap": {"value": "$8.82B"}, "income statement": {"Revenue": {"2019-12-31": "1753.64400", "2018-12-31": "1627.22200", "2017-12-31": "1541.26000", "2016-12-31": "1500.29400", "2015-12-31": "1353.39600", "2014-12-31": "1287.06000", "2013-12-31": "1245.84200", "2012-12-31": "1179.73600", "2011-12-31": "1130.71400", "2010-12-31": "1092.29100", "2009-12-31": "1056.06500", "2008-12-31": "1198.41900", "2007-12-31": "1209.55500", "2006-12-31": "1120.09100", "2005-12-31": "1021.65600"}, "Cost Of Goods Sold": {"2019-12-31": "590.07800", "2018-12-31": "561.84800", "2017-12-31": "540.88000", "2016-12-31": "525.59700", "2015-12-31": "473.76000", "2014-12-31": "453.26900", "2013-12-31": "436.84400", "2012-12-31": "418.53800", "2011-12-31": "409.05200", "2010-12-31": "398.46700", "2009-12-31": "397.72500", "2008-12-31": "437.66000", "2007-12-31": "410.76200", "2006-12-31": "390.56100", "2005-12-31": "353.13900"}, "Gross Profit": {"2019-12-31": "1163.56600", "2018-12-31": "1065.37400", "2017-12-31": "1000.38000", "2016-12-31": "974.69700", "2015-12-31": "879.63600", "2014-12-31": "833.79100", "2013-12-31": "808.99800", "2012-12-31": "761.19800", "2011-12-31": "721.66200", "2010-12-31": "693.82400", "2009-12-31": "658.34000", "2008-12-31": "760.75890", "2007-12-31": "798.79310", "2006-12-31": "729.52990", "2005-12-31": "668.51700"}, "Research And Development Expenses": {"2019-12-31": "", "2018-12-31": "", "2017-12-31": "", "2016-12-31": "", "2015-12-31": "", "2014-12-31": "", "2013-12-31": "", "2012-12-31": "", "2011-12-31": "", "2010-12-31": "", "2009-12-31": "", "2008-12-31": "", "2007-12-31": "", "2006-12-31": "", "2005-12-31": ""}, "SG&A Expenses": {"2019-12-31": "403.03800", "2018-12-31": "372.32400", "2017-12-31": "338.57300", "2016-12-31": "345.78900", "2015-12-31": "313.94100", "2014-12-31": "299.87800", "2013-12-31": "288.78600", "2012-12-31": "264.40600", "2011-12-31": "248.97000", "2010-12-31": "246.51300", "2009-12-31": "229.42300", "2008-12-31": "257.62100", "2007-12-31": "270.39000", "2006-12-31": "248.93700", "2005-12-31": "212.72700"}, "Other Operating Income Or Expenses": {"2019-12-31": "7.24100", "2018-12-31": "-7.23300", "2017-12-31": "4.66400", "2016-12-31": "15.09500", "2015-12-31": "8.76500", "2014-12-31": "3.19200", "2013-12-31": "3.80400", "2012-12-31": "13.81700", "2011-12-31": "10.54800", "2010-12-31": "4.90000", "2009-12-31": "5.42400", "2008-12-31": "7.36300", "2007-12-31": "3.91400", "2006-12-31": "10.86200", "2005-12-31": "1.11900"}, "Operating Expenses": {"2019-12-31": "1235.90300", "2018-12-31": "1166.66600", "2017-12-31": "1085.89300", "2016-12-31": "1061.24900", "2015-12-31": "970.36900", "2014-12-31": "1008.39000", "2013-12-31": "1022.40500", "2012-12-31": "965.21000", "2011-12-31": "947.11300", "2010-12-31": "952.78300", "2009-12-31": "958.44900", "2008-12-31": "1019.57200", "2007-12-31": "984.11700", "2006-12-31": "930.32100", "2005-12-31": "854.83600"}, "Operating Income": {"2019-12-31": "517.74100", "2018-12-31": "460.55600", "2017-12-31": "455.36690", "2016-12-31": "439.04490", "2015-12-31": "383.02700", "2014-12-31": "278.67010", "2013-12-31": "223.43710", "2012-12-31": "214.52600", "2011-12-31": "183.60100", "2010-12-31": "139.50800", "2009-12-31": "97.61590", "2008-12-31": "178.84700", "2007-12-31": "225.43800", "2006-12-31": "189.77000", "2005-12-31": "166.82000"}, "Total Non-Operating Income/Expense": {"2019-12-31": "-149.85200", "2018-12-31": "-144.62700", "2017-12-31": "-128.46100", "2016-12-31": "-126.88000", "2015-12-31": "-98.39900", "2014-12-31": "-135.24400", "2013-12-31": "-160.45700", "2012-12-31": "-198.39400", "2011-12-31": "-171.20100", "2010-12-31": "-203.07900", "2009-12-31": "-191.75500", "2008-12-31": "-167.33600", "2007-12-31": "-150.55500", "2006-12-31": "-111.64400", "2005-12-31": "-93.14200"}, "Pre-Tax Income": {"2019-12-31": "367.88900", "2018-12-31": "315.92900", "2017-12-31": "326.90600", "2016-12-31": "312.16500", "2015-12-31": "284.62800", "2014-12-31": "143.42600", "2013-12-31": "62.98000", "2012-12-31": "16.13200", "2011-12-31": "12.40000", "2010-12-31": "-63.57100", "2009-12-31": "-94.13900", "2008-12-31": "11.51100", "2007-12-31": "74.88300", "2006-12-31": "78.12600", "2005-12-31": "73.67800"}, "Income Taxes": {"2019-12-31": "-4.22200", "2018-12-31": "10.69700", "2017-12-31": "9.23000", "2016-12-31": "13.35600", "2015-12-31": "22.05800", "2014-12-31": "-110.09200", "2013-12-31": "22.84100", "2012-12-31": "8.24200", "2011-12-31": "5.54200", "2010-12-31": "-23.46900", "2009-12-31": "-36.10100", "2008-12-31": "9.34900", "2007-12-31": "33.90100", "2006-12-31": "34.22700", "2005-12-31": "31.89900"}, "Income After Taxes": {"2019-12-31": "372.11100", "2018-12-31": "305.23200", "2017-12-31": "317.67600", "2016-12-31": "298.80900", "2015-12-31": "262.57000", "2014-12-31": "253.51800", "2013-12-31": "40.13900", "2012-12-31": "7.89000", "2011-12-31": "6.85800", "2010-12-31": "-40.10200", "2009-12-31": "-58.03800", "2008-12-31": "2.16200", "2007-12-31": "40.98200", "2006-12-31": "43.89900", "2005-12-31": "41.77900"}, "Other Income": {"2019-12-31": "", "2018-12-31": "", "2017-12-31": "", "2016-12-31": "", "2015-12-31": "", "2014-12-31": "", "2013-12-31": "", "2012-12-31": "", "2011-12-31": "", "2010-12-31": "", "2009-12-31": "", "2008-12-31": "", "2007-12-31": "", "2006-12-31": "", "2005-12-31": ""}, "Income From Continuous Operations": {"2019-12-31": "372.11100", "2018-12-31": "305.23200", "2017-12-31": "317.67600", "2016-12-31": "298.80900", "2015-12-31": "262.57000", "2014-12-31": "253.51800", "2013-12-31": "40.13900", "2012-12-31": "7.89000", "2011-12-31": "6.85800", "2010-12-31": "-40.10200", "2009-12-31": "-58.03800", "2008-12-31": "2.16200", "2007-12-31": "40.98200", "2006-12-31": "43.89900", "2005-12-31": "41.77900"}, "Income From Discontinued Operations": {"2019-12-31": "", "2018-12-31": "", "2017-12-31": "", "2016-12-31": "", "2015-12-31": "", "2014-12-31": "", "2013-12-31": "", "2012-12-31": "", "2011-12-31": "", "2010-12-31": "", "2009-12-31": "", "2008-12-31": "", "2007-12-31": "", "2006-12-31": "", "2005-12-31": ""}, "Net Income": {"2019-12-31": "371.74600", "2018-12-31": "304.86700", "2017-12-31": "317.31100", "2016-12-31": "298.44400", "2015-12-31": "262.20500", "2014-12-31": "253.15300", "2013-12-31": "39.77400", "2012-12-31": "7.52500", "2011-12-31": "6.49300", "2010-12-31": "-40.46700", "2009-12-31": "-58.40300", "2008-12-31": "1.79700", "2007-12-31": "40.61700", "2006-12-31": "43.53400", "2005-12-31": "41.41400"}, "EBITDA": {"2019-12-31": "773.13400", "2018-12-31": "690.73710", "2017-12-31": "671.59090", "2016-12-31": "649.33590", "2015-12-31": "579.14200", "2014-12-31": "541.88210", "2013-12-31": "538.68310", "2012-12-31": "528.35000", "2011-12-31": "501.75700", "2010-12-31": "469.14500", "2009-12-31": "453.78290", "2008-12-31": "526.63790", "2007-12-31": "543.05800", "2006-12-31": "496.24800", "2005-12-31": "459.36700"}, "EBIT": {"2019-12-31": "517.74100", "2018-12-31": "460.55600", "2017-12-31": "455.36690", "2016-12-31": "439.04490", "2015-12-31": "383.02700", "2014-12-31": "278.67010", "2013-12-31": "223.43710", "2012-12-31": "214.52600", "2011-12-31": "183.60100", "2010-12-31": "139.50800", "2009-12-31": "97.61590", "2008-12-31": "178.84700", "2007-12-31": "225.43800", "2006-12-31": "189.77000", "2005-12-31": "166.82000"}, "Basic Shares Outstanding": {"2019-12-31": "100.13100", "2018-12-31": "98.81800", "2017-12-31": "97.93100", "2016-12-31": "97.13000", "2015-12-31": "96.32200", "2014-12-31": "95.21800", "2013-12-31": "94.38700", "2012-12-31": "93.37900", "2011-12-31": "92.85100", "2010-12-31": "92.26100", "2009-12-31": "91.73000", "2008-12-31": "92.12600", "2007-12-31": "96.77900", "2006-12-31": "102.72100", "2005-12-31": "105.60600"}, "Shares Outstanding": {"2019-12-31": "100.32100", "2018-12-31": "99.08600", "2017-12-31": "98.37000", "2016-12-31": "97.69300", "2015-12-31": "96.37500", "2014-12-31": "95.28400", "2013-12-31": "94.74600", "2012-12-31": "93.66700", "2011-12-31": "93.17400", "2010-12-31": "92.26100", "2009-12-31": "91.73000", "2008-12-31": "92.30700", "2007-12-31": "97.55400", "2006-12-31": "103.49600", "2005-12-31": "106.08980"}, "Basic EPS": {"2019-12-31": "3.71000", "2018-12-31": "3.09000", "2017-12-31": "3.24000", "2016-12-31": "3.07000", "2015-12-31": "2.72000", "2014-12-31": "2.66000", "2013-12-31": "0.42000", "2012-12-31": "0.08000", "2011-12-31": "0.07000", "2010-12-31": "-0.44000", "2009-12-31": "-0.64000", "2008-12-31": "0.02000", "2007-12-31": "0.42000", "2006-12-31": "0.42000", "2005-12-31": "0.39000"}, "EPS - Earnings Per Share": {"2019-12-31": "3.71000", "2018-12-31": "3.08000", "2017-12-31": "3.23000", "2016-12-31": "3.05000", "2015-12-31": "2.72000", "2014-12-31": "2.66000", "2013-12-31": "0.42000", "2012-12-31": "0.08000", "2011-12-31": "0.07000", "2010-12-31": "-0.44000", "2009-12-31": "-0.64000", "2008-12-31": "0.02000", "2007-12-31": "0.42000", "2006-12-31": "0.42000", "2005-12-31": "0.39000"}}, "income statement, quarterly": {"Revenue": {"2020-09-30": "386.11000", "2020-06-30": "347.65200", "2020-03-31": "406.56900", "2019-12-31": "462.65900", "2019-09-30": "457.78600", "2019-06-30": "448.74200", "2019-03-31": "384.45700", "2018-12-31": "427.89810", "2018-09-30": "418.49800", "2018-06-30": "419.80000", "2018-03-31": "361.02600", "2017-12-31": "398.47500", "2017-09-30": "399.34500", "2017-06-30": "397.07800", "2017-03-31": "346.36200", "2016-12-31": "386.71690", "2016-09-30": "387.51600", "2016-06-30": "387.52800", "2016-03-31": "338.53300", "2015-12-31": "355.96910", "2015-09-30": "350.70100", "2015-06-30": "344.24900", "2015-03-31": "302.47700", "2014-12-31": "336.69600", "2014-09-30": "334.99800", "2014-06-30": "330.43300", "2014-03-31": "284.93300", "2013-12-31": "320.35200", "2013-09-30": "321.14100", "2013-06-30": "327.74400", "2013-03-31": "276.60500", "2012-12-31": "302.33990", "2012-09-30": "306.28600", "2012-06-30": "304.87200", "2012-03-31": "266.23800", "2011-12-31": "285.46600", "2011-09-30": "296.70100", "2011-06-30": "293.34500", "2011-03-31": "255.20200", "2010-12-31": "275.68400", "2010-09-30": "286.13800", "2010-06-30": "286.36600", "2010-03-31": "244.10300", "2009-12-31": "262.31490", "2009-09-30": "271.76600", "2009-06-30": "274.73600", "2009-03-31": "247.24800", "2008-12-31": "279.30800", "2008-09-30": "312.51600", "2008-06-30": "323.81900", "2008-03-31": "282.77600", "2007-12-31": "304.89200", "2007-09-30": "314.25300", "2007-06-30": "315.22500", "2007-03-31": "275.18500", "2006-12-31": "287.14290", "2006-09-30": "292.03800", "2006-06-30": "287.57700", "2006-03-31": "253.33300", "2005-12-31": "258.49000", "2005-09-30": "265.59400", "2005-06-30": "264.74300", "2005-03-31": "232.82900"}, "Cost Of Goods Sold": {"2020-09-30": "136.30900", "2020-06-30": "134.05900", "2020-03-31": "149.49400", "2019-12-31": "154.37200", "2019-09-30": "148.84600", "2019-06-30": "146.39000", "2019-03-31": "140.47000", "2018-12-31": "142.07200", "2018-09-30": "140.69900", "2018-06-30": "140.78400", "2018-03-31": "138.29300", "2017-12-31": "138.98400", "2017-09-30": "134.97700", "2017-06-30": "135.07500", "2017-03-31": "131.84400", "2016-12-31": "132.36900", "2016-09-30": "131.77800", "2016-06-30": "132.72500", "2016-03-31": "128.72500", "2015-12-31": "122.90100", "2015-09-30": "121.67600", "2015-06-30": "115.95100", "2015-03-31": "113.23200", "2014-12-31": "115.09600", "2014-09-30": "112.38800", "2014-06-30": "114.27700", "2014-03-31": "111.50800", "2013-12-31": "109.96200", "2013-09-30": "109.64000", "2013-06-30": "110.72300", "2013-03-31": "106.51900", "2012-12-31": "106.19900", "2012-09-30": "103.84500", "2012-06-30": "105.07100", "2012-03-31": "103.42300", "2011-12-31": "103.24300", "2011-09-30": "103.20000", "2011-06-30": "103.05800", "2011-03-31": "99.55100", "2010-12-31": "100.49500", "2010-09-30": "99.59500", "2010-06-30": "99.82500", "2010-03-31": "98.55200", "2009-12-31": "99.67000", "2009-09-30": "97.63000", "2009-06-30": "99.44400", "2009-03-31": "100.98100", "2008-12-31": "108.79300", "2008-09-30": "113.97500", "2008-06-30": "110.10500", "2008-03-31": "104.78700", "2007-12-31": "105.08900", "2007-09-30": "102.12100", "2007-06-30": "102.76900", "2007-03-31": "100.78300", "2006-12-31": "100.38700", "2006-09-30": "98.55000", "2006-06-30": "96.41500", "2006-03-31": "95.20900", "2005-12-31": "91.99400", "2005-09-30": "89.92500", "2005-06-30": "86.74400", "2005-03-31": "84.47600"}, "Gross Profit": {"2020-09-30": "249.80100", "2020-06-30": "213.59300", "2020-03-31": "257.07500", "2019-12-31": "308.28700", "2019-09-30": "308.94000", "2019-06-30": "302.35200", "2019-03-31": "243.98700", "2018-12-31": "285.82610", "2018-09-30": "277.79900", "2018-06-30": "279.01600", "2018-03-31": "222.73300", "2017-12-31": "259.49100", "2017-09-30": "264.36800", "2017-06-30": "262.00300", "2017-03-31": "214.51800", "2016-12-31": "254.34800", "2016-09-30": "255.73800", "2016-06-30": "254.80300", "2016-03-31": "209.80800", "2015-12-31": "233.06800", "2015-09-30": "229.02500", "2015-06-30": "228.29800", "2015-03-31": "189.24500", "2014-12-31": "221.60000", "2014-09-30": "222.61000", "2014-06-30": "216.15600", "2014-03-31": "173.42500", "2013-12-31": "210.39000", "2013-09-30": "211.50100", "2013-06-30": "217.02100", "2013-03-31": "170.08600", "2012-12-31": "196.14090", "2012-09-30": "202.44100", "2012-06-30": "199.80100", "2012-03-31": "162.81500", "2011-12-31": "182.22300", "2011-09-30": "193.50100", "2011-06-30": "190.28700", "2011-03-31": "155.65100", "2010-12-31": "175.18900", "2010-09-30": "186.54300", "2010-06-30": "186.54100", "2010-03-31": "145.55100", "2009-12-31": "162.64490", "2009-09-30": "174.13600", "2009-06-30": "175.29200", "2009-03-31": "146.26700", "2008-12-31": "170.51500", "2008-09-30": "198.54100", "2008-06-30": "213.71400", "2008-03-31": "177.98900", "2007-12-31": "199.80300", "2007-09-30": "212.13200", "2007-06-30": "212.45600", "2007-03-31": "174.40200", "2006-12-31": "186.75600", "2006-09-30": "193.48800", "2006-06-30": "191.16200", "2006-03-31": "158.12400", "2005-12-31": "166.49600", "2005-09-30": "175.66900", "2005-06-30": "177.99900", "2005-03-31": "148.35300"}, "Research And Development Expenses": {"2020-09-30": "", "2020-06-30": "", "2020-03-31": "", "2019-12-31": "", "2019-09-30": "", "2019-06-30": "", "2019-03-31": "", "2018-12-31": "", "2018-09-30": "", "2018-06-30": "", "2018-03-31": "", "2017-12-31": "", "2017-09-30": "", "2017-06-30": "", "2017-03-31": "", "2016-12-31": "", "2016-09-30": "", "2016-06-30": "", "2016-03-31": "", "2015-12-31": "", "2015-09-30": "", "2015-06-30": "", "2015-03-31": "", "2014-12-31": "", "2014-09-30": "", "2014-06-30": "", "2014-03-31": "", "2013-12-31": "", "2013-09-30": "", "2013-06-30": "", "2013-03-31": "", "2012-12-31": "", "2012-09-30": "", "2012-06-30": "", "2012-03-31": "", "2011-12-31": "", "2011-09-30": "", "2011-06-30": "", "2011-03-31": "", "2010-12-31": "", "2010-09-30": "", "2010-06-30": "", "2010-03-31": "", "2009-12-31": "", "2009-09-30": "", "2009-06-30": "", "2009-03-31": "", "2008-12-31": "", "2008-09-30": "", "2008-06-30": "", "2008-03-31": "", "2007-12-31": "", "2007-09-30": "", "2007-06-30": "", "2007-03-31": "", "2006-12-31": "", "2006-09-30": "", "2006-06-30": "", "2006-03-31": "", "2005-12-31": "", "2005-09-30": "", "2005-06-30": "", "2005-03-31": ""}, "SG&A Expenses": {"2020-09-30": "84.01500", "2020-06-30": "84.15800", "2020-03-31": "100.69500", "2019-12-31": "105.88000", "2019-09-30": "103.74600", "2019-06-30": "97.09000", "2019-03-31": "96.32200", "2018-12-31": "97.23700", "2018-09-30": "93.94200", "2018-06-30": "89.83300", "2018-03-31": "91.31200", "2017-12-31": "83.67000", "2017-09-30": "83.58800", "2017-06-30": "82.65100", "2017-03-31": "88.66400", "2016-12-31": "89.62300", "2016-09-30": "86.84600", "2016-06-30": "86.50400", "2016-03-31": "82.81600", "2015-12-31": "82.78300", "2015-09-30": "76.14300", "2015-06-30": "80.41800", "2015-03-31": "74.59700", "2014-12-31": "79.14200", "2014-09-30": "74.68600", "2014-06-30": "73.08900", "2014-03-31": "72.96100", "2013-12-31": "67.17700", "2013-09-30": "71.87600", "2013-06-30": "71.99700", "2013-03-31": "77.73600", "2012-12-31": "67.09500", "2012-09-30": "65.74300", "2012-06-30": "65.98300", "2012-03-31": "65.58500", "2011-12-31": "63.46900", "2011-09-30": "63.51400", "2011-06-30": "59.36900", "2011-03-31": "62.61800", "2010-12-31": "64.92900", "2010-09-30": "63.49000", "2010-06-30": "60.55100", "2010-03-31": "57.54300", "2009-12-31": "58.59200", "2009-09-30": "54.57000", "2009-06-30": "59.05800", "2009-03-31": "57.20300", "2008-12-31": "56.85900", "2008-09-30": "65.70300", "2008-06-30": "69.87500", "2008-03-31": "65.18400", "2007-12-31": "66.25800", "2007-09-30": "68.02000", "2007-06-30": "66.23800", "2007-03-31": "69.87400", "2006-12-31": "65.43500", "2006-09-30": "65.57700", "2006-06-30": "58.63400", "2006-03-31": "59.29100", "2005-12-31": "55.27600", "2005-09-30": "52.86400", "2005-06-30": "52.64300", "2005-03-31": "51.94400"}, "Other Operating Income Or Expenses": {"2020-09-30": "1.30400", "2020-06-30": "1.01500", "2020-03-31": "2.50400", "2019-12-31": "1.88100", "2019-09-30": "0.19900", "2019-06-30": "0.53700", "2019-03-31": "4.62400", "2018-12-31": "0.03200", "2018-09-30": "-0.40700", "2018-06-30": "1.84300", "2018-03-31": "-8.70100", "2017-12-31": "0.28700", "2017-09-30": "2.73400", "2017-06-30": "0.60700", "2017-03-31": "1.03600", "2016-12-31": "2.87400", "2016-09-30": "0.18900", "2016-06-30": "0.70500", "2016-03-31": "11.32700", "2015-12-31": "1.53500", "2015-09-30": "5.20300", "2015-06-30": "0.19100", "2015-03-31": "1.83600", "2014-12-31": "1.19100", "2014-09-30": "0.77500", "2014-06-30": "1.02000", "2014-03-31": "0.20600", "2013-12-31": "1.71000", "2013-09-30": "0.78700", "2013-06-30": "0.70100", "2013-03-31": "0.60600", "2012-12-31": "8.50800", "2012-09-30": "0.73900", "2012-06-30": "3.63400", "2012-03-31": "0.93600", "2011-12-31": "2.58100", "2011-09-30": "0.60900", "2011-06-30": "0.91100", "2011-03-31": "6.44700", "2010-12-31": "1.14400", "2010-09-30": "1.13700", "2010-06-30": "1.44600", "2010-03-31": "1.17300", "2009-12-31": "0.32900", "2009-09-30": "3.22200", "2009-06-30": "1.22100", "2009-03-31": "0.65200", "2008-12-31": "3.48300", "2008-09-30": "0.86800", "2008-06-30": "2.06900", "2008-03-31": "0.94300", "2007-12-31": "1.40800", "2007-09-30": "0.67500", "2007-06-30": "1.51900", "2007-03-31": "0.31200", "2006-12-31": "0.96800", "2006-09-30": "7.50400", "2006-06-30": "0.71200", "2006-03-31": "1.67800", "2005-12-31": "-1.86700", "2005-09-30": "0.54300", "2005-06-30": "0.48500", "2005-03-31": "1.95800"}, "Operating Expenses": {"2020-09-30": "280.25700", "2020-06-30": "281.20000", "2020-03-31": "309.99800", "2019-12-31": "321.24910", "2019-09-30": "316.34400", "2019-06-30": "304.63600", "2019-03-31": "293.67400", "2018-12-31": "297.28700", "2018-09-30": "290.13700", "2018-06-30": "284.09600", "2018-03-31": "295.14600", "2017-12-31": "278.46810", "2017-09-30": "267.62700", "2017-06-30": "268.90100", "2017-03-31": "270.89700", "2016-12-31": "271.34700", "2016-09-30": "267.74200", "2016-06-30": "270.45700", "2016-03-31": "251.70300", "2015-12-31": "251.18600", "2015-09-30": "239.05700", "2015-06-30": "244.90300", "2015-03-31": "235.22300", "2014-12-31": "248.23190", "2014-09-30": "248.97400", "2014-06-30": "257.39500", "2014-03-31": "253.78900", "2013-12-31": "256.51600", "2013-09-30": "253.91200", "2013-06-30": "254.42700", "2013-03-31": "257.55000", "2012-12-31": "241.58590", "2012-09-30": "242.76400", "2012-06-30": "240.41500", "2012-03-31": "240.44500", "2011-12-31": "242.31600", "2011-09-30": "241.27600", "2011-06-30": "233.92600", "2011-03-31": "229.59500", "2010-12-31": "242.85900", "2010-09-30": "239.56500", "2010-06-30": "237.09500", "2010-03-31": "233.26400", "2009-12-31": "241.86600", "2009-09-30": "232.50700", "2009-06-30": "240.77000", "2009-03-31": "243.30600", "2008-12-31": "256.34100", "2008-09-30": "259.29600", "2008-06-30": "257.21400", "2008-03-31": "246.72100", "2007-12-31": "255.99800", "2007-09-30": "243.81800", "2007-06-30": "240.63800", "2007-03-31": "243.66300", "2006-12-31": "243.24200", "2006-09-30": "232.65300", "2006-06-30": "228.42600", "2006-03-31": "226.00000", "2005-12-31": "223.41600", "2005-09-30": "216.90200", "2005-06-30": "210.81800", "2005-03-31": "203.70000"}, "Operating Income": {"2020-09-30": "105.85300", "2020-06-30": "66.45200", "2020-03-31": "96.57100", "2019-12-31": "141.40990", "2019-09-30": "141.44200", "2019-06-30": "144.10600", "2019-03-31": "90.78300", "2018-12-31": "130.61110", "2018-09-30": "128.36100", "2018-06-30": "135.70400", "2018-03-31": "65.88000", "2017-12-31": "120.00700", "2017-09-30": "131.71800", "2017-06-30": "128.17700", "2017-03-31": "75.46500", "2016-12-31": "115.36990", "2016-09-30": "119.77400", "2016-06-30": "117.07100", "2016-03-31": "86.83000", "2015-12-31": "104.78310", "2015-09-30": "111.64400", "2015-06-30": "99.34600", "2015-03-31": "67.25400", "2014-12-31": "88.46410", "2014-09-30": "86.02400", "2014-06-30": "73.03800", "2014-03-31": "31.14400", "2013-12-31": "63.83610", "2013-09-30": "67.22900", "2013-06-30": "73.31700", "2013-03-31": "19.05500", "2012-12-31": "60.75400", "2012-09-30": "63.52200", "2012-06-30": "64.45700", "2012-03-31": "25.79300", "2011-12-31": "43.15000", "2011-09-30": "55.42500", "2011-06-30": "59.41900", "2011-03-31": "25.60700", "2010-12-31": "32.82500", "2010-09-30": "46.57300", "2010-06-30": "49.27100", "2010-03-31": "10.83900", "2009-12-31": "20.44900", "2009-09-30": "39.25900", "2009-06-30": "33.96600", "2009-03-31": "3.94200", "2008-12-31": "22.96700", "2008-09-30": "53.22000", "2008-06-30": "66.60500", "2008-03-31": "36.05500", "2007-12-31": "48.89400", "2007-09-30": "70.43500", "2007-06-30": "74.58700", "2007-03-31": "31.52200", "2006-12-31": "43.90100", "2006-09-30": "59.38500", "2006-06-30": "59.15100", "2006-03-31": "27.33300", "2005-12-31": "35.07400", "2005-09-30": "48.69200", "2005-06-30": "53.92500", "2005-03-31": "29.12900"}, "Total Non-Operating Income/Expense": {"2020-09-30": "-41.87100", "2020-06-30": "-35.25300", "2020-03-31": "-54.54200", "2019-12-31": "-36.16500", "2019-09-30": "-38.15500", "2019-06-30": "-38.09000", "2019-03-31": "-37.44200", "2018-12-31": "-32.19000", "2018-09-30": "-31.69300", "2018-06-30": "-31.76000", "2018-03-31": "-48.98400", "2017-12-31": "-32.87000", "2017-09-30": "-32.06200", "2017-06-30": "-32.05000", "2017-03-31": "-31.47900", "2016-12-31": "-31.21500", "2016-09-30": "-31.10400", "2016-06-30": "-31.35200", "2016-03-31": "-33.20900", "2015-12-31": "-24.47000", "2015-09-30": "-24.70700", "2015-06-30": "-24.68800", "2015-03-31": "-24.53400", "2014-12-31": "-24.47900", "2014-09-30": "-24.40700", "2014-06-30": "-46.89000", "2014-03-31": "-39.46800", "2013-12-31": "-48.31400", "2013-09-30": "-37.63500", "2013-06-30": "-37.83600", "2013-03-31": "-36.67200", "2012-12-31": "-49.62700", "2012-09-30": "-40.37100", "2012-06-30": "-38.56800", "2012-03-31": "-69.82800", "2011-12-31": "-41.80400", "2011-09-30": "-42.55300", "2011-06-30": "-43.25600", "2011-03-31": "-43.58800", "2010-12-31": "-44.54900", "2010-09-30": "-45.33800", "2010-06-30": "-63.69000", "2010-03-31": "-49.50200", "2009-12-31": "-52.22700", "2009-09-30": "-50.38600", "2009-06-30": "-52.93700", "2009-03-31": "-36.20500", "2008-12-31": "-42.27800", "2008-09-30": "-41.84600", "2008-06-30": "-41.70600", "2008-03-31": "-41.50600", "2007-12-31": "-49.37500", "2007-09-30": "-42.23500", "2007-06-30": "-43.04100", "2007-03-31": "-15.90400", "2006-12-31": "-30.89100", "2006-09-30": "-29.38900", "2006-06-30": "-26.74800", "2006-03-31": "-24.61600", "2005-12-31": "-23.38200", "2005-09-30": "-27.85600", "2005-06-30": "-21.49400", "2005-03-31": "-20.41000"}, "Pre-Tax Income": {"2020-09-30": "63.98200", "2020-06-30": "31.18900", "2020-03-31": "42.02900", "2019-12-31": "105.24500", "2019-09-30": "103.28700", "2019-06-30": "106.01600", "2019-03-31": "53.34100", "2018-12-31": "98.42100", "2018-09-30": "96.66800", "2018-06-30": "103.94400", "2018-03-31": "16.89600", "2017-12-31": "87.13700", "2017-09-30": "99.65600", "2017-06-30": "96.12700", "2017-03-31": "43.98600", "2016-12-31": "84.15100", "2016-09-30": "88.67400", "2016-06-30": "85.71900", "2016-03-31": "53.62100", "2015-12-31": "80.30900", "2015-09-30": "86.93700", "2015-06-30": "74.65800", "2015-03-31": "42.72400", "2014-12-31": "63.98500", "2014-09-30": "61.61700", "2014-06-30": "26.14800", "2014-03-31": "-8.32400", "2013-12-31": "15.52200", "2013-09-30": "29.59400", "2013-06-30": "35.48100", "2013-03-31": "-17.61700", "2012-12-31": "11.12700", "2012-09-30": "23.15100", "2012-06-30": "25.88900", "2012-03-31": "-44.03500", "2011-12-31": "1.34600", "2011-09-30": "12.87200", "2011-06-30": "16.16300", "2011-03-31": "-17.98100", "2010-12-31": "-11.72400", "2010-09-30": "1.23500", "2010-06-30": "-14.41900", "2010-03-31": "-38.66300", "2009-12-31": "-31.77800", "2009-09-30": "-11.12700", "2009-06-30": "-18.97100", "2009-03-31": "-32.26300", "2008-12-31": "-19.31100", "2008-09-30": "11.37400", "2008-06-30": "24.89900", "2008-03-31": "-5.45100", "2007-12-31": "-0.48100", "2007-09-30": "28.20000", "2007-06-30": "31.54600", "2007-03-31": "15.61800", "2006-12-31": "13.01000", "2006-09-30": "29.99600", "2006-06-30": "32.40300", "2006-03-31": "2.71700", "2005-12-31": "11.69200", "2005-09-30": "20.83600", "2005-06-30": "32.43100", "2005-03-31": "8.71900"}, "Income Taxes": {"2020-09-30": "1.22400", "2020-06-30": "-0.24000", "2020-03-31": "1.53600", "2019-12-31": "2.49200", "2019-09-30": "3.57800", "2019-06-30": "-12.38000", "2019-03-31": "2.08800", "2018-12-31": "2.72800", "2018-09-30": "2.61200", "2018-06-30": "3.51300", "2018-03-31": "1.84400", "2017-12-31": "-0.02700", "2017-09-30": "3.32500", "2017-06-30": "3.73300", "2017-03-31": "2.19900", "2016-12-31": "3.62600", "2016-09-30": "3.61300", "2016-06-30": "3.81000", "2016-03-31": "2.30700", "2015-12-31": "3.78000", "2015-09-30": "0.97200", "2015-06-30": "15.29800", "2015-03-31": "2.00800", "2014-12-31": "-143.89800", "2014-09-30": "26.56700", "2014-06-30": "10.72600", "2014-03-31": "-3.48700", "2013-12-31": "5.33600", "2013-09-30": "12.50000", "2013-06-30": "12.35900", "2013-03-31": "-7.35400", "2012-12-31": "5.83900", "2012-09-30": "11.65500", "2012-06-30": "11.96700", "2012-03-31": "-21.21900", "2011-12-31": "-3.33400", "2011-09-30": "8.88000", "2011-06-30": "4.73700", "2011-03-31": "-4.74100", "2010-12-31": "-4.60500", "2010-09-30": "0.45400", "2010-06-30": "-5.48200", "2010-03-31": "-13.83600", "2009-12-31": "-12.09600", "2009-09-30": "-6.34600", "2009-06-30": "-7.13400", "2009-03-31": "-10.52500", "2008-12-31": "-10.21000", "2008-09-30": "9.54400", "2008-06-30": "12.25900", "2008-03-31": "-2.24400", "2007-12-31": "0.28100", "2007-09-30": "13.67500", "2007-06-30": "13.16600", "2007-03-31": "6.77900", "2006-12-31": "5.86200", "2006-09-30": "13.15700", "2006-06-30": "14.03100", "2006-03-31": "1.17700", "2005-12-31": "5.77300", "2005-09-30": "8.75500", "2005-06-30": "13.68700", "2005-03-31": "3.68400"}, "Income After Taxes": {"2020-09-30": "62.75800", "2020-06-30": "31.42900", "2020-03-31": "40.49300", "2019-12-31": "102.75300", "2019-09-30": "99.70900", "2019-06-30": "118.39600", "2019-03-31": "51.25300", "2018-12-31": "95.69300", "2018-09-30": "94.05600", "2018-06-30": "100.43100", "2018-03-31": "15.05200", "2017-12-31": "87.16400", "2017-09-30": "96.33100", "2017-06-30": "92.39400", "2017-03-31": "41.78700", "2016-12-31": "80.52500", "2016-09-30": "85.06100", "2016-06-30": "81.90900", "2016-03-31": "51.31400", "2015-12-31": "76.52900", "2015-09-30": "85.96500", "2015-06-30": "59.36000", "2015-03-31": "40.71600", "2014-12-31": "207.88300", "2014-09-30": "35.05000", "2014-06-30": "15.42200", "2014-03-31": "-4.83700", "2013-12-31": "10.18600", "2013-09-30": "17.09400", "2013-06-30": "23.12200", "2013-03-31": "-10.26300", "2012-12-31": "5.28800", "2012-09-30": "11.49600", "2012-06-30": "13.92200", "2012-03-31": "-22.81600", "2011-12-31": "4.68000", "2011-09-30": "3.99200", "2011-06-30": "11.42600", "2011-03-31": "-13.24000", "2010-12-31": "-7.11900", "2010-09-30": "0.78100", "2010-06-30": "-8.93700", "2010-03-31": "-24.82700", "2009-12-31": "-19.68200", "2009-09-30": "-4.78100", "2009-06-30": "-11.83700", "2009-03-31": "-21.73800", "2008-12-31": "-9.10100", "2008-09-30": "1.83000", "2008-06-30": "12.64000", "2008-03-31": "-3.20700", "2007-12-31": "-0.76200", "2007-09-30": "14.52500", "2007-06-30": "18.38000", "2007-03-31": "8.83900", "2006-12-31": "7.14800", "2006-09-30": "16.83900", "2006-06-30": "18.37200", "2006-03-31": "1.54000", "2005-12-31": "5.91900", "2005-09-30": "12.08100", "2005-06-30": "18.74400", "2005-03-31": "5.03500"}, "Other Income": {"2020-09-30": "", "2020-06-30": "", "2020-03-31": "", "2019-12-31": "", "2019-09-30": "", "2019-06-30": "", "2019-03-31": "", "2018-12-31": "", "2018-09-30": "", "2018-06-30": "", "2018-03-31": "", "2017-12-31": "", "2017-09-30": "", "2017-06-30": "", "2017-03-31": "", "2016-12-31": "", "2016-09-30": "", "2016-06-30": "", "2016-03-31": "", "2015-12-31": "", "2015-09-30": "", "2015-06-30": "", "2015-03-31": "", "2014-12-31": "", "2014-09-30": "", "2014-06-30": "", "2014-03-31": "", "2013-12-31": "", "2013-09-30": "", "2013-06-30": "", "2013-03-31": "", "2012-12-31": "", "2012-09-30": "", "2012-06-30": "", "2012-03-31": "", "2011-12-31": "", "2011-09-30": "", "2011-06-30": "", "2011-03-31": "", "2010-12-31": "", "2010-09-30": "", "2010-06-30": "", "2010-03-31": "", "2009-12-31": "", "2009-09-30": "", "2009-06-30": "", "2009-03-31": "", "2008-12-31": "", "2008-09-30": "", "2008-06-30": "", "2008-03-31": "", "2007-12-31": "", "2007-09-30": "", "2007-06-30": "", "2007-03-31": "", "2006-12-31": "", "2006-09-30": "", "2006-06-30": "", "2006-03-31": "", "2005-12-31": "", "2005-09-30": "", "2005-06-30": "", "2005-03-31": ""}, "Income From Continuous Operations": {"2020-09-30": "62.75800", "2020-06-30": "31.42900", "2020-03-31": "40.49300", "2019-12-31": "102.75300", "2019-09-30": "99.70900", "2019-06-30": "118.39600", "2019-03-31": "51.25300", "2018-12-31": "95.69300", "2018-09-30": "94.05600", "2018-06-30": "100.43100", "2018-03-31": "15.05200", "2017-12-31": "87.16400", "2017-09-30": "96.33100", "2017-06-30": "92.39400", "2017-03-31": "41.78700", "2016-12-31": "80.52500", "2016-09-30": "85.06100", "2016-06-30": "81.90900", "2016-03-31": "51.31400", "2015-12-31": "76.52900", "2015-09-30": "85.96500", "2015-06-30": "59.36000", "2015-03-31": "40.71600", "2014-12-31": "207.88300", "2014-09-30": "35.05000", "2014-06-30": "15.42200", "2014-03-31": "-4.83700", "2013-12-31": "10.18600", "2013-09-30": "17.09400", "2013-06-30": "23.12200", "2013-03-31": "-10.26300", "2012-12-31": "5.28800", "2012-09-30": "11.49600", "2012-06-30": "13.92200", "2012-03-31": "-22.81600", "2011-12-31": "4.68000", "2011-09-30": "3.99200", "2011-06-30": "11.42600", "2011-03-31": "-13.24000", "2010-12-31": "-7.11900", "2010-09-30": "0.78100", "2010-06-30": "-8.93700", "2010-03-31": "-24.82700", "2009-12-31": "-19.68200", "2009-09-30": "-4.78100", "2009-06-30": "-11.83700", "2009-03-31": "-21.73800", "2008-12-31": "-9.10100", "2008-09-30": "1.83000", "2008-06-30": "12.64000", "2008-03-31": "-3.20700", "2007-12-31": "-0.76200", "2007-09-30": "14.52500", "2007-06-30": "18.38000", "2007-03-31": "8.83900", "2006-12-31": "7.14800", "2006-09-30": "16.83900", "2006-06-30": "18.37200", "2006-03-31": "1.54000", "2005-12-31": "5.91900", "2005-09-30": "12.08100", "2005-06-30": "18.74400", "2005-03-31": "5.03500"}, "Income From Discontinued Operations": {"2020-09-30": "", "2020-06-30": "", "2020-03-31": "", "2019-12-31": "", "2019-09-30": "", "2019-06-30": "", "2019-03-31": "", "2018-12-31": "", "2018-09-30": "", "2018-06-30": "", "2018-03-31": "", "2017-12-31": "", "2017-09-30": "", "2017-06-30": "", "2017-03-31": "", "2016-12-31": "", "2016-09-30": "", "2016-06-30": "", "2016-03-31": "", "2015-12-31": "", "2015-09-30": "", "2015-06-30": "", "2015-03-31": "", "2014-12-31": "", "2014-09-30": "", "2014-06-30": "", "2014-03-31": "", "2013-12-31": "", "2013-09-30": "", "2013-06-30": "", "2013-03-31": "", "2012-12-31": "", "2012-09-30": "", "2012-06-30": "", "2012-03-31": "", "2011-12-31": "", "2011-09-30": "", "2011-06-30": "", "2011-03-31": "", "2010-12-31": "", "2010-09-30": "", "2010-06-30": "", "2010-03-31": "", "2009-12-31": "", "2009-09-30": "", "2009-06-30": "", "2009-03-31": "", "2008-12-31": "", "2008-09-30": "", "2008-06-30": "", "2008-03-31": "", "2007-12-31": "", "2007-09-30": "", "2007-06-30": "", "2007-03-31": "", "2006-12-31": "", "2006-09-30": "", "2006-06-30": "", "2006-03-31": "", "2005-12-31": "", "2005-09-30": "", "2005-06-30": "", "2005-03-31": ""}, "Net Income": {"2020-09-30": "62.66700", "2020-06-30": "31.33800", "2020-03-31": "40.40200", "2019-12-31": "102.66100", "2019-09-30": "99.61800", "2019-06-30": "118.30500", "2019-03-31": "51.16200", "2018-12-31": "95.60100", "2018-09-30": "93.96500", "2018-06-30": "100.34000", "2018-03-31": "14.96100", "2017-12-31": "87.07200", "2017-09-30": "96.24000", "2017-06-30": "92.30300", "2017-03-31": "41.69600", "2016-12-31": "80.43300", "2016-09-30": "84.97000", "2016-06-30": "81.81800", "2016-03-31": "51.22300", "2015-12-31": "76.43700", "2015-09-30": "85.87400", "2015-06-30": "59.26900", "2015-03-31": "40.62500", "2014-12-31": "207.79100", "2014-09-30": "34.95900", "2014-06-30": "15.33100", "2014-03-31": "-4.92800", "2013-12-31": "10.09400", "2013-09-30": "17.00300", "2013-06-30": "23.03100", "2013-03-31": "-10.35400", "2012-12-31": "5.19600", "2012-09-30": "11.40500", "2012-06-30": "13.83100", "2012-03-31": "-22.90700", "2011-12-31": "4.58800", "2011-09-30": "3.90100", "2011-06-30": "11.33500", "2011-03-31": "-13.33100", "2010-12-31": "-7.21100", "2010-09-30": "0.69000", "2010-06-30": "-9.02800", "2010-03-31": "-24.91800", "2009-12-31": "-19.77400", "2009-09-30": "-4.87200", "2009-06-30": "-11.92800", "2009-03-31": "-21.82900", "2008-12-31": "-9.19300", "2008-09-30": "1.73900", "2008-06-30": "12.54900", "2008-03-31": "-3.29800", "2007-12-31": "-0.85400", "2007-09-30": "14.43400", "2007-06-30": "18.28900", "2007-03-31": "8.74800", "2006-12-31": "7.05600", "2006-09-30": "16.74800", "2006-06-30": "18.28100", "2006-03-31": "1.44900", "2005-12-31": "5.82700", "2005-09-30": "11.99000", "2005-06-30": "18.65300", "2005-03-31": "4.94400"}, "EBITDA": {"2020-09-30": "168.67900", "2020-06-30": "131.95000", "2020-03-31": "160.26200", "2019-12-31": "205.64100", "2019-09-30": "206.73500", "2019-06-30": "207.13700", "2019-03-31": "153.62100", "2018-12-31": "189.87910", "2018-09-30": "184.66400", "2018-06-30": "192.23200", "2018-03-31": "123.96200", "2017-12-31": "177.36200", "2017-09-30": "184.75700", "2017-06-30": "181.23400", "2017-03-31": "128.23800", "2016-12-31": "168.93890", "2016-09-30": "170.41300", "2016-06-30": "170.28300", "2016-03-31": "139.70100", "2015-12-31": "153.00410", "2015-09-30": "159.25900", "2015-06-30": "149.23700", "2015-03-31": "117.64200", "2014-12-31": "144.80310", "2014-09-30": "149.87100", "2014-06-30": "145.25500", "2014-03-31": "101.95300", "2013-12-31": "148.23610", "2013-09-30": "144.67400", "2013-06-30": "149.91100", "2013-03-31": "95.86200", "2012-12-31": "142.19400", "2012-09-30": "141.76700", "2012-06-30": "141.72600", "2012-03-31": "102.66300", "2011-12-31": "126.03200", "2011-09-30": "135.27490", "2011-06-30": "136.43600", "2011-03-31": "104.01400", "2010-12-31": "115.75900", "2010-09-30": "128.72700", "2010-06-30": "131.52900", "2010-03-31": "93.13000", "2009-12-31": "108.10090", "2009-09-30": "127.12600", "2009-06-30": "127.55800", "2009-03-31": "90.99800", "2008-12-31": "121.23800", "2008-09-30": "137.76600", "2008-06-30": "152.64100", "2008-03-31": "114.99300", "2007-12-31": "142.35400", "2007-09-30": "145.92000", "2007-06-30": "148.85400", "2007-03-31": "105.93000", "2006-12-31": "123.20400", "2006-09-30": "136.86500", "2006-06-30": "134.45500", "2006-03-31": "101.72400", "2005-12-31": "107.76000", "2005-09-30": "124.73400", "2005-06-30": "127.17300", "2005-03-31": "99.70000"}, "EBIT": {"2020-09-30": "105.85300", "2020-06-30": "66.45200", "2020-03-31": "96.57100", "2019-12-31": "141.41000", "2019-09-30": "141.44200", "2019-06-30": "144.10600", "2019-03-31": "90.78300", "2018-12-31": "130.61110", "2018-09-30": "128.36100", "2018-06-30": "135.70400", "2018-03-31": "65.88000", "2017-12-31": "120.00690", "2017-09-30": "131.71800", "2017-06-30": "128.17700", "2017-03-31": "75.46500", "2016-12-31": "115.36990", "2016-09-30": "119.77400", "2016-06-30": "117.07100", "2016-03-31": "86.83000", "2015-12-31": "104.78300", "2015-09-30": "111.64400", "2015-06-30": "99.34600", "2015-03-31": "67.25400", "2014-12-31": "88.46410", "2014-09-30": "86.02400", "2014-06-30": "73.03800", "2014-03-31": "31.14400", "2013-12-31": "63.83610", "2013-09-30": "67.22900", "2013-06-30": "73.31700", "2013-03-31": "19.05500", "2012-12-31": "60.75400", "2012-09-30": "63.52200", "2012-06-30": "64.45700", "2012-03-31": "25.79300", "2011-12-31": "43.15000", "2011-09-30": "55.42500", "2011-06-30": "59.41900", "2011-03-31": "25.60700", "2010-12-31": "32.82500", "2010-09-30": "46.57300", "2010-06-30": "49.27100", "2010-03-31": "10.83900", "2009-12-31": "20.44890", "2009-09-30": "39.25900", "2009-06-30": "33.96600", "2009-03-31": "3.94200", "2008-12-31": "22.96700", "2008-09-30": "53.22000", "2008-06-30": "66.60500", "2008-03-31": "36.05500", "2007-12-31": "48.89410", "2007-09-30": "70.43500", "2007-06-30": "74.58700", "2007-03-31": "31.52200", "2006-12-31": "43.90100", "2006-09-30": "59.38500", "2006-06-30": "59.15100", "2006-03-31": "27.33300", "2005-12-31": "35.07400", "2005-09-30": "48.69200", "2005-06-30": "53.92500", "2005-03-31": "29.12900"}, "Basic Shares Outstanding": {"2020-09-30": "100.81300", "2020-06-30": "100.76600", "2020-03-31": "100.58900", "2019-12-31": "100.13100", "2019-09-30": "100.32900", "2019-06-30": "100.01300", "2019-03-31": "99.71000", "2018-12-31": "98.81800", "2018-09-30": "98.94400", "2018-06-30": "98.53200", "2018-03-31": "98.30200", "2017-12-31": "97.93100", "2017-09-30": "98.04500", "2017-06-30": "97.94200", "2017-03-31": "97.57500", "2016-12-31": "97.13000", "2016-09-30": "97.25400", "2016-06-30": "97.12200", "2016-03-31": "96.79300", "2015-12-31": "96.32200", "2015-09-30": "96.54200", "2015-06-30": "96.40500", "2015-03-31": "95.70500", "2014-12-31": "95.21800", "2014-09-30": "95.33000", "2014-06-30": "95.17500", "2014-03-31": "94.90600", "2013-12-31": "94.38700", "2013-09-30": "94.52900", "2013-06-30": "94.33800", "2013-03-31": "93.97500", "2012-12-31": "93.37900", "2012-09-30": "93.42300", "2012-06-30": "93.25800", "2012-03-31": "93.11400", "2011-12-31": "92.85100", "2011-09-30": "92.90100", "2011-06-30": "92.84030", "2011-03-31": "92.68100", "2010-12-31": "92.26100", "2010-09-30": "92.31500", "2010-06-30": "92.20200", "2010-03-31": "91.98400", "2009-12-31": "91.73000", "2009-09-30": "91.77100", "2009-06-30": "91.68700", "2009-03-31": "91.57900", "2008-12-31": "92.12600", "2008-09-30": "91.39400", "2008-06-30": "92.17200", "2008-03-31": "93.43000", "2007-12-31": "96.77900", "2007-09-30": "96.19400", "2007-06-30": "97.64700", "2007-03-31": "99.22300", "2006-12-31": "102.72100", "2006-09-30": "101.99400", "2006-06-30": "103.27800", "2006-03-31": "105.00900", "2005-12-31": "105.60600", "2005-09-30": "105.75200", "2005-06-30": "105.56500", "2005-03-31": "104.43300"}, "Shares Outstanding": {"2020-09-30": "100.92500", "2020-06-30": "100.86200", "2020-03-31": "100.87500", "2019-12-31": "100.32100", "2019-09-30": "100.52200", "2019-06-30": "100.22200", "2019-03-31": "99.91500", "2018-12-31": "99.08600", "2018-09-30": "99.25300", "2018-06-30": "98.83500", "2018-03-31": "98.72700", "2017-12-31": "98.37000", "2017-09-30": "98.49000", "2017-06-30": "98.44300", "2017-03-31": "98.15000", "2016-12-31": "97.69300", "2016-09-30": "97.88200", "2016-06-30": "97.73100", "2016-03-31": "97.37800", "2015-12-31": "96.37500", "2015-09-30": "96.60200", "2015-06-30": "96.48300", "2015-03-31": "95.74200", "2014-12-31": "95.28400", "2014-09-30": "95.75400", "2014-06-30": "95.59000", "2014-03-31": "94.90600", "2013-12-31": "94.74600", "2013-09-30": "94.92700", "2013-06-30": "94.81300", "2013-03-31": "93.97500", "2012-12-31": "93.66700", "2012-09-30": "93.73000", "2012-06-30": "93.54300", "2012-03-31": "93.11400", "2011-12-31": "93.17400", "2011-09-30": "93.07700", "2011-06-30": "93.19680", "2011-03-31": "92.68100", "2010-12-31": "92.26100", "2010-09-30": "92.72900", "2010-06-30": "92.20200", "2010-03-31": "91.98400", "2009-12-31": "91.73000", "2009-09-30": "91.77100", "2009-06-30": "91.68700", "2009-03-31": "91.57900", "2008-12-31": "92.30700", "2008-09-30": "91.52600", "2008-06-30": "92.40900", "2008-03-31": "93.68200", "2007-12-31": "97.55400", "2007-09-30": "97.08800", "2007-06-30": "98.48700", "2007-03-31": "100.06450", "2006-12-31": "103.49600", "2006-09-30": "102.90900", "2006-06-30": "104.34800", "2006-03-31": "105.85700", "2005-12-31": "106.08980", "2005-09-30": "106.28000", "2005-06-30": "106.03100", "2005-03-31": "104.94500"}, "Basic EPS": {"2020-09-30": "0.62000", "2020-06-30": "0.31000", "2020-03-31": "0.40000", "2019-12-31": "1.03000", "2019-09-30": "0.99000", "2019-06-30": "1.18000", "2019-03-31": "0.51000", "2018-12-31": "0.97000", "2018-09-30": "0.95000", "2018-06-30": "1.02000", "2018-03-31": "0.15000", "2017-12-31": "0.89000", "2017-09-30": "0.98000", "2017-06-30": "0.94000", "2017-03-31": "0.43000", "2016-12-31": "0.83000", "2016-09-30": "0.87000", "2016-06-30": "0.84000", "2016-03-31": "0.53000", "2015-12-31": "0.80000", "2015-09-30": "0.89000", "2015-06-30": "0.61000", "2015-03-31": "0.42000", "2014-12-31": "2.18000", "2014-09-30": "0.37000", "2014-06-30": "0.16000", "2014-03-31": "-0.05000", "2013-12-31": "0.11000", "2013-09-30": "0.18000", "2013-06-30": "0.24000", "2013-03-31": "-0.11000", "2012-12-31": "0.06000", "2012-09-30": "0.12000", "2012-06-30": "0.15000", "2012-03-31": "-0.25000", "2011-12-31": "0.05000", "2011-09-30": "0.04000", "2011-06-30": "0.12000", "2011-03-31": "-0.14000", "2010-12-31": "-0.08000", "2010-09-30": "0.01000", "2010-06-30": "-0.10000", "2010-03-31": "-0.27000", "2009-12-31": "-0.22000", "2009-09-30": "-0.05000", "2009-06-30": "-0.13000", "2009-03-31": "-0.24000", "2008-12-31": "-0.10000", "2008-09-30": "0.02000", "2008-06-30": "0.14000", "2008-03-31": "-0.04000", "2007-12-31": "-0.01000", "2007-09-30": "0.15000", "2007-06-30": "0.19000", "2007-03-31": "0.09000", "2006-12-31": "0.07000", "2006-09-30": "0.16000", "2006-06-30": "0.18000", "2006-03-31": "0.01000", "2005-12-31": "0.05000", "2005-09-30": "0.11000", "2005-06-30": "0.18000", "2005-03-31": "0.05000"}, "EPS - Earnings Per Share": {"2020-09-30": "0.62000", "2020-06-30": "0.31000", "2020-03-31": "0.40000", "2019-12-31": "1.03000", "2019-09-30": "0.99000", "2019-06-30": "1.18000", "2019-03-31": "0.51000", "2018-12-31": "0.96000", "2018-09-30": "0.95000", "2018-06-30": "1.02000", "2018-03-31": "0.15000", "2017-12-31": "0.89000", "2017-09-30": "0.98000", "2017-06-30": "0.94000", "2017-03-31": "0.42000", "2016-12-31": "0.81000", "2016-09-30": "0.87000", "2016-06-30": "0.84000", "2016-03-31": "0.53000", "2015-12-31": "0.80000", "2015-09-30": "0.89000", "2015-06-30": "0.61000", "2015-03-31": "0.42000", "2014-12-31": "2.18000", "2014-09-30": "0.37000", "2014-06-30": "0.16000", "2014-03-31": "-0.05000", "2013-12-31": "0.11000", "2013-09-30": "0.18000", "2013-06-30": "0.24000", "2013-03-31": "-0.11000", "2012-12-31": "0.06000", "2012-09-30": "0.12000", "2012-06-30": "0.15000", "2012-03-31": "-0.25000", "2011-12-31": "0.05000", "2011-09-30": "0.04000", "2011-06-30": "0.12000", "2011-03-31": "-0.14000", "2010-12-31": "-0.08000", "2010-09-30": "0.01000", "2010-06-30": "-0.10000", "2010-03-31": "-0.27000", "2009-12-31": "-0.22000", "2009-09-30": "-0.05000", "2009-06-30": "-0.13000", "2009-03-31": "-0.24000", "2008-12-31": "-0.10000", "2008-09-30": "0.02000", "2008-06-30": "0.14000", "2008-03-31": "-0.04000", "2007-12-31": "-0.01000", "2007-09-30": "0.15000", "2007-06-30": "0.19000", "2007-03-31": "0.09000", "2006-12-31": "0.07000", "2006-09-30": "0.16000", "2006-06-30": "0.18000", "2006-03-31": "0.01000", "2005-12-31": "0.05000", "2005-09-30": "0.11000", "2005-06-30": "0.18000", "2005-03-31": "0.05000"}}, "balance sheet": {"Cash On Hand": {"2019-12-31": "26.18800", "2018-12-31": "21.49400", "2017-12-31": "115.47100", "2016-12-31": "35.53000", "2015-12-31": "22.32700", "2014-12-31": "26.03500", "2013-12-31": "33.21200", "2012-12-31": "58.91100", "2011-12-31": "33.50300", "2010-12-31": "91.67900", "2009-12-31": "112.25300", "2008-12-31": "14.13900", "2007-12-31": "76.04800", "2006-12-31": "11.79600", "2005-12-31": "19.41900"}, "Receivables": {"2019-12-31": "254.93000", "2018-12-31": "235.57600", "2017-12-31": "201.69900", "2016-12-31": "189.93500", "2015-12-31": "174.39800", "2014-12-31": "169.61000", "2013-12-31": "161.74100", "2012-12-31": "159.82900", "2011-12-31": "147.43600", "2010-12-31": "141.16600", "2009-12-31": "142.51800", "2008-12-31": "155.04300", "2007-12-31": "147.30100", "2006-12-31": "127.55200", "2005-12-31": "114.73300"}, "Inventory": {"2019-12-31": "", "2018-12-31": "", "2017-12-31": "", "2016-12-31": "", "2015-12-31": "", "2014-12-31": "", "2013-12-31": "", "2012-12-31": "", "2011-12-31": "", "2010-12-31": "", "2009-12-31": "", "2008-12-31": "", "2007-12-31": "", "2006-12-31": "", "2005-12-31": ""}, "Pre-Paid Expenses": {"2019-12-31": "", "2018-12-31": "80.68400", "2017-12-31": "70.75500", "2016-12-31": "48.81500", "2015-12-31": "44.43700", "2014-12-31": "42.71300", "2013-12-31": "42.04800", "2012-12-31": "41.13200", "2011-12-31": "39.51400", "2010-12-31": "40.04600", "2009-12-31": "40.58800", "2008-12-31": "44.37700", "2007-12-31": "40.65700", "2006-12-31": "38.21500", "2005-12-31": "35.76300"}, "Other Current Assets": {"2019-12-31": "29.05100", "2018-12-31": "25.91500", "2017-12-31": "32.59400", "2016-12-31": "39.97300", "2015-12-31": "39.21800", "2014-12-31": "34.05700", "2013-12-31": "34.67900", "2012-12-31": "30.54600", "2011-12-31": "26.36000", "2010-12-31": "27.27700", "2009-12-31": "59.05400", "2008-12-31": "38.47500", "2007-12-31": "29.00400", "2006-12-31": "18.98300", "2005-12-31": "14.38700"}, "Total Current Assets": {"2019-12-31": "310.16900", "2018-12-31": "363.66900", "2017-12-31": "420.51900", "2016-12-31": "314.25300", "2015-12-31": "281.73200", "2014-12-31": "273.14400", "2013-12-31": "282.05800", "2012-12-31": "301.23500", "2011-12-31": "256.62500", "2010-12-31": "309.40900", "2009-12-31": "367.93600", "2008-12-31": "260.98300", "2007-12-31": "312.86700", "2006-12-31": "230.77000", "2005-12-31": "191.43000"}, "Property, Plant, And Equipment": {"2019-12-31": "1349.11500", "2018-12-31": "1295.04800", "2017-12-31": "1214.13800", "2016-12-31": "1182.71500", "2015-12-31": "1095.13700", "2014-12-31": "1083.64000", "2013-12-31": "1121.92900", "2012-12-31": "1180.35900", "2011-12-31": "1193.61700", "2010-12-31": "1257.45100", "2009-12-31": "1406.91100", "2008-12-31": "1595.03300", "2007-12-31": "1516.96400", "2006-12-31": "1405.94800", "2005-12-31": "1289.30500"}, "Long-Term Investments": {"2019-12-31": "", "2018-12-31": "", "2017-12-31": "", "2016-12-31": "", "2015-12-31": "", "2014-12-31": "", "2013-12-31": "", "2012-12-31": "", "2011-12-31": "", "2010-12-31": "", "2009-12-31": "", "2008-12-31": "", "2007-12-31": "", "2006-12-31": "", "2005-12-31": ""}, "Goodwill And Intangible Assets": {"2019-12-31": "2904.51800", "2018-12-31": "2834.83900", "2017-12-31": "2536.80200", "2016-12-31": "2363.51100", "2015-12-31": "1949.48000", "2014-12-31": "1879.75300", "2013-12-31": "1922.93800", "2012-12-31": "1953.46200", "2011-12-31": "1903.72800", "2010-12-31": "1995.85800", "2009-12-31": "2094.78400", "2008-12-31": "2190.16000", "2007-12-31": "2179.19300", "2006-12-31": "2218.55600", "2005-12-31": "2191.99300"}, "Other Long-Term Assets": {"2019-12-31": "56.57400", "2018-12-31": "51.08500", "2017-12-31": "42.88600", "2016-12-31": "38.40500", "2015-12-31": "37.39500", "2014-12-31": "37.06000", "2013-12-31": "44.40300", "2012-12-31": "41.18700", "2011-12-31": "38.97400", "2010-12-31": "43.07300", "2009-12-31": "41.29700", "2008-12-31": "46.47700", "2007-12-31": "43.57500", "2006-12-31": "42.96400", "2005-12-31": "41.95700"}, "Total Long-Term Assets": {"2019-12-31": "5630.98600", "2018-12-31": "4180.97200", "2017-12-31": "3793.82600", "2016-12-31": "3584.63100", "2015-12-31": "3082.01200", "2014-12-31": "3045.67400", "2013-12-31": "3119.56000", "2012-12-31": "3212.79500", "2011-12-31": "3170.72800", "2010-12-31": "3339.55200", "2009-12-31": "3575.60500", "2008-12-31": "3856.04200", "2007-12-31": "3768.89600", "2006-12-31": "3693.45800", "2005-12-31": "3549.80400"}, "Total Assets": {"2019-12-31": "5941.15500", "2018-12-31": "4544.64100", "2017-12-31": "4214.34500", "2016-12-31": "3898.88400", "2015-12-31": "3363.74400", "2014-12-31": "3318.81800", "2013-12-31": "3401.61800", "2012-12-31": "3514.03000", "2011-12-31": "3427.35300", "2010-12-31": "3648.96100", "2009-12-31": "3943.54100", "2008-12-31": "4117.02500", "2007-12-31": "4081.76300", "2006-12-31": "3924.22800", "2005-12-31": "3741.23400"}, "Total Current Liabilities": {"2019-12-31": "672.80800", "2018-12-31": "455.03500", "2017-12-31": "325.99400", "2016-12-31": "277.32400", "2015-12-31": "236.83000", "2014-12-31": "225.34100", "2013-12-31": "245.35300", "2012-12-31": "219.10800", "2011-12-31": "161.34400", "2010-12-31": "153.58000", "2009-12-31": "263.70700", "2008-12-31": "182.56000", "2007-12-31": "157.63800", "2006-12-31": "110.97900", "2005-12-31": "97.61400"}, "Long Term Debt": {"2019-12-31": "2753.60400", "2018-12-31": "2684.56800", "2017-12-31": "2539.02600", "2016-12-31": "2315.26700", "2015-12-31": "1874.94100", "2014-12-31": "1884.27000", "2013-12-31": "1882.86700", "2012-12-31": "2127.72000", "2011-12-31": "2141.21800", "2010-12-31": "2403.44600", "2009-12-31": "2553.63000", "2008-12-31": "2755.69800", "2007-12-31": "2694.02800", "2006-12-31": "1981.82000", "2005-12-31": "1573.53800"}, "Other Non-Current Liabilities": {"2019-12-31": "260.54300", "2018-12-31": "252.52000", "2017-12-31": "244.94800", "2016-12-31": "236.48600", "2015-12-31": "228.86200", "2014-12-31": "227.74100", "2013-12-31": "221.30200", "2012-12-31": "206.04700", "2011-12-31": "193.47600", "2010-12-31": "186.17800", "2009-12-31": "178.27600", "2008-12-31": "176.07700", "2007-12-31": "162.97200", "2006-12-31": "152.87700", "2005-12-31": "144.90400"}, "Total Long Term Liabilities": {"2019-12-31": "4088.04100", "2018-12-31": "2957.82200", "2017-12-31": "2784.85800", "2016-12-31": "2552.03200", "2015-12-31": "2105.85500", "2014-12-31": "2112.01100", "2013-12-31": "2223.31900", "2012-12-31": "2433.29700", "2011-12-31": "2427.01100", "2010-12-31": "2676.85800", "2009-12-31": "2848.03600", "2008-12-31": "3063.84700", "2007-12-31": "2993.11800", "2006-12-31": "2274.71600", "2005-12-31": "1826.13800"}, "Total Liabilities": {"2019-12-31": "4760.84900", "2018-12-31": "3412.85700", "2017-12-31": "3110.85200", "2016-12-31": "2829.35600", "2015-12-31": "2342.68500", "2014-12-31": "2337.35200", "2013-12-31": "2468.67200", "2012-12-31": "2652.40500", "2011-12-31": "2588.35500", "2010-12-31": "2830.43800", "2009-12-31": "3111.74300", "2008-12-31": "3246.40700", "2007-12-31": "3150.75600", "2006-12-31": "2385.69500", "2005-12-31": "1923.75200"}, "Common Stock Net": {"2019-12-31": "0.10100", "2018-12-31": "0.10000", "2017-12-31": "0.09800", "2016-12-31": "0.09800", "2015-12-31": "0.09700", "2014-12-31": "0.09600", "2013-12-31": "0.11200", "2012-12-31": "0.11100", "2011-12-31": "0.11000", "2010-12-31": "0.10900", "2009-12-31": "0.10900", "2008-12-31": "0.10800", "2007-12-31": "0.10800", "2006-12-31": "0.10700", "2005-12-31": "0.10600"}, "Retained Earnings (Accumulated Deficit)": {"2019-12-31": "-708.40800", "2018-12-31": "-695.33700", "2017-12-31": "-639.10600", "2016-12-31": "-630.95500", "2015-12-31": "-635.79900", "2014-12-31": "-632.85900", "2013-12-31": "-647.57700", "2012-12-31": "-687.35100", "2011-12-31": "-683.59900", "2010-12-31": "-691.78400", "2009-12-31": "-651.31700", "2008-12-31": "-592.91400", "2007-12-31": "-587.52300", "2006-12-31": "-315.07200", "2005-12-31": "-353.79300"}, "Comprehensive Income": {"2019-12-31": "0.68500", "2018-12-31": "0.01200", "2017-12-31": "1.30200", "2016-12-31": "-0.62400", "2015-12-31": "-1.17800", "2014-12-31": "2.45400", "2013-12-31": "3.86700", "2012-12-31": "5.97800", "2011-12-31": "5.32600", "2010-12-31": "6.11000", "2009-12-31": "5.24800", "2008-12-31": "-1.06600", "2007-12-31": "9.28600", "2006-12-31": "2.25300", "2005-12-31": ""}, "Other Share Holders Equity": {"2019-12-31": "", "2018-12-31": "", "2017-12-31": "", "2016-12-31": "", "2015-12-31": "", "2014-12-31": "", "2013-12-31": "", "2012-12-31": "", "2011-12-31": "", "2010-12-31": "", "2009-12-31": "", "2008-12-31": "", "2007-12-31": "", "2006-12-31": "", "2005-12-31": ""}, "Share Holder Equity": {"2019-12-31": "1180.30600", "2018-12-31": "1131.78400", "2017-12-31": "1103.49300", "2016-12-31": "1069.52800", "2015-12-31": "1021.05900", "2014-12-31": "981.46600", "2013-12-31": "932.94600", "2012-12-31": "861.62500", "2011-12-31": "838.99800", "2010-12-31": "818.52300", "2009-12-31": "831.79800", "2008-12-31": "870.61800", "2007-12-31": "931.00700", "2006-12-31": "1538.53300", "2005-12-31": "1817.48200"}, "Total Liabilities And Share Holders Equity": {"2019-12-31": "5941.15500", "2018-12-31": "4544.64100", "2017-12-31": "4214.34500", "2016-12-31": "3898.88400", "2015-12-31": "3363.74400", "2014-12-31": "3318.81800", "2013-12-31": "3401.61800", "2012-12-31": "3514.03000", "2011-12-31": "3427.35300", "2010-12-31": "3648.96100", "2009-12-31": "3943.54100", "2008-12-31": "4117.02500", "2007-12-31": "4081.76300", "2006-12-31": "3924.22800", "2005-12-31": "3741.23400"}}, "balance sheet, quarterly": {"Cash On Hand": {"2020-09-30": "68.62800", "2020-06-30": "177.09300", "2020-03-31": "496.63900", "2019-12-31": "26.18800", "2019-09-30": "23.28700", "2019-06-30": "17.25400", "2019-03-31": "32.82800", "2018-12-31": "21.49400", "2018-09-30": "10.60900", "2018-06-30": "19.58800", "2018-03-31": "10.04600", "2017-12-31": "115.47100", "2017-09-30": "29.41900", "2017-06-30": "42.88400", "2017-03-31": "31.62200", "2016-12-31": "35.53000", "2016-09-30": "37.47900", "2016-06-30": "41.73700", "2016-03-31": "28.42000", "2015-12-31": "22.32700", "2015-09-30": "29.07800", "2015-06-30": "27.45500", "2015-03-31": "32.54600", "2014-12-31": "26.03500", "2014-09-30": "27.95700", "2014-06-30": "34.41700", "2014-03-31": "68.74100", "2013-12-31": "33.21200", "2013-09-30": "182.66500", "2013-06-30": "118.88000", "2013-03-31": "75.47400", "2012-12-31": "58.91100", "2012-09-30": "38.44800", "2012-06-30": "98.92200", "2012-03-31": "35.86500", "2011-12-31": "33.50300", "2011-09-30": "41.51600", "2011-06-30": "18.66300", "2011-03-31": "32.44100", "2010-12-31": "91.67900", "2010-09-30": "38.41500", "2010-06-30": "26.87600", "2010-03-31": "32.96400", "2009-12-31": "112.25300", "2009-09-30": "47.70000", "2009-06-30": "157.57000", "2009-03-31": "193.75200", "2008-12-31": "14.13900", "2008-09-30": "21.51000", "2008-06-30": "12.05900", "2008-03-31": "18.86100", "2007-12-31": "76.04800", "2007-09-30": "10.75800", "2007-06-30": "12.16000", "2007-03-31": "0.27900", "2006-12-31": "11.79600", "2006-09-30": "6.93900", "2006-06-30": "5.44600", "2006-03-31": "7.13900", "2005-12-31": "19.41900", "2005-09-30": "18.90900", "2005-06-30": "19.08900", "2005-03-31": "7.55100"}, "Receivables": {"2020-09-30": "225.74800", "2020-06-30": "232.17600", "2020-03-31": "251.14900", "2019-12-31": "254.93000", "2019-09-30": "265.06100", "2019-06-30": "249.28100", "2019-03-31": "218.11400", "2018-12-31": "235.57600", "2018-09-30": "227.96000", "2018-06-30": "228.38100", "2018-03-31": "209.23200", "2017-12-31": "201.69900", "2017-09-30": "223.08800", "2017-06-30": "218.94400", "2017-03-31": "189.51500", "2016-12-31": "189.93500", "2016-09-30": "207.50700", "2016-06-30": "207.43500", "2016-03-31": "181.08000", "2015-12-31": "174.39800", "2015-09-30": "187.70000", "2015-06-30": "183.31000", "2015-03-31": "168.52700", "2014-12-31": "169.61000", "2014-09-30": "180.58400", "2014-06-30": "184.40500", "2014-03-31": "162.26000", "2013-12-31": "161.74100", "2013-09-30": "179.43400", "2013-06-30": "177.69900", "2013-03-31": "158.16800", "2012-12-31": "159.82900", "2012-09-30": "164.74700", "2012-06-30": "159.53800", "2012-03-31": "144.94000", "2011-12-31": "147.43600", "2011-09-30": "160.92100", "2011-06-30": "165.87600", "2011-03-31": "144.10000", "2010-12-31": "141.16600", "2010-09-30": "158.12800", "2010-06-30": "161.28700", "2010-03-31": "140.50700", "2009-12-31": "142.51800", "2009-09-30": "158.29400", "2009-06-30": "156.95400", "2009-03-31": "152.45500", "2008-12-31": "155.04300", "2008-09-30": "171.18200", "2008-06-30": "178.74500", "2008-03-31": "147.82000", "2007-12-31": "147.30100", "2007-09-30": "153.77700", "2007-06-30": "139.83200", "2007-03-31": "125.36500", "2006-12-31": "127.55200", "2006-09-30": "133.32500", "2006-06-30": "126.25800", "2006-03-31": "114.92500", "2005-12-31": "114.73300", "2005-09-30": "132.13200", "2005-06-30": "116.40800", "2005-03-31": "112.23100"}, "Inventory": {"2020-09-30": "", "2020-06-30": "", "2020-03-31": "", "2019-12-31": "", "2019-09-30": "", "2019-06-30": "", "2019-03-31": "", "2018-12-31": "", "2018-09-30": "", "2018-06-30": "", "2018-03-31": "", "2017-12-31": "", "2017-09-30": "", "2017-06-30": "", "2017-03-31": "", "2016-12-31": "", "2016-09-30": "", "2016-06-30": "", "2016-03-31": "", "2015-12-31": "", "2015-09-30": "", "2015-06-30": "", "2015-03-31": "", "2014-12-31": "", "2014-09-30": "", "2014-06-30": "", "2014-03-31": "", "2013-12-31": "", "2013-09-30": "", "2013-06-30": "", "2013-03-31": "", "2012-12-31": "", "2012-09-30": "", "2012-06-30": "", "2012-03-31": "", "2011-12-31": "", "2011-09-30": "", "2011-06-30": "", "2011-03-31": "", "2010-12-31": "", "2010-09-30": "", "2010-06-30": "", "2010-03-31": "", "2009-12-31": "", "2009-09-30": "", "2009-06-30": "", "2009-03-31": "", "2008-12-31": "", "2008-09-30": "", "2008-06-30": "", "2008-03-31": "", "2007-12-31": "", "2007-09-30": "", "2007-06-30": "", "2007-03-31": "", "2006-12-31": "", "2006-09-30": "", "2006-06-30": "", "2006-03-31": "", "2005-12-31": "", "2005-09-30": "", "2005-06-30": "", "2005-03-31": ""}, "Pre-Paid Expenses": {"2020-09-30": "", "2020-06-30": "", "2020-03-31": "", "2019-12-31": "", "2019-09-30": "", "2019-06-30": "", "2019-03-31": "", "2018-12-31": "80.68400", "2018-09-30": "75.69000", "2018-06-30": "75.89700", "2018-03-31": "77.42900", "2017-12-31": "70.75500", "2017-09-30": "72.81600", "2017-06-30": "74.02500", "2017-03-31": "75.25500", "2016-12-31": "48.81500", "2016-09-30": "70.18600", "2016-06-30": "71.36200", "2016-03-31": "71.11900", "2015-12-31": "44.43700", "2015-09-30": "63.61000", "2015-06-30": "65.83900", "2015-03-31": "65.36800", "2014-12-31": "42.71300", "2014-09-30": "60.95600", "2014-06-30": "62.80000", "2014-03-31": "63.24800", "2013-12-31": "42.04800", "2013-09-30": "60.13300", "2013-06-30": "61.77100", "2013-03-31": "61.73500", "2012-12-31": "41.13200", "2012-09-30": "55.42800", "2012-06-30": "59.06800", "2012-03-31": "59.17100", "2011-12-31": "39.51400", "2011-09-30": "56.78300", "2011-06-30": "59.06300", "2011-03-31": "59.09400", "2010-12-31": "40.04600", "2010-09-30": "56.43700", "2010-06-30": "58.49100", "2010-03-31": "59.01200", "2009-12-31": "40.58800", "2009-09-30": "57.87400", "2009-06-30": "62.65900", "2009-03-31": "61.17500", "2008-12-31": "44.37700", "2008-09-30": "62.70300", "2008-06-30": "64.72000", "2008-03-31": "60.09400", "2007-12-31": "40.65700", "2007-09-30": "56.18300", "2007-06-30": "58.47500", "2007-03-31": "57.14600", "2006-12-31": "38.21500", "2006-09-30": "52.51700", "2006-06-30": "54.25000", "2006-03-31": "53.40100", "2005-12-31": "35.76300", "2005-09-30": "49.76300", "2005-06-30": "50.93300", "2005-03-31": "50.98400"}, "Other Current Assets": {"2020-09-30": "25.40700", "2020-06-30": "34.96800", "2020-03-31": "36.79700", "2019-12-31": "29.05100", "2019-09-30": "28.20500", "2019-06-30": "35.62400", "2019-03-31": "36.89400", "2018-12-31": "25.91500", "2018-09-30": "51.63900", "2018-06-30": "57.82300", "2018-03-31": "59.29200", "2017-12-31": "32.59400", "2017-09-30": "45.18700", "2017-06-30": "49.48500", "2017-03-31": "53.95200", "2016-12-31": "39.97300", "2016-09-30": "38.73400", "2016-06-30": "41.96400", "2016-03-31": "45.51000", "2015-12-31": "39.21800", "2015-09-30": "39.08900", "2015-06-30": "39.31700", "2015-03-31": "42.67800", "2014-12-31": "34.05700", "2014-09-30": "34.61600", "2014-06-30": "40.56600", "2014-03-31": "40.88600", "2013-12-31": "34.67900", "2013-09-30": "28.39000", "2013-06-30": "33.56700", "2013-03-31": "31.90900", "2012-12-31": "30.54600", "2012-09-30": "27.70600", "2012-06-30": "33.78700", "2012-03-31": "33.68600", "2011-12-31": "26.36000", "2011-09-30": "20.48500", "2011-06-30": "26.73100", "2011-03-31": "29.28400", "2010-12-31": "27.27700", "2010-09-30": "58.83400", "2010-06-30": "60.29600", "2010-03-31": "61.13800", "2009-12-31": "59.05400", "2009-09-30": "52.52000", "2009-06-30": "39.51900", "2009-03-31": "39.46900", "2008-12-31": "38.47500", "2008-09-30": "20.76400", "2008-06-30": "20.15300", "2008-03-31": "28.16700", "2007-12-31": "29.00400", "2007-09-30": "14.51500", "2007-06-30": "17.00000", "2007-03-31": "17.58100", "2006-12-31": "18.98300", "2006-09-30": "13.94800", "2006-06-30": "17.01600", "2006-03-31": "13.40900", "2005-12-31": "14.38700", "2005-09-30": "7.36400", "2005-06-30": "8.95400", "2005-03-31": "11.32500"}, "Total Current Assets": {"2020-09-30": "319.78300", "2020-06-30": "444.23700", "2020-03-31": "784.58500", "2019-12-31": "310.16900", "2019-09-30": "316.55300", "2019-06-30": "302.15900", "2019-03-31": "287.83600", "2018-12-31": "363.66900", "2018-09-30": "365.89800", "2018-06-30": "381.68900", "2018-03-31": "355.99900", "2017-12-31": "420.51900", "2017-09-30": "370.51000", "2017-06-30": "385.33800", "2017-03-31": "350.34400", "2016-12-31": "314.25300", "2016-09-30": "355.24200", "2016-06-30": "363.65300", "2016-03-31": "327.25700", "2015-12-31": "281.73200", "2015-09-30": "320.84300", "2015-06-30": "316.69600", "2015-03-31": "309.85200", "2014-12-31": "273.14400", "2014-09-30": "314.87600", "2014-06-30": "332.16100", "2014-03-31": "343.11700", "2013-12-31": "282.05800", "2013-09-30": "461.68200", "2013-06-30": "401.39200", "2013-03-31": "335.70300", "2012-12-31": "301.23500", "2012-09-30": "297.11200", "2012-06-30": "360.58200", "2012-03-31": "281.62900", "2011-12-31": "256.62500", "2011-09-30": "286.93900", "2011-06-30": "279.87200", "2011-03-31": "274.12400", "2010-12-31": "309.40900", "2010-09-30": "321.42200", "2010-06-30": "320.57100", "2010-03-31": "307.22500", "2009-12-31": "367.93600", "2009-09-30": "325.19700", "2009-06-30": "425.34500", "2009-03-31": "456.01000", "2008-12-31": "260.98300", "2008-09-30": "284.80300", "2008-06-30": "284.09900", "2008-03-31": "263.16900", "2007-12-31": "312.86700", "2007-09-30": "251.12000", "2007-06-30": "243.52600", "2007-03-31": "220.28900", "2006-12-31": "230.77000", "2006-09-30": "249.54500", "2006-06-30": "248.09600", "2006-03-31": "196.90100", "2005-12-31": "191.43000", "2005-09-30": "215.91700", "2005-06-30": "202.70200", "2005-03-31": "189.01500"}, "Property, Plant, And Equipment": {"2020-09-30": "1294.38300", "2020-06-30": "1320.47500", "2020-03-31": "1343.67200", "2019-12-31": "1349.11500", "2019-09-30": "1340.76900", "2019-06-30": "1316.25800", "2019-03-31": "1309.64900", "2018-12-31": "1295.04800", "2018-09-30": "1193.31300", "2018-06-30": "1192.61800", "2018-03-31": "1192.90000", "2017-12-31": "1214.13800", "2017-09-30": "1180.56900", "2017-06-30": "1176.52300", "2017-03-31": "1175.03700", "2016-12-31": "1182.71500", "2016-09-30": "1179.60100", "2016-06-30": "1181.41800", "2016-03-31": "1167.04800", "2015-12-31": "1095.13700", "2015-09-30": "1088.92400", "2015-06-30": "1086.32500", "2015-03-31": "1081.66600", "2014-12-31": "1083.64000", "2014-09-30": "1095.36300", "2014-06-30": "1096.24200", "2014-03-31": "1105.50500", "2013-12-31": "1121.92900", "2013-09-30": "1143.07500", "2013-06-30": "1150.24800", "2013-03-31": "1163.92300", "2012-12-31": "1180.35900", "2012-09-30": "1145.55100", "2012-06-30": "1156.71000", "2012-03-31": "1169.78400", "2011-12-31": "1193.61700", "2011-09-30": "1215.99000", "2011-06-30": "1230.12600", "2011-03-31": "1247.95800", "2010-12-31": "1257.45100", "2010-09-30": "1294.14300", "2010-06-30": "1331.22800", "2010-03-31": "1374.61900", "2009-12-31": "1406.91100", "2009-09-30": "1453.30800", "2009-06-30": "1498.41300", "2009-03-31": "1541.20100", "2008-12-31": "1595.03300", "2008-09-30": "1612.94700", "2008-06-30": "1615.94100", "2008-03-31": "1549.26800", "2007-12-31": "1516.96400", "2007-09-30": "1508.12200", "2007-06-30": "1475.24100", "2007-03-31": "1439.64400", "2006-12-31": "1405.94800", "2006-09-30": "1387.89100", "2006-06-30": "1343.95700", "2006-03-31": "1307.61000", "2005-12-31": "1289.30500", "2005-09-30": "1274.98700", "2005-06-30": "1278.72400", "2005-03-31": "1281.61100"}, "Long-Term Investments": {"2020-09-30": "", "2020-06-30": "", "2020-03-31": "", "2019-12-31": "", "2019-09-30": "", "2019-06-30": "", "2019-03-31": "", "2018-12-31": "", "2018-09-30": "", "2018-06-30": "", "2018-03-31": "", "2017-12-31": "", "2017-09-30": "", "2017-06-30": "", "2017-03-31": "", "2016-12-31": "", "2016-09-30": "", "2016-06-30": "", "2016-03-31": "", "2015-12-31": "", "2015-09-30": "", "2015-06-30": "", "2015-03-31": "", "2014-12-31": "", "2014-09-30": "", "2014-06-30": "", "2014-03-31": "", "2013-12-31": "", "2013-09-30": "", "2013-06-30": "", "2013-03-31": "", "2012-12-31": "", "2012-09-30": "", "2012-06-30": "", "2012-03-31": "", "2011-12-31": "", "2011-09-30": "", "2011-06-30": "", "2011-03-31": "", "2010-12-31": "", "2010-09-30": "", "2010-06-30": "", "2010-03-31": "", "2009-12-31": "", "2009-09-30": "", "2009-06-30": "", "2009-03-31": "", "2008-12-31": "", "2008-09-30": "", "2008-06-30": "", "2008-03-31": "", "2007-12-31": "", "2007-09-30": "", "2007-06-30": "", "2007-03-31": "", "2006-12-31": "", "2006-09-30": "", "2006-06-30": "", "2006-03-31": "", "2005-12-31": "", "2005-09-30": "", "2005-06-30": "", "2005-03-31": ""}, "Goodwill And Intangible Assets": {"2020-09-30": "2841.89300", "2020-06-30": "2867.35700", "2020-03-31": "2883.26300", "2019-12-31": "2904.51800", "2019-09-30": "2922.33800", "2019-06-30": "2836.26300", "2019-03-31": "2854.66300", "2018-12-31": "2834.83900", "2018-09-30": "2511.06000", "2018-06-30": "2491.27700", "2018-03-31": "2507.77200", "2017-12-31": "2536.80200", "2017-09-30": "2409.13600", "2017-06-30": "2342.30200", "2017-03-31": "2357.60500", "2016-12-31": "2363.51100", "2016-09-30": "2328.29100", "2016-06-30": "2328.93100", "2016-03-31": "2361.45600", "2015-12-31": "1949.48000", "2015-09-30": "1940.45200", "2015-06-30": "1895.80100", "2015-03-31": "1879.26700", "2014-12-31": "1879.75300", "2014-09-30": "1888.29700", "2014-06-30": "1875.57200", "2014-03-31": "1899.20700", "2013-12-31": "1922.93800", "2013-09-30": "1944.16700", "2013-06-30": "1929.17600", "2013-03-31": "1931.21500", "2012-12-31": "1953.46200", "2012-09-30": "1872.66300", "2012-06-30": "1863.90300", "2012-03-31": "1883.08500", "2011-12-31": "1903.72800", "2011-09-30": "1923.80800", "2011-06-30": "1948.36300", "2011-03-31": "1973.53600", "2010-12-31": "1995.85800", "2010-09-30": "2019.01300", "2010-06-30": "2044.01300", "2010-03-31": "2070.54700", "2009-12-31": "2094.78400", "2009-09-30": "2111.69500", "2009-06-30": "2136.86900", "2009-03-31": "2162.35800", "2008-12-31": "2190.16000", "2008-09-30": "2217.11400", "2008-06-30": "2213.06500", "2008-03-31": "2198.15600", "2007-12-31": "2179.19300", "2007-09-30": "2182.11500", "2007-06-30": "2202.02400", "2007-03-31": "2219.66600", "2006-12-31": "2218.55600", "2006-09-30": "2198.58300", "2006-06-30": "2208.70900", "2006-03-31": "2213.16500", "2005-12-31": "2191.99300", "2005-09-30": "2210.37800", "2005-06-30": "2212.29300", "2005-03-31": "2241.62600"}, "Other Long-Term Assets": {"2020-09-30": "57.26300", "2020-06-30": "56.59500", "2020-03-31": "53.31590", "2019-12-31": "56.57400", "2019-09-30": "55.76400", "2019-06-30": "53.52200", "2019-03-31": "49.95800", "2018-12-31": "51.08500", "2018-09-30": "54.34900", "2018-06-30": "54.38600", "2018-03-31": "57.85600", "2017-12-31": "42.88600", "2017-09-30": "43.01500", "2017-06-30": "41.91400", "2017-03-31": "41.50900", "2016-12-31": "38.40500", "2016-09-30": "39.38600", "2016-06-30": "38.51900", "2016-03-31": "38.75100", "2015-12-31": "37.39500", "2015-09-30": "36.95400", "2015-06-30": "39.01900", "2015-03-31": "39.33700", "2014-12-31": "37.06000", "2014-09-30": "37.42400", "2014-06-30": "37.81500", "2014-03-31": "41.94100", "2013-12-31": "44.40300", "2013-09-30": "43.64800", "2013-06-30": "42.77300", "2013-03-31": "42.83900", "2012-12-31": "41.18700", "2012-09-30": "40.74100", "2012-06-30": "39.66700", "2012-03-31": "40.55600", "2011-12-31": "38.97400", "2011-09-30": "38.31100", "2011-06-30": "40.86800", "2011-03-31": "40.75500", "2010-12-31": "43.07300", "2010-09-30": "39.37200", "2010-06-30": "38.33700", "2010-03-31": "39.43200", "2009-12-31": "41.29700", "2009-09-30": "46.46300", "2009-06-30": "45.28600", "2009-03-31": "44.88800", "2008-12-31": "46.47700", "2008-09-30": "48.54900", "2008-06-30": "49.35200", "2008-03-31": "47.62100", "2007-12-31": "43.57500", "2007-09-30": "37.71000", "2007-06-30": "38.34100", "2007-03-31": "35.80000", "2006-12-31": "42.96400", "2006-09-30": "35.81900", "2006-06-30": "35.57400", "2006-03-31": "37.42500", "2005-12-31": "41.95700", "2005-09-30": "38.23500", "2005-06-30": "33.13600", "2005-03-31": "29.59400"}, "Total Long-Term Assets": {"2020-09-30": "5458.62100", "2020-06-30": "5537.34400", "2020-03-31": "5608.41600", "2019-12-31": "5630.98600", "2019-09-30": "5615.18400", "2019-06-30": "5497.00600", "2019-03-31": "5506.70800", "2018-12-31": "4180.97200", "2018-09-30": "3758.72200", "2018-06-30": "3738.28100", "2018-03-31": "3758.52800", "2017-12-31": "3793.82600", "2017-09-30": "3632.72000", "2017-06-30": "3560.73900", "2017-03-31": "3574.25100", "2016-12-31": "3584.63100", "2016-09-30": "3547.27800", "2016-06-30": "3548.86800", "2016-03-31": "3567.25500", "2015-12-31": "3082.01200", "2015-09-30": "3095.55700", "2015-06-30": "3053.01000", "2015-03-31": "3045.37200", "2014-12-31": "3045.67400", "2014-09-30": "3054.88400", "2014-06-30": "3044.30900", "2014-03-31": "3083.46100", "2013-12-31": "3119.56000", "2013-09-30": "3163.74000", "2013-06-30": "3157.12900", "2013-03-31": "3174.95500", "2012-12-31": "3212.79500", "2012-09-30": "3096.08200", "2012-06-30": "3099.96800", "2012-03-31": "3135.20200", "2011-12-31": "3170.72800", "2011-09-30": "3214.81200", "2011-06-30": "3258.37700", "2011-03-31": "3303.33900", "2010-12-31": "3339.55200", "2010-09-30": "3397.52200", "2010-06-30": "3460.58200", "2010-03-31": "3515.10600", "2009-12-31": "3575.60500", "2009-09-30": "3645.73000", "2009-06-30": "3718.34700", "2009-03-31": "3779.01000", "2008-12-31": "3856.04200", "2008-09-30": "3904.22100", "2008-06-30": "3905.20200", "2008-03-31": "3823.13000", "2007-12-31": "3768.89600", "2007-09-30": "3753.91700", "2007-06-30": "3741.96400", "2007-03-31": "3722.10000", "2006-12-31": "3693.45800", "2006-09-30": "3648.23600", "2006-06-30": "3612.42300", "2006-03-31": "3583.58000", "2005-12-31": "3549.80400", "2005-09-30": "3550.32600", "2005-06-30": "3546.04600", "2005-03-31": "3576.05400"}, "Total Assets": {"2020-09-30": "5778.40300", "2020-06-30": "5981.58100", "2020-03-31": "6393.00100", "2019-12-31": "5941.15500", "2019-09-30": "5931.73600", "2019-06-30": "5799.16500", "2019-03-31": "5794.54400", "2018-12-31": "4544.64100", "2018-09-30": "4124.62000", "2018-06-30": "4119.97000", "2018-03-31": "4114.52700", "2017-12-31": "4214.34500", "2017-09-30": "4003.23000", "2017-06-30": "3946.07700", "2017-03-31": "3924.59500", "2016-12-31": "3898.88400", "2016-09-30": "3902.52000", "2016-06-30": "3912.52100", "2016-03-31": "3894.51200", "2015-12-31": "3363.74400", "2015-09-30": "3416.40000", "2015-06-30": "3369.70600", "2015-03-31": "3355.22400", "2014-12-31": "3318.81800", "2014-09-30": "3369.76000", "2014-06-30": "3376.47000", "2014-03-31": "3426.57800", "2013-12-31": "3401.61800", "2013-09-30": "3625.42200", "2013-06-30": "3558.52100", "2013-03-31": "3510.65800", "2012-12-31": "3514.03000", "2012-09-30": "3393.19400", "2012-06-30": "3460.55000", "2012-03-31": "3416.83100", "2011-12-31": "3427.35300", "2011-09-30": "3501.75100", "2011-06-30": "3538.24900", "2011-03-31": "3577.46300", "2010-12-31": "3648.96100", "2010-09-30": "3718.94400", "2010-06-30": "3781.15300", "2010-03-31": "3822.33100", "2009-12-31": "3943.54100", "2009-09-30": "3970.92700", "2009-06-30": "4143.69200", "2009-03-31": "4235.02000", "2008-12-31": "4117.02500", "2008-09-30": "4189.02400", "2008-06-30": "4189.30100", "2008-03-31": "4086.29900", "2007-12-31": "4081.76300", "2007-09-30": "4005.03700", "2007-06-30": "3985.49000", "2007-03-31": "3942.38900", "2006-12-31": "3924.22800", "2006-09-30": "3897.78100", "2006-06-30": "3860.51900", "2006-03-31": "3780.48100", "2005-12-31": "3741.23400", "2005-09-30": "3766.24300", "2005-06-30": "3748.74800", "2005-03-31": "3765.06900"}, "Total Current Liabilities": {"2020-09-30": "511.90400", "2020-06-30": "393.86200", "2020-03-31": "538.93200", "2019-12-31": "672.80800", "2019-09-30": "620.17300", "2019-06-30": "604.47500", "2019-03-31": "551.21700", "2018-12-31": "455.03500", "2018-09-30": "255.98400", "2018-06-30": "258.03500", "2018-03-31": "223.59100", "2017-12-31": "325.99400", "2017-09-30": "238.68700", "2017-06-30": "260.56900", "2017-03-31": "246.12000", "2016-12-31": "277.32400", "2016-09-30": "259.09100", "2016-06-30": "268.67900", "2016-03-31": "217.00900", "2015-12-31": "236.83000", "2015-09-30": "232.24300", "2015-06-30": "230.93900", "2015-03-31": "206.14400", "2014-12-31": "225.34100", "2014-09-30": "224.80000", "2014-06-30": "235.24200", "2014-03-31": "202.61400", "2013-12-31": "245.35300", "2013-09-30": "598.65500", "2013-06-30": "559.39100", "2013-03-31": "198.99400", "2012-12-31": "219.10800", "2012-09-30": "196.27600", "2012-06-30": "309.03800", "2012-03-31": "168.74100", "2011-12-31": "161.34400", "2011-09-30": "176.74800", "2011-06-30": "153.99200", "2011-03-31": "148.52100", "2010-12-31": "153.58000", "2010-09-30": "168.24200", "2010-06-30": "154.20900", "2010-03-31": "213.87900", "2009-12-31": "263.70700", "2009-09-30": "242.51800", "2009-06-30": "226.45700", "2009-03-31": "176.35200", "2008-12-31": "182.56000", "2008-09-30": "158.77000", "2008-06-30": "152.53100", "2008-03-31": "125.41300", "2007-12-31": "157.63800", "2007-09-30": "152.08200", "2007-06-30": "130.13100", "2007-03-31": "93.67000", "2006-12-31": "110.97900", "2006-09-30": "109.10300", "2006-06-30": "100.19500", "2006-03-31": "69.03100", "2005-12-31": "97.61400", "2005-09-30": "77.10900", "2005-06-30": "149.66600", "2005-03-31": "142.26000"}, "Long Term Debt": {"2020-09-30": "2833.12000", "2020-06-30": "3146.77900", "2020-03-31": "3382.19300", "2019-12-31": "2753.60400", "2019-09-30": "2835.69600", "2019-06-30": "2762.80600", "2019-03-31": "2826.62400", "2018-12-31": "2684.56800", "2018-09-30": "2519.15300", "2018-06-30": "2540.95500", "2018-03-31": "2603.98200", "2017-12-31": "2539.02600", "2017-09-30": "2432.01400", "2017-06-30": "2374.38300", "2017-03-31": "2385.41100", "2016-12-31": "2315.26700", "2016-09-30": "2351.19800", "2016-06-30": "2369.30800", "2016-03-31": "2420.29400", "2015-12-31": "1874.94100", "2015-09-30": "1949.05500", "2015-06-30": "1922.88700", "2015-03-31": "1937.51500", "2014-12-31": "1884.27000", "2014-09-30": "1925.47600", "2014-06-30": "1912.23100", "2014-03-31": "1945.98500", "2013-12-31": "1882.86700", "2013-09-30": "1748.98000", "2013-06-30": "1764.68700", "2013-03-31": "2121.55700", "2012-12-31": "2127.72000", "2012-09-30": "2039.95500", "2012-06-30": "2031.74200", "2012-03-31": "2161.35300", "2011-12-31": "2141.21800", "2011-09-30": "2214.07100", "2011-06-30": "2285.00800", "2011-03-31": "2351.05700", "2010-12-31": "2403.44600", "2010-09-30": "2456.51000", "2010-06-30": "2534.43300", "2010-03-31": "2508.83700", "2009-12-31": "2553.63000", "2009-09-30": "2588.21900", "2009-06-30": "2781.60500", "2009-03-31": "2907.16400", "2008-12-31": "2755.69800", "2008-09-30": "2853.42300", "2008-06-30": "2875.29300", "2008-03-31": "2781.46600", "2007-12-31": "2694.02800", "2007-09-30": "2607.78800", "2007-06-30": "2493.41700", "2007-03-31": "2455.96500", "2006-12-31": "1981.82000", "2006-09-30": "1840.90200", "2006-06-30": "1795.97000", "2006-03-31": "1729.76500", "2005-12-31": "1573.53800", "2005-09-30": "1603.80200", "2005-06-30": "1538.76100", "2005-03-31": "1597.42900"}, "Other Non-Current Liabilities": {"2020-09-30": "257.96200", "2020-06-30": "259.02300", "2020-03-31": "256.87800", "2019-12-31": "260.54300", "2019-09-30": "258.76300", "2019-06-30": "256.95700", "2019-03-31": "256.84000", "2018-12-31": "252.52000", "2018-09-30": "250.01600", "2018-06-30": "246.06400", "2018-03-31": "245.91000", "2017-12-31": "244.94800", "2017-09-30": "241.67700", "2017-06-30": "239.81000", "2017-03-31": "239.33600", "2016-12-31": "236.48600", "2016-09-30": "234.18000", "2016-06-30": "232.76800", "2016-03-31": "234.76000", "2015-12-31": "228.86200", "2015-09-30": "228.74400", "2015-06-30": "232.45000", "2015-03-31": "230.37700", "2014-12-31": "227.74100", "2014-09-30": "226.58600", "2014-06-30": "226.00500", "2014-03-31": "223.92300", "2013-12-31": "221.30200", "2013-09-30": "218.04300", "2013-06-30": "212.99900", "2013-03-31": "208.66800", "2012-12-31": "206.04700", "2012-09-30": "200.64700", "2012-06-30": "198.11500", "2012-03-31": "196.88800", "2011-12-31": "193.47600", "2011-09-30": "191.64800", "2011-06-30": "191.79400", "2011-03-31": "189.87600", "2010-12-31": "186.17800", "2010-09-30": "185.31200", "2010-06-30": "189.21600", "2010-03-31": "187.33900", "2009-12-31": "178.27600", "2009-09-30": "178.90600", "2009-06-30": "172.80200", "2009-03-31": "173.47200", "2008-12-31": "176.07700", "2008-09-30": "174.63800", "2008-06-30": "174.34300", "2008-03-31": "171.39600", "2007-12-31": "162.97200", "2007-09-30": "160.87000", "2007-06-30": "159.08100", "2007-03-31": "155.97900", "2006-12-31": "152.87700", "2006-09-30": "150.43500", "2006-06-30": "148.89200", "2006-03-31": "147.52800", "2005-12-31": "144.90400", "2005-09-30": "144.82000", "2005-06-30": "145.06700", "2005-03-31": "143.74900"}, "Total Long Term Liabilities": {"2020-09-30": "4127.44600", "2020-06-30": "4464.34800", "2020-03-31": "4716.28500", "2019-12-31": "4088.04100", "2019-09-30": "4143.74200", "2019-06-30": "4055.39500", "2019-03-31": "4133.74900", "2018-12-31": "2957.82200", "2018-09-30": "2771.67700", "2018-06-30": "2788.41500", "2018-03-31": "2850.73700", "2017-12-31": "2784.85800", "2017-09-30": "2674.01700", "2017-06-30": "2614.40300", "2017-03-31": "2624.74700", "2016-12-31": "2552.03200", "2016-09-30": "2587.12300", "2016-06-30": "2604.11100", "2016-03-31": "2656.52000", "2015-12-31": "2105.85500", "2015-09-30": "2178.29700", "2015-06-30": "2155.33700", "2015-03-31": "2167.89200", "2014-12-31": "2112.01100", "2014-09-30": "2297.74700", "2014-06-30": "2255.57300", "2014-03-31": "2281.90600", "2013-12-31": "2223.31900", "2013-09-30": "2093.27600", "2013-06-30": "2089.93300", "2013-03-31": "2430.92300", "2012-12-31": "2433.29700", "2012-09-30": "2335.98700", "2012-06-30": "2311.87900", "2012-03-31": "2426.97900", "2011-12-31": "2427.01100", "2011-09-30": "2498.37100", "2011-06-30": "2563.34600", "2011-03-31": "2622.84500", "2010-12-31": "2676.85800", "2010-09-30": "2734.30100", "2010-06-30": "2819.56900", "2010-03-31": "2798.03800", "2009-12-31": "2848.03600", "2009-09-30": "2883.70500", "2009-06-30": "3065.90000", "2009-03-31": "3204.18200", "2008-12-31": "3063.84700", "2008-09-30": "3158.63400", "2008-06-30": "3175.19100", "2008-03-31": "3084.53900", "2007-12-31": "2993.11800", "2007-09-30": "2896.63300", "2007-06-30": "2779.30500", "2007-03-31": "2741.63700", "2006-12-31": "2274.71600", "2006-09-30": "2140.13300", "2006-06-30": "2096.29800", "2006-03-31": "1979.73200", "2005-12-31": "1826.13800", "2005-09-30": "1857.84300", "2005-06-30": "1785.99900", "2005-03-31": "1835.98000"}, "Total Liabilities": {"2020-09-30": "4639.35000", "2020-06-30": "4858.21000", "2020-03-31": "5255.21700", "2019-12-31": "4760.84900", "2019-09-30": "4763.91500", "2019-06-30": "4659.87000", "2019-03-31": "4684.96600", "2018-12-31": "3412.85700", "2018-09-30": "3027.66100", "2018-06-30": "3046.45000", "2018-03-31": "3074.32800", "2017-12-31": "3110.85200", "2017-09-30": "2912.70400", "2017-06-30": "2874.97200", "2017-03-31": "2870.86700", "2016-12-31": "2829.35600", "2016-09-30": "2846.21400", "2016-06-30": "2872.79000", "2016-03-31": "2873.52900", "2015-12-31": "2342.68500", "2015-09-30": "2410.54000", "2015-06-30": "2386.27600", "2015-03-31": "2374.03600", "2014-12-31": "2337.35200", "2014-09-30": "2522.54700", "2014-06-30": "2490.81500", "2014-03-31": "2484.52000", "2013-12-31": "2468.67200", "2013-09-30": "2691.93100", "2013-06-30": "2649.32400", "2013-03-31": "2629.91700", "2012-12-31": "2652.40500", "2012-09-30": "2532.26300", "2012-06-30": "2620.91700", "2012-03-31": "2595.72000", "2011-12-31": "2588.35500", "2011-09-30": "2675.11900", "2011-06-30": "2717.33800", "2011-03-31": "2771.36600", "2010-12-31": "2830.43800", "2010-09-30": "2902.54300", "2010-06-30": "2973.77800", "2010-03-31": "3011.91700", "2009-12-31": "3111.74300", "2009-09-30": "3126.22300", "2009-06-30": "3292.35700", "2009-03-31": "3380.53400", "2008-12-31": "3246.40700", "2008-09-30": "3317.40400", "2008-06-30": "3327.72200", "2008-03-31": "3209.95200", "2007-12-31": "3150.75600", "2007-09-30": "3048.71500", "2007-06-30": "2909.43600", "2007-03-31": "2835.30700", "2006-12-31": "2385.69500", "2006-09-30": "2249.23600", "2006-06-30": "2196.49300", "2006-03-31": "2048.76300", "2005-12-31": "1923.75200", "2005-09-30": "1934.95200", "2005-06-30": "1935.66500", "2005-03-31": "1978.24000"}, "Common Stock Net": {"2020-09-30": "0.10100", "2020-06-30": "0.10100", "2020-03-31": "0.10100", "2019-12-31": "0.10100", "2019-09-30": "0.10100", "2019-06-30": "0.10000", "2019-03-31": "0.10000", "2018-12-31": "0.10000", "2018-09-30": "0.09900", "2018-06-30": "0.09900", "2018-03-31": "0.09800", "2017-12-31": "0.09800", "2017-09-30": "0.09800", "2017-06-30": "0.09800", "2017-03-31": "0.09800", "2016-12-31": "0.09800", "2016-09-30": "0.09800", "2016-06-30": "0.09800", "2016-03-31": "0.09800", "2015-12-31": "0.09700", "2015-09-30": "0.09700", "2015-06-30": "0.09700", "2015-03-31": "0.09700", "2014-12-31": "0.09600", "2014-09-30": "0.11300", "2014-06-30": "0.11300", "2014-03-31": "0.11300", "2013-12-31": "0.11200", "2013-09-30": "0.11200", "2013-06-30": "0.11200", "2013-03-31": "0.11200", "2012-12-31": "0.11100", "2012-09-30": "0.11100", "2012-06-30": "0.11100", "2012-03-31": "0.11000", "2011-12-31": "0.11000", "2011-09-30": "0.11000", "2011-06-30": "0.11000", "2011-03-31": "0.11000", "2010-12-31": "0.10900", "2010-09-30": "0.10900", "2010-06-30": "0.10900", "2010-03-31": "0.10900", "2009-12-31": "0.10900", "2009-09-30": "0.10900", "2009-06-30": "0.10900", "2009-03-31": "0.10800", "2008-12-31": "0.10800", "2008-09-30": "0.10800", "2008-06-30": "0.10800", "2008-03-31": "0.10800", "2007-12-31": "0.10800", "2007-09-30": "0.10700", "2007-06-30": "0.10700", "2007-03-31": "0.10700", "2006-12-31": "0.10700", "2006-09-30": "0.10700", "2006-06-30": "0.10700", "2006-03-31": "0.10700", "2005-12-31": "0.10600", "2005-09-30": "0.10600", "2005-06-30": "0.10600", "2005-03-31": "0.10500"}, "Retained Earnings (Accumulated Deficit)": {"2020-09-30": "-775.50000", "2020-06-30": "-787.75100", "2020-03-31": "-768.69300", "2019-12-31": "-708.40800", "2019-09-30": "-714.59600", "2019-06-30": "-717.82400", "2019-03-31": "-740.09000", "2018-12-31": "-695.33700", "2018-09-30": "-699.34200", "2018-06-30": "-703.13000", "2018-03-31": "-713.68700", "2017-12-31": "-639.10600", "2017-09-30": "-644.64400", "2017-06-30": "-659.47600", "2017-03-31": "-670.44700", "2016-12-31": "-630.95500", "2016-09-30": "-637.37200", "2016-06-30": "-648.40400", "2016-03-31": "-657.31000", "2015-12-31": "-635.79900", "2015-09-30": "-645.53900", "2015-06-30": "-664.77800", "2015-03-31": "-657.45700", "2014-12-31": "-632.85900", "2014-09-30": "-760.41800", "2014-06-30": "-716.18700", "2014-03-31": "-652.50500", "2013-12-31": "-647.57700", "2013-09-30": "-640.89100", "2013-06-30": "-659.14000", "2013-03-31": "-680.30400", "2012-12-31": "-687.35100", "2012-09-30": "-681.27000", "2012-06-30": "-692.67500", "2012-03-31": "-706.50600", "2011-12-31": "-683.59900", "2011-09-30": "-689.87900", "2011-06-30": "-693.78000", "2011-03-31": "-705.11500", "2010-12-31": "-691.78400", "2010-09-30": "-684.57300", "2010-06-30": "-685.26200", "2010-03-31": "-676.23400", "2009-12-31": "-651.31700", "2009-09-30": "-631.54200", "2009-06-30": "-622.16800", "2009-03-31": "-610.25800", "2008-12-31": "-592.91400", "2008-09-30": "-571.23600", "2008-06-30": "-574.89500", "2008-03-31": "-589.14800", "2007-12-31": "-587.52300", "2007-09-30": "-591.90300", "2007-06-30": "-606.33800", "2007-03-31": "-624.62700", "2006-12-31": "-315.07200", "2006-09-30": "-317.31500", "2006-06-30": "-334.06300", "2006-03-31": "-352.34400", "2005-12-31": "-353.79300", "2005-09-30": "-359.62000", "2005-06-30": "-371.61000", "2005-03-31": "-390.26300"}, "Comprehensive Income": {"2020-09-30": "0.15700", "2020-06-30": "-0.17300", "2020-03-31": "-0.91300", "2019-12-31": "0.68500", "2019-09-30": "0.38400", "2019-06-30": "0.55800", "2019-03-31": "0.27100", "2018-12-31": "0.01200", "2018-09-30": "0.70300", "2018-06-30": "0.48200", "2018-03-31": "0.75900", "2017-12-31": "1.30200", "2017-09-30": "1.48000", "2017-06-30": "0.26400", "2017-03-31": "-0.48100", "2016-12-31": "-0.62400", "2016-09-30": "-0.02700", "2016-06-30": "0.30100", "2016-03-31": "0.29000", "2015-12-31": "-1.17800", "2015-09-30": "-0.46200", "2015-06-30": "1.25100", "2015-03-31": "0.84400", "2014-12-31": "2.45400", "2014-09-30": "3.35200", "2014-06-30": "4.15200", "2014-03-31": "3.48300", "2013-12-31": "3.86700", "2013-09-30": "4.97300", "2013-06-30": "4.43900", "2013-03-31": "5.31200", "2012-12-31": "5.97800", "2012-09-30": "6.37400", "2012-06-30": "5.22200", "2012-03-31": "6.00700", "2011-12-31": "5.32600", "2011-09-30": "4.80700", "2011-06-30": "6.51100", "2011-03-31": "6.84200", "2010-12-31": "6.11000", "2010-09-30": "5.08700", "2010-06-30": "4.65200", "2010-03-31": "5.30900", "2009-12-31": "5.24800", "2009-09-30": "2.62600", "2009-06-30": "0.89300", "2009-03-31": "-2.10500", "2008-12-31": "-1.06600", "2008-09-30": "7.46000", "2008-06-30": "7.73000", "2008-03-31": "4.88500", "2007-12-31": "9.28600", "2007-09-30": "6.02000", "2007-06-30": "4.49000", "2007-03-31": "1.60000", "2006-12-31": "2.25300", "2006-09-30": "", "2006-06-30": "", "2006-03-31": "", "2005-12-31": "", "2005-09-30": "", "2005-06-30": "", "2005-03-31": ""}, "Other Share Holders Equity": {"2020-09-30": "", "2020-06-30": "", "2020-03-31": "", "2019-12-31": "", "2019-09-30": "", "2019-06-30": "", "2019-03-31": "", "2018-12-31": "", "2018-09-30": "", "2018-06-30": "", "2018-03-31": "", "2017-12-31": "", "2017-09-30": "", "2017-06-30": "", "2017-03-31": "", "2016-12-31": "", "2016-09-30": "", "2016-06-30": "", "2016-03-31": "", "2015-12-31": "", "2015-09-30": "", "2015-06-30": "", "2015-03-31": "", "2014-12-31": "", "2014-09-30": "", "2014-06-30": "", "2014-03-31": "", "2013-12-31": "", "2013-09-30": "", "2013-06-30": "", "2013-03-31": "", "2012-12-31": "", "2012-09-30": "", "2012-06-30": "", "2012-03-31": "", "2011-12-31": "", "2011-09-30": "", "2011-06-30": "", "2011-03-31": "", "2010-12-31": "", "2010-09-30": "", "2010-06-30": "", "2010-03-31": "", "2009-12-31": "", "2009-09-30": "", "2009-06-30": "", "2009-03-31": "", "2008-12-31": "", "2008-09-30": "", "2008-06-30": "", "2008-03-31": "", "2007-12-31": "", "2007-09-30": "", "2007-06-30": "", "2007-03-31": "", "2006-12-31": "", "2006-09-30": "", "2006-06-30": "", "2006-03-31": "", "2005-12-31": "", "2005-09-30": "", "2005-06-30": "", "2005-03-31": ""}, "Share Holder Equity": {"2020-09-30": "1139.05300", "2020-06-30": "1123.37100", "2020-03-31": "1137.78400", "2019-12-31": "1180.30600", "2019-09-30": "1167.82100", "2019-06-30": "1139.29500", "2019-03-31": "1109.57800", "2018-12-31": "1131.78400", "2018-09-30": "1096.95900", "2018-06-30": "1073.52000", "2018-03-31": "1040.19900", "2017-12-31": "1103.49300", "2017-09-30": "1090.52600", "2017-06-30": "1071.10500", "2017-03-31": "1053.72800", "2016-12-31": "1069.52800", "2016-09-30": "1056.30600", "2016-06-30": "1039.73100", "2016-03-31": "1020.98300", "2015-12-31": "1021.05900", "2015-09-30": "1005.86000", "2015-06-30": "983.43000", "2015-03-31": "981.18800", "2014-12-31": "981.46600", "2014-09-30": "847.21300", "2014-06-30": "885.65500", "2014-03-31": "942.05800", "2013-12-31": "932.94600", "2013-09-30": "933.49100", "2013-06-30": "909.19700", "2013-03-31": "880.74100", "2012-12-31": "861.62500", "2012-09-30": "860.93100", "2012-06-30": "839.63300", "2012-03-31": "821.11100", "2011-12-31": "838.99800", "2011-09-30": "826.63200", "2011-06-30": "820.91100", "2011-03-31": "806.09700", "2010-12-31": "818.52300", "2010-09-30": "816.40100", "2010-06-30": "807.37500", "2010-03-31": "810.41400", "2009-12-31": "831.79800", "2009-09-30": "844.70400", "2009-06-30": "851.33500", "2009-03-31": "854.48600", "2008-12-31": "870.61800", "2008-09-30": "871.62000", "2008-06-30": "861.57900", "2008-03-31": "876.34700", "2007-12-31": "931.00700", "2007-09-30": "956.32200", "2007-06-30": "1076.05400", "2007-03-31": "1107.08200", "2006-12-31": "1538.53300", "2006-09-30": "1648.54500", "2006-06-30": "1664.02600", "2006-03-31": "1731.71800", "2005-12-31": "1817.48200", "2005-09-30": "1831.29100", "2005-06-30": "1813.08300", "2005-03-31": "1786.82900"}, "Total Liabilities And Share Holders Equity": {"2020-09-30": "5778.40300", "2020-06-30": "5981.58100", "2020-03-31": "6393.00100", "2019-12-31": "5941.15500", "2019-09-30": "5931.73600", "2019-06-30": "5799.16500", "2019-03-31": "5794.54400", "2018-12-31": "4544.64100", "2018-09-30": "4124.62000", "2018-06-30": "4119.97000", "2018-03-31": "4114.52700", "2017-12-31": "4214.34500", "2017-09-30": "4003.23000", "2017-06-30": "3946.07700", "2017-03-31": "3924.59500", "2016-12-31": "3898.88400", "2016-09-30": "3902.52000", "2016-06-30": "3912.52100", "2016-03-31": "3894.51200", "2015-12-31": "3363.74400", "2015-09-30": "3416.40000", "2015-06-30": "3369.70600", "2015-03-31": "3355.22400", "2014-12-31": "3318.81800", "2014-09-30": "3369.76000", "2014-06-30": "3376.47000", "2014-03-31": "3426.57800", "2013-12-31": "3401.61800", "2013-09-30": "3625.42200", "2013-06-30": "3558.52100", "2013-03-31": "3510.65800", "2012-12-31": "3514.03000", "2012-09-30": "3393.19400", "2012-06-30": "3460.55000", "2012-03-31": "3416.83100", "2011-12-31": "3427.35300", "2011-09-30": "3501.75100", "2011-06-30": "3538.24900", "2011-03-31": "3577.46300", "2010-12-31": "3648.96100", "2010-09-30": "3718.94400", "2010-06-30": "3781.15300", "2010-03-31": "3822.33100", "2009-12-31": "3943.54100", "2009-09-30": "3970.92700", "2009-06-30": "4143.69200", "2009-03-31": "4235.02000", "2008-12-31": "4117.02500", "2008-09-30": "4189.02400", "2008-06-30": "4189.30100", "2008-03-31": "4086.29900", "2007-12-31": "4081.76300", "2007-09-30": "4005.03700", "2007-06-30": "3985.49000", "2007-03-31": "3942.38900", "2006-12-31": "3924.22800", "2006-09-30": "3897.78100", "2006-06-30": "3860.51900", "2006-03-31": "3780.48100", "2005-12-31": "3741.23400", "2005-09-30": "3766.24300", "2005-06-30": "3748.74800", "2005-03-31": "3765.06900"}}, "cash flow statement": {"Net Income/Loss": {"2019-12-31": "372.11100", "2018-12-31": "305.23200", "2017-12-31": "317.67600", "2016-12-31": "298.80900", "2015-12-31": "262.57000", "2014-12-31": "253.51800", "2013-12-31": "40.13900", "2012-12-31": "7.89000", "2011-12-31": "6.85800", "2010-12-31": "-40.10200", "2009-12-31": "-58.03800", "2008-12-31": "2.16200", "2007-12-31": "40.98200", "2006-12-31": "43.89900", "2005-12-31": "41.77900"}, "Total Depreciation And Amortization - Cash Flow": {"2019-12-31": "255.39300", "2018-12-31": "230.18100", "2017-12-31": "216.22400", "2016-12-31": "210.29100", "2015-12-31": "196.11500", "2014-12-31": "263.21200", "2013-12-31": "315.24600", "2012-12-31": "313.82400", "2011-12-31": "318.15600", "2010-12-31": "329.63700", "2009-12-31": "356.16700", "2008-12-31": "347.79100", "2007-12-31": "317.62000", "2006-12-31": "306.47800", "2005-12-31": "292.54700"}, "Other Non-Cash Items": {"2019-12-31": "18.88400", "2018-12-31": "61.62800", "2017-12-31": "12.57200", "2016-12-31": "23.19000", "2015-12-31": "34.73000", "2014-12-31": "-65.17000", "2013-12-31": "60.26000", "2012-12-31": "54.08100", "2011-12-31": "11.99100", "2010-12-31": "14.48500", "2009-12-31": "-5.18400", "2008-12-31": "34.13100", "2007-12-31": "18.13900", "2006-12-31": "19.69500", "2005-12-31": "33.38900"}, "Total Non-Cash Items": {"2019-12-31": "274.27700", "2018-12-31": "291.80900", "2017-12-31": "228.79600", "2016-12-31": "233.48100", "2015-12-31": "230.84500", "2014-12-31": "198.04200", "2013-12-31": "375.50600", "2012-12-31": "367.90500", "2011-12-31": "330.14700", "2010-12-31": "344.12200", "2009-12-31": "350.98300", "2008-12-31": "381.92200", "2007-12-31": "335.75900", "2006-12-31": "326.17300", "2005-12-31": "325.93600"}, "Change In Accounts Receivable": {"2019-12-31": "-28.35700", "2018-12-31": "-33.29200", "2017-12-31": "-17.52400", "2016-12-31": "-22.67700", "2015-12-31": "-9.03400", "2014-12-31": "-13.55300", "2013-12-31": "-6.66300", "2012-12-31": "-13.78300", "2011-12-31": "-14.62200", "2010-12-31": "-4.53900", "2009-12-31": "-2.08300", "2008-12-31": "-11.01300", "2007-12-31": "-10.85900", "2006-12-31": "-17.58300", "2005-12-31": "-24.91500"}, "Change In Inventories": {"2019-12-31": "", "2018-12-31": "", "2017-12-31": "", "2016-12-31": "", "2015-12-31": "", "2014-12-31": "", "2013-12-31": "", "2012-12-31": "", "2011-12-31": "", "2010-12-31": "", "2009-12-31": "", "2008-12-31": "", "2007-12-31": "", "2006-12-31": "", "2005-12-31": ""}, "Change In Accounts Payable": {"2019-12-31": "0.70000", "2018-12-31": "1.36600", "2017-12-31": "0.30900", "2016-12-31": "-0.74600", "2015-12-31": "-0.45800", "2014-12-31": "1.07600", "2013-12-31": "-0.08900", "2012-12-31": "-0.12700", "2011-12-31": "-0.48900", "2010-12-31": "2.46000", "2009-12-31": "-4.38300", "2008-12-31": "-4.45200", "2007-12-31": "5.36700", "2006-12-31": "0.83700", "2005-12-31": "3.31800"}, "Change In Assets/Liabilities": {"2019-12-31": "13.73100", "2018-12-31": "6.02300", "2017-12-31": "-12.73300", "2016-12-31": "2.71100", "2015-12-31": "-9.60800", "2014-12-31": "5.17300", "2013-12-31": "-7.81700", "2012-12-31": "11.76500", "2011-12-31": "-2.44300", "2010-12-31": "21.15400", "2009-12-31": "-2.41200", "2008-12-31": "-22.07800", "2007-12-31": "-18.90200", "2006-12-31": "0.18700", "2005-12-31": "-9.01600"}, "Total Change In Assets/Liabilities": {"2019-12-31": "-15.52300", "2018-12-31": "-32.19500", "2017-12-31": "-39.45600", "2016-12-31": "-10.46700", "2015-12-31": "-15.76500", "2014-12-31": "0.96900", "2013-12-31": "-20.94000", "2012-12-31": "0.11400", "2011-12-31": "-18.18400", "2010-12-31": "18.80000", "2009-12-31": "0.79800", "2008-12-31": "-37.56400", "2007-12-31": "-22.27200", "2006-12-31": "-5.55500", "2005-12-31": "-20.45800"}, "Cash Flow From Operating Activities": {"2019-12-31": "630.86500", "2018-12-31": "564.84600", "2017-12-31": "507.01600", "2016-12-31": "521.82300", "2015-12-31": "477.65000", "2014-12-31": "452.52900", "2013-12-31": "394.70500", "2012-12-31": "375.90900", "2011-12-31": "318.82100", "2010-12-31": "322.82000", "2009-12-31": "293.74300", "2008-12-31": "346.52000", "2007-12-31": "354.46900", "2006-12-31": "364.51700", "2005-12-31": "347.25700"}, "Net Change In Property, Plant, And Equipment": {"2019-12-31": "-135.51800", "2018-12-31": "-110.99000", "2017-12-31": "-103.27600", "2016-12-31": "-95.95000", "2015-12-31": "-99.99600", "2014-12-31": "-103.43800", "2013-12-31": "-98.78100", "2012-12-31": "-97.45300", "2011-12-31": "-93.92400", "2010-12-31": "-35.01700", "2009-12-31": "-24.75000", "2008-12-31": "-187.73500", "2007-12-31": "-196.90800", "2006-12-31": "-209.91600", "2005-12-31": "-115.56700"}, "Net Change In Intangible Assets": {"2019-12-31": "", "2018-12-31": "", "2017-12-31": "", "2016-12-31": "", "2015-12-31": "", "2014-12-31": "", "2013-12-31": "", "2012-12-31": "", "2011-12-31": "", "2010-12-31": "", "2009-12-31": "", "2008-12-31": "", "2007-12-31": "", "2006-12-31": "", "2005-12-31": ""}, "Net Acquisitions/Divestitures": {"2019-12-31": "-226.27800", "2018-12-31": "-477.38900", "2017-12-31": "-297.30500", "2016-12-31": "-585.05400", "2015-12-31": "-153.87700", "2014-12-31": "-65.02100", "2013-12-31": "-92.24800", "2012-12-31": "-206.06800", "2011-12-31": "-23.49700", "2010-12-31": "-6.70300", "2009-12-31": "-4.45700", "2008-12-31": "-249.95100", "2007-12-31": "-153.59300", "2006-12-31": "-227.64900", "2005-12-31": "-145.22800"}, "Net Change In Short-term Investments": {"2019-12-31": "", "2018-12-31": "", "2017-12-31": "", "2016-12-31": "", "2015-12-31": "", "2014-12-31": "", "2013-12-31": "", "2012-12-31": "", "2011-12-31": "", "2010-12-31": "", "2009-12-31": "", "2008-12-31": "", "2007-12-31": "", "2006-12-31": "", "2005-12-31": ""}, "Net Change In Long-Term Investments": {"2019-12-31": "", "2018-12-31": "", "2017-12-31": "", "2016-12-31": "", "2015-12-31": "", "2014-12-31": "", "2013-12-31": "", "2012-12-31": "", "2011-12-31": "", "2010-12-31": "", "2009-12-31": "", "2008-12-31": "", "2007-12-31": "", "2006-12-31": "", "2005-12-31": ""}, "Net Change In Investments - Total": {"2019-12-31": "", "2018-12-31": "", "2017-12-31": "", "2016-12-31": "", "2015-12-31": "", "2014-12-31": "", "2013-12-31": "", "2012-12-31": "", "2011-12-31": "", "2010-12-31": "", "2009-12-31": "", "2008-12-31": "", "2007-12-31": "", "2006-12-31": "", "2005-12-31": ""}, "Investing Activities - Other": {"2019-12-31": "-0.23800", "2018-12-31": "4.23100", "2017-12-31": "0.51500", "2016-12-31": "0.02100", "2015-12-31": "-0.00700", "2014-12-31": "4.46200", "2013-12-31": "-0.84000", "2012-12-31": "0.12200", "2011-12-31": "0.16600", "2010-12-31": "0.24000", "2009-12-31": "0.16800", "2008-12-31": "0.26700", "2007-12-31": "9.42000", "2006-12-31": "-1.33100", "2005-12-31": "-7.17500"}, "Cash Flow From Investing Activities": {"2019-12-31": "-362.03400", "2018-12-31": "-584.14800", "2017-12-31": "-400.06600", "2016-12-31": "-680.98300", "2015-12-31": "-253.88000", "2014-12-31": "-163.99700", "2013-12-31": "-191.86900", "2012-12-31": "-303.39900", "2011-12-31": "-117.25500", "2010-12-31": "-41.48000", "2009-12-31": "-29.03900", "2008-12-31": "-437.41900", "2007-12-31": "-341.08100", "2006-12-31": "-438.89600", "2005-12-31": "-267.97000"}, "Net Long-Term Debt": {"2019-12-31": "81.52900", "2018-12-31": "144.13200", "2017-12-31": "203.50700", "2016-12-31": "458.88200", "2015-12-31": "19.53200", "2014-12-31": "-54.60800", "2013-12-31": "-243.43400", "2012-12-31": "-37.29400", "2011-12-31": "-261.05300", "2010-12-31": "-277.99800", "2009-12-31": "-152.86100", "2008-12-31": "110.58800", "2007-12-31": "735.30200", "2006-12-31": "410.37900", "2005-12-31": "-91.53900"}, "Net Current Debt": {"2019-12-31": "", "2018-12-31": "", "2017-12-31": "", "2016-12-31": "", "2015-12-31": "", "2014-12-31": "", "2013-12-31": "", "2012-12-31": "", "2011-12-31": "", "2010-12-31": "", "2009-12-31": "", "2008-12-31": "", "2007-12-31": "", "2006-12-31": "", "2005-12-31": ""}, "Debt Issuance/Retirement Net - Total": {"2019-12-31": "81.52900", "2018-12-31": "144.13200", "2017-12-31": "203.50700", "2016-12-31": "458.88200", "2015-12-31": "19.53200", "2014-12-31": "-54.60800", "2013-12-31": "-243.43400", "2012-12-31": "-37.29400", "2011-12-31": "-261.05300", "2010-12-31": "-277.99800", "2009-12-31": "-152.86100", "2008-12-31": "110.58800", "2007-12-31": "735.30200", "2006-12-31": "410.37900", "2005-12-31": "-91.53900"}, "Net Common Equity Issued/Repurchased": {"2019-12-31": "35.38000", "2018-12-31": "58.55000", "2017-12-31": "17.68700", "2016-12-31": "16.87800", "2015-12-31": "22.30000", "2014-12-31": "17.62800", "2013-12-31": "16.69300", "2012-12-31": "12.74200", "2011-12-31": "1.97600", "2010-12-31": "8.53100", "2009-12-31": "4.79600", "2008-12-31": "-82.20800", "2007-12-31": "-376.29500", "2006-12-31": "-338.71300", "2005-12-31": "-6.85000"}, "Net Total Equity Issued/Repurchased": {"2019-12-31": "35.38000", "2018-12-31": "58.55000", "2017-12-31": "17.68700", "2016-12-31": "16.87800", "2015-12-31": "22.30000", "2014-12-31": "17.62800", "2013-12-31": "16.69300", "2012-12-31": "12.74200", "2011-12-31": "1.97600", "2010-12-31": "8.53100", "2009-12-31": "4.79600", "2008-12-31": "-82.20800", "2007-12-31": "-376.29500", "2006-12-31": "-338.71300", "2005-12-31": "-6.85000"}, "Total Common And Preferred Stock Dividends Paid": {"2019-12-31": "-385.18200", "2018-12-31": "-443.08800", "2017-12-31": "-244.20100", "2016-12-31": "-293.96500", "2015-12-31": "-265.51000", "2014-12-31": "-238.80000", "2013-12-31": "-0.36500", "2012-12-31": "-0.36500", "2011-12-31": "-0.36500", "2010-12-31": "-0.36500", "2009-12-31": "-0.36500", "2008-12-31": "-0.36500", "2007-12-31": "-318.66800", "2006-12-31": "-0.36500", "2005-12-31": "-0.36500"}, "Financial Activities - Other": {"2019-12-31": "3.91600", "2018-12-31": "166.84300", "2017-12-31": "-5.63400", "2016-12-31": "-9.88700", "2015-12-31": "-1.13000", "2014-12-31": "-18.53500", "2013-12-31": "-0.08900", "2012-12-31": "-22.50000", "2011-12-31": "", "2010-12-31": "-32.59700", "2009-12-31": "-19.91900", "2008-12-31": "1.98700", "2007-12-31": "-1.06200", "2006-12-31": "-4.32800", "2005-12-31": "-5.31500"}, "Cash Flow From Financial Activities": {"2019-12-31": "-264.35700", "2018-12-31": "-73.56300", "2017-12-31": "-28.64100", "2016-12-31": "171.90800", "2015-12-31": "-224.80800", "2014-12-31": "-294.31500", "2013-12-31": "-227.19500", "2012-12-31": "-47.41700", "2011-12-31": "-259.44200", "2010-12-31": "-302.42900", "2009-12-31": "-168.34900", "2008-12-31": "30.00200", "2007-12-31": "39.27700", "2006-12-31": "66.97300", "2005-12-31": "-104.06900"}, "Net Cash Flow": {"2019-12-31": "4.69400", "2018-12-31": "-93.97700", "2017-12-31": "79.94100", "2016-12-31": "13.20300", "2015-12-31": "-3.70800", "2014-12-31": "-7.17700", "2013-12-31": "-25.69900", "2012-12-31": "25.40800", "2011-12-31": "-58.17600", "2010-12-31": "-20.57400", "2009-12-31": "98.11400", "2008-12-31": "-61.90900", "2007-12-31": "64.25200", "2006-12-31": "-7.62300", "2005-12-31": "-24.78200"}, "Stock-Based Compensation": {"2019-12-31": "29.64700", "2018-12-31": "29.44300", "2017-12-31": "9.59900", "2016-12-31": "28.56000", "2015-12-31": "25.89000", "2014-12-31": "24.12000", "2013-12-31": "24.93600", "2012-12-31": "14.46600", "2011-12-31": "11.65000", "2010-12-31": "17.83900", "2009-12-31": "12.46200", "2008-12-31": "9.00500", "2007-12-31": "27.48800", "2006-12-31": "17.90600", "2005-12-31": ""}, "Common Stock Dividends Paid": {"2019-12-31": "-385.18200", "2018-12-31": "-443.08800", "2017-12-31": "-244.20100", "2016-12-31": "-293.96500", "2015-12-31": "-265.51000", "2014-12-31": "-238.80000", "2013-12-31": "-0.36500", "2012-12-31": "-0.36500", "2011-12-31": "-0.36500", "2010-12-31": "-0.36500", "2009-12-31": "-0.36500", "2008-12-31": "-0.36500", "2007-12-31": "-318.66800", "2006-12-31": "-0.36500", "2005-12-31": "-0.36500"}}, "cash flow statement, quarterly": {"Net Income/Loss": {"2020-09-30": 62.758, "2020-06-30": 31.429, "2020-03-31": "40.49300", "2019-12-31": 102.753, "2019-09-30": 99.709, "2019-06-30": 118.396, "2019-03-31": "51.25300", "2018-12-31": 95.693, "2018-09-30": 94.056, "2018-06-30": 100.431, "2018-03-31": "15.05200", "2017-12-31": 87.164, "2017-09-30": 96.331, "2017-06-30": 92.394, "2017-03-31": "41.78700", "2016-12-31": 80.525, "2016-09-30": 85.061, "2016-06-30": 81.909, "2016-03-31": "51.31400", "2015-12-31": 76.529, "2015-09-30": 85.965, "2015-06-30": 59.36, "2015-03-31": "40.71600", "2014-12-31": 207.883, "2014-09-30": 35.05, "2014-06-30": 15.422, "2014-03-31": "-4.83700", "2013-12-31": 10.186, "2013-09-30": 17.094, "2013-06-30": 23.122, "2013-03-31": "-10.26300", "2012-12-31": 5.288, "2012-09-30": 11.496, "2012-06-30": 13.922, "2012-03-31": "-22.81600", "2011-12-31": 4.68, "2011-09-30": 3.992, "2011-06-30": 11.426, "2011-03-31": "-13.24000", "2010-12-31": -7.119, "2010-09-30": 0.781, "2010-06-30": -8.937, "2010-03-31": "-24.82700", "2009-12-31": -19.682, "2009-09-30": -4.781, "2009-06-30": -11.837, "2009-03-31": "-21.73800", "2008-12-31": -8.589, "2008-09-30": 1.318, "2008-06-30": 12.64, "2008-03-31": "-3.20700", "2007-12-31": -0.762, "2007-09-30": 14.525, "2007-06-30": 18.38, "2007-03-31": "8.83900", "2006-12-31": 7.148, "2006-09-30": 16.839, "2006-06-30": 18.372, "2006-03-31": "1.54000", "2005-12-31": 5.919, "2005-09-30": 12.081, "2005-06-30": 18.744, "2005-03-31": "5.03500"}, "Total Depreciation And Amortization - Cash Flow": {"2020-09-30": 62.826, "2020-06-30": 65.498, "2020-03-31": "63.69100", "2019-12-31": 64.231, "2019-09-30": 65.293, "2019-06-30": 63.031, "2019-03-31": "62.83800", "2018-12-31": 59.268, "2018-09-30": 56.303, "2018-06-30": 56.528, "2018-03-31": "58.08200", "2017-12-31": 57.355, "2017-09-30": 53.039, "2017-06-30": 53.057, "2017-03-31": "52.77300", "2016-12-31": 53.569, "2016-09-30": 50.639, "2016-06-30": 53.212, "2016-03-31": "52.87100", "2015-12-31": 48.221, "2015-09-30": 47.615, "2015-06-30": 49.891, "2015-03-31": "50.38800", "2014-12-31": 56.339, "2014-09-30": 63.847, "2014-06-30": 72.217, "2014-03-31": "70.80900", "2013-12-31": 84.4, "2013-09-30": 77.445, "2013-06-30": 76.594, "2013-03-31": "76.80700", "2012-12-31": 81.44, "2012-09-30": 78.245, "2012-06-30": 77.269, "2012-03-31": "76.87000", "2011-12-31": 82.882, "2011-09-30": 79.85, "2011-06-30": 77.017, "2011-03-31": "78.40700", "2010-12-31": 82.934, "2010-09-30": 82.154, "2010-06-30": 82.258, "2010-03-31": "82.29100", "2009-12-31": 87.652, "2009-09-30": 87.867, "2009-06-30": 93.592, "2009-03-31": "87.05600", "2008-12-31": 98.271, "2008-09-30": 84.546, "2008-06-30": 86.036, "2008-03-31": "78.93800", "2007-12-31": 93.46, "2007-09-30": 75.485, "2007-06-30": 74.267, "2007-03-31": "74.40800", "2006-12-31": 79.303, "2006-09-30": 77.48, "2006-06-30": 75.304, "2006-03-31": "74.39100", "2005-12-31": 72.686, "2005-09-30": 76.042, "2005-06-30": 73.248, "2005-03-31": "70.57100"}, "Other Non-Cash Items": {"2020-09-30": 11.185, "2020-06-30": 5.946, "2020-03-31": "21.89900", "2019-12-31": 13.018, "2019-09-30": 13.985, "2019-06-30": -8.923, "2019-03-31": "0.80400", "2018-12-31": 9.067, "2018-09-30": 11.776, "2018-06-30": 7.022, "2018-03-31": "33.76300", "2017-12-31": 3.55, "2017-09-30": 2.125, "2017-06-30": 4.382, "2017-03-31": "2.51500", "2016-12-31": 6.882, "2016-09-30": 9.951, "2016-06-30": 9.816, "2016-03-31": "-3.45900", "2015-12-31": 10.035, "2015-09-30": 0.471, "2015-06-30": 21.674, "2015-03-31": "2.55000", "2014-12-31": -138.747, "2014-09-30": 33.663, "2014-06-30": 30.728, "2014-03-31": "9.18600", "2013-12-31": 19.546, "2013-09-30": 18.105, "2013-06-30": 18.932, "2013-03-31": "3.67700", "2012-12-31": 11.125, "2012-09-30": 17.816, "2012-06-30": 14.193, "2012-03-31": "10.94700", "2011-12-31": 0.596, "2011-09-30": 12.566, "2011-06-30": 7.244, "2011-03-31": "-8.41500", "2010-12-31": 2.604, "2010-09-30": 5.929, "2010-06-30": 16.539, "2010-03-31": "-10.58700", "2009-12-31": -3.448, "2009-09-30": 10.476, "2009-06-30": -4.296, "2009-03-31": "-7.91600", "2008-12-31": 7.751, "2008-09-30": 10.395, "2008-06-30": 17.457, "2008-03-31": "-1.47200", "2007-12-31": 3.43, "2007-09-30": 8.645, "2007-06-30": 7.248, "2007-03-31": "-1.18400", "2006-12-31": 8.158, "2006-09-30": -0.214, "2006-06-30": 14.978, "2006-03-31": "-3.22700", "2005-12-31": 5.115, "2005-09-30": 12.513, "2005-06-30": 12.499, "2005-03-31": "3.26200"}, "Total Non-Cash Items": {"2020-09-30": 74.011, "2020-06-30": 71.444, "2020-03-31": "85.59000", "2019-12-31": 77.249, "2019-09-30": 79.278, "2019-06-30": 54.108, "2019-03-31": "63.64200", "2018-12-31": 68.335, "2018-09-30": 68.079, "2018-06-30": 63.55, "2018-03-31": "91.84500", "2017-12-31": 60.905, "2017-09-30": 55.164, "2017-06-30": 57.439, "2017-03-31": "55.28800", "2016-12-31": 60.451, "2016-09-30": 60.59, "2016-06-30": 63.028, "2016-03-31": "49.41200", "2015-12-31": 58.256, "2015-09-30": 48.086, "2015-06-30": 71.565, "2015-03-31": "52.93800", "2014-12-31": -82.408, "2014-09-30": 97.51, "2014-06-30": 102.945, "2014-03-31": "79.99500", "2013-12-31": 103.946, "2013-09-30": 95.55, "2013-06-30": 95.526, "2013-03-31": "80.48400", "2012-12-31": 92.565, "2012-09-30": 96.061, "2012-06-30": 91.462, "2012-03-31": "87.81700", "2011-12-31": 83.478, "2011-09-30": 92.416, "2011-06-30": 84.261, "2011-03-31": "69.99200", "2010-12-31": 85.538, "2010-09-30": 88.083, "2010-06-30": 98.797, "2010-03-31": "71.70400", "2009-12-31": 84.204, "2009-09-30": 98.343, "2009-06-30": 89.296, "2009-03-31": "79.14000", "2008-12-31": 106.022, "2008-09-30": 94.941, "2008-06-30": 103.493, "2008-03-31": "77.46600", "2007-12-31": 96.89, "2007-09-30": 84.13, "2007-06-30": 81.515, "2007-03-31": "73.22400", "2006-12-31": 87.461, "2006-09-30": 77.266, "2006-06-30": 90.282, "2006-03-31": "71.16400", "2005-12-31": 77.801, "2005-09-30": 88.555, "2005-06-30": 85.747, "2005-03-31": "73.83300"}, "Change In Accounts Receivable": {"2020-09-30": 5.481, "2020-06-30": 14.062, "2020-03-31": "-0.29000", "2019-12-31": 7.382, "2019-09-30": -16.636, "2019-06-30": -34.301, "2019-03-31": "15.19800", "2018-12-31": -1.62, "2018-09-30": -0.781, "2018-06-30": -21.015, "2018-03-31": "-9.87600", "2017-12-31": 20.559, "2017-09-30": -5.878, "2017-06-30": -31.25, "2017-03-31": "-0.95500", "2016-12-31": 16.395, "2016-09-30": -2.433, "2016-06-30": -28.229, "2016-03-31": "-8.41000", "2015-12-31": 11.611, "2015-09-30": -2.226, "2015-06-30": -16.981, "2015-03-31": "-1.43800", "2014-12-31": 9.665, "2014-09-30": 2.202, "2014-06-30": -23.063, "2014-03-31": "-2.35700", "2013-12-31": 15.822, "2013-09-30": -3.506, "2013-06-30": -20.94, "2013-03-31": "1.96100", "2012-12-31": 6.891, "2012-09-30": -5.846, "2012-06-30": -16.24, "2012-03-31": "1.41200", "2011-12-31": 11.863, "2011-09-30": -9.477, "2011-06-30": -12.727, "2011-03-31": "-4.28100", "2010-12-31": 14.953, "2010-09-30": -10.218, "2010-06-30": -11.008, "2010-03-31": "1.73400", "2009-12-31": 11.949, "2009-09-30": -11.741, "2009-06-30": -7.811, "2009-03-31": "5.52000", "2008-12-31": 9.452, "2008-09-30": 4.98, "2008-06-30": -22.78, "2008-03-31": "-2.66500", "2007-12-31": 19.308, "2007-09-30": -15.397, "2007-06-30": -15.803, "2007-03-31": "1.03300", "2006-12-31": 3.459, "2006-09-30": -8.442, "2006-06-30": -12.469, "2006-03-31": "-0.13100", "2005-12-31": 15.338, "2005-09-30": -16.138, "2005-06-30": -6.32, "2005-03-31": "-17.79500"}, "Change In Inventories": {"2020-09-30": 0, "2020-06-30": 0, "2020-03-31": "", "2019-12-31": 0, "2019-09-30": 0, "2019-06-30": 0, "2019-03-31": "", "2018-12-31": 0, "2018-09-30": 0, "2018-06-30": 0, "2018-03-31": "", "2017-12-31": 0, "2017-09-30": 0, "2017-06-30": 0, "2017-03-31": "", "2016-12-31": 0, "2016-09-30": 0, "2016-06-30": 0, "2016-03-31": "", "2015-12-31": 0, "2015-09-30": 0, "2015-06-30": 0, "2015-03-31": "", "2014-12-31": 0, "2014-09-30": 0, "2014-06-30": 0, "2014-03-31": "", "2013-12-31": 0, "2013-09-30": 0, "2013-06-30": 0, "2013-03-31": "", "2012-12-31": 0, "2012-09-30": 0, "2012-06-30": 0, "2012-03-31": "", "2011-12-31": 0, "2011-09-30": 0, "2011-06-30": 0, "2011-03-31": "", "2010-12-31": 0, "2010-09-30": 0, "2010-06-30": 0, "2010-03-31": "", "2009-12-31": 0, "2009-09-30": 0, "2009-06-30": 0, "2009-03-31": "", "2008-12-31": 0, "2008-09-30": 0, "2008-06-30": 0, "2008-03-31": "", "2007-12-31": 0, "2007-09-30": 0, "2007-06-30": 0, "2007-03-31": "", "2006-12-31": 0, "2006-09-30": 0, "2006-06-30": 0, "2006-03-31": "", "2005-12-31": 0, "2005-09-30": 0, "2005-06-30": 0, "2005-03-31": ""}, "Change In Accounts Payable": {"2020-09-30": -0.161, "2020-06-30": -0.116, "2020-03-31": "0.09100", "2019-12-31": -2.129, "2019-09-30": 1.309, "2019-06-30": 0.217, "2019-03-31": "1.30300", "2018-12-31": 0.098, "2018-09-30": 0.36, "2018-06-30": -0.036, "2018-03-31": "0.94400", "2017-12-31": -0.092, "2017-09-30": 0.093, "2017-06-30": -0.218, "2017-03-31": "0.52600", "2016-12-31": 0.015, "2016-09-30": -0.913, "2016-06-30": -0.568, "2016-03-31": "0.72000", "2015-12-31": 0.869, "2015-09-30": -3.183, "2015-06-30": 0.142, "2015-03-31": "1.71400", "2014-12-31": -1.619, "2014-09-30": -0.151, "2014-06-30": 0.013, "2014-03-31": "2.83300", "2013-12-31": -2.325, "2013-09-30": -0.334, "2013-06-30": 0.856, "2013-03-31": "1.71400", "2012-12-31": -0.135, "2012-09-30": 1.219, "2012-06-30": -0.708, "2012-03-31": "-0.50300", "2011-12-31": 0.867, "2011-09-30": -0.833, "2011-06-30": -0.629, "2011-03-31": "0.10600", "2010-12-31": 0.464, "2010-09-30": 2.822, "2010-06-30": -1.272, "2010-03-31": "0.44600", "2009-12-31": 0.313, "2009-09-30": -1.183, "2009-06-30": -0.675, "2009-03-31": "-2.83800", "2008-12-31": -14.26, "2008-09-30": 14.175, "2008-06-30": -5.938, "2008-03-31": "1.57100", "2007-12-31": -3.362, "2007-09-30": 2.811, "2007-06-30": 1.591, "2007-03-31": "4.32700", "2006-12-31": -9.316, "2006-09-30": 7.752, "2006-06-30": 2.539, "2006-03-31": "-0.13800", "2005-12-31": 0.396, "2005-09-30": 0.379, "2005-06-30": -0.435, "2005-03-31": "2.97800"}, "Change In Assets/Liabilities": {"2020-09-30": 8.276, "2020-06-30": 21.956, "2020-03-31": "-41.97000", "2019-12-31": 21.222, "2019-09-30": 11.748, "2019-06-30": 10.221, "2019-03-31": "-29.46000", "2018-12-31": 17.835, "2018-09-30": -3.657, "2018-06-30": 21.356, "2018-03-31": "-29.51100", "2017-12-31": 5.582, "2017-09-30": -6.913, "2017-06-30": 24.102, "2017-03-31": "-35.50400", "2016-12-31": 10.743, "2016-09-30": -6.694, "2016-06-30": 25.95, "2016-03-31": "-27.28800", "2015-12-31": 6.123, "2015-09-30": -0.233, "2015-06-30": 13.602, "2015-03-31": "-29.10000", "2014-12-31": 4.483, "2014-09-30": 0.53, "2014-06-30": 19.283, "2014-03-31": "-19.12300", "2013-12-31": -3.121, "2013-09-30": 12.999, "2013-06-30": 13.747, "2013-03-31": "-31.44200", "2012-12-31": 20.004, "2012-09-30": 3.774, "2012-06-30": 11.531, "2012-03-31": "-23.54400", "2011-12-31": -0.127, "2011-09-30": 14.382, "2011-06-30": 1.259, "2011-03-31": "-17.95700", "2010-12-31": 35.646, "2010-09-30": 7.3, "2010-06-30": 0.833, "2010-03-31": "-22.62500", "2009-12-31": -2.314, "2009-09-30": 20.091, "2009-06-30": -2.195, "2009-03-31": "-17.99400", "2008-12-31": -0.737, "2008-09-30": 2.559, "2008-06-30": 4.918, "2008-03-31": "-28.81800", "2007-12-31": 0.596, "2007-09-30": 9.285, "2007-06-30": -1.774, "2007-03-31": "-27.00900", "2006-12-31": 3.321, "2006-09-30": 12.34, "2006-06-30": -0.639, "2006-03-31": "-14.83500", "2005-12-31": 5.93, "2005-09-30": 7.026, "2005-06-30": -0.041, "2005-03-31": "-21.93100"}, "Total Change In Assets/Liabilities": {"2020-09-30": 14.011, "2020-06-30": 44.872, "2020-03-31": "-63.15100", "2019-12-31": 42.893, "2019-09-30": -8.066, "2019-06-30": 3.819, "2019-03-31": "-54.16900", "2018-12-31": 30.729, "2018-09-30": -7.83, "2018-06-30": 11.031, "2018-03-31": "-66.12500", "2017-12-31": 38.309, "2017-09-30": -25.61, "2017-06-30": 10.424, "2017-03-31": "-62.57900", "2016-12-31": 43.021, "2016-09-30": -18.85, "2016-06-30": 14.551, "2016-03-31": "-49.18900", "2015-12-31": 29.395, "2015-09-30": -8.798, "2015-06-30": 2.561, "2015-03-31": "-38.92300", "2014-12-31": 23.85, "2014-09-30": -2.788, "2014-06-30": -7.519, "2014-03-31": "-12.57400", "2013-12-31": -14.111, "2013-09-30": 30.086, "2013-06-30": -18.415, "2013-03-31": "-18.50000", "2012-12-31": 24.707, "2012-09-30": 11.769, "2012-06-30": -8.063, "2012-03-31": "-28.29900", "2011-12-31": 7.958, "2011-09-30": 15.858, "2011-06-30": -11.074, "2011-03-31": "-30.92600", "2010-12-31": 54.222, "2010-09-30": 8.145, "2010-06-30": -4.341, "2010-03-31": "-39.22600", "2009-12-31": 37.799, "2009-09-30": -18.551, "2009-06-30": 19.591, "2009-03-31": "-38.04100", "2008-12-31": 11.363, "2008-09-30": 10.147, "2008-06-30": -4.454, "2008-03-31": "-54.62000", "2007-12-31": 12.737, "2007-09-30": 3.448, "2007-06-30": 10.254, "2007-03-31": "-48.71100", "2006-12-31": 6.003, "2006-09-30": 12.92, "2006-06-30": 13.305, "2006-03-31": "-37.78300", "2005-12-31": 41.226, "2005-09-30": -7.663, "2005-06-30": 0.391, "2005-03-31": "-54.41200"}, "Cash Flow From Operating Activities": {"2020-09-30": 150.78, "2020-06-30": 147.745, "2020-03-31": "62.93200", "2019-12-31": 222.895, "2019-09-30": 170.921, "2019-06-30": 176.323, "2019-03-31": "60.72600", "2018-12-31": 194.757, "2018-09-30": 154.305, "2018-06-30": 175.012, "2018-03-31": "40.77200", "2017-12-31": 186.378, "2017-09-30": 125.885, "2017-06-30": 160.257, "2017-03-31": "34.49600", "2016-12-31": 183.997, "2016-09-30": 126.801, "2016-06-30": 159.488, "2016-03-31": "51.53700", "2015-12-31": 164.18, "2015-09-30": 125.253, "2015-06-30": 133.486, "2015-03-31": "54.73100", "2014-12-31": 149.325, "2014-09-30": 129.772, "2014-06-30": 110.848, "2014-03-31": "62.58400", "2013-12-31": 100.021, "2013-09-30": 142.73, "2013-06-30": 100.233, "2013-03-31": "51.72100", "2012-12-31": 122.56, "2012-09-30": 119.326, "2012-06-30": 97.321, "2012-03-31": "36.70200", "2011-12-31": 96.116, "2011-09-30": 112.266, "2011-06-30": 84.613, "2011-03-31": "25.82600", "2010-12-31": 132.641, "2010-09-30": 97.009, "2010-06-30": 85.519, "2010-03-31": "7.65100", "2009-12-31": 102.321, "2009-09-30": 75.011, "2009-06-30": 97.05, "2009-03-31": "19.36100", "2008-12-31": 108.796, "2008-09-30": 106.406, "2008-06-30": 111.679, "2008-03-31": "19.63900", "2007-12-31": 108.865, "2007-09-30": 102.103, "2007-06-30": 110.149, "2007-03-31": "33.35200", "2006-12-31": 100.612, "2006-09-30": 107.025, "2006-06-30": 121.959, "2006-03-31": "34.92100", "2005-12-31": 124.946, "2005-09-30": 92.973, "2005-06-30": 104.882, "2005-03-31": "24.45600"}, "Net Change In Property, Plant, And Equipment": {"2020-09-30": -7.41, "2020-06-30": -9.501, "2020-03-31": "-22.02300", "2019-12-31": -40.496, "2019-09-30": -36.562, "2019-06-30": -33.806, "2019-03-31": "-24.65400", "2018-12-31": -34.576, "2018-09-30": -27.348, "2018-06-30": -26.058, "2018-03-31": "-23.00800", "2017-12-31": -32.17, "2017-09-30": -25.836, "2017-06-30": -27.626, "2017-03-31": "-17.64400", "2016-12-31": -24.878, "2016-09-30": -26.293, "2016-06-30": -29.356, "2016-03-31": "-15.42300", "2015-12-31": -27.601, "2015-09-30": -21.722, "2015-06-30": -26.046, "2015-03-31": "-24.62700", "2014-12-31": -22.185, "2014-09-30": -28.662, "2014-06-30": -31.09, "2014-03-31": "-21.50100", "2013-12-31": -25.875, "2013-09-30": -23.463, "2013-06-30": -25.394, "2013-03-31": "-24.04900", "2012-12-31": -24.729, "2012-09-30": -27.822, "2012-06-30": -26.905, "2012-03-31": "-17.99700", "2011-12-31": -20.917, "2011-09-30": -27.647, "2011-06-30": -23.619, "2011-03-31": "-21.74100", "2010-12-31": -12.81, "2010-09-30": -10.245, "2010-06-30": -5.089, "2010-03-31": "-6.87300", "2009-12-31": -7.456, "2009-09-30": -4.067, "2009-06-30": -9.703, "2009-03-31": "-3.52400", "2008-12-31": -37.59, "2008-09-30": -50.627, "2008-06-30": -54.156, "2008-03-31": "-45.36200", "2007-12-31": -45.638, "2007-09-30": -62.538, "2007-06-30": -58.525, "2007-03-31": "-30.20700", "2006-12-31": -48.886, "2006-09-30": -50.101, "2006-06-30": -65.759, "2006-03-31": "-45.17000", "2005-12-31": -41.664, "2005-09-30": -24.456, "2005-06-30": -30.107, "2005-03-31": "-19.34000"}, "Net Change In Intangible Assets": {"2020-09-30": 0, "2020-06-30": 0, "2020-03-31": "", "2019-12-31": 0, "2019-09-30": 0, "2019-06-30": 0, "2019-03-31": "", "2018-12-31": 0, "2018-09-30": 0, "2018-06-30": 0, "2018-03-31": "", "2017-12-31": 0, "2017-09-30": 0, "2017-06-30": 0, "2017-03-31": "", "2016-12-31": 0, "2016-09-30": 0, "2016-06-30": 0, "2016-03-31": "", "2015-12-31": 0, "2015-09-30": 0, "2015-06-30": 0, "2015-03-31": "", "2014-12-31": 0, "2014-09-30": 0, "2014-06-30": 0, "2014-03-31": "", "2013-12-31": 0, "2013-09-30": 0, "2013-06-30": 0, "2013-03-31": "", "2012-12-31": 0, "2012-09-30": 0, "2012-06-30": 0, "2012-03-31": "", "2011-12-31": 0, "2011-09-30": 0, "2011-06-30": 0, "2011-03-31": "", "2010-12-31": 0, "2010-09-30": 0, "2010-06-30": 0, "2010-03-31": "", "2009-12-31": 0, "2009-09-30": 0, "2009-06-30": 0, "2009-03-31": "", "2008-12-31": 0, "2008-09-30": 0, "2008-06-30": 0, "2008-03-31": "", "2007-12-31": 0, "2007-09-30": 0, "2007-06-30": 0, "2007-03-31": "", "2006-12-31": 0, "2006-09-30": 0, "2006-06-30": 0, "2006-03-31": "", "2005-12-31": 0, "2005-09-30": 0, "2005-06-30": 0, "2005-03-31": ""}, "Net Acquisitions/Divestitures": {"2020-09-30": -2.594, "2020-06-30": -12.588, "2020-03-31": "-13.56500", "2019-12-31": -11.719, "2019-09-30": -136.418, "2019-06-30": -11.718, "2019-03-31": "-66.42300", "2018-12-31": -429.248, "2018-09-30": -31.976, "2018-06-30": -9.528, "2018-03-31": "-6.63700", "2017-12-31": -177.369, "2017-09-30": -91.835, "2017-06-30": -10.322, "2017-03-31": "-17.77900", "2016-12-31": -59.025, "2016-09-30": -19.882, "2016-06-30": -4.009, "2016-03-31": "-502.13800", "2015-12-31": -30.586, "2015-09-30": -63.902, "2015-06-30": -39.742, "2015-03-31": "-19.64700", "2014-12-31": -10.883, "2014-09-30": -44.943, "2014-06-30": -4.914, "2014-03-31": "-4.28100", "2013-12-31": -8.472, "2013-09-30": -50.949, "2013-06-30": -27.49, "2013-03-31": "-5.33700", "2012-12-31": -151.33, "2012-09-30": -40.433, "2012-06-30": -8.222, "2012-03-31": "-6.08300", "2011-12-31": -8.333, "2011-09-30": -5.983, "2011-06-30": -2.439, "2011-03-31": "-6.74200", "2010-12-31": -3.787, "2010-09-30": -1.562, "2010-06-30": -0.028, "2010-03-31": "-1.32600", "2009-12-31": -2.782, "2009-09-30": -1.033, "2009-06-30": -0.535, "2009-03-31": "-0.10700", "2008-12-31": -24.031, "2008-09-30": -32.893, "2008-06-30": -125.021, "2008-03-31": "-68.00600", "2007-12-31": -46.174, "2007-09-30": -21.482, "2007-06-30": -25.87, "2007-03-31": "-60.06700", "2006-12-31": -68.7, "2006-09-30": -52.991, "2006-06-30": -39.357, "2006-03-31": "-66.60100", "2005-12-31": -28.507, "2005-09-30": -45.829, "2005-06-30": -10.329, "2005-03-31": "-60.56300"}, "Net Change In Short-term Investments": {"2020-09-30": 0, "2020-06-30": 0, "2020-03-31": "", "2019-12-31": 0, "2019-09-30": 0, "2019-06-30": 0, "2019-03-31": "", "2018-12-31": 0, "2018-09-30": 0, "2018-06-30": 0, "2018-03-31": "", "2017-12-31": 0, "2017-09-30": 0, "2017-06-30": 0, "2017-03-31": "", "2016-12-31": 0, "2016-09-30": 0, "2016-06-30": 0, "2016-03-31": "", "2015-12-31": 0, "2015-09-30": 0, "2015-06-30": 0, "2015-03-31": "", "2014-12-31": 0, "2014-09-30": 0, "2014-06-30": 0, "2014-03-31": "", "2013-12-31": 0, "2013-09-30": 0, "2013-06-30": 0, "2013-03-31": "", "2012-12-31": 0, "2012-09-30": 0, "2012-06-30": 0, "2012-03-31": "", "2011-12-31": 0, "2011-09-30": 0, "2011-06-30": 0, "2011-03-31": "", "2010-12-31": 0, "2010-09-30": 0, "2010-06-30": 0, "2010-03-31": "", "2009-12-31": 0, "2009-09-30": 0, "2009-06-30": 0, "2009-03-31": "", "2008-12-31": 0, "2008-09-30": 0, "2008-06-30": 0, "2008-03-31": "", "2007-12-31": 0, "2007-09-30": 0, "2007-06-30": 0, "2007-03-31": "", "2006-12-31": 0, "2006-09-30": 0, "2006-06-30": 0, "2006-03-31": "", "2005-12-31": 0, "2005-09-30": 0, "2005-06-30": 0, "2005-03-31": ""}, "Net Change In Long-Term Investments": {"2020-09-30": 0, "2020-06-30": 0, "2020-03-31": "", "2019-12-31": 0, "2019-09-30": 0, "2019-06-30": 0, "2019-03-31": "", "2018-12-31": 0, "2018-09-30": 0, "2018-06-30": 0, "2018-03-31": "", "2017-12-31": 0, "2017-09-30": 0, "2017-06-30": 0, "2017-03-31": "", "2016-12-31": 0, "2016-09-30": 0, "2016-06-30": 0, "2016-03-31": "", "2015-12-31": 0, "2015-09-30": 0, "2015-06-30": 0, "2015-03-31": "", "2014-12-31": 0, "2014-09-30": 0, "2014-06-30": 0, "2014-03-31": "", "2013-12-31": 0, "2013-09-30": 0, "2013-06-30": 0, "2013-03-31": "", "2012-12-31": 0, "2012-09-30": 0, "2012-06-30": 0, "2012-03-31": "", "2011-12-31": 0, "2011-09-30": 0, "2011-06-30": 0, "2011-03-31": "", "2010-12-31": 0, "2010-09-30": 0, "2010-06-30": 0, "2010-03-31": "", "2009-12-31": 0, "2009-09-30": 0, "2009-06-30": 0, "2009-03-31": "", "2008-12-31": 0, "2008-09-30": 0, "2008-06-30": 0, "2008-03-31": "", "2007-12-31": 0, "2007-09-30": 0, "2007-06-30": 0, "2007-03-31": "", "2006-12-31": 0, "2006-09-30": 0, "2006-06-30": 0, "2006-03-31": "", "2005-12-31": 0, "2005-09-30": 0, "2005-06-30": 0, "2005-03-31": ""}, "Net Change In Investments - Total": {"2020-09-30": 0, "2020-06-30": 0, "2020-03-31": "", "2019-12-31": 0, "2019-09-30": 0, "2019-06-30": 0, "2019-03-31": "", "2018-12-31": 0, "2018-09-30": 0, "2018-06-30": 0, "2018-03-31": "", "2017-12-31": 0, "2017-09-30": 0, "2017-06-30": 0, "2017-03-31": "", "2016-12-31": 0, "2016-09-30": 0, "2016-06-30": 0, "2016-03-31": "", "2015-12-31": 0, "2015-09-30": 0, "2015-06-30": 0, "2015-03-31": "", "2014-12-31": 0, "2014-09-30": 0, "2014-06-30": 0, "2014-03-31": "", "2013-12-31": 0, "2013-09-30": 0, "2013-06-30": 0, "2013-03-31": "", "2012-12-31": 0, "2012-09-30": 0, "2012-06-30": 0, "2012-03-31": "", "2011-12-31": 0, "2011-09-30": 0, "2011-06-30": 0, "2011-03-31": "", "2010-12-31": 0, "2010-09-30": 0, "2010-06-30": 0, "2010-03-31": "", "2009-12-31": 0, "2009-09-30": 0, "2009-06-30": 0, "2009-03-31": "", "2008-12-31": 0, "2008-09-30": 0, "2008-06-30": 0, "2008-03-31": "", "2007-12-31": 0, "2007-09-30": 0, "2007-06-30": 0, "2007-03-31": "", "2006-12-31": 0, "2006-09-30": 0, "2006-06-30": 0, "2006-03-31": "", "2005-12-31": 0, "2005-09-30": 0, "2005-06-30": 0, "2005-03-31": ""}, "Investing Activities - Other": {"2020-09-30": 0, "2020-06-30": 0, "2020-03-31": "", "2019-12-31": 0, "2019-09-30": 0.306, "2019-06-30": -0.546, "2019-03-31": "0.00200", "2018-12-31": 0.002, "2018-09-30": 0.42, "2018-06-30": 3.017, "2018-03-31": "0.79200", "2017-12-31": 0.502, "2017-09-30": 0.002, "2017-06-30": 0.007, "2017-03-31": "0.00400", "2016-12-31": 0.005, "2016-09-30": 0.003, "2016-06-30": 0.005, "2016-03-31": "0.00800", "2015-12-31": 0.021, "2015-09-30": -0.013, "2015-06-30": -0.019, "2015-03-31": "0.00400", "2014-12-31": 0.007, "2014-09-30": -0.022, "2014-06-30": 4.467, "2014-03-31": "0.01000", "2013-12-31": -0.479, "2013-09-30": -0.379, "2013-06-30": -0.013, "2013-03-31": "0.03100", "2012-12-31": 0.004, "2012-09-30": 0.005, "2012-06-30": 0.073, "2012-03-31": "0.04000", "2011-12-31": -0.013, "2011-09-30": -0.001, "2011-06-30": 0.032, "2011-03-31": "0.14800", "2010-12-31": 0.044, "2010-09-30": -0.001, "2010-06-30": 0.04, "2010-03-31": "0.15700", "2009-12-31": 0.026, "2009-09-30": 0.058, "2009-06-30": 0.041, "2009-03-31": "0.04300", "2008-12-31": 0.039, "2008-09-30": 0.1, "2008-06-30": 0.052, "2008-03-31": "0.07600", "2007-12-31": 0.042, "2007-09-30": 0.266, "2007-06-30": 0.056, "2007-03-31": "9.05600", "2006-12-31": 2.35, "2006-09-30": 0, "2006-06-30": -3.681, "2006-03-31": "", "2005-12-31": -2.9, "2005-09-30": -0.475, "2005-06-30": -3.8, "2005-03-31": ""}, "Cash Flow From Investing Activities": {"2020-09-30": -10.004, "2020-06-30": -22.089, "2020-03-31": "-35.58800", "2019-12-31": -52.215, "2019-09-30": -172.674, "2019-06-30": -46.07, "2019-03-31": "-91.07500", "2018-12-31": -463.822, "2018-09-30": -58.904, "2018-06-30": -32.569, "2018-03-31": "-28.85300", "2017-12-31": -209.037, "2017-09-30": -117.669, "2017-06-30": -37.941, "2017-03-31": "-35.41900", "2016-12-31": -83.898, "2016-09-30": -46.172, "2016-06-30": -33.36, "2016-03-31": "-517.55300", "2015-12-31": -58.166, "2015-09-30": -85.637, "2015-06-30": -65.807, "2015-03-31": "-44.27000", "2014-12-31": -33.061, "2014-09-30": -73.627, "2014-06-30": -31.537, "2014-03-31": "-25.77200", "2013-12-31": -34.826, "2013-09-30": -74.791, "2013-06-30": -52.897, "2013-03-31": "-29.35500", "2012-12-31": -176.055, "2012-09-30": -68.25, "2012-06-30": -35.054, "2012-03-31": "-24.04000", "2011-12-31": -29.263, "2011-09-30": -33.631, "2011-06-30": -26.026, "2011-03-31": "-28.33500", "2010-12-31": -16.553, "2010-09-30": -11.808, "2010-06-30": -5.077, "2010-03-31": "-8.04200", "2009-12-31": -10.212, "2009-09-30": -5.042, "2009-06-30": -10.197, "2009-03-31": "-3.58800", "2008-12-31": -61.582, "2008-09-30": -83.42, "2008-06-30": -179.125, "2008-03-31": "-113.29200", "2007-12-31": -91.77, "2007-09-30": -83.754, "2007-06-30": -84.339, "2007-03-31": "-81.21800", "2006-12-31": -115.236, "2006-09-30": -103.092, "2006-06-30": -108.797, "2006-03-31": "-111.77100", "2005-12-31": -73.071, "2005-09-30": -70.76, "2005-06-30": -44.236, "2005-03-31": "-79.90300"}, "Net Long-Term Debt": {"2020-09-30": -197.7978, "2020-06-30": -391.343, "2020-03-31": "576.17500", "2019-12-31": -84.025, "2019-09-30": 79.975, "2019-06-30": -55.211, "2019-03-31": "140.79000", "2018-12-31": 167.791, "2018-09-30": -20.208, "2018-06-30": -64.208, "2018-03-31": "60.75700", "2017-12-31": 102.257, "2017-09-30": 56.375, "2017-06-30": -29.5, "2017-03-31": "74.37500", "2016-12-31": -32.103, "2016-09-30": -13.63, "2016-06-30": -46.63, "2016-03-31": "551.24500", "2015-12-31": -49.003, "2015-09-30": 28.045, "2015-06-30": -12.755, "2015-03-31": "53.24500", "2014-12-31": -41.179, "2014-09-30": 13.226, "2014-06-30": -34.526, "2014-03-31": "7.87100", "2013-12-31": -218.993, "2013-09-30": -8.147, "2013-06-30": -8.147, "2013-03-31": "-8.14700", "2012-12-31": 78.383, "2012-09-30": -117.4499, "2012-06-30": -0.0241, "2012-03-31": "1.79700", "2011-12-31": -76.73, "2011-09-30": -55.882, "2011-06-30": -73.486, "2011-03-31": "-54.95500", "2010-12-31": -66.011, "2010-09-30": -76.502, "2010-06-30": -55.73, "2010-03-31": "-79.75500", "2009-12-31": -30.395, "2009-09-30": -181.519, "2009-06-30": -111.658, "2009-03-31": "170.71100", "2008-12-31": -56.559, "2008-09-30": -18.303, "2008-06-30": 95.018, "2008-03-31": "90.43200", "2007-12-31": 86.245, "2007-09-30": 122.028, "2007-06-30": 45.056, "2007-03-31": "481.97300", "2006-12-31": 145.044, "2006-09-30": 44.136, "2006-06-30": 64.994, "2006-03-31": "156.20500", "2005-12-31": -30.912, "2005-09-30": -22.122, "2005-06-30": -55.446, "2005-03-31": "16.94100"}, "Net Current Debt": {"2020-09-30": 0, "2020-06-30": 0, "2020-03-31": "", "2019-12-31": 0, "2019-09-30": 0, "2019-06-30": 0, "2019-03-31": "", "2018-12-31": 0, "2018-09-30": 0, "2018-06-30": 0, "2018-03-31": "", "2017-12-31": 0, "2017-09-30": 0, "2017-06-30": 0, "2017-03-31": "", "2016-12-31": 0, "2016-09-30": 0, "2016-06-30": 0, "2016-03-31": "", "2015-12-31": 0, "2015-09-30": 0, "2015-06-30": 0, "2015-03-31": "", "2014-12-31": 0, "2014-09-30": 0, "2014-06-30": 0, "2014-03-31": "", "2013-12-31": 0, "2013-09-30": 0, "2013-06-30": 0, "2013-03-31": "", "2012-12-31": 0, "2012-09-30": 0, "2012-06-30": 0, "2012-03-31": "", "2011-12-31": 0, "2011-09-30": 0, "2011-06-30": 0, "2011-03-31": "", "2010-12-31": 0, "2010-09-30": 0, "2010-06-30": 0, "2010-03-31": "", "2009-12-31": 0, "2009-09-30": 0, "2009-06-30": 0, "2009-03-31": "", "2008-12-31": 0, "2008-09-30": 0, "2008-06-30": 0, "2008-03-31": "", "2007-12-31": 0, "2007-09-30": 0, "2007-06-30": 0, "2007-03-31": "", "2006-12-31": 0, "2006-09-30": 0, "2006-06-30": 0, "2006-03-31": "", "2005-12-31": 0, "2005-09-30": 0, "2005-06-30": 0, "2005-03-31": ""}, "Debt Issuance/Retirement Net - Total": {"2020-09-30": -197.7978, "2020-06-30": -391.343, "2020-03-31": "576.17500", "2019-12-31": -84.025, "2019-09-30": 79.975, "2019-06-30": -55.211, "2019-03-31": "140.79000", "2018-12-31": 167.791, "2018-09-30": -20.208, "2018-06-30": -64.208, "2018-03-31": "60.75700", "2017-12-31": 102.257, "2017-09-30": 56.375, "2017-06-30": -29.5, "2017-03-31": "74.37500", "2016-12-31": -32.103, "2016-09-30": -13.63, "2016-06-30": -46.63, "2016-03-31": "551.24500", "2015-12-31": -49.003, "2015-09-30": 28.045, "2015-06-30": -12.755, "2015-03-31": "53.24500", "2014-12-31": -41.179, "2014-09-30": 13.226, "2014-06-30": -34.526, "2014-03-31": "7.87100", "2013-12-31": -218.993, "2013-09-30": -8.147, "2013-06-30": -8.147, "2013-03-31": "-8.14700", "2012-12-31": 78.383, "2012-09-30": -117.4499, "2012-06-30": -0.0241, "2012-03-31": "1.79700", "2011-12-31": -76.73, "2011-09-30": -55.882, "2011-06-30": -73.486, "2011-03-31": "-54.95500", "2010-12-31": -66.011, "2010-09-30": -76.502, "2010-06-30": -55.73, "2010-03-31": "-79.75500", "2009-12-31": -30.395, "2009-09-30": -181.519, "2009-06-30": -111.658, "2009-03-31": "170.71100", "2008-12-31": -56.559, "2008-09-30": -18.303, "2008-06-30": 95.018, "2008-03-31": "90.43200", "2007-12-31": 86.245, "2007-09-30": 122.028, "2007-06-30": 45.056, "2007-03-31": "481.97300", "2006-12-31": 145.044, "2006-09-30": 44.136, "2006-06-30": 64.994, "2006-03-31": "156.20500", "2005-12-31": -30.912, "2005-09-30": -22.122, "2005-06-30": -55.446, "2005-03-31": "16.94100"}, "Net Common Equity Issued/Repurchased": {"2020-09-30": 2.092, "2020-06-30": 2.38, "2020-03-31": "-6.85600", "2019-12-31": 3.926, "2019-09-30": 24.524, "2019-06-30": 5.738, "2019-03-31": "1.19200", "2018-12-31": 30.672, "2018-09-30": 6.267, "2018-06-30": 21.749, "2018-03-31": "-0.13800", "2017-12-31": 6.867, "2017-09-30": 2.621, "2017-06-30": 4.262, "2017-03-31": "3.93700", "2016-12-31": 4.804, "2016-09-30": 3.396, "2016-06-30": 6.973, "2016-03-31": "1.70500", "2015-12-31": 3.766, "2015-09-30": 2.549, "2015-06-30": 6.555, "2015-03-31": "9.43000", "2014-12-31": 4.233, "2014-09-30": 4.471, "2014-06-30": 4.214, "2014-03-31": "4.71000", "2013-12-31": 5.182, "2013-09-30": 3.764, "2013-06-30": 4.911, "2013-03-31": "2.83600", "2012-12-31": 4.046, "2012-09-30": 5.635, "2012-06-30": 1.334, "2012-03-31": "1.72700", "2011-12-31": 1.807, "2011-09-30": 0.864, "2011-06-30": 1.264, "2011-03-31": "-1.95900", "2010-12-31": 3.202, "2010-09-30": 2.987, "2010-06-30": 1.608, "2010-03-31": "0.73400", "2009-12-31": 1.585, "2009-09-30": 1.812, "2009-06-30": 0.609, "2009-03-31": "0.79000", "2008-12-31": 0.687, "2008-09-30": 4.973, "2008-06-30": -37.825, "2008-03-31": "-50.04300", "2007-12-31": -52.089, "2007-09-30": -141.25, "2007-06-30": -57.817, "2007-03-31": "-125.13900", "2006-12-31": -124.198, "2006-09-30": -43.213, "2006-06-30": -79.758, "2006-03-31": "-91.54400", "2005-12-31": -18.938, "2005-09-30": 3.712, "2005-06-30": 6.429, "2005-03-31": "1.94700"}, "Net Total Equity Issued/Repurchased": {"2020-09-30": 2.092, "2020-06-30": 2.38, "2020-03-31": "-6.85600", "2019-12-31": 3.926, "2019-09-30": 24.524, "2019-06-30": 5.738, "2019-03-31": "1.19200", "2018-12-31": 30.672, "2018-09-30": 6.267, "2018-06-30": 21.749, "2018-03-31": "-0.13800", "2017-12-31": 6.867, "2017-09-30": 2.621, "2017-06-30": 4.262, "2017-03-31": "3.93700", "2016-12-31": 4.804, "2016-09-30": 3.396, "2016-06-30": 6.973, "2016-03-31": "1.70500", "2015-12-31": 3.766, "2015-09-30": 2.549, "2015-06-30": 6.555, "2015-03-31": "9.43000", "2014-12-31": 4.233, "2014-09-30": 4.471, "2014-06-30": 4.214, "2014-03-31": "4.71000", "2013-12-31": 5.182, "2013-09-30": 3.764, "2013-06-30": 4.911, "2013-03-31": "2.83600", "2012-12-31": 4.046, "2012-09-30": 5.635, "2012-06-30": 1.334, "2012-03-31": "1.72700", "2011-12-31": 1.807, "2011-09-30": 0.864, "2011-06-30": 1.264, "2011-03-31": "-1.95900", "2010-12-31": 3.202, "2010-09-30": 2.987, "2010-06-30": 1.608, "2010-03-31": "0.73400", "2009-12-31": 1.585, "2009-09-30": 1.812, "2009-06-30": 0.609, "2009-03-31": "0.79000", "2008-12-31": 0.687, "2008-09-30": 4.973, "2008-06-30": -37.825, "2008-03-31": "-50.04300", "2007-12-31": -52.089, "2007-09-30": -141.25, "2007-06-30": -57.817, "2007-03-31": "-125.13900", "2006-12-31": -124.198, "2006-09-30": -43.213, "2006-06-30": -79.758, "2006-03-31": "-91.54400", "2005-12-31": -18.938, "2005-09-30": 3.712, "2005-06-30": 6.429, "2005-03-31": "1.94700"}, "Total Common And Preferred Stock Dividends Paid": {"2020-09-30": -50.507, "2020-06-30": -50.487, "2020-03-31": "-100.77800", "2019-12-31": -96.565, "2019-09-30": -96.481, "2019-06-30": -96.13, "2019-03-31": "-96.00600", "2018-12-31": -91.688, "2018-09-30": -90.268, "2018-06-30": -89.874, "2018-03-31": "-171.25800", "2017-12-31": 0, "2017-09-30": -81.499, "2017-06-30": -81.423, "2017-03-31": "-81.27900", "2016-12-31": -74.108, "2016-09-30": -74.029, "2016-06-30": -73.003, "2016-03-31": "-72.82500", "2015-12-31": -66.789, "2015-09-30": -66.726, "2015-06-30": -66.681, "2015-03-31": "-65.31400", "2014-12-31": -80.324, "2014-09-30": -79.281, "2014-06-30": -79.104, "2014-03-31": "-0.09100", "2013-12-31": -0.092, "2013-09-30": -0.091, "2013-06-30": -0.091, "2013-03-31": "-0.09100", "2012-12-31": -0.092, "2012-09-30": -0.091, "2012-06-30": -0.091, "2012-03-31": "-0.09100", "2011-12-31": -0.092, "2011-09-30": -0.091, "2011-06-30": -0.091, "2011-03-31": "-0.09100", "2010-12-31": -0.092, "2010-09-30": -0.091, "2010-06-30": -0.091, "2010-03-31": "-0.09100", "2009-12-31": -0.092, "2009-09-30": -0.091, "2009-06-30": -0.091, "2009-03-31": "-0.09100", "2008-12-31": -0.092, "2008-09-30": -0.091, "2008-06-30": -0.091, "2008-03-31": "-0.09100", "2007-12-31": -0.092, "2007-09-30": -0.091, "2007-06-30": -0.091, "2007-03-31": "-318.39400", "2006-12-31": -0.092, "2006-09-30": -0.091, "2006-06-30": -0.091, "2006-03-31": "-0.09100", "2005-12-31": -0.092, "2005-09-30": -0.091, "2005-06-30": -0.091, "2005-03-31": "-0.09100"}, "Financial Activities - Other": {"2020-09-30": -3.148, "2020-06-30": -6.092, "2020-03-31": "-24.90200", "2019-12-31": 8.809, "2019-09-30": -0.173, "2019-06-30": -0.327, "2019-03-31": "-4.39300", "2018-12-31": 173.605, "2018-09-30": -0.172, "2018-06-30": -0.182, "2018-03-31": "-6.40800", "2017-12-31": -0.278, "2017-09-30": -0.147, "2017-06-30": -5.004, "2017-03-31": "-0.20500", "2016-12-31": -0.181, "2016-09-30": -0.356, "2016-06-30": -0.228, "2016-03-31": "-9.12200", "2015-12-31": -0.105, "2015-09-30": -0.665, "2015-06-30": -0.18, "2015-03-31": "-0.18000", "2014-12-31": -0.259, "2014-09-30": -0.461, "2014-06-30": -4.688, "2014-03-31": "-13.12700", "2013-12-31": 0.001, "2013-09-30": -0.008, "2013-06-30": -0.033, "2013-03-31": "-0.04900", "2012-12-31": -8.172, "2012-09-30": -0.224, "2012-06-30": -0.076, "2012-03-31": "-14.02800", "2011-12-31": 0, "2011-09-30": 0, "2011-06-30": 0, "2011-03-31": "", "2010-12-31": -0.135, "2010-09-30": -0.188, "2010-06-30": -32.255, "2010-03-31": "-0.01900", "2009-12-31": -0.07, "2009-09-30": -0.22, "2009-06-30": -12.154, "2009-03-31": "-7.47500", "2008-12-31": 2.156, "2008-09-30": -0.001, "2008-06-30": 0, "2008-03-31": "-0.16800", "2007-12-31": 2.364, "2007-09-30": -0.846, "2007-06-30": -0.473, "2007-03-31": "-2.10700", "2006-12-31": -1.056, "2006-09-30": -3.272, "2006-06-30": 0, "2006-03-31": "", "2005-12-31": -1.423, "2005-09-30": -3.892, "2005-06-30": 0, "2005-03-31": ""}, "Cash Flow From Financial Activities": {"2020-09-30": -249.361, "2020-06-30": -445.542, "2020-03-31": "443.63900", "2019-12-31": -167.855, "2019-09-30": 7.845, "2019-06-30": -145.93, "2019-03-31": "41.58300", "2018-12-31": 280.38, "2018-09-30": -104.381, "2018-06-30": -132.515, "2018-03-31": "-117.04700", "2017-12-31": 108.846, "2017-09-30": -22.65, "2017-06-30": -111.665, "2017-03-31": "-3.17200", "2016-12-31": -101.588, "2016-09-30": -84.619, "2016-06-30": -112.888, "2016-03-31": "471.00300", "2015-12-31": -112.131, "2015-09-30": -36.797, "2015-06-30": -73.061, "2015-03-31": "-2.81900", "2014-12-31": -117.529, "2014-09-30": -62.045, "2014-06-30": -114.104, "2014-03-31": "-0.63700", "2013-12-31": -213.902, "2013-09-30": -4.482, "2013-06-30": -3.36, "2013-03-31": "-5.45100", "2012-12-31": 74.165, "2012-09-30": -112.13, "2012-06-30": 1.143, "2012-03-31": "-10.59500", "2011-12-31": -75.015, "2011-09-30": -55.109, "2011-06-30": -72.313, "2011-03-31": "-57.00500", "2010-12-31": -63.036, "2010-09-30": -73.794, "2010-06-30": -86.468, "2010-03-31": "-79.13100", "2009-12-31": -28.972, "2009-09-30": -180.018, "2009-06-30": -123.294, "2009-03-31": "163.93500", "2008-12-31": -53.808, "2008-09-30": -13.422, "2008-06-30": 57.102, "2008-03-31": "40.13000", "2007-12-31": 36.428, "2007-09-30": -20.159, "2007-06-30": -13.325, "2007-03-31": "36.33300", "2006-12-31": 19.698, "2006-09-30": -2.44, "2006-06-30": -14.855, "2006-03-31": "64.57000", "2005-12-31": -51.365, "2005-09-30": -22.393, "2005-06-30": -49.108, "2005-03-31": "18.79700"}, "Net Cash Flow": {"2020-09-30": -108.465, "2020-06-30": -319.546, "2020-03-31": "470.45100", "2019-12-31": 2.901, "2019-09-30": 6.033, "2019-06-30": -15.574, "2019-03-31": "11.33400", "2018-12-31": 10.885, "2018-09-30": -8.979, "2018-06-30": 9.542, "2018-03-31": "-105.42500", "2017-12-31": 86.052, "2017-09-30": -13.465, "2017-06-30": 11.262, "2017-03-31": "-3.90800", "2016-12-31": -1.949, "2016-09-30": -4.258, "2016-06-30": 13.317, "2016-03-31": "6.09300", "2015-12-31": -6.751, "2015-09-30": 1.623, "2015-06-30": -5.091, "2015-03-31": "6.51100", "2014-12-31": -1.922, "2014-09-30": -6.46, "2014-06-30": -34.324, "2014-03-31": "35.52900", "2013-12-31": -149.453, "2013-09-30": 63.785, "2013-06-30": 43.406, "2013-03-31": "16.56300", "2012-12-31": 20.463, "2012-09-30": -60.474, "2012-06-30": 63.057, "2012-03-31": "2.36200", "2011-12-31": -8.013, "2011-09-30": 22.853, "2011-06-30": -13.778, "2011-03-31": "-59.23800", "2010-12-31": 53.264, "2010-09-30": 11.539, "2010-06-30": -6.088, "2010-03-31": "-79.28900", "2009-12-31": 64.553, "2009-09-30": -109.87, "2009-06-30": -36.182, "2009-03-31": "179.61300", "2008-12-31": -7.371, "2008-09-30": 9.451, "2008-06-30": -6.802, "2008-03-31": "-57.18700", "2007-12-31": 65.29, "2007-09-30": -1.402, "2007-06-30": 11.881, "2007-03-31": "-11.51700", "2006-12-31": 4.857, "2006-09-30": 1.493, "2006-06-30": -1.693, "2006-03-31": "-12.28000", "2005-12-31": 0.51, "2005-09-30": -0.18, "2005-06-30": 11.538, "2005-03-31": "-36.65000"}, "Stock-Based Compensation": {"2020-09-30": 4.884, "2020-06-30": 2.725, "2020-03-31": "3.43700", "2019-12-31": 11.569, "2019-09-30": 10.572, "2019-06-30": 5.273, "2019-03-31": "2.23300", "2018-12-31": 6.698, "2018-09-30": 8.624, "2018-06-30": 6.607, "2018-03-31": "7.51400", "2017-12-31": 2.539, "2017-09-30": 2.017, "2017-06-30": 2.565, "2017-03-31": "2.47800", "2016-12-31": 8.91, "2016-09-30": 8.358, "2016-06-30": 8.093, "2016-03-31": "3.19900", "2015-12-31": 8.382, "2015-09-30": 6.121, "2015-06-30": 7.486, "2015-03-31": "3.90100", "2014-12-31": 8.133, "2014-09-30": 5.474, "2014-06-30": 6.601, "2014-03-31": "3.91200", "2013-12-31": 1.829, "2013-09-30": 5.912, "2013-06-30": 6.422, "2013-03-31": "10.77300", "2012-12-31": 3.564, "2012-09-30": 3.869, "2012-06-30": 4.421, "2012-03-31": "2.61200", "2011-12-31": 4.312, "2011-09-30": 2.66, "2011-06-30": 2.546, "2011-03-31": "2.13200", "2010-12-31": 5.124, "2010-09-30": 4.915, "2010-06-30": 5.039, "2010-03-31": "2.76100", "2009-12-31": 2.775, "2009-09-30": 2.946, "2009-06-30": 5.236, "2009-03-31": "1.50500", "2008-12-31": -0.042, "2008-09-30": 1.678, "2008-06-30": 5.959, "2008-03-31": "1.41000", "2007-12-31": 5.734, "2007-09-30": 6.162, "2007-06-30": 6.145, "2007-03-31": "9.44700", "2006-12-31": 5.694, "2006-09-30": 6.302, "2006-06-30": 2.912, "2006-03-31": "2.99800", "2005-12-31": 0, "2005-09-30": 0, "2005-06-30": 0, "2005-03-31": ""}, "Common Stock Dividends Paid": {"2020-09-30": -50.507, "2020-06-30": -50.487, "2020-03-31": "-100.77800", "2019-12-31": -96.565, "2019-09-30": -96.481, "2019-06-30": -96.13, "2019-03-31": "-96.00600", "2018-12-31": -91.688, "2018-09-30": -90.268, "2018-06-30": -89.874, "2018-03-31": "-171.25800", "2017-12-31": 0, "2017-09-30": -81.499, "2017-06-30": -81.423, "2017-03-31": "-81.27900", "2016-12-31": -74.108, "2016-09-30": -74.029, "2016-06-30": -73.003, "2016-03-31": "-72.82500", "2015-12-31": -66.789, "2015-09-30": -66.726, "2015-06-30": -66.681, "2015-03-31": "-65.31400", "2014-12-31": -80.324, "2014-09-30": -79.281, "2014-06-30": -79.104, "2014-03-31": "-0.09100", "2013-12-31": -0.092, "2013-09-30": -0.091, "2013-06-30": -0.091, "2013-03-31": "-0.09100", "2012-12-31": -0.092, "2012-09-30": -0.091, "2012-06-30": -0.091, "2012-03-31": "-0.09100", "2011-12-31": -0.092, "2011-09-30": -0.091, "2011-06-30": -0.091, "2011-03-31": "-0.09100", "2010-12-31": -0.092, "2010-09-30": -0.091, "2010-06-30": -0.091, "2010-03-31": "-0.09100", "2009-12-31": -0.092, "2009-09-30": -0.091, "2009-06-30": -0.091, "2009-03-31": "-0.09100", "2008-12-31": -0.092, "2008-09-30": -0.091, "2008-06-30": -0.091, "2008-03-31": "-0.09100", "2007-12-31": -0.092, "2007-09-30": -0.091, "2007-06-30": -0.091, "2007-03-31": "-318.39400", "2006-12-31": -0.092, "2006-09-30": -0.091, "2006-06-30": -0.091, "2006-03-31": "-0.09100", "2005-12-31": -0.092, "2005-09-30": -0.091, "2005-06-30": -0.091, "2005-03-31": "-0.09100"}}, "financial ratios": {"Current Ratio": {"2019-12-31": "0.46100", "2018-12-31": "0.79920", "2017-12-31": "1.29000", "2016-12-31": "1.13320", "2015-12-31": "1.18960", "2014-12-31": "1.21210", "2013-12-31": "1.14960", "2012-12-31": "1.37480", "2011-12-31": "1.59050", "2010-12-31": "2.01460", "2009-12-31": "1.39520", "2008-12-31": "1.42960", "2007-12-31": "1.98470", "2006-12-31": "2.07940", "2005-12-31": "1.96110"}, "Long-term Debt / Capital": {"2019-12-31": "0.70000", "2018-12-31": "0.70340", "2017-12-31": "0.69710", "2016-12-31": "0.68400", "2015-12-31": "0.64740", "2014-12-31": "0.65750", "2013-12-31": "0.66870", "2012-12-31": "0.71180", "2011-12-31": "0.71850", "2010-12-31": "0.74600", "2009-12-31": "0.75430", "2008-12-31": "0.75990", "2007-12-31": "0.74320", "2006-12-31": "0.56300", "2005-12-31": "0.46400"}, "Debt/Equity Ratio": {"2019-12-31": "2.52490", "2018-12-31": "2.55230", "2017-12-31": "2.31690", "2016-12-31": "2.19650", "2015-12-31": "1.85240", "2014-12-31": "1.93580", "2013-12-31": "2.07820", "2012-12-31": "2.50790", "2011-12-31": "2.57270", "2010-12-31": "2.94330", "2009-12-31": "3.21580", "2008-12-31": "3.23270", "2007-12-31": "2.92780", "2006-12-31": "1.29370", "2005-12-31": "0.86730"}, "Gross Margin": {"2019-12-31": "66.35130", "2018-12-31": "65.47200", "2017-12-31": "64.90660", "2016-12-31": "64.96710", "2015-12-31": "64.99470", "2014-12-31": "64.78260", "2013-12-31": "64.93580", "2012-12-31": "64.52270", "2011-12-31": "63.82360", "2010-12-31": "63.52010", "2009-12-31": "62.33900", "2008-12-31": "63.48020", "2007-12-31": "66.04030", "2006-12-31": "65.13130", "2005-12-31": "65.43470"}, "Operating Margin": {"2019-12-31": "29.52370", "2018-12-31": "28.30320", "2017-12-31": "29.54510", "2016-12-31": "29.26390", "2015-12-31": "28.30120", "2014-12-31": "21.65170", "2013-12-31": "17.93460", "2012-12-31": "18.18420", "2011-12-31": "16.23760", "2010-12-31": "12.77210", "2009-12-31": "9.24340", "2008-12-31": "14.92360", "2007-12-31": "18.63810", "2006-12-31": "16.94240", "2005-12-31": "16.32840"}, "EBIT Margin": {"2019-12-31": "29.52370", "2018-12-31": "28.30320", "2017-12-31": "29.54510", "2016-12-31": "29.26390", "2015-12-31": "28.30120", "2014-12-31": "21.65170", "2013-12-31": "17.93460", "2012-12-31": "18.18420", "2011-12-31": "16.23760", "2010-12-31": "12.77210", "2009-12-31": "9.24340", "2008-12-31": "14.92360", "2007-12-31": "18.63810", "2006-12-31": "16.94240", "2005-12-31": "16.32840"}, "EBITDA Margin": {"2019-12-31": "44.08730", "2018-12-31": "42.44890", "2017-12-31": "43.57420", "2016-12-31": "43.28060", "2015-12-31": "42.79180", "2014-12-31": "42.10230", "2013-12-31": "43.23850", "2012-12-31": "44.78540", "2011-12-31": "44.37520", "2010-12-31": "42.95060", "2009-12-31": "42.96920", "2008-12-31": "43.94440", "2007-12-31": "44.89730", "2006-12-31": "44.30430", "2005-12-31": "44.96300"}, "Pre-Tax Profit Margin": {"2019-12-31": "20.97850", "2018-12-31": "19.41520", "2017-12-31": "21.21030", "2016-12-31": "20.80690", "2015-12-31": "21.03070", "2014-12-31": "11.14370", "2013-12-31": "5.05520", "2012-12-31": "1.36740", "2011-12-31": "1.09670", "2010-12-31": "-5.82000", "2009-12-31": "-8.91410", "2008-12-31": "0.96050", "2007-12-31": "6.19100", "2006-12-31": "6.97500", "2005-12-31": "7.21160"}, "Net Profit Margin": {"2019-12-31": "21.19850", "2018-12-31": "18.73540", "2017-12-31": "20.58780", "2016-12-31": "19.89240", "2015-12-31": "19.37390", "2014-12-31": "19.66910", "2013-12-31": "3.19250", "2012-12-31": "0.63790", "2011-12-31": "0.57420", "2010-12-31": "-3.70480", "2009-12-31": "-5.53020", "2008-12-31": "0.14990", "2007-12-31": "3.35800", "2006-12-31": "3.88660", "2005-12-31": "4.05360"}, "Asset Turnover": {"2019-12-31": "0.29520", "2018-12-31": "0.35810", "2017-12-31": "0.36570", "2016-12-31": "0.38480", "2015-12-31": "0.40230", "2014-12-31": "0.38780", "2013-12-31": "0.36620", "2012-12-31": "0.33570", "2011-12-31": "0.32990", "2010-12-31": "0.29930", "2009-12-31": "0.26780", "2008-12-31": "0.29110", "2007-12-31": "0.29630", "2006-12-31": "0.28540", "2005-12-31": "0.27310"}, "Inventory Turnover Ratio": {"2019-12-31": "", "2018-12-31": "", "2017-12-31": "", "2016-12-31": "", "2015-12-31": "", "2014-12-31": "", "2013-12-31": "", "2012-12-31": "", "2011-12-31": "", "2010-12-31": "", "2009-12-31": "", "2008-12-31": "", "2007-12-31": "", "2006-12-31": "", "2005-12-31": ""}, "Receiveable Turnover": {"2019-12-31": "6.87890", "2018-12-31": "6.90740", "2017-12-31": "7.64140", "2016-12-31": "7.89900", "2015-12-31": "7.76040", "2014-12-31": "7.58840", "2013-12-31": "7.70270", "2012-12-31": "7.38120", "2011-12-31": "7.66920", "2010-12-31": "7.73760", "2009-12-31": "7.41000", "2008-12-31": "7.72960", "2007-12-31": "8.21150", "2006-12-31": "8.78140", "2005-12-31": "8.90460"}, "Days Sales In Receivables": {"2019-12-31": "53.06060", "2018-12-31": "52.84170", "2017-12-31": "47.76620", "2016-12-31": "46.20850", "2015-12-31": "47.03370", "2014-12-31": "48.10010", "2013-12-31": "47.38600", "2012-12-31": "49.44970", "2011-12-31": "47.59310", "2010-12-31": "47.17200", "2009-12-31": "49.25750", "2008-12-31": "47.22110", "2007-12-31": "44.45010", "2006-12-31": "41.56490", "2005-12-31": "40.98990"}, "ROE - Return On Equity": {"2019-12-31": "31.52670", "2018-12-31": "26.96910", "2017-12-31": "28.78820", "2016-12-31": "27.93840", "2015-12-31": "25.71550", "2014-12-31": "25.83060", "2013-12-31": "4.30240", "2012-12-31": "0.91570", "2011-12-31": "0.81740", "2010-12-31": "-4.89930", "2009-12-31": "-6.97740", "2008-12-31": "0.24830", "2007-12-31": "4.40190", "2006-12-31": "2.85330", "2005-12-31": "2.29870"}, "Return On Tangible Equity": {"2019-12-31": "-21.58150", "2018-12-31": "-17.92260", "2017-12-31": "-22.16380", "2016-12-31": "-23.09220", "2015-12-31": "-28.28130", "2014-12-31": "-28.22240", "2013-12-31": "-4.05450", "2012-12-31": "-0.72260", "2011-12-31": "-0.64410", "2010-12-31": "3.40620", "2009-12-31": "4.59530", "2008-12-31": "-0.16380", "2007-12-31": "-3.28330", "2006-12-31": "-6.45550", "2005-12-31": "-11.15560"}, "ROA - Return On Assets": {"2019-12-31": "6.26330", "2018-12-31": "6.71630", "2017-12-31": "7.53800", "2016-12-31": "7.66400", "2015-12-31": "7.80590", "2014-12-31": "7.63880", "2013-12-31": "1.18000", "2012-12-31": "0.22450", "2011-12-31": "0.20010", "2010-12-31": "-1.09900", "2009-12-31": "-1.47170", "2008-12-31": "0.05250", "2007-12-31": "1.00400", "2006-12-31": "1.11870", "2005-12-31": "1.11670"}, "ROI - Return On Investment": {"2019-12-31": "9.45910", "2018-12-31": "7.99800", "2017-12-31": "8.72130", "2016-12-31": "8.82800", "2015-12-31": "9.06660", "2014-12-31": "8.84650", "2013-12-31": "1.42550", "2012-12-31": "0.26390", "2011-12-31": "0.23010", "2010-12-31": "-1.24460", "2009-12-31": "-1.71430", "2008-12-31": "0.05960", "2007-12-31": "1.13050", "2006-12-31": "1.24700", "2005-12-31": "1.23200"}, "Book Value Per Share": {"2019-12-31": "11.74280", "2018-12-31": "11.36520", "2017-12-31": "11.23060", "2016-12-31": "10.97710", "2015-12-31": "10.55970", "2014-12-31": "10.27250", "2013-12-31": "9.83910", "2012-12-31": "9.17850", "2011-12-31": "9.01640", "2010-12-31": "8.83860", "2009-12-31": "9.04420", "2008-12-31": "9.50720", "2007-12-31": "9.94780", "2006-12-31": "15.42640", "2005-12-31": "17.13280"}, "Operating Cash Flow Per Share": {"2019-12-31": 0.5879, "2018-12-31": 0.5464, "2017-12-31": -0.1873, "2016-12-31": 0.3853, "2015-12-31": 0.2069, "2014-12-31": 0.5834, "2013-12-31": 0.1527, "2012-12-31": 0.5914, "2011-12-31": -0.0772, "2010-12-31": 0.2967, "2009-12-31": -0.5517, "2008-12-31": 0.1204, "2007-12-31": 0.1116, "2006-12-31": 0.2488, "2005-12-31": 3.2732}, "Free Cash Flow Per Share": {"2019-12-31": 0.3572, "2018-12-31": 0.4761, "2017-12-31": -0.255, "2016-12-31": 0.4407, "2015-12-31": 0.2549, "2014-12-31": 0.5404, "2013-12-31": 0.1505, "2012-12-31": 0.5591, "2011-12-31": -0.7057, "2010-12-31": 0.187, "2009-12-31": 1.2122, "2008-12-31": 0.1051, "2007-12-31": 0.1213, "2006-12-31": -0.6901, "2005-12-31": 2.1839}}, "financial ratios, quarterly": {"Current Ratio": {"2020-09-30": "0.62470", "2020-06-30": "1.12790", "2020-03-31": "1.45580", "2019-12-31": "0.46100", "2019-09-30": "0.51040", "2019-06-30": "0.49990", "2019-03-31": "0.52220", "2018-12-31": "0.79920", "2018-09-30": "1.42940", "2018-06-30": "1.47920", "2018-03-31": "1.59220", "2017-12-31": "1.29000", "2017-09-30": "1.55230", "2017-06-30": "1.47880", "2017-03-31": "1.42350", "2016-12-31": "1.13320", "2016-09-30": "1.37110", "2016-06-30": "1.35350", "2016-03-31": "1.50800", "2015-12-31": "1.18960", "2015-09-30": "1.38150", "2015-06-30": "1.37130", "2015-03-31": "1.50310", "2014-12-31": "1.21210", "2014-09-30": "1.40070", "2014-06-30": "1.41200", "2014-03-31": "1.69350", "2013-12-31": "1.14960", "2013-09-30": "0.77120", "2013-06-30": "0.71760", "2013-03-31": "1.68700", "2012-12-31": "1.37480", "2012-09-30": "1.51370", "2012-06-30": "1.16680", "2012-03-31": "1.66900", "2011-12-31": "1.59050", "2011-09-30": "1.62340", "2011-06-30": "1.81740", "2011-03-31": "1.84570", "2010-12-31": "2.01460", "2010-09-30": "1.91050", "2010-06-30": "2.07880", "2010-03-31": "1.43640", "2009-12-31": "1.39520", "2009-09-30": "1.34090", "2009-06-30": "1.87830", "2009-03-31": "2.58580", "2008-12-31": "1.42960", "2008-09-30": "1.79380", "2008-06-30": "1.86260", "2008-03-31": "2.09840", "2007-12-31": "1.98470", "2007-09-30": "1.65120", "2007-06-30": "1.87140", "2007-03-31": "2.35180", "2006-12-31": "2.07940", "2006-09-30": "2.28720", "2006-06-30": "2.47610", "2006-03-31": "2.85240", "2005-12-31": "1.96110", "2005-09-30": "2.80020", "2005-06-30": "1.35440", "2005-03-31": "1.32870"}, "Long-term Debt / Capital": {"2020-09-30": "0.71320", "2020-06-30": "0.73690", "2020-03-31": "0.74830", "2019-12-31": "0.70000", "2019-09-30": "0.70830", "2019-06-30": "0.70800", "2019-03-31": "0.71810", "2018-12-31": "0.70340", "2018-09-30": "0.69660", "2018-06-30": "0.70300", "2018-03-31": "0.71460", "2017-12-31": "0.69710", "2017-09-30": "0.69040", "2017-06-30": "0.68910", "2017-03-31": "0.69360", "2016-12-31": "0.68400", "2016-09-30": "0.69000", "2016-06-30": "0.69500", "2016-03-31": "0.70330", "2015-12-31": "0.64740", "2015-09-30": "0.65960", "2015-06-30": "0.66160", "2015-03-31": "0.66380", "2014-12-31": "0.65750", "2014-09-30": "0.69440", "2014-06-30": "0.68350", "2014-03-31": "0.67380", "2013-12-31": "0.66870", "2013-09-30": "0.65200", "2013-06-30": "0.66000", "2013-03-31": "0.70660", "2012-12-31": "0.71180", "2012-09-30": "0.70320", "2012-06-30": "0.70760", "2012-03-31": "0.72470", "2011-12-31": "0.71850", "2011-09-30": "0.72810", "2011-06-30": "0.73570", "2011-03-31": "0.74470", "2010-12-31": "0.74600", "2010-09-30": "0.75060", "2010-06-30": "0.75840", "2010-03-31": "0.75580", "2009-12-31": "0.75430", "2009-09-30": "0.75390", "2009-06-30": "0.76570", "2009-03-31": "0.77280", "2008-12-31": "0.75990", "2008-09-30": "0.76600", "2008-06-30": "0.76940", "2008-03-31": "0.76040", "2007-12-31": "0.74320", "2007-09-30": "0.73170", "2007-06-30": "0.69850", "2007-03-31": "0.68930", "2006-12-31": "0.56300", "2006-09-30": "0.52760", "2006-06-30": "0.51910", "2006-03-31": "0.49970", "2005-12-31": "0.46400", "2005-09-30": "0.46690", "2005-06-30": "0.45910", "2005-03-31": "0.47200"}, "Debt/Equity Ratio": {"2020-09-30": "2.60230", "2020-06-30": "2.80930", "2020-03-31": "3.12170", "2019-12-31": "2.52490", "2019-09-30": "2.61500", "2019-06-30": "2.60910", "2019-03-31": "2.72770", "2018-12-31": "2.55230", "2018-09-30": "2.32090", "2018-06-30": "2.38920", "2018-03-31": "2.52640", "2017-12-31": "2.31690", "2017-09-30": "2.24610", "2017-06-30": "2.23310", "2017-03-31": "2.30130", "2016-12-31": "2.19650", "2016-09-30": "2.25320", "2016-06-30": "2.30120", "2016-03-31": "2.38800", "2015-12-31": "1.85240", "2015-09-30": "1.95700", "2015-06-30": "1.97310", "2015-03-31": "1.99060", "2014-12-31": "1.93580", "2014-09-30": "2.29110", "2014-06-30": "2.17680", "2014-03-31": "2.06650", "2013-12-31": "2.07820", "2013-09-30": "2.29550", "2013-06-30": "2.36350", "2013-03-31": "2.44670", "2012-12-31": "2.50790", "2012-09-30": "2.41090", "2012-06-30": "2.60790", "2012-03-31": "2.66420", "2011-12-31": "2.57270", "2011-09-30": "2.68940", "2011-06-30": "2.78440", "2011-03-31": "2.92340", "2010-12-31": "2.94330", "2010-09-30": "3.02890", "2010-06-30": "3.15460", "2010-03-31": "3.20490", "2009-12-31": "3.21580", "2009-09-30": "3.20000", "2009-06-30": "3.38070", "2009-03-31": "3.49350", "2008-12-31": "3.23270", "2008-09-30": "3.31900", "2008-06-30": "3.37890", "2008-03-31": "3.21050", "2007-12-31": "2.92780", "2007-09-30": "2.76010", "2007-06-30": "2.33960", "2007-03-31": "2.23330", "2006-12-31": "1.29370", "2006-09-30": "1.11710", "2006-06-30": "1.08020", "2006-03-31": "1.00050", "2005-12-31": "0.86730", "2005-09-30": "0.87770", "2005-06-30": "0.89460", "2005-03-31": "0.93880"}, "Gross Margin": {"2020-09-30": "64.69690", "2020-06-30": "61.43870", "2020-03-31": "63.23040", "2019-12-31": "66.63380", "2019-09-30": "67.48570", "2019-06-30": "67.37770", "2019-03-31": "63.46280", "2018-12-31": "66.79770", "2018-09-30": "66.38000", "2018-06-30": "66.46400", "2018-03-31": "61.69450", "2017-12-31": "65.12100", "2017-09-30": "66.20040", "2017-06-30": "65.98280", "2017-03-31": "61.93460", "2016-12-31": "65.77110", "2016-09-30": "65.99420", "2016-06-30": "65.75090", "2016-03-31": "61.97560", "2015-12-31": "65.47420", "2015-09-30": "65.30490", "2015-06-30": "66.31770", "2015-03-31": "62.56510", "2014-12-31": "65.81610", "2014-09-30": "66.45110", "2014-06-30": "65.41600", "2014-03-31": "60.86520", "2013-12-31": "65.67460", "2013-09-30": "65.85920", "2013-06-30": "66.21660", "2013-03-31": "61.49060", "2012-12-31": "64.87430", "2012-09-30": "66.09540", "2012-06-30": "65.53600", "2012-03-31": "61.15390", "2011-12-31": "63.83350", "2011-09-30": "65.21750", "2011-06-30": "64.86800", "2011-03-31": "60.99130", "2010-12-31": "63.54700", "2010-09-30": "65.19340", "2010-06-30": "65.14080", "2010-03-31": "59.62690", "2009-12-31": "62.00370", "2009-09-30": "64.07570", "2009-06-30": "63.80380", "2009-03-31": "59.15800", "2008-12-31": "61.04910", "2008-09-30": "63.52990", "2008-06-30": "65.99800", "2008-03-31": "62.94350", "2007-12-31": "65.53240", "2007-09-30": "67.50360", "2007-06-30": "67.39820", "2007-03-31": "63.37630", "2006-12-31": "65.03940", "2006-09-30": "66.25440", "2006-06-30": "66.47330", "2006-03-31": "62.41750", "2005-12-31": "64.41100", "2005-09-30": "66.14190", "2005-06-30": "67.23460", "2005-03-31": "63.71760"}, "Operating Margin": {"2020-09-30": "27.41520", "2020-06-30": "19.11450", "2020-03-31": "23.75270", "2019-12-31": "30.56460", "2019-09-30": "30.89700", "2019-06-30": "32.11330", "2019-03-31": "23.61330", "2018-12-31": "30.52390", "2018-09-30": "30.67180", "2018-06-30": "32.32590", "2018-03-31": "18.24800", "2017-12-31": "30.11660", "2017-09-30": "32.98350", "2017-06-30": "32.28010", "2017-03-31": "21.78790", "2016-12-31": "29.83320", "2016-09-30": "30.90810", "2016-06-30": "30.20970", "2016-03-31": "25.64890", "2015-12-31": "29.43600", "2015-09-30": "31.83450", "2015-06-30": "28.85880", "2015-03-31": "22.23440", "2014-12-31": "26.27420", "2014-09-30": "25.67900", "2014-06-30": "22.10370", "2014-03-31": "10.93030", "2013-12-31": "19.92690", "2013-09-30": "20.93440", "2013-06-30": "22.37020", "2013-03-31": "6.88890", "2012-12-31": "20.09460", "2012-09-30": "20.73940", "2012-06-30": "21.14230", "2012-03-31": "9.68800", "2011-12-31": "15.11560", "2011-09-30": "18.68040", "2011-06-30": "20.25570", "2011-03-31": "10.03400", "2010-12-31": "11.90670", "2010-09-30": "16.27640", "2010-06-30": "17.20560", "2010-03-31": "4.44030", "2009-12-31": "7.79560", "2009-09-30": "14.44590", "2009-06-30": "12.36310", "2009-03-31": "1.59430", "2008-12-31": "8.22280", "2008-09-30": "17.02950", "2008-06-30": "20.56860", "2008-03-31": "12.75040", "2007-12-31": "16.03650", "2007-09-30": "22.41350", "2007-06-30": "23.66150", "2007-03-31": "11.45480", "2006-12-31": "15.28890", "2006-09-30": "20.33470", "2006-06-30": "20.56880", "2006-03-31": "10.78940", "2005-12-31": "13.56880", "2005-09-30": "18.33330", "2005-06-30": "20.36880", "2005-03-31": "12.51090"}, "EBIT Margin": {"2020-09-30": "27.41520", "2020-06-30": "19.11450", "2020-03-31": "23.75270", "2019-12-31": "30.56460", "2019-09-30": "30.89700", "2019-06-30": "32.11330", "2019-03-31": "23.61330", "2018-12-31": "30.52390", "2018-09-30": "30.67180", "2018-06-30": "32.32590", "2018-03-31": "18.24800", "2017-12-31": "30.11660", "2017-09-30": "32.98350", "2017-06-30": "32.28010", "2017-03-31": "21.78790", "2016-12-31": "29.83320", "2016-09-30": "30.90810", "2016-06-30": "30.20970", "2016-03-31": "25.64890", "2015-12-31": "29.43600", "2015-09-30": "31.83450", "2015-06-30": "28.85880", "2015-03-31": "22.23440", "2014-12-31": "26.27420", "2014-09-30": "25.67900", "2014-06-30": "22.10370", "2014-03-31": "10.93030", "2013-12-31": "19.92690", "2013-09-30": "20.93440", "2013-06-30": "22.37020", "2013-03-31": "6.88890", "2012-12-31": "20.09460", "2012-09-30": "20.73940", "2012-06-30": "21.14230", "2012-03-31": "9.68800", "2011-12-31": "15.11560", "2011-09-30": "18.68040", "2011-06-30": "20.25570", "2011-03-31": "10.03400", "2010-12-31": "11.90680", "2010-09-30": "16.27640", "2010-06-30": "17.20560", "2010-03-31": "4.44030", "2009-12-31": "7.79560", "2009-09-30": "14.44590", "2009-06-30": "12.36310", "2009-03-31": "1.59430", "2008-12-31": "8.22280", "2008-09-30": "17.02950", "2008-06-30": "20.56860", "2008-03-31": "12.75040", "2007-12-31": "16.03650", "2007-09-30": "22.41350", "2007-06-30": "23.66150", "2007-03-31": "11.45480", "2006-12-31": "15.28890", "2006-09-30": "20.33470", "2006-06-30": "20.56880", "2006-03-31": "10.78940", "2005-12-31": "13.56880", "2005-09-30": "18.33330", "2005-06-30": "20.36880", "2005-03-31": "12.51090"}, "EBITDA Margin": {"2020-09-30": "", "2020-06-30": "", "2020-03-31": "", "2019-12-31": "", "2019-09-30": "", "2019-06-30": "", "2019-03-31": "", "2018-12-31": "", "2018-09-30": "", "2018-06-30": "", "2018-03-31": "", "2017-12-31": "", "2017-09-30": "", "2017-06-30": "", "2017-03-31": "", "2016-12-31": "", "2016-09-30": "", "2016-06-30": "", "2016-03-31": "", "2015-12-31": "", "2015-09-30": "", "2015-06-30": "", "2015-03-31": "", "2014-12-31": "", "2014-09-30": "", "2014-06-30": "", "2014-03-31": "", "2013-12-31": "", "2013-09-30": "", "2013-06-30": "", "2013-03-31": "", "2012-12-31": "", "2012-09-30": "", "2012-06-30": "", "2012-03-31": "", "2011-12-31": "", "2011-09-30": "", "2011-06-30": "", "2011-03-31": "", "2010-12-31": "", "2010-09-30": "", "2010-06-30": "", "2010-03-31": "", "2009-12-31": "", "2009-09-30": "", "2009-06-30": "", "2009-03-31": "", "2008-12-31": "", "2008-09-30": "", "2008-06-30": "", "2008-03-31": "", "2007-12-31": "", "2007-09-30": "", "2007-06-30": "", "2007-03-31": "", "2006-12-31": "", "2006-09-30": "", "2006-06-30": "", "2006-03-31": "", "2005-12-31": "", "2005-09-30": "", "2005-06-30": "", "2005-03-31": ""}, "Pre-Tax Profit Margin": {"2020-09-30": "16.57090", "2020-06-30": "8.97130", "2020-03-31": "10.33750", "2019-12-31": "22.74790", "2019-09-30": "22.56230", "2019-06-30": "23.62520", "2019-03-31": "13.87440", "2018-12-31": "23.00100", "2018-09-30": "23.09880", "2018-06-30": "24.76040", "2018-03-31": "4.68000", "2017-12-31": "21.86760", "2017-09-30": "24.95490", "2017-06-30": "24.20860", "2017-03-31": "12.69940", "2016-12-31": "21.76040", "2016-09-30": "22.88270", "2016-06-30": "22.11940", "2016-03-31": "15.83920", "2015-12-31": "22.56070", "2015-09-30": "24.78950", "2015-06-30": "21.68720", "2015-03-31": "14.12470", "2014-12-31": "19.00380", "2014-09-30": "18.39330", "2014-06-30": "7.91330", "2014-03-31": "-2.92140", "2013-12-31": "4.84530", "2013-09-30": "9.21530", "2013-06-30": "10.82580", "2013-03-31": "-6.36900", "2012-12-31": "3.68030", "2012-09-30": "7.55860", "2012-06-30": "8.49180", "2012-03-31": "-16.53970", "2011-12-31": "0.47150", "2011-09-30": "4.33840", "2011-06-30": "5.50990", "2011-03-31": "-7.04580", "2010-12-31": "-4.25270", "2010-09-30": "0.43160", "2010-06-30": "-5.03520", "2010-03-31": "-15.83880", "2009-12-31": "-12.11440", "2009-09-30": "-4.09430", "2009-06-30": "-6.90520", "2009-03-31": "-13.04880", "2008-12-31": "-6.91390", "2008-09-30": "3.63950", "2008-06-30": "7.68920", "2008-03-31": "-1.92770", "2007-12-31": "-0.15780", "2007-09-30": "8.97370", "2007-06-30": "10.00750", "2007-03-31": "5.67550", "2006-12-31": "4.53080", "2006-09-30": "10.27130", "2006-06-30": "11.26760", "2006-03-31": "1.07250", "2005-12-31": "4.52320", "2005-09-30": "7.84510", "2005-06-30": "12.25000", "2005-03-31": "3.74480"}, "Net Profit Margin": {"2020-09-30": "16.23040", "2020-06-30": "9.01420", "2020-03-31": "9.93730", "2019-12-31": "22.18930", "2019-09-30": "21.76080", "2019-06-30": "26.36370", "2019-03-31": "13.30760", "2018-12-31": "22.34200", "2018-09-30": "22.45290", "2018-06-30": "23.90190", "2018-03-31": "4.14400", "2017-12-31": "21.85130", "2017-09-30": "24.09950", "2017-06-30": "23.24560", "2017-03-31": "12.03830", "2016-12-31": "20.79890", "2016-09-30": "21.92680", "2016-06-30": "21.11280", "2016-03-31": "15.13090", "2015-12-31": "21.47290", "2015-09-30": "24.48640", "2015-06-30": "17.21690", "2015-03-31": "13.43080", "2014-12-31": "61.71470", "2014-09-30": "10.43560", "2014-06-30": "4.63970", "2014-03-31": "-1.72950", "2013-12-31": "3.15090", "2013-09-30": "5.29460", "2013-06-30": "7.02710", "2013-03-31": "-3.74320", "2012-12-31": "1.71860", "2012-09-30": "3.72360", "2012-06-30": "4.53670", "2012-03-31": "-8.60400", "2011-12-31": "1.60720", "2011-09-30": "1.31480", "2011-06-30": "3.86410", "2011-03-31": "-5.22370", "2010-12-31": "-2.61570", "2010-09-30": "0.24110", "2010-06-30": "-3.15260", "2010-03-31": "-10.20800", "2009-12-31": "-7.53830", "2009-09-30": "-1.79270", "2009-06-30": "-4.34160", "2009-03-31": "-8.82880", "2008-12-31": "-3.29130", "2008-09-30": "0.55650", "2008-06-30": "3.87530", "2008-03-31": "-1.16630", "2007-12-31": "-0.28010", "2007-09-30": "4.59310", "2007-06-30": "5.80190", "2007-03-31": "3.17900", "2006-12-31": "2.45730", "2006-09-30": "5.73490", "2006-06-30": "6.35690", "2006-03-31": "0.57200", "2005-12-31": "2.25420", "2005-09-30": "4.51440", "2005-06-30": "7.04570", "2005-03-31": "2.12340"}, "Asset Turnover": {"2020-09-30": "0.06680", "2020-06-30": "0.05810", "2020-03-31": "0.06360", "2019-12-31": "0.07790", "2019-09-30": "0.07720", "2019-06-30": "0.07740", "2019-03-31": "0.06630", "2018-12-31": "0.09420", "2018-09-30": "0.10150", "2018-06-30": "0.10190", "2018-03-31": "0.08770", "2017-12-31": "0.09460", "2017-09-30": "0.09980", "2017-06-30": "0.10060", "2017-03-31": "0.08830", "2016-12-31": "0.09920", "2016-09-30": "0.09930", "2016-06-30": "0.09900", "2016-03-31": "0.08690", "2015-12-31": "0.10580", "2015-09-30": "0.10270", "2015-06-30": "0.10220", "2015-03-31": "0.09020", "2014-12-31": "0.10150", "2014-09-30": "0.09940", "2014-06-30": "0.09790", "2014-03-31": "0.08320", "2013-12-31": "0.09420", "2013-09-30": "0.08860", "2013-06-30": "0.09210", "2013-03-31": "0.07880", "2012-12-31": "0.08600", "2012-09-30": "0.09030", "2012-06-30": "0.08810", "2012-03-31": "0.07790", "2011-12-31": "0.08330", "2011-09-30": "0.08470", "2011-06-30": "0.08290", "2011-03-31": "0.07130", "2010-12-31": "0.07560", "2010-09-30": "0.07690", "2010-06-30": "0.07570", "2010-03-31": "0.06390", "2009-12-31": "0.06650", "2009-09-30": "0.06840", "2009-06-30": "0.06630", "2009-03-31": "0.05840", "2008-12-31": "0.06780", "2008-09-30": "0.07460", "2008-06-30": "0.07730", "2008-03-31": "0.06920", "2007-12-31": "0.07470", "2007-09-30": "0.07850", "2007-06-30": "0.07910", "2007-03-31": "0.06980", "2006-12-31": "0.07320", "2006-09-30": "0.07490", "2006-06-30": "0.07450", "2006-03-31": "0.06700", "2005-12-31": "0.06910", "2005-09-30": "0.07050", "2005-06-30": "0.07060", "2005-03-31": "0.06180"}, "Inventory Turnover Ratio": {"2020-09-30": "", "2020-06-30": "", "2020-03-31": "", "2019-12-31": "", "2019-09-30": "", "2019-06-30": "", "2019-03-31": "", "2018-12-31": "", "2018-09-30": "", "2018-06-30": "", "2018-03-31": "", "2017-12-31": "", "2017-09-30": "", "2017-06-30": "", "2017-03-31": "", "2016-12-31": "", "2016-09-30": "", "2016-06-30": "", "2016-03-31": "", "2015-12-31": "", "2015-09-30": "", "2015-06-30": "", "2015-03-31": "", "2014-12-31": "", "2014-09-30": "", "2014-06-30": "", "2014-03-31": "", "2013-12-31": "", "2013-09-30": "", "2013-06-30": "", "2013-03-31": "", "2012-12-31": "", "2012-09-30": "", "2012-06-30": "", "2012-03-31": "", "2011-12-31": "", "2011-09-30": "", "2011-06-30": "", "2011-03-31": "", "2010-12-31": "", "2010-09-30": "", "2010-06-30": "", "2010-03-31": "", "2009-12-31": "", "2009-09-30": "", "2009-06-30": "", "2009-03-31": "", "2008-12-31": "", "2008-09-30": "", "2008-06-30": "", "2008-03-31": "", "2007-12-31": "", "2007-09-30": "", "2007-06-30": "", "2007-03-31": "", "2006-12-31": "", "2006-09-30": "", "2006-06-30": "", "2006-03-31": "", "2005-12-31": "", "2005-09-30": "", "2005-06-30": "", "2005-03-31": ""}, "Receiveable Turnover": {"2020-09-30": "1.71040", "2020-06-30": "1.49740", "2020-03-31": "1.61880", "2019-12-31": "1.81480", "2019-09-30": "1.72710", "2019-06-30": "1.80010", "2019-03-31": "1.76260", "2018-12-31": "1.81640", "2018-09-30": "1.83580", "2018-06-30": "1.83820", "2018-03-31": "1.72550", "2017-12-31": "1.97560", "2017-09-30": "1.79010", "2017-06-30": "1.81360", "2017-03-31": "1.82760", "2016-12-31": "2.03600", "2016-09-30": "1.86750", "2016-06-30": "1.86820", "2016-03-31": "1.86950", "2015-12-31": "2.04110", "2015-09-30": "1.86840", "2015-06-30": "1.87800", "2015-03-31": "1.79480", "2014-12-31": "1.98510", "2014-09-30": "1.85510", "2014-06-30": "1.79190", "2014-03-31": "1.75600", "2013-12-31": "1.98060", "2013-09-30": "1.78970", "2013-06-30": "1.84440", "2013-03-31": "1.74880", "2012-12-31": "1.89160", "2012-09-30": "1.85910", "2012-06-30": "1.91100", "2012-03-31": "1.83690", "2011-12-31": "1.93620", "2011-09-30": "1.84380", "2011-06-30": "1.76850", "2011-03-31": "1.77100", "2010-12-31": "1.95290", "2010-09-30": "1.80950", "2010-06-30": "1.77550", "2010-03-31": "1.73730", "2009-12-31": "1.84060", "2009-09-30": "1.71680", "2009-06-30": "1.75040", "2009-03-31": "1.62180", "2008-12-31": "1.80150", "2008-09-30": "1.82560", "2008-06-30": "1.81160", "2008-03-31": "1.91300", "2007-12-31": "2.06990", "2007-09-30": "2.04360", "2007-06-30": "2.25430", "2007-03-31": "2.19510", "2006-12-31": "2.25120", "2006-09-30": "2.19040", "2006-06-30": "2.27770", "2006-03-31": "2.20430", "2005-12-31": "2.25300", "2005-09-30": "2.01010", "2005-06-30": "2.27430", "2005-03-31": "2.07460"}, "Days Sales In Receivables": {"2020-09-30": "52.62060", "2020-06-30": "60.10560", "2020-03-31": "55.59550", "2019-12-31": "49.59100", "2019-09-30": "52.11060", "2019-06-30": "49.99600", "2019-03-31": "51.05970", "2018-12-31": "49.54880", "2018-09-30": "49.02390", "2018-06-30": "48.96210", "2018-03-31": "52.15930", "2017-12-31": "45.55600", "2017-09-30": "50.27710", "2017-06-30": "49.62490", "2017-03-31": "49.24430", "2016-12-31": "44.20330", "2016-09-30": "48.19320", "2016-06-30": "48.17500", "2016-03-31": "48.14070", "2015-12-31": "44.09320", "2015-09-30": "48.16920", "2015-06-30": "47.92430", "2015-03-31": "50.14410", "2014-12-31": "45.33730", "2014-09-30": "48.51540", "2014-06-30": "50.22640", "2014-03-31": "51.25200", "2013-12-31": "45.43970", "2013-09-30": "50.28650", "2013-06-30": "48.79700", "2013-03-31": "51.46370", "2012-12-31": "47.57760", "2012-09-30": "48.40980", "2012-06-30": "47.09660", "2012-03-31": "48.99600", "2011-12-31": "46.48270", "2011-09-30": "48.81310", "2011-06-30": "50.89180", "2011-03-31": "50.81860", "2010-12-31": "46.08520", "2010-09-30": "49.73660", "2010-06-30": "50.68980", "2010-03-31": "51.80450", "2009-12-31": "48.89780", "2009-09-30": "52.42180", "2009-06-30": "51.41610", "2009-03-31": "55.49470", "2008-12-31": "49.95870", "2008-09-30": "49.29790", "2008-06-30": "49.67910", "2008-03-31": "47.04710", "2007-12-31": "43.48130", "2007-09-30": "44.04070", "2007-06-30": "39.92350", "2007-03-31": "41.00100", "2006-12-31": "39.97900", "2006-09-30": "41.08800", "2006-06-30": "39.51370", "2006-03-31": "40.82870", "2005-12-31": "39.94730", "2005-09-30": "44.77470", "2005-06-30": "39.57320", "2005-03-31": "43.38290"}, "ROE - Return On Equity": {"2020-09-30": "5.50970", "2020-06-30": "2.79770", "2020-03-31": "3.55890", "2019-12-31": "8.70560", "2019-09-30": "8.53800", "2019-06-30": "10.39200", "2019-03-31": "4.61910", "2018-12-31": "8.45510", "2018-09-30": "8.57420", "2018-06-30": "9.35530", "2018-03-31": "1.44700", "2017-12-31": "7.89890", "2017-09-30": "8.83340", "2017-06-30": "8.62600", "2017-03-31": "3.96560", "2016-12-31": "7.52900", "2016-09-30": "8.05270", "2016-06-30": "7.87790", "2016-03-31": "5.02590", "2015-12-31": "7.49510", "2015-09-30": "8.54640", "2015-06-30": "6.03600", "2015-03-31": "4.14970", "2014-12-31": "21.18090", "2014-09-30": "4.13710", "2014-06-30": "1.74130", "2014-03-31": "-0.51350", "2013-12-31": "1.09180", "2013-09-30": "1.83120", "2013-06-30": "2.54310", "2013-03-31": "-1.16530", "2012-12-31": "0.61370", "2012-09-30": "1.33530", "2012-06-30": "1.65810", "2012-03-31": "-2.77870", "2011-12-31": "0.55780", "2011-09-30": "0.48290", "2011-06-30": "1.39190", "2011-03-31": "-1.64250", "2010-12-31": "-0.86970", "2010-09-30": "0.09570", "2010-06-30": "-1.10690", "2010-03-31": "-3.06350", "2009-12-31": "-2.36620", "2009-09-30": "-0.56600", "2009-06-30": "-1.39040", "2009-03-31": "-2.54400", "2008-12-31": "-1.04530", "2008-09-30": "0.21000", "2008-06-30": "1.46710", "2008-03-31": "-0.36600", "2007-12-31": "-0.08180", "2007-09-30": "1.51880", "2007-06-30": "1.70810", "2007-03-31": "0.79840", "2006-12-31": "0.46460", "2006-09-30": "1.02140", "2006-06-30": "1.10410", "2006-03-31": "0.08890", "2005-12-31": "0.32570", "2005-09-30": "0.65970", "2005-06-30": "1.03380", "2005-03-31": "0.28180"}, "Return On Tangible Equity": {"2020-09-30": "-3.68550", "2020-06-30": "-1.80210", "2020-03-31": "-2.31990", "2019-12-31": "-5.95940", "2019-09-30": "-5.68300", "2019-06-30": "-6.97690", "2019-03-31": "-2.93700", "2018-12-31": "-5.61890", "2018-09-30": "-6.65130", "2018-06-30": "-7.08380", "2018-03-31": "-1.02560", "2017-12-31": "-6.08130", "2017-09-30": "-7.30550", "2017-06-30": "-7.26830", "2017-03-31": "-3.20480", "2016-12-31": "-6.22300", "2016-09-30": "-6.68730", "2016-06-30": "-6.35350", "2016-03-31": "-3.82810", "2015-12-31": "-8.24290", "2015-09-30": "-9.19810", "2015-06-30": "-6.50610", "2015-03-31": "-4.53370", "2014-12-31": "-23.14220", "2014-09-30": "-3.36670", "2014-06-30": "-1.55790", "2014-03-31": "0.50540", "2013-12-31": "-1.02890", "2013-09-30": "-1.69130", "2013-06-30": "-2.26690", "2013-03-31": "0.97700", "2012-12-31": "-0.48430", "2012-09-30": "-1.13630", "2012-06-30": "-1.35920", "2012-03-31": "2.14850", "2011-12-31": "-0.43950", "2011-09-30": "-0.36380", "2011-06-30": "-1.01340", "2011-03-31": "1.13410", "2010-12-31": "0.60470", "2010-09-30": "-0.06490", "2010-06-30": "0.72270", "2010-03-31": "1.97020", "2009-12-31": "1.55840", "2009-09-30": "0.37740", "2009-06-30": "0.92080", "2009-03-31": "1.66210", "2008-12-31": "0.68970", "2008-09-30": "-0.13600", "2008-06-30": "-0.93530", "2008-03-31": "0.24260", "2007-12-31": "0.06100", "2007-09-30": "-1.18490", "2007-06-30": "-1.63240", "2007-03-31": "-0.79450", "2006-12-31": "-1.05110", "2006-09-30": "-3.06140", "2006-06-30": "-3.37300", "2006-03-31": "-0.31990", "2005-12-31": "-1.58050", "2005-09-30": "-3.18690", "2005-06-30": "-4.69530", "2005-03-31": "-1.10710"}, "ROA - Return On Assets": {"2020-09-30": "1.08610", "2020-06-30": "0.52540", "2020-03-31": "0.63340", "2019-12-31": "1.72950", "2019-09-30": "1.68090", "2019-06-30": "2.04160", "2019-03-31": "0.88450", "2018-12-31": "2.10560", "2018-09-30": "2.28040", "2018-06-30": "2.43770", "2018-03-31": "0.36580", "2017-12-31": "2.06830", "2017-09-30": "2.40630", "2017-06-30": "2.34140", "2017-03-31": "1.06470", "2016-12-31": "2.06530", "2016-09-30": "2.17960", "2016-06-30": "2.09350", "2016-03-31": "1.31760", "2015-12-31": "2.27510", "2015-09-30": "2.51620", "2015-06-30": "1.76160", "2015-03-31": "1.21350", "2014-12-31": "6.26380", "2014-09-30": "1.04010", "2014-06-30": "0.45670", "2014-03-31": "-0.14120", "2013-12-31": "0.29940", "2013-09-30": "0.47150", "2013-06-30": "0.64980", "2013-03-31": "-0.29230", "2012-12-31": "0.15050", "2012-09-30": "0.33880", "2012-06-30": "0.40230", "2012-03-31": "-0.66780", "2011-12-31": "0.13650", "2011-09-30": "0.11400", "2011-06-30": "0.32290", "2011-03-31": "-0.37010", "2010-12-31": "-0.19510", "2010-09-30": "0.02100", "2010-06-30": "-0.23640", "2010-03-31": "-0.64950", "2009-12-31": "-0.49910", "2009-09-30": "-0.12040", "2009-06-30": "-0.28570", "2009-03-31": "-0.51330", "2008-12-31": "-0.22110", "2008-09-30": "0.04370", "2008-06-30": "0.30170", "2008-03-31": "-0.07850", "2007-12-31": "-0.01870", "2007-09-30": "0.36270", "2007-06-30": "0.46120", "2007-03-31": "0.22420", "2006-12-31": "0.18220", "2006-09-30": "0.43200", "2006-06-30": "0.47590", "2006-03-31": "0.04070", "2005-12-31": "0.15820", "2005-09-30": "0.32080", "2005-06-30": "0.50000", "2005-03-31": "0.13370"}, "ROI - Return On Investment": {"2020-09-30": "1.57990", "2020-06-30": "0.73600", "2020-03-31": "0.89590", "2019-12-31": "2.61200", "2019-09-30": "2.49050", "2019-06-30": "3.03420", "2019-03-31": "1.30210", "2018-12-31": "2.50740", "2018-09-30": "2.60100", "2018-06-30": "2.77860", "2018-03-31": "0.41300", "2017-12-31": "2.39300", "2017-09-30": "2.73470", "2017-06-30": "2.68160", "2017-03-31": "1.21500", "2016-12-31": "2.37900", "2016-09-30": "2.49630", "2016-06-30": "2.40270", "2016-03-31": "1.49110", "2015-12-31": "2.64260", "2015-09-30": "2.90920", "2015-06-30": "2.04240", "2015-03-31": "1.39500", "2014-12-31": "7.25410", "2014-09-30": "1.26410", "2014-06-30": "0.55120", "2014-03-31": "-0.16750", "2013-12-31": "0.36170", "2013-09-30": "0.63720", "2013-06-30": "0.86470", "2013-03-31": "-0.34180", "2012-12-31": "0.17690", "2012-09-30": "0.39630", "2012-06-30": "0.48490", "2012-03-31": "-0.76500", "2011-12-31": "0.15700", "2011-09-30": "0.13130", "2011-06-30": "0.36790", "2011-03-31": "-0.41940", "2010-12-31": "-0.22100", "2010-09-30": "0.02390", "2010-06-30": "-0.26740", "2010-03-31": "-0.74800", "2009-12-31": "-0.58140", "2009-09-30": "-0.13930", "2009-06-30": "-0.32580", "2009-03-31": "-0.57790", "2008-12-31": "-0.25100", "2008-09-30": "0.04910", "2008-06-30": "0.33830", "2008-03-31": "-0.08770", "2007-12-31": "-0.02100", "2007-09-30": "0.40750", "2007-06-30": "0.51490", "2007-03-31": "0.24810", "2006-12-31": "0.20300", "2006-09-30": "0.48260", "2006-06-30": "0.53100", "2006-03-31": "0.04450", "2005-12-31": "0.17450", "2005-09-30": "0.35170", "2005-06-30": "0.55920", "2005-03-31": "0.14880"}, "Book Value Per Share": {"2020-09-30": "11.29480", "2020-06-30": "11.14350", "2020-03-31": "11.29260", "2019-12-31": "11.74280", "2019-09-30": "11.62810", "2019-06-30": "11.38060", "2019-03-31": "11.09710", "2018-12-31": "11.36520", "2018-09-30": "11.06440", "2018-06-30": "10.86280", "2018-03-31": "10.56640", "2017-12-31": "11.23060", "2017-09-30": "11.11690", "2017-06-30": "10.92590", "2017-03-31": "10.76210", "2016-12-31": "10.97710", "2016-09-30": "10.85370", "2016-06-30": "10.69250", "2016-03-31": "10.52100", "2015-12-31": "10.55970", "2015-09-30": "10.41330", "2015-06-30": "10.18830", "2015-03-31": "10.18700", "2014-12-31": "10.27250", "2014-09-30": "8.87850", "2014-06-30": "9.29560", "2014-03-31": "9.90180", "2013-12-31": "9.83910", "2013-09-30": "9.86370", "2013-06-30": "9.62220", "2013-03-31": "9.34210", "2012-12-31": "9.17850", "2012-09-30": "9.19220", "2012-06-30": "8.99440", "2012-03-31": "8.80600", "2011-12-31": "9.01640", "2011-09-30": "8.89250", "2011-06-30": "8.83660", "2011-03-31": "8.68350", "2010-12-31": "8.83860", "2010-09-30": "8.83120", "2010-06-30": "8.74920", "2010-03-31": "8.79100", "2009-12-31": "9.04420", "2009-09-30": "9.19480", "2009-06-30": "9.27880", "2009-03-31": "9.32010", "2008-12-31": "9.50720", "2008-09-30": "9.52480", "2008-06-30": "9.43150", "2008-03-31": "9.48800", "2007-12-31": "9.94780", "2007-09-30": "10.12110", "2007-06-30": "11.06360", "2007-03-31": "11.28700", "2006-12-31": "15.42640", "2006-09-30": "15.41940", "2006-06-30": "15.57450", "2006-03-31": "16.23070", "2005-12-31": "17.13280", "2005-09-30": "17.29050", "2005-06-30": "17.14780", "2005-03-31": "16.93450"}, "Operating Cash Flow Per Share": {"2020-09-30": 1.4926, "2020-06-30": 1.4649, "2020-03-31": "0.62390", "2019-12-31": 2.23, "2019-09-30": 1.6933, "2019-06-30": 1.7574, "2019-03-31": "0.60780", "2018-12-31": 1.9719, "2018-09-30": 1.5454, "2018-06-30": 1.7703, "2018-03-31": "0.41300", "2017-12-31": 1.8987, "2017-09-30": 1.2772, "2017-06-30": 1.6268, "2017-03-31": "0.35150", "2016-12-31": 1.8901, "2016-09-30": 1.2922, "2016-06-30": 1.63, "2016-03-31": "0.52920", "2015-12-31": 1.7112, "2015-09-30": 1.2942, "2015-06-30": 1.3791, "2015-03-31": "0.57170", "2014-12-31": 1.5828, "2014-09-30": 1.3522, "2014-06-30": 1.1549, "2014-03-31": "0.65940", "2013-12-31": 1.0616, "2013-09-30": 1.5016, "2013-06-30": 1.0523, "2013-03-31": "0.55040", "2012-12-31": 1.3102, "2012-09-30": 1.2703, "2012-06-30": 1.0385, "2012-03-31": "0.39420", "2011-12-31": 1.0291, "2011-09-30": 1.2077, "2011-06-30": 0.9063, "2011-03-31": "0.27870", "2010-12-31": 1.4481, "2010-09-30": 1.0404, "2010-06-30": 0.9273, "2010-03-31": "0.08320", "2009-12-31": 1.1164, "2009-09-30": 0.8162, "2009-06-30": 1.0583, "2009-03-31": "0.21140", "2008-12-31": 1.1567, "2008-09-30": 1.1762, "2008-06-30": 1.2115, "2008-03-31": "0.20960", "2007-12-31": 1.1039, "2007-09-30": 1.0726, "2007-06-30": 1.1238, "2007-03-31": "0.33330", "2006-12-31": 0.9575, "2006-09-30": 1.0611, "2006-06-30": 1.1735, "2006-03-31": "0.32990", "2005-12-31": 1.1815, "2005-09-30": 0.8719, "2005-06-30": 0.9868, "2005-03-31": "0.23300"}, "Free Cash Flow Per Share": {"2020-09-30": 1.4195, "2020-06-30": 1.3707, "2020-03-31": "0.40550", "2019-12-31": 1.8244, "2019-09-30": 1.3313, "2019-06-30": 1.4209, "2019-03-31": "0.36100", "2018-12-31": 1.6215, "2018-09-30": 1.2721, "2018-06-30": 1.5069, "2018-03-31": "0.17990", "2017-12-31": 1.5707, "2017-09-30": 1.0151, "2017-06-30": 1.3468, "2017-03-31": "0.17170", "2016-12-31": 1.634, "2016-09-30": 1.0242, "2016-06-30": 1.3302, "2016-03-31": "0.37090", "2015-12-31": 1.4231, "2015-09-30": 1.0699, "2015-06-30": 1.1112, "2015-03-31": "0.31440", "2014-12-31": 1.3458, "2014-09-30": 1.0537, "2014-06-30": 0.8313, "2014-03-31": "0.43290", "2013-12-31": 0.787, "2013-09-30": 1.2551, "2013-06-30": 0.7867, "2013-03-31": "0.29450", "2012-12-31": 1.0457, "2012-09-30": 0.9744, "2012-06-30": 0.7518, "2012-03-31": "0.20090", "2011-12-31": 0.8054, "2011-09-30": 0.91, "2011-06-30": 0.6542, "2011-03-31": "0.04410", "2010-12-31": 1.308, "2010-09-30": 0.9306, "2010-06-30": 0.8723, "2010-03-31": "0.00850", "2009-12-31": 1.035, "2009-09-30": 0.772, "2009-06-30": 0.9525, "2009-03-31": "0.17290", "2008-12-31": 0.7633, "2008-09-30": 0.6128, "2008-06-30": 0.6187, "2008-03-31": "-0.27460", "2007-12-31": 0.6435, "2007-09-30": 0.4155, "2007-06-30": 0.5247, "2007-03-31": "0.03140", "2006-12-31": 0.4941, "2006-09-30": 0.5593, "2006-06-30": 0.5372, "2006-03-31": "-0.09680", "2005-12-31": 0.7875, "2005-09-30": 0.6429, "2005-06-30": 0.7048, "2005-03-31": "0.04870"}}, "revenue": {"Lamar Advertising Annual Revenue (Millions of US $)": {"2019": "$1,754", "2018": "$1,627", "2017": "$1,541", "2016": "$1,500", "2015": "$1,353", "2014": "$1,287", "2013": "$1,246", "2012": "$1,180", "2011": "$1,131", "2010": "$1,092", "2009": "$1,056", "2008": "$1,198", "2007": "$1,210", "2006": "$1,120", "2005": "$1,022"}, "Lamar Advertising Quarterly Revenue (Millions of US $)": {"2020-09-30": "$386", "2020-06-30": "$348", "2020-03-31": "$407", "2019-12-31": "$463", "2019-09-30": "$458", "2019-06-30": "$449", "2019-03-31": "$384", "2018-12-31": "$428", "2018-09-30": "$418", "2018-06-30": "$420", "2018-03-31": "$361", "2017-12-31": "$398", "2017-09-30": "$399", "2017-06-30": "$397", "2017-03-31": "$346", "2016-12-31": "$387", "2016-09-30": "$388", "2016-06-30": "$388", "2016-03-31": "$339", "2015-12-31": "$356", "2015-09-30": "$351", "2015-06-30": "$344", "2015-03-31": "$302", "2014-12-31": "$337", "2014-09-30": "$335", "2014-06-30": "$330", "2014-03-31": "$285", "2013-12-31": "$320", "2013-09-30": "$321", "2013-06-30": "$328", "2013-03-31": "$277", "2012-12-31": "$302", "2012-09-30": "$306", "2012-06-30": "$305", "2012-03-31": "$266", "2011-12-31": "$285", "2011-09-30": "$297", "2011-06-30": "$293", "2011-03-31": "$255", "2010-12-31": "$276", "2010-09-30": "$286", "2010-06-30": "$286", "2010-03-31": "$244", "2009-12-31": "$262", "2009-09-30": "$272", "2009-06-30": "$275", "2009-03-31": "$247", "2008-12-31": "$279", "2008-09-30": "$313", "2008-06-30": "$324", "2008-03-31": "$283", "2007-12-31": "$305", "2007-09-30": "$314", "2007-06-30": "$315", "2007-03-31": "$275", "2006-12-31": "$287", "2006-09-30": "$292", "2006-06-30": "$288", "2006-03-31": "$253", "2005-12-31": "$258", "2005-09-30": "$266", "2005-06-30": "$265", "2005-03-31": "$233"}}, "gross-profit": {"Lamar Advertising Annual Gross Profit (Millions of US $)": {"2019": "$1,164", "2018": "$1,065", "2017": "$1,000", "2016": "$975", "2015": "$880", "2014": "$834", "2013": "$809", "2012": "$761", "2011": "$722", "2010": "$694", "2009": "$658", "2008": "$761", "2007": "$799", "2006": "$730", "2005": "$669"}, "Lamar Advertising Quarterly Gross Profit (Millions of US $)": {"2020-09-30": "$250", "2020-06-30": "$214", "2020-03-31": "$257", "2019-12-31": "$308", "2019-09-30": "$309", "2019-06-30": "$302", "2019-03-31": "$244", "2018-12-31": "$286", "2018-09-30": "$278", "2018-06-30": "$279", "2018-03-31": "$223", "2017-12-31": "$259", "2017-09-30": "$264", "2017-06-30": "$262", "2017-03-31": "$215", "2016-12-31": "$254", "2016-09-30": "$256", "2016-06-30": "$255", "2016-03-31": "$210", "2015-12-31": "$233", "2015-09-30": "$229", "2015-06-30": "$228", "2015-03-31": "$189", "2014-12-31": "$222", "2014-09-30": "$223", "2014-06-30": "$216", "2014-03-31": "$173", "2013-12-31": "$210", "2013-09-30": "$212", "2013-06-30": "$217", "2013-03-31": "$170", "2012-12-31": "$196", "2012-09-30": "$202", "2012-06-30": "$200", "2012-03-31": "$163", "2011-12-31": "$182", "2011-09-30": "$194", "2011-06-30": "$190", "2011-03-31": "$156", "2010-12-31": "$175", "2010-09-30": "$187", "2010-06-30": "$187", "2010-03-31": "$146", "2009-12-31": "$163", "2009-09-30": "$174", "2009-06-30": "$175", "2009-03-31": "$146", "2008-12-31": "$171", "2008-09-30": "$199", "2008-06-30": "$214", "2008-03-31": "$178", "2007-12-31": "$200", "2007-09-30": "$212", "2007-06-30": "$212", "2007-03-31": "$174", "2006-12-31": "$187", "2006-09-30": "$193", "2006-06-30": "$191", "2006-03-31": "$158", "2005-12-31": "$166", "2005-09-30": "$176", "2005-06-30": "$178", "2005-03-31": "$148"}}, "operating-income": {"Lamar Advertising Annual Operating Income (Millions of US $)": {"2019": "$518", "2018": "$461", "2017": "$455", "2016": "$439", "2015": "$383", "2014": "$279", "2013": "$223", "2012": "$215", "2011": "$184", "2010": "$140", "2009": "$98", "2008": "$179", "2007": "$225", "2006": "$190", "2005": "$167"}, "Lamar Advertising Quarterly Operating Income (Millions of US $)": {"2020-09-30": "$106", "2020-06-30": "$66", "2020-03-31": "$97", "2019-12-31": "$141", "2019-09-30": "$141", "2019-06-30": "$144", "2019-03-31": "$91", "2018-12-31": "$131", "2018-09-30": "$128", "2018-06-30": "$136", "2018-03-31": "$66", "2017-12-31": "$120", "2017-09-30": "$132", "2017-06-30": "$128", "2017-03-31": "$75", "2016-12-31": "$115", "2016-09-30": "$120", "2016-06-30": "$117", "2016-03-31": "$87", "2015-12-31": "$105", "2015-09-30": "$112", "2015-06-30": "$99", "2015-03-31": "$67", "2014-12-31": "$88", "2014-09-30": "$86", "2014-06-30": "$73", "2014-03-31": "$31", "2013-12-31": "$64", "2013-09-30": "$67", "2013-06-30": "$73", "2013-03-31": "$19", "2012-12-31": "$61", "2012-09-30": "$64", "2012-06-30": "$64", "2012-03-31": "$26", "2011-12-31": "$43", "2011-09-30": "$55", "2011-06-30": "$59", "2011-03-31": "$26", "2010-12-31": "$33", "2010-09-30": "$47", "2010-06-30": "$49", "2010-03-31": "$11", "2009-12-31": "$20", "2009-09-30": "$39", "2009-06-30": "$34", "2009-03-31": "$4", "2008-12-31": "$23", "2008-09-30": "$53", "2008-06-30": "$67", "2008-03-31": "$36", "2007-12-31": "$49", "2007-09-30": "$70", "2007-06-30": "$75", "2007-03-31": "$32", "2006-12-31": "$44", "2006-09-30": "$59", "2006-06-30": "$59", "2006-03-31": "$27", "2005-12-31": "$35", "2005-09-30": "$49", "2005-06-30": "$54", "2005-03-31": "$29"}}, "ebitda": {"Lamar Advertising Annual EBITDA (Millions of US $)": {"2019": "$773", "2018": "$691", "2017": "$672", "2016": "$649", "2015": "$579", "2014": "$542", "2013": "$539", "2012": "$528", "2011": "$502", "2010": "$469", "2009": "$454", "2008": "$527", "2007": "$543", "2006": "$496", "2005": "$459"}, "Lamar Advertising Quarterly EBITDA (Millions of US $)": {"2020-09-30": "$169", "2020-06-30": "$132", "2020-03-31": "$160", "2019-12-31": "$206", "2019-09-30": "$207", "2019-06-30": "$207", "2019-03-31": "$154", "2018-12-31": "$190", "2018-09-30": "$185", "2018-06-30": "$192", "2018-03-31": "$124", "2017-12-31": "$177", "2017-09-30": "$185", "2017-06-30": "$181", "2017-03-31": "$128", "2016-12-31": "$169", "2016-09-30": "$170", "2016-06-30": "$170", "2016-03-31": "$140", "2015-12-31": "$153", "2015-09-30": "$159", "2015-06-30": "$149", "2015-03-31": "$118", "2014-12-31": "$145", "2014-09-30": "$150", "2014-06-30": "$145", "2014-03-31": "$102", "2013-12-31": "$148", "2013-09-30": "$145", "2013-06-30": "$150", "2013-03-31": "$96", "2012-12-31": "$142", "2012-09-30": "$142", "2012-06-30": "$142", "2012-03-31": "$103", "2011-12-31": "$126", "2011-09-30": "$135", "2011-06-30": "$136", "2011-03-31": "$104", "2010-12-31": "$116", "2010-09-30": "$129", "2010-06-30": "$132", "2010-03-31": "$93", "2009-12-31": "$108", "2009-09-30": "$127", "2009-06-30": "$128", "2009-03-31": "$91", "2008-12-31": "$121", "2008-09-30": "$138", "2008-06-30": "$153", "2008-03-31": "$115", "2007-12-31": "$142", "2007-09-30": "$146", "2007-06-30": "$149", "2007-03-31": "$106", "2006-12-31": "$123", "2006-09-30": "$137", "2006-06-30": "$134", "2006-03-31": "$102", "2005-12-31": "$108", "2005-09-30": "$125", "2005-06-30": "$127", "2005-03-31": "$100"}}, "net-income": {"Lamar Advertising Annual Net Income (Millions of US $)": {"2019": "$372", "2018": "$305", "2017": "$317", "2016": "$298", "2015": "$262", "2014": "$253", "2013": "$40", "2012": "$8", "2011": "$6", "2010": "$-40", "2009": "$-58", "2008": "$2", "2007": "$41", "2006": "$44", "2005": "$41"}, "Lamar Advertising Quarterly Net Income (Millions of US $)": {"2020-09-30": "$63", "2020-06-30": "$31", "2020-03-31": "$40", "2019-12-31": "$103", "2019-09-30": "$100", "2019-06-30": "$118", "2019-03-31": "$51", "2018-12-31": "$96", "2018-09-30": "$94", "2018-06-30": "$100", "2018-03-31": "$15", "2017-12-31": "$87", "2017-09-30": "$96", "2017-06-30": "$92", "2017-03-31": "$42", "2016-12-31": "$80", "2016-09-30": "$85", "2016-06-30": "$82", "2016-03-31": "$51", "2015-12-31": "$76", "2015-09-30": "$86", "2015-06-30": "$59", "2015-03-31": "$41", "2014-12-31": "$208", "2014-09-30": "$35", "2014-06-30": "$15", "2014-03-31": "$-5", "2013-12-31": "$10", "2013-09-30": "$17", "2013-06-30": "$23", "2013-03-31": "$-10", "2012-12-31": "$5", "2012-09-30": "$11", "2012-06-30": "$14", "2012-03-31": "$-23", "2011-12-31": "$5", "2011-09-30": "$4", "2011-06-30": "$11", "2011-03-31": "$-13", "2010-12-31": "$-7", "2010-09-30": "$1", "2010-06-30": "$-9", "2010-03-31": "$-25", "2009-12-31": "$-20", "2009-09-30": "$-5", "2009-06-30": "$-12", "2009-03-31": "$-22", "2008-12-31": "$-9", "2008-09-30": "$2", "2008-06-30": "$13", "2008-03-31": "$-3", "2007-12-31": "$-1", "2007-09-30": "$14", "2007-06-30": "$18", "2007-03-31": "$9", "2006-12-31": "$7", "2006-09-30": "$17", "2006-06-30": "$18", "2006-03-31": "$1", "2005-12-31": "$6", "2005-09-30": "$12", "2005-06-30": "$19", "2005-03-31": "$5"}}, "eps-earnings-per-share-diluted": {"Lamar Advertising Annual EPS": {"2019": "$3.71", "2018": "$3.08", "2017": "$3.23", "2016": "$3.05", "2015": "$2.72", "2014": "$2.66", "2013": "$0.42", "2012": "$0.08", "2011": "$0.07", "2010": "$-0.44", "2009": "$-0.64", "2008": "$0.02", "2007": "$0.42", "2006": "$0.42", "2005": "$0.39"}, "Lamar Advertising Quarterly EPS": {"2020-09-30": "$0.62", "2020-06-30": "$0.31", "2020-03-31": "$0.40", "2019-12-31": "$1.03", "2019-09-30": "$0.99", "2019-06-30": "$1.18", "2019-03-31": "$0.51", "2018-12-31": "$0.96", "2018-09-30": "$0.95", "2018-06-30": "$1.02", "2018-03-31": "$0.15", "2017-12-31": "$0.89", "2017-09-30": "$0.98", "2017-06-30": "$0.94", "2017-03-31": "$0.42", "2016-12-31": "$0.81", "2016-09-30": "$0.87", "2016-06-30": "$0.84", "2016-03-31": "$0.53", "2015-12-31": "$0.80", "2015-09-30": "$0.89", "2015-06-30": "$0.61", "2015-03-31": "$0.42", "2014-12-31": "$2.18", "2014-09-30": "$0.37", "2014-06-30": "$0.16", "2014-03-31": "$-0.05", "2013-12-31": "$0.11", "2013-09-30": "$0.18", "2013-06-30": "$0.24", "2013-03-31": "$-0.11", "2012-12-31": "$0.06", "2012-09-30": "$0.12", "2012-06-30": "$0.15", "2012-03-31": "$-0.25", "2011-12-31": "$0.05", "2011-09-30": "$0.04", "2011-06-30": "$0.12", "2011-03-31": "$-0.14", "2010-12-31": "$-0.08", "2010-09-30": "$0.01", "2010-06-30": "$-0.10", "2010-03-31": "$-0.27", "2009-12-31": "$-0.22", "2009-09-30": "$-0.05", "2009-06-30": "$-0.13", "2009-03-31": "$-0.24", "2008-12-31": "$-0.10", "2008-09-30": "$0.02", "2008-06-30": "$0.14", "2008-03-31": "$-0.04", "2007-12-31": "$-0.01", "2007-09-30": "$0.15", "2007-06-30": "$0.19", "2007-03-31": "$0.09", "2006-12-31": "$0.07", "2006-09-30": "$0.16", "2006-06-30": "$0.18", "2006-03-31": "$0.01", "2005-12-31": "$0.05", "2005-09-30": "$0.11", "2005-06-30": "$0.18", "2005-03-31": "$0.05"}}, "shares-outstanding": {"Lamar Advertising Annual Shares Outstanding (Millions of Shares)": {"2019": "100", "2018": "99", "2017": "98", "2016": "98", "2015": "96", "2014": "95", "2013": "95", "2012": "94", "2011": "93", "2010": "92", "2009": "92", "2008": "92", "2007": "98", "2006": "103", "2005": "106"}, "Lamar Advertising Quarterly Shares Outstanding (Millions of Shares)": {"2020-09-30": "101", "2020-06-30": "101", "2020-03-31": "101", "2019-12-31": "100", "2019-09-30": "101", "2019-06-30": "100", "2019-03-31": "100", "2018-12-31": "99", "2018-09-30": "99", "2018-06-30": "99", "2018-03-31": "99", "2017-12-31": "98", "2017-09-30": "98", "2017-06-30": "98", "2017-03-31": "98", "2016-12-31": "98", "2016-09-30": "98", "2016-06-30": "98", "2016-03-31": "97", "2015-12-31": "96", "2015-09-30": "97", "2015-06-30": "96", "2015-03-31": "96", "2014-12-31": "95", "2014-09-30": "96", "2014-06-30": "96", "2014-03-31": "95", "2013-12-31": "95", "2013-09-30": "95", "2013-06-30": "95", "2013-03-31": "94", "2012-12-31": "94", "2012-09-30": "94", "2012-06-30": "94", "2012-03-31": "93", "2011-12-31": "93", "2011-09-30": "93", "2011-06-30": "93", "2011-03-31": "93", "2010-12-31": "92", "2010-09-30": "93", "2010-06-30": "92", "2010-03-31": "92", "2009-12-31": "92", "2009-09-30": "92", "2009-06-30": "92", "2009-03-31": "92", "2008-12-31": "92", "2008-09-30": "92", "2008-06-30": "92", "2008-03-31": "94", "2007-12-31": "98", "2007-09-30": "97", "2007-06-30": "98", "2007-03-31": "100", "2006-12-31": "103", "2006-09-30": "103", "2006-06-30": "104", "2006-03-31": "106", "2005-12-31": "106", "2005-09-30": "106", "2005-06-30": "106", "2005-03-31": "105"}}, "total-assets": {"Lamar Advertising Annual Total Assets (Millions of US $)": {"2019": "$5,941", "2018": "$4,545", "2017": "$4,214", "2016": "$3,899", "2015": "$3,364", "2014": "$3,319", "2013": "$3,402", "2012": "$3,514", "2011": "$3,427", "2010": "$3,649", "2009": "$3,944", "2008": "$4,117", "2007": "$4,082", "2006": "$3,924", "2005": "$3,741"}, "Lamar Advertising Quarterly Total Assets (Millions of US $)": {"2020-09-30": "$5,778", "2020-06-30": "$5,982", "2020-03-31": "$6,393", "2019-12-31": "$5,941", "2019-09-30": "$5,932", "2019-06-30": "$5,799", "2019-03-31": "$5,795", "2018-12-31": "$4,545", "2018-09-30": "$4,125", "2018-06-30": "$4,120", "2018-03-31": "$4,115", "2017-12-31": "$4,214", "2017-09-30": "$4,003", "2017-06-30": "$3,946", "2017-03-31": "$3,925", "2016-12-31": "$3,899", "2016-09-30": "$3,903", "2016-06-30": "$3,913", "2016-03-31": "$3,895", "2015-12-31": "$3,364", "2015-09-30": "$3,416", "2015-06-30": "$3,370", "2015-03-31": "$3,355", "2014-12-31": "$3,319", "2014-09-30": "$3,370", "2014-06-30": "$3,376", "2014-03-31": "$3,427", "2013-12-31": "$3,402", "2013-09-30": "$3,625", "2013-06-30": "$3,559", "2013-03-31": "$3,511", "2012-12-31": "$3,514", "2012-09-30": "$3,393", "2012-06-30": "$3,461", "2012-03-31": "$3,417", "2011-12-31": "$3,427", "2011-09-30": "$3,502", "2011-06-30": "$3,538", "2011-03-31": "$3,577", "2010-12-31": "$3,649", "2010-09-30": "$3,719", "2010-06-30": "$3,781", "2010-03-31": "$3,822", "2009-12-31": "$3,944", "2009-09-30": "$3,971", "2009-06-30": "$4,144", "2009-03-31": "$4,235", "2008-12-31": "$4,117", "2008-09-30": "$4,189", "2008-06-30": "$4,189", "2008-03-31": "$4,086", "2007-12-31": "$4,082", "2007-09-30": "$4,005", "2007-06-30": "$3,985", "2007-03-31": "$3,942", "2006-12-31": "$3,924", "2006-09-30": "$3,898", "2006-06-30": "$3,861", "2006-03-31": "$3,780", "2005-12-31": "$3,741", "2005-09-30": "$3,766", "2005-06-30": "$3,749", "2005-03-31": "$3,765"}}, "cash-on-hand": {"Lamar Advertising Annual Cash on Hand (Millions of US $)": {"2019": "$26", "2018": "$21", "2017": "$115", "2016": "$36", "2015": "$22", "2014": "$26", "2013": "$33", "2012": "$59", "2011": "$34", "2010": "$92", "2009": "$112", "2008": "$14", "2007": "$76", "2006": "$12", "2005": "$19"}, "Lamar Advertising Quarterly Cash on Hand (Millions of US $)": {"2020-09-30": "$69", "2020-06-30": "$177", "2020-03-31": "$497", "2019-12-31": "$26", "2019-09-30": "$23", "2019-06-30": "$17", "2019-03-31": "$33", "2018-12-31": "$21", "2018-09-30": "$11", "2018-06-30": "$20", "2018-03-31": "$10", "2017-12-31": "$115", "2017-09-30": "$29", "2017-06-30": "$43", "2017-03-31": "$32", "2016-12-31": "$36", "2016-09-30": "$37", "2016-06-30": "$42", "2016-03-31": "$28", "2015-12-31": "$22", "2015-09-30": "$29", "2015-06-30": "$27", "2015-03-31": "$33", "2014-12-31": "$26", "2014-09-30": "$28", "2014-06-30": "$34", "2014-03-31": "$69", "2013-12-31": "$33", "2013-09-30": "$183", "2013-06-30": "$119", "2013-03-31": "$75", "2012-12-31": "$59", "2012-09-30": "$38", "2012-06-30": "$99", "2012-03-31": "$36", "2011-12-31": "$34", "2011-09-30": "$42", "2011-06-30": "$19", "2011-03-31": "$32", "2010-12-31": "$92", "2010-09-30": "$38", "2010-06-30": "$27", "2010-03-31": "$33", "2009-12-31": "$112", "2009-09-30": "$48", "2009-06-30": "$158", "2009-03-31": "$194", "2008-12-31": "$14", "2008-09-30": "$22", "2008-06-30": "$12", "2008-03-31": "$19", "2007-12-31": "$76", "2007-09-30": "$11", "2007-06-30": "$12", "2007-03-31": "$0", "2006-12-31": "$12", "2006-09-30": "$7", "2006-06-30": "$5", "2006-03-31": "$7", "2005-12-31": "$19", "2005-09-30": "$19", "2005-06-30": "$19", "2005-03-31": "$8"}}, "long-term-debt": {"Lamar Advertising Annual Long Term Debt (Millions of US $)": {"2019": "$2,754", "2018": "$2,685", "2017": "$2,539", "2016": "$2,315", "2015": "$1,875", "2014": "$1,884", "2013": "$1,883", "2012": "$2,128", "2011": "$2,141", "2010": "$2,403", "2009": "$2,554", "2008": "$2,756", "2007": "$2,694", "2006": "$1,982", "2005": "$1,574"}, "Lamar Advertising Quarterly Long Term Debt (Millions of US $)": {"2020-09-30": "$2,833", "2020-06-30": "$3,147", "2020-03-31": "$3,382", "2019-12-31": "$2,754", "2019-09-30": "$2,836", "2019-06-30": "$2,763", "2019-03-31": "$2,827", "2018-12-31": "$2,685", "2018-09-30": "$2,519", "2018-06-30": "$2,541", "2018-03-31": "$2,604", "2017-12-31": "$2,539", "2017-09-30": "$2,432", "2017-06-30": "$2,374", "2017-03-31": "$2,385", "2016-12-31": "$2,315", "2016-09-30": "$2,351", "2016-06-30": "$2,369", "2016-03-31": "$2,420", "2015-12-31": "$1,875", "2015-09-30": "$1,949", "2015-06-30": "$1,923", "2015-03-31": "$1,938", "2014-12-31": "$1,884", "2014-09-30": "$1,925", "2014-06-30": "$1,912", "2014-03-31": "$1,946", "2013-12-31": "$1,883", "2013-09-30": "$1,749", "2013-06-30": "$1,765", "2013-03-31": "$2,122", "2012-12-31": "$2,128", "2012-09-30": "$2,040", "2012-06-30": "$2,032", "2012-03-31": "$2,161", "2011-12-31": "$2,141", "2011-09-30": "$2,214", "2011-06-30": "$2,285", "2011-03-31": "$2,351", "2010-12-31": "$2,403", "2010-09-30": "$2,457", "2010-06-30": "$2,534", "2010-03-31": "$2,509", "2009-12-31": "$2,554", "2009-09-30": "$2,588", "2009-06-30": "$2,782", "2009-03-31": "$2,907", "2008-12-31": "$2,756", "2008-09-30": "$2,853", "2008-06-30": "$2,875", "2008-03-31": "$2,781", "2007-12-31": "$2,694", "2007-09-30": "$2,608", "2007-06-30": "$2,493", "2007-03-31": "$2,456", "2006-12-31": "$1,982", "2006-09-30": "$1,841", "2006-06-30": "$1,796", "2006-03-31": "$1,730", "2005-12-31": "$1,574", "2005-09-30": "$1,604", "2005-06-30": "$1,539", "2005-03-31": "$1,597"}}, "total-liabilities": {"Lamar Advertising Annual Total Liabilities (Millions of US $)": {"2019": "$4,761", "2018": "$3,413", "2017": "$3,111", "2016": "$2,829", "2015": "$2,343", "2014": "$2,337", "2013": "$2,469", "2012": "$2,652", "2011": "$2,588", "2010": "$2,830", "2009": "$3,112", "2008": "$3,246", "2007": "$3,151", "2006": "$2,386", "2005": "$1,924"}, "Lamar Advertising Quarterly Total Liabilities (Millions of US $)": {"2020-09-30": "$4,639", "2020-06-30": "$4,858", "2020-03-31": "$5,255", "2019-12-31": "$4,761", "2019-09-30": "$4,764", "2019-06-30": "$4,660", "2019-03-31": "$4,685", "2018-12-31": "$3,413", "2018-09-30": "$3,028", "2018-06-30": "$3,046", "2018-03-31": "$3,074", "2017-12-31": "$3,111", "2017-09-30": "$2,913", "2017-06-30": "$2,875", "2017-03-31": "$2,871", "2016-12-31": "$2,829", "2016-09-30": "$2,846", "2016-06-30": "$2,873", "2016-03-31": "$2,874", "2015-12-31": "$2,343", "2015-09-30": "$2,411", "2015-06-30": "$2,386", "2015-03-31": "$2,374", "2014-12-31": "$2,337", "2014-09-30": "$2,523", "2014-06-30": "$2,491", "2014-03-31": "$2,485", "2013-12-31": "$2,469", "2013-09-30": "$2,692", "2013-06-30": "$2,649", "2013-03-31": "$2,630", "2012-12-31": "$2,652", "2012-09-30": "$2,532", "2012-06-30": "$2,621", "2012-03-31": "$2,596", "2011-12-31": "$2,588", "2011-09-30": "$2,675", "2011-06-30": "$2,717", "2011-03-31": "$2,771", "2010-12-31": "$2,830", "2010-09-30": "$2,903", "2010-06-30": "$2,974", "2010-03-31": "$3,012", "2009-12-31": "$3,112", "2009-09-30": "$3,126", "2009-06-30": "$3,292", "2009-03-31": "$3,381", "2008-12-31": "$3,246", "2008-09-30": "$3,317", "2008-06-30": "$3,328", "2008-03-31": "$3,210", "2007-12-31": "$3,151", "2007-09-30": "$3,049", "2007-06-30": "$2,909", "2007-03-31": "$2,835", "2006-12-31": "$2,386", "2006-09-30": "$2,249", "2006-06-30": "$2,196", "2006-03-31": "$2,049", "2005-12-31": "$1,924", "2005-09-30": "$1,935", "2005-06-30": "$1,936", "2005-03-31": "$1,978"}}, "total-share-holder-equity": {"Lamar Advertising Annual Share Holder Equity (Millions of US $)": {"2019": "$1,180", "2018": "$1,132", "2017": "$1,103", "2016": "$1,070", "2015": "$1,021", "2014": "$981", "2013": "$933", "2012": "$862", "2011": "$839", "2010": "$819", "2009": "$832", "2008": "$871", "2007": "$931", "2006": "$1,539", "2005": "$1,817"}, "Lamar Advertising Quarterly Share Holder Equity (Millions of US $)": {"2020-09-30": "$1,139", "2020-06-30": "$1,123", "2020-03-31": "$1,138", "2019-12-31": "$1,180", "2019-09-30": "$1,168", "2019-06-30": "$1,139", "2019-03-31": "$1,110", "2018-12-31": "$1,132", "2018-09-30": "$1,097", "2018-06-30": "$1,074", "2018-03-31": "$1,040", "2017-12-31": "$1,103", "2017-09-30": "$1,091", "2017-06-30": "$1,071", "2017-03-31": "$1,054", "2016-12-31": "$1,070", "2016-09-30": "$1,056", "2016-06-30": "$1,040", "2016-03-31": "$1,021", "2015-12-31": "$1,021", "2015-09-30": "$1,006", "2015-06-30": "$983", "2015-03-31": "$981", "2014-12-31": "$981", "2014-09-30": "$847", "2014-06-30": "$886", "2014-03-31": "$942", "2013-12-31": "$933", "2013-09-30": "$933", "2013-06-30": "$909", "2013-03-31": "$881", "2012-12-31": "$862", "2012-09-30": "$861", "2012-06-30": "$840", "2012-03-31": "$821", "2011-12-31": "$839", "2011-09-30": "$827", "2011-06-30": "$821", "2011-03-31": "$806", "2010-12-31": "$819", "2010-09-30": "$816", "2010-06-30": "$807", "2010-03-31": "$810", "2009-12-31": "$832", "2009-09-30": "$845", "2009-06-30": "$851", "2009-03-31": "$854", "2008-12-31": "$871", "2008-09-30": "$872", "2008-06-30": "$862", "2008-03-31": "$876", "2007-12-31": "$931", "2007-09-30": "$956", "2007-06-30": "$1,076", "2007-03-31": "$1,107", "2006-12-31": "$1,539", "2006-09-30": "$1,649", "2006-06-30": "$1,664", "2006-03-31": "$1,732", "2005-12-31": "$1,817", "2005-09-30": "$1,831", "2005-06-30": "$1,813", "2005-03-31": "$1,787"}}, "profit-margins": {"current": "14.81%"}, "gross margin": {"2020-09-30": "64.15%", "2020-06-30": "64.92%", "2020-03-31": "66.18%", "2019-12-31": "66.31%", "2019-09-30": "66.38%", "2019-06-30": "66.11%", "2019-03-31": "65.88%", "2018-12-31": "65.52%", "2018-09-30": "65.06%", "2018-06-30": "64.96%", "2018-03-31": "64.82%", "2017-12-31": "64.94%", "2017-09-30": "65.08%", "2017-06-30": "65.02%", "2017-03-31": "64.94%", "2016-12-31": "64.91%", "2016-09-30": "64.85%", "2016-06-30": "64.64%", "2016-03-31": "64.75%", "2015-12-31": "64.97%", "2015-09-30": "65.07%", "2015-06-30": "65.40%", "2015-03-31": "65.18%", "2014-12-31": "64.80%", "2014-09-30": "64.72%", "2014-06-30": "64.57%", "2014-03-31": "64.75%", "2013-12-31": "64.93%", "2013-09-30": "64.74%", "2013-06-30": "64.72%", "2013-03-31": "64.54%", "2012-12-31": "64.55%", "2012-09-30": "64.29%", "2012-06-30": "64.09%", "2012-03-31": "63.89%", "2011-12-31": "63.89%", "2011-09-30": "63.78%", "2011-06-30": "63.78%", "2011-03-31": "63.92%", "2010-12-31": "63.64%", "2010-09-30": "63.36%", "2010-06-30": "62.97%", "2010-03-31": "62.49%", "2009-12-31": "62.31%", "2009-09-30": "62.07%", "2009-06-30": "62.03%", "2009-03-31": "62.77%", "2008-12-31": "63.55%", "2008-09-30": "64.57%", "2008-06-30": "65.58%", "2008-03-31": "65.90%", "2007-12-31": "66.00%", "2007-09-30": "65.91%", "2007-06-30": "65.53%", "2007-03-31": "65.24%", "2006-12-31": "65.09%", "2006-09-30": "64.89%", "2006-06-30": "64.88%", "2006-03-31": "65.07%", "2005-12-31": "65.36%"}, "operating margin": {"2020-09-30": "25.56%", "2020-06-30": "26.55%", "2020-03-31": "29.43%", "2019-12-31": "29.48%", "2019-09-30": "29.49%", "2019-06-30": "29.42%", "2019-03-31": "29.45%", "2018-12-31": "28.33%", "2018-09-30": "28.18%", "2018-06-30": "28.77%", "2018-03-31": "28.68%", "2017-12-31": "29.55%", "2017-09-30": "29.43%", "2017-06-30": "28.85%", "2017-03-31": "28.30%", "2016-12-31": "29.23%", "2016-09-30": "29.16%", "2016-06-30": "29.36%", "2016-03-31": "28.99%", "2015-12-31": "28.31%", "2015-09-30": "27.44%", "2015-06-30": "25.80%", "2015-03-31": "24.08%", "2014-12-31": "21.60%", "2014-09-30": "20.00%", "2014-06-30": "18.71%", "2014-03-31": "18.74%", "2013-12-31": "17.90%", "2013-09-30": "17.92%", "2013-06-30": "17.89%", "2013-03-31": "17.48%", "2012-12-31": "18.24%", "2012-09-30": "16.95%", "2012-06-30": "16.31%", "2012-03-31": "16.04%", "2011-12-31": "16.19%", "2011-09-30": "15.43%", "2011-06-30": "14.86%", "2011-03-31": "14.05%", "2010-12-31": "12.82%", "2010-09-30": "11.78%", "2010-06-30": "11.18%", "2010-03-31": "9.88%", "2009-12-31": "9.19%", "2009-09-30": "9.32%", "2009-06-30": "10.23%", "2009-03-31": "12.64%", "2008-12-31": "14.93%", "2008-09-30": "16.73%", "2008-06-30": "18.11%", "2008-03-31": "18.90%", "2007-12-31": "18.69%", "2007-09-30": "18.56%", "2007-06-30": "17.96%", "2007-03-31": "16.99%", "2006-12-31": "16.88%", "2006-09-30": "16.50%", "2006-06-30": "15.96%", "2006-03-31": "15.83%", "2005-12-31": "16.34%"}, "ebitda margin": {"2020-09-30": "41.58%", "2020-06-30": "42.06%", "2020-03-31": "43.89%", "2019-12-31": "44.13%", "2019-09-30": "44.10%", "2019-06-30": "43.84%", "2019-03-31": "43.70%", "2018-12-31": "42.47%", "2018-09-30": "42.45%", "2018-06-30": "42.97%", "2018-03-31": "42.89%", "2017-12-31": "43.57%", "2017-09-30": "43.36%", "2017-06-30": "42.69%", "2017-03-31": "42.21%", "2016-12-31": "43.21%", "2016-09-30": "43.03%", "2016-06-30": "43.38%", "2016-03-31": "43.24%", "2015-12-31": "42.79%", "2015-09-30": "42.80%", "2015-06-30": "42.64%", "2015-03-31": "42.79%", "2014-12-31": "42.11%", "2014-09-30": "42.91%", "2014-06-30": "42.99%", "2014-03-31": "43.46%", "2013-12-31": "43.26%", "2013-09-30": "43.40%", "2013-06-30": "43.69%", "2013-03-31": "43.87%", "2012-12-31": "44.87%", "2012-09-30": "44.15%", "2012-06-30": "43.89%", "2012-03-31": "43.82%", "2011-12-31": "44.34%", "2011-09-30": "43.80%", "2011-06-30": "43.69%", "2011-03-31": "43.61%", "2010-12-31": "43.04%", "2010-09-30": "42.86%", "2010-06-30": "43.23%", "2010-03-31": "43.30%", "2009-12-31": "42.99%", "2009-09-30": "43.52%", "2009-06-30": "42.91%", "2009-03-31": "43.25%", "2008-12-31": "43.95%", "2008-09-30": "44.73%", "2008-06-30": "45.35%", "2008-03-31": "45.36%", "2007-12-31": "44.91%", "2007-09-30": "44.00%", "2007-06-30": "44.05%", "2007-03-31": "43.78%", "2006-12-31": "44.29%", "2006-09-30": "44.09%", "2006-06-30": "44.04%", "2006-03-31": "44.34%", "2005-12-31": "45.01%"}, "pre tax profit margin": {"2020-09-30": "15.09%", "2020-06-30": "16.77%", "2020-03-31": "20.03%", "2019-12-31": "20.92%", "2019-09-30": "20.94%", "2019-06-30": "21.08%", "2019-03-31": "21.33%", "2018-12-31": "19.42%", "2018-09-30": "19.10%", "2018-06-30": "19.52%", "2018-03-31": "19.29%", "2017-12-31": "21.23%", "2017-09-30": "21.19%", "2017-06-30": "20.62%", "2017-03-31": "20.08%", "2016-12-31": "20.84%", "2016-09-30": "21.01%", "2016-06-30": "21.41%", "2016-03-31": "21.29%", "2015-12-31": "21.06%", "2015-09-30": "20.16%", "2015-06-30": "18.51%", "2015-03-31": "14.95%", "2014-12-31": "11.19%", "2014-09-30": "7.56%", "2014-06-30": "5.10%", "2014-03-31": "5.82%", "2013-12-31": "5.06%", "2013-09-30": "4.72%", "2013-06-30": "4.20%", "2013-03-31": "3.53%", "2012-12-31": "1.36%", "2012-09-30": "0.52%", "2012-06-30": "-0.35%", "2012-03-31": "-1.23%", "2011-12-31": "1.06%", "2011-09-30": "-0.09%", "2011-06-30": "-1.17%", "2011-03-31": "-3.90%", "2010-12-31": "-5.86%", "2010-09-30": "-7.79%", "2010-06-30": "-9.02%", "2010-03-31": "-9.59%", "2009-12-31": "-8.90%", "2009-09-30": "-7.55%", "2009-06-30": "-5.30%", "2009-03-31": "-1.29%", "2008-12-31": "1.00%", "2008-09-30": "2.53%", "2008-06-30": "3.92%", "2008-03-31": "4.52%", "2007-12-31": "6.29%", "2007-09-30": "7.47%", "2007-06-30": "7.78%", "2007-03-31": "7.97%", "2006-12-31": "6.96%", "2006-09-30": "7.06%", "2006-06-30": "6.38%", "2006-03-31": "6.53%", "2005-12-31": "7.24%"}, "net profit margin": {"2020-09-30": "14.78%", "2020-06-30": "16.35%", "2020-03-31": "20.32%", "2019-12-31": "21.21%", "2019-09-30": "21.23%", "2019-06-30": "21.38%", "2019-03-31": "20.67%", "2018-12-31": "18.75%", "2018-09-30": "18.53%", "2018-06-30": "18.88%", "2018-03-31": "18.65%", "2017-12-31": "20.58%", "2017-09-30": "20.27%", "2017-06-30": "19.70%", "2017-03-31": "19.15%", "2016-12-31": "19.84%", "2016-09-30": "19.99%", "2016-06-30": "20.57%", "2016-03-31": "19.57%", "2015-12-31": "19.36%", "2015-09-30": "29.54%", "2015-06-30": "26.02%", "2015-03-31": "22.93%", "2014-12-31": "19.66%", "2014-09-30": "4.33%", "2014-06-30": "2.95%", "2014-03-31": "3.59%", "2013-12-31": "3.21%", "2013-09-30": "2.85%", "2013-06-30": "2.39%", "2013-03-31": "1.68%", "2012-12-31": "0.59%", "2012-09-30": "0.60%", "2012-06-30": "0.00%", "2012-03-31": "-0.26%", "2011-12-31": "0.62%", "2011-09-30": "-0.45%", "2011-06-30": "-0.72%", "2011-03-31": "-2.54%", "2010-12-31": "-3.66%", "2010-09-30": "-4.92%", "2010-06-30": "-5.55%", "2010-03-31": "-5.89%", "2009-12-31": "-5.59%", "2009-09-30": "-4.47%", "2009-06-30": "-3.68%", "2009-03-31": "-1.38%", "2008-12-31": "0.25%", "2008-09-30": "0.90%", "2008-06-30": "1.88%", "2008-03-31": "2.30%", "2007-12-31": "3.31%", "2007-09-30": "4.03%", "2007-06-30": "4.36%", "2007-03-31": "4.47%", "2006-12-31": "3.84%", "2006-09-30": "3.85%", "2006-06-30": "3.47%", "2006-03-31": "3.65%", "2005-12-31": "4.11%"}, "pe ratio": {"current": "17.40", "2021-02-05": "37.23", "2020-09-30": "27.99", "2020-06-30": "24.22", "2020-03-31": "14.00", "2019-12-31": "23.29", "2019-09-30": "21.49", "2019-06-30": "21.15", "2019-03-31": "21.48", "2018-12-31": "20.68", "2018-09-30": "23.57", "2018-06-30": "20.26", "2018-03-31": "19.14", "2017-12-31": "20.17", "2017-09-30": "18.83", "2017-06-30": "20.68", "2017-03-31": "21.47", "2016-12-31": "18.42", "2016-09-30": "17.80", "2016-06-30": "17.73", "2016-03-31": "17.58", "2015-12-31": "17.62", "2015-09-30": "10.02", "2015-06-30": "12.47", "2015-03-31": "14.53", "2014-12-31": "15.30", "2014-09-30": "62.34", "2014-06-30": "96.54", "2014-03-31": "81.04", "2013-12-31": "86.72", "2013-09-30": "83.63", "2013-06-30": "92.59", "2013-03-31": "129.58", "2012-12-31": "289.41", "2012-09-30": "307.48", "2012-06-30": "2135.99", "2012-03-31": "0.00", "2011-12-31": "228.20", "2011-09-30": "0.00", "2011-06-30": "0.00", "2011-03-31": "0.00", "2010-12-31": "0.00", "2010-09-30": "0.00", "2010-06-30": "0.00", "2010-03-31": "0.00", "2009-12-31": "0.00", "2009-09-30": "0.00", "2009-06-30": "0.00", "2009-03-31": "0.00", "2008-12-31": "104.23", "2008-09-30": "104.86", "2008-06-30": "81.54", "2008-03-31": "72.53", "2007-12-31": "74.79", "2007-09-30": "73.15", "2007-06-30": "91.91", "2007-03-31": "94.06", "2006-12-31": "110.47"}, "price sales": {"2021-02-05": "5.50", "2020-09-30": "4.13", "2020-06-30": "3.96", "2020-03-31": "2.84", "2019-12-31": "4.93", "2019-09-30": "4.55", "2019-06-30": "4.52", "2019-03-31": "4.44", "2018-12-31": "3.88", "2018-09-30": "4.37", "2018-06-30": "3.83", "2018-03-31": "3.58", "2017-12-31": "4.15", "2017-09-30": "3.81", "2017-06-30": "4.06", "2017-03-31": "4.10", "2016-12-31": "3.66", "2016-09-30": "3.57", "2016-06-30": "3.66", "2016-03-31": "3.45", "2015-12-31": "3.40", "2015-09-30": "2.96", "2015-06-30": "3.24", "2015-03-31": "3.33", "2014-12-31": "3.02", "2014-09-30": "2.76", "2014-06-30": "2.99", "2014-03-31": "2.88", "2013-12-31": "2.96", "2013-09-30": "2.70", "2013-06-30": "2.51", "2013-03-31": "2.86", "2012-12-31": "2.29", "2012-09-30": "2.22", "2012-06-30": "1.73", "2012-03-31": "1.97", "2011-12-31": "1.69", "2011-09-30": "1.05", "2011-06-30": "1.71", "2011-03-31": "2.31", "2010-12-31": "2.51", "2010-09-30": "2.03", "2010-06-30": "1.58", "2010-03-31": "2.24", "2009-12-31": "2.02", "2009-09-30": "1.75", "2009-06-30": "0.94", "2009-03-31": "0.58", "2008-12-31": "0.72", "2008-09-30": "1.77", "2008-06-30": "2.09", "2008-03-31": "2.13", "2007-12-31": "2.92", "2007-09-30": "3.06", "2007-06-30": "4.05", "2007-03-31": "4.23", "2006-12-31": "4.31"}, "price book": {"current": "7.75", "2021-02-05": "7.75", "2020-09-30": "5.82", "2020-06-30": "5.91", "2020-03-31": "4.45", "2019-12-31": "7.34", "2019-09-30": "6.73", "2019-06-30": "6.69", "2019-03-31": "6.66", "2018-12-31": "5.61", "2018-09-30": "6.39", "2018-06-30": "5.65", "2018-03-31": "5.34", "2017-12-31": "5.78", "2017-09-30": "5.34", "2017-06-30": "5.75", "2017-03-31": "5.87", "2016-12-31": "5.12", "2016-09-30": "4.97", "2016-06-30": "5.06", "2016-03-31": "4.71", "2015-12-31": "4.52", "2015-09-30": "3.94", "2015-06-30": "4.38", "2015-03-31": "4.46", "2014-12-31": "3.96", "2014-09-30": "4.14", "2014-06-30": "4.26", "2014-03-31": "3.85", "2013-12-31": "3.97", "2013-09-30": "3.56", "2013-06-30": "3.37", "2013-03-31": "3.88", "2012-12-31": "3.15", "2012-09-30": "3.01", "2012-06-30": "2.37", "2012-03-31": "2.75", "2011-12-31": "2.28", "2011-09-30": "1.43", "2011-06-30": "2.31", "2011-03-31": "3.18", "2010-12-31": "3.37", "2010-09-30": "2.69", "2010-06-30": "2.09", "2010-03-31": "2.92", "2009-12-31": "2.57", "2009-09-30": "2.23", "2009-06-30": "1.23", "2009-03-31": "0.78", "2008-12-31": "0.99", "2008-09-30": "2.42", "2008-06-30": "2.85", "2008-03-31": "2.83", "2007-12-31": "3.61", "2007-09-30": "3.61", "2007-06-30": "4.24", "2007-03-31": "4.17", "2006-12-31": "3.01", "2006-09-30": "2.46", "2006-06-30": "2.45", "2006-03-31": "2.30"}, "price fcf": {"2021-02-05": "", "2020-09-30": "$5.02", "2020-06-30": "$4.93", "2020-03-31": "$4.98", "2019-12-31": "$4.94", "2019-09-30": "$4.73", "2019-06-30": "$4.68", "2019-03-31": "$4.76", "2018-12-31": "$4.58", "2018-09-30": "$4.53", "2018-06-30": "$4.27", "2018-03-31": "$4.11", "2017-12-31": "$4.10", "2017-09-30": "$4.17", "2017-06-30": "$4.18", "2017-03-31": "$4.16", "2016-12-31": "$4.36", "2016-09-30": "$4.15", "2016-06-30": "$4.19", "2016-03-31": "$3.98", "2015-12-31": "$3.92", "2015-09-30": "$3.84", "2015-06-30": "$3.83", "2015-03-31": "$3.55", "2014-12-31": "$3.66", "2014-09-30": "$3.10", "2014-06-30": "$3.31", "2014-03-31": "$3.26", "2013-12-31": "$3.12", "2013-09-30": "$3.38", "2013-06-30": "$3.10", "2013-03-31": "$3.07", "2012-12-31": "$2.97", "2012-09-30": "$2.73", "2012-06-30": "$2.67", "2012-03-31": "$2.57", "2011-12-31": "$2.41", "2011-09-30": "$2.92", "2011-06-30": "$2.94", "2011-03-31": "$3.16", "2010-12-31": "$3.12", "2010-09-30": "$2.85", "2010-06-30": "$2.69", "2010-03-31": "$2.77", "2009-12-31": "$2.93", "2009-09-30": "$2.66", "2009-06-30": "$2.50", "2009-03-31": "$2.17", "2008-12-31": "$1.72", "2008-09-30": "$1.60", "2008-06-30": "$1.40", "2008-03-31": "$1.31", "2007-12-31": "$1.62", "2007-09-30": "$1.47", "2007-06-30": "$1.61", "2007-03-31": "$1.62", "2006-12-31": "$1.49"}, "net worth": {"value": "$8.82B"}, "current ratio": {"current": "0.63", "2020-09-30": "0.63", "2020-06-30": "1.13", "2020-03-31": "1.46", "2019-12-31": "0.46", "2019-09-30": "0.51", "2019-06-30": "0.50", "2019-03-31": "0.52", "2018-12-31": "0.80", "2018-09-30": "1.43", "2018-06-30": "1.48", "2018-03-31": "1.59", "2017-12-31": "1.29", "2017-09-30": "1.55", "2017-06-30": "1.48", "2017-03-31": "1.42", "2016-12-31": "1.13", "2016-09-30": "1.37", "2016-06-30": "1.35", "2016-03-31": "1.51", "2015-12-31": "1.19", "2015-09-30": "1.38", "2015-06-30": "1.37", "2015-03-31": "1.50", "2014-12-31": "1.21", "2014-09-30": "1.40", "2014-06-30": "1.41", "2014-03-31": "1.69", "2013-12-31": "1.15", "2013-09-30": "0.77", "2013-06-30": "0.72", "2013-03-31": "1.69", "2012-12-31": "1.38", "2012-09-30": "1.51", "2012-06-30": "1.17", "2012-03-31": "1.67", "2011-12-31": "1.59", "2011-09-30": "1.62", "2011-06-30": "1.82", "2011-03-31": "1.85", "2010-12-31": "2.02", "2010-09-30": "1.91", "2010-06-30": "2.08", "2010-03-31": "1.44", "2009-12-31": "1.40", "2009-09-30": "1.34", "2009-06-30": "1.88", "2009-03-31": "2.59", "2008-12-31": "1.43", "2008-09-30": "1.79", "2008-06-30": "1.86", "2008-03-31": "2.10", "2007-12-31": "1.99", "2007-09-30": "1.65", "2007-06-30": "1.87", "2007-03-31": "2.35", "2006-12-31": "2.08", "2006-09-30": "2.29", "2006-06-30": "2.48", "2006-03-31": "2.85", "2005-12-31": "1.96", "2005-09-30": "2.80", "2005-06-30": "1.35", "2005-03-31": "1.33"}, "quick ratio": {"2020-09-30": "0.00", "2020-06-30": "0.00", "2020-03-31": "0.00", "2019-12-31": "0.00", "2019-09-30": "0.00", "2019-06-30": "0.00", "2019-03-31": "0.00", "2018-12-31": "0.00", "2018-09-30": "0.00", "2018-06-30": "0.00", "2018-03-31": "0.00", "2017-12-31": "0.00", "2017-09-30": "0.00", "2017-06-30": "0.00", "2017-03-31": "0.00", "2016-12-31": "0.00", "2016-09-30": "0.00", "2016-06-30": "0.00", "2016-03-31": "0.00", "2015-12-31": "0.00", "2015-09-30": "0.00", "2015-06-30": "0.00", "2015-03-31": "0.00", "2014-12-31": "0.00", "2014-09-30": "0.00", "2014-06-30": "0.00", "2014-03-31": "0.00", "2013-12-31": "0.00", "2013-09-30": "0.00", "2013-06-30": "0.00", "2013-03-31": "0.00", "2012-12-31": "0.00", "2012-09-30": "0.00", "2012-06-30": "0.00", "2012-03-31": "0.00", "2011-12-31": "0.00", "2011-09-30": "0.00", "2011-06-30": "0.00", "2011-03-31": "0.00", "2010-12-31": "0.00", "2010-09-30": "0.00", "2010-06-30": "0.00", "2010-03-31": "0.00", "2009-12-31": "0.00", "2009-09-30": "0.00", "2009-06-30": "0.00", "2009-03-31": "0.00", "2008-12-31": "0.00", "2008-09-30": "0.00", "2008-06-30": "0.00", "2008-03-31": "0.00", "2007-12-31": "0.00", "2007-09-30": "0.00", "2007-06-30": "0.00", "2007-03-31": "0.00", "2006-12-31": "0.00", "2006-09-30": "0.00", "2006-06-30": "0.00", "2006-03-31": "0.00", "2005-12-31": "0.00", "2005-09-30": "0.00", "2005-06-30": "0.00", "2005-03-31": "0.00"}, "debt equity ratio": {"current": "2.49", "2020-09-30": "4.07", "2020-06-30": "4.33", "2020-03-31": "4.62", "2019-12-31": "4.03", "2019-09-30": "4.08", "2019-06-30": "4.09", "2019-03-31": "4.22", "2018-12-31": "3.02", "2018-09-30": "2.76", "2018-06-30": "2.84", "2018-03-31": "2.96", "2017-12-31": "2.82", "2017-09-30": "2.67", "2017-06-30": "2.68", "2017-03-31": "2.72", "2016-12-31": "2.65", "2016-09-30": "2.69", "2016-06-30": "2.76", "2016-03-31": "2.81", "2015-12-31": "2.29", "2015-09-30": "2.40", "2015-06-30": "2.43", "2015-03-31": "2.42", "2014-12-31": "2.38", "2014-09-30": "2.98", "2014-06-30": "2.81", "2014-03-31": "2.64", "2013-12-31": "2.65", "2013-09-30": "2.88", "2013-06-30": "2.91", "2013-03-31": "2.99", "2012-12-31": "3.08", "2012-09-30": "2.94", "2012-06-30": "3.12", "2012-03-31": "3.16", "2011-12-31": "3.09", "2011-09-30": "3.24", "2011-06-30": "3.31", "2011-03-31": "3.44", "2010-12-31": "3.46", "2010-09-30": "3.56", "2010-06-30": "3.68", "2010-03-31": "3.72", "2009-12-31": "3.74", "2009-09-30": "3.70", "2009-06-30": "3.87", "2009-03-31": "3.96", "2008-12-31": "3.73", "2008-09-30": "3.81", "2008-06-30": "3.86", "2008-03-31": "3.66", "2007-12-31": "3.38", "2007-09-30": "3.19", "2007-06-30": "2.70", "2007-03-31": "2.56", "2006-12-31": "1.55", "2006-09-30": "1.36", "2006-06-30": "1.32", "2006-03-31": "1.18", "2005-12-31": "1.06", "2005-09-30": "1.06", "2005-06-30": "1.07", "2005-03-31": "1.11"}, "return on equity": {"2020-09-30": "20.70%", "2020-06-30": "23.78%", "2020-03-31": "31.22%", "2019-12-31": "32.37%", "2019-09-30": "32.09%", "2019-06-30": "32.07%", "2019-03-31": "30.91%", "2018-12-31": "28.09%", "2018-09-30": "27.45%", "2018-06-30": "27.67%", "2018-03-31": "26.95%", "2017-12-31": "29.36%", "2017-09-30": "28.93%", "2017-06-30": "28.13%", "2017-03-31": "27.39%", "2016-12-31": "28.47%", "2016-09-30": "28.42%", "2016-06-30": "28.86%", "2016-03-31": "26.99%", "2015-12-31": "26.26%", "2015-09-30": "39.89%", "2015-06-30": "36.18%", "2015-03-31": "32.37%", "2014-12-31": "27.68%", "2014-09-30": "6.10%", "2014-06-30": "4.01%", "2014-03-31": "4.84%", "2013-12-31": "4.38%", "2013-09-30": "3.91%", "2013-06-30": "3.30%", "2013-03-31": "2.32%", "2012-12-31": "0.83%", "2012-09-30": "0.83%", "2012-06-30": "0.00%", "2012-03-31": "-0.36%", "2011-12-31": "0.85%", "2011-09-30": "-0.61%", "2011-06-30": "-0.98%", "2011-03-31": "-3.45%", "2010-12-31": "-4.92%", "2010-09-30": "-6.49%", "2010-06-30": "-7.16%", "2010-03-31": "-7.43%", "2009-12-31": "-6.98%", "2009-09-30": "-5.61%", "2009-06-30": "-4.76%", "2009-03-31": "-1.85%", "2008-12-31": "0.34%", "2008-09-30": "1.24%", "2008-06-30": "2.54%", "2008-03-31": "2.92%", "2007-12-31": "3.93%", "2007-09-30": "4.10%", "2007-06-30": "3.80%", "2007-03-31": "3.42%", "2006-12-31": "2.61%", "2006-09-30": "2.45%", "2006-06-30": "2.10%", "2006-03-31": "2.11%", "2005-12-31": "2.32%"}, "return on assets": {"2020-09-30": "3.93%", "2020-06-30": "4.52%", "2020-03-31": "6.00%", "2019-12-31": "6.34%", "2019-09-30": "6.62%", "2019-06-30": "7.09%", "2019-03-31": "7.34%", "2018-12-31": "7.22%", "2018-09-30": "7.14%", "2018-06-30": "7.25%", "2018-03-31": "7.13%", "2017-12-31": "7.88%", "2017-09-30": "7.86%", "2017-06-30": "7.63%", "2017-03-31": "7.39%", "2016-12-31": "7.64%", "2016-09-30": "7.80%", "2016-06-30": "8.09%", "2016-03-31": "7.75%", "2015-12-31": "7.76%", "2015-09-30": "11.71%", "2015-06-30": "10.23%", "2015-03-31": "8.91%", "2014-12-31": "7.50%", "2014-09-30": "1.62%", "2014-06-30": "1.07%", "2014-03-31": "1.28%", "2013-12-31": "1.13%", "2013-09-30": "0.99%", "2013-06-30": "0.83%", "2013-03-31": "0.58%", "2012-12-31": "0.20%", "2012-09-30": "0.20%", "2012-06-30": "0.00%", "2012-03-31": "-0.09%", "2011-12-31": "0.20%", "2011-09-30": "-0.14%", "2011-06-30": "-0.22%", "2011-03-31": "-0.76%", "2010-12-31": "-1.07%", "2010-09-30": "-1.39%", "2010-06-30": "-1.52%", "2010-03-31": "-1.56%", "2009-12-31": "-1.45%", "2009-09-30": "-1.17%", "2009-06-30": "-0.98%", "2009-03-31": "-0.38%", "2008-12-31": "0.07%", "2008-09-30": "0.27%", "2008-06-30": "0.56%", "2008-03-31": "0.69%", "2007-12-31": "1.00%", "2007-09-30": "1.21%", "2007-06-30": "1.30%", "2007-03-31": "1.31%", "2006-12-31": "1.11%", "2006-09-30": "1.10%", "2006-06-30": "0.98%", "2006-03-31": "1.01%", "2005-12-31": "1.12%"}, "return on investments": {"2020-09-30": "9.82%", "2020-06-30": "10.64%", "2020-03-31": "12.79%", "2019-12-31": "13.11%", "2019-09-30": "12.95%", "2019-06-30": "12.94%", "2019-03-31": "12.98%", "2018-12-31": "12.55%", "2018-09-30": "12.40%", "2018-06-30": "12.59%", "2018-03-31": "12.51%", "2017-12-31": "12.95%", "2017-09-30": "13.05%", "2017-06-30": "12.81%", "2017-03-31": "12.52%", "2016-12-31": "12.87%", "2016-09-30": "13.05%", "2016-06-30": "13.26%", "2016-03-31": "13.22%", "2015-12-31": "13.12%", "2015-09-30": "12.57%", "2015-06-30": "11.86%", "2015-03-31": "11.06%", "2014-12-31": "9.82%", "2014-09-30": "9.01%", "2014-06-30": "8.40%", "2014-03-31": "8.50%", "2013-12-31": "7.98%", "2013-09-30": "7.76%", "2013-06-30": "7.50%", "2013-03-31": "7.07%", "2012-12-31": "7.32%", "2012-09-30": "6.72%", "2012-06-30": "6.33%", "2012-03-31": "6.05%", "2011-12-31": "5.96%", "2011-09-30": "5.52%", "2011-06-30": "5.17%", "2011-03-31": "4.77%", "2010-12-31": "4.26%", "2010-09-30": "3.81%", "2010-06-30": "3.53%", "2010-03-31": "3.02%", "2009-12-31": "2.73%", "2009-09-30": "2.77%", "2009-06-30": "3.09%", "2009-03-31": "3.96%", "2008-12-31": "4.86%", "2008-09-30": "5.56%", "2008-06-30": "6.09%", "2008-03-31": "6.38%", "2007-12-31": "6.31%", "2007-09-30": "6.22%", "2007-06-30": "5.94%", "2007-03-31": "5.53%", "2006-12-31": "5.43%", "2006-09-30": "5.22%", "2006-06-30": "4.95%", "2006-03-31": "4.84%", "2005-12-31": "4.93%"}, "return on tangible equity": {"2020-09-30": "-13.71%", "2020-06-30": "-15.73%", "2020-03-31": "-20.86%", "2019-12-31": "-21.50%", "2019-09-30": "-21.16%", "2019-06-30": "-21.89%", "2019-03-31": "-21.72%", "2018-12-31": "-20.32%", "2018-09-30": "-20.65%", "2018-06-30": "-21.14%", "2018-03-31": "-21.13%", "2017-12-31": "-23.80%", "2017-09-30": "-23.90%", "2017-06-30": "-23.26%", "2017-03-31": "-22.41%", "2016-12-31": "-22.95%", "2016-09-30": "-24.35%", "2016-06-30": "-26.27%", "2016-03-31": "-26.44%", "2015-12-31": "-28.53%", "2015-09-30": "-43.26%", "2015-06-30": "-36.60%", "2015-03-31": "-31.25%", "2014-12-31": "-26.04%", "2014-09-30": "-5.53%", "2014-06-30": "-3.75%", "2014-03-31": "-4.52%", "2013-12-31": "-3.93%", "2013-09-30": "-3.35%", "2013-06-30": "-2.78%", "2013-03-31": "-1.91%", "2012-12-31": "-0.67%", "2012-09-30": "-0.67%", "2012-06-30": "0.00%", "2012-03-31": "0.28%", "2011-12-31": "-0.63%", "2011-09-30": "0.44%", "2011-06-30": "0.68%", "2011-03-31": "2.34%", "2010-12-31": "3.28%", "2010-09-30": "4.27%", "2010-06-30": "4.69%", "2010-03-31": "4.89%", "2009-12-31": "4.61%", "2009-09-30": "3.71%", "2009-06-30": "3.12%", "2009-03-31": "1.20%", "2008-12-31": "-0.22%", "2008-09-30": "-0.84%", "2008-06-30": "-1.79%", "2008-03-31": "-2.28%", "2007-12-31": "-3.39%", "2007-09-30": "-4.63%", "2007-06-30": "-5.88%", "2007-03-31": "-7.06%", "2006-12-31": "-7.62%", "2006-09-30": "-8.61%", "2006-06-30": "-8.31%", "2006-03-31": "-9.30%", "2005-12-31": "-10.45%"}, "dividend yield history": {"last payout": "$2.00", "last yield": "2.29%"}}