{"ticker": "LW", "price": {"title": "Lamb Weston Holdings Historical Annual Stock Price Data", "value": 79.5, "historical": {"2020": {"Average Stock Price": "69.8000", "Year Open": "84.0900", "Year High": "95.8700", "Year Low": "45.0100", "Year Close": "78.7400", "Annual % Change": "-8.47%"}, "2019": {"Average Stock Price": "71.5085", "Year Open": "73.6600", "Year High": "86.1500", "Year Low": "58.9700", "Year Close": "86.0300", "Annual % Change": "16.95%"}, "2018": {"Average Stock Price": "66.8626", "Year Open": "55.3700", "Year High": "83.3500", "Year Low": "53.5100", "Year Close": "73.5600", "Annual % Change": "30.31%"}, "2017": {"Average Stock Price": "45.2557", "Year Open": "37.4900", "Year High": "56.8800", "Year Low": "36.3300", "Year Close": "56.4500", "Annual % Change": "49.14%"}, "2016": {"Average Stock Price": "34.0897", "Year Open": "30.3300", "Year High": "37.8500", "Year Low": "29.8900", "Year Close": "37.8500", "Annual % Change": "0.00%"}}}, "market cap": {"value": "$11.64B"}, "income statement": {"Revenue": {"2020-05-31": "3792.40000", "2019-05-31": "3756.50000", "2018-05-31": "3423.70000", "2017-05-31": "3168.00000", "2016-05-31": "2993.80000", "2015-05-31": "2925.00000", "2014-05-31": "2815.20000"}, "Cost Of Goods Sold": {"2020-05-31": "2897.20000", "2019-05-31": "2753.00000", "2018-05-31": "2544.20000", "2017-05-31": "2389.20000", "2016-05-31": "2332.00000", "2015-05-31": "2337.70000", "2014-05-31": "2229.50000"}, "Gross Profit": {"2020-05-31": "895.20000", "2019-05-31": "1003.50000", "2018-05-31": "879.50000", "2017-05-31": "778.80000", "2016-05-31": "661.80000", "2015-05-31": "587.30000", "2014-05-31": "585.70000"}, "Research And Development Expenses": {"2020-05-31": "", "2019-05-31": "", "2018-05-31": "", "2017-05-31": "", "2016-05-31": "", "2015-05-31": "", "2014-05-31": ""}, "SG&A Expenses": {"2020-05-31": "338.30000", "2019-05-31": "335.10000", "2018-05-31": "299.40000", "2017-05-31": "260.50000", "2016-05-31": "288.50000", "2015-05-31": "205.90000", "2014-05-31": "222.00000"}, "Other Operating Income Or Expenses": {"2020-05-31": "", "2019-05-31": "", "2018-05-31": "", "2017-05-31": "", "2016-05-31": "", "2015-05-31": "", "2014-05-31": ""}, "Operating Expenses": {"2020-05-31": "3235.50000", "2019-05-31": "3088.10000", "2018-05-31": "2843.60000", "2017-05-31": "2649.70000", "2016-05-31": "2620.50000", "2015-05-31": "2543.60000", "2014-05-31": "2456.80000"}, "Operating Income": {"2020-05-31": "556.89990", "2019-05-31": "668.39990", "2018-05-31": "580.10010", "2017-05-31": "518.30000", "2016-05-31": "373.30000", "2015-05-31": "381.40010", "2014-05-31": "358.39990"}, "Total Non-Operating Income/Expense": {"2020-05-31": "-108.00000", "2019-05-31": "-107.10000", "2018-05-31": "-108.80000", "2017-05-31": "-61.20000", "2016-05-31": "-5.90000", "2015-05-31": "-6.10000", "2014-05-31": ""}, "Pre-Tax Income": {"2020-05-31": "448.90000", "2019-05-31": "561.30000", "2018-05-31": "471.30000", "2017-05-31": "457.10000", "2016-05-31": "367.40000", "2015-05-31": "375.30000", "2014-05-31": "358.40000"}, "Income Taxes": {"2020-05-31": "112.30000", "2019-05-31": "133.60000", "2018-05-31": "121.20000", "2017-05-31": "170.20000", "2016-05-31": "144.50000", "2015-05-31": "140.40000", "2014-05-31": "117.70000"}, "Income After Taxes": {"2020-05-31": "336.60000", "2019-05-31": "427.70000", "2018-05-31": "350.10000", "2017-05-31": "286.90000", "2016-05-31": "222.90000", "2015-05-31": "234.90000", "2014-05-31": "240.70000"}, "Other Income": {"2020-05-31": "", "2019-05-31": "", "2018-05-31": "", "2017-05-31": "", "2016-05-31": "", "2015-05-31": "", "2014-05-31": ""}, "Income From Continuous Operations": {"2020-05-31": "365.90000", "2019-05-31": "487.20000", "2018-05-31": "433.70000", "2017-05-31": "340.20000", "2016-05-31": "294.60000", "2015-05-31": "277.60000", "2014-05-31": "270.30000"}, "Income From Discontinued Operations": {"2020-05-31": "", "2019-05-31": "", "2018-05-31": "", "2017-05-31": "", "2016-05-31": "", "2015-05-31": "", "2014-05-31": ""}, "Net Income": {"2020-05-31": "365.90000", "2019-05-31": "478.60000", "2018-05-31": "416.80000", "2017-05-31": "324.80000", "2016-05-31": "280.50000", "2015-05-31": "266.60000", "2014-05-31": "260.90000"}, "EBITDA": {"2020-05-31": "740.89990", "2019-05-31": "830.79990", "2018-05-31": "723.40010", "2017-05-31": "627.40000", "2016-05-31": "469.20000", "2015-05-31": "477.80010", "2014-05-31": "442.89990"}, "EBIT": {"2020-05-31": "556.89990", "2019-05-31": "668.39990", "2018-05-31": "580.10010", "2017-05-31": "518.30000", "2016-05-31": "373.30000", "2015-05-31": "381.40010", "2014-05-31": "363.69990"}, "Basic Shares Outstanding": {"2020-05-31": "146.20000", "2019-05-31": "146.50000", "2018-05-31": "146.30000", "2017-05-31": "146.10000", "2016-05-31": "146.00000", "2015-05-31": "146.00000", "2014-05-31": ""}, "Shares Outstanding": {"2020-05-31": "147.10000", "2019-05-31": "147.30000", "2018-05-31": "147.00000", "2017-05-31": "146.60000", "2016-05-31": "146.00000", "2015-05-31": "146.00000", "2014-05-31": ""}, "Basic EPS": {"2020-05-31": "2.50000", "2019-05-31": "3.19000", "2018-05-31": "2.83000", "2017-05-31": "2.22000", "2016-05-31": "1.92000", "2015-05-31": "1.83000", "2014-05-31": ""}, "EPS - Earnings Per Share": {"2020-05-31": "2.49000", "2019-05-31": "3.18000", "2018-05-31": "2.82000", "2017-05-31": "2.22000", "2016-05-31": "1.92000", "2015-05-31": "1.83000", "2014-05-31": "0.00000"}}, "income statement, quarterly": {"Revenue": {"2020-11-30": "896.10000", "2020-08-31": "871.50000", "2020-05-31": "846.89990", "2020-02-29": "937.30000", "2019-11-30": "1019.20000", "2019-08-31": "989.00000", "2019-05-31": "1003.40000", "2019-02-28": "926.80000", "2018-11-30": "911.40000", "2018-08-31": "914.90000", "2018-05-31": "918.19980", "2018-02-28": "863.40000", "2017-11-30": "824.60000", "2017-08-31": "817.50000", "2017-05-31": "832.50010", "2017-02-28": "768.50000", "2016-11-30": "790.70000", "2016-08-31": "776.30000", "2016-05-31": "", "2016-02-29": "728.70000", "2015-11-30": "740.30000", "2015-05-31": "", "2014-05-31": ""}, "Cost Of Goods Sold": {"2020-11-30": "672.60000", "2020-08-31": "657.70000", "2020-05-31": "735.79980", "2020-02-29": "686.90000", "2019-11-30": "734.10000", "2019-08-31": "740.40000", "2019-05-31": "752.90010", "2019-02-28": "653.40000", "2018-11-30": "662.40000", "2018-08-31": "684.30000", "2018-05-31": "685.49990", "2018-02-28": "621.10000", "2017-11-30": "616.40000", "2017-08-31": "621.20000", "2017-05-31": "640.19990", "2017-02-28": "561.50000", "2016-11-30": "591.80000", "2016-08-31": "595.70000", "2016-05-31": "", "2016-02-29": "546.80000", "2015-11-30": "578.50000", "2015-05-31": "", "2014-05-31": ""}, "Gross Profit": {"2020-11-30": "223.50000", "2020-08-31": "213.80000", "2020-05-31": "111.10010", "2020-02-29": "250.40000", "2019-11-30": "285.10000", "2019-08-31": "248.60000", "2019-05-31": "250.49980", "2019-02-28": "273.40000", "2018-11-30": "249.00000", "2018-08-31": "230.60000", "2018-05-31": "232.69990", "2018-02-28": "242.30000", "2017-11-30": "208.20000", "2017-08-31": "196.30000", "2017-05-31": "192.30020", "2017-02-28": "207.00000", "2016-11-30": "198.90000", "2016-08-31": "180.60000", "2016-05-31": "", "2016-02-29": "181.90000", "2015-11-30": "161.80000", "2015-05-31": "", "2014-05-31": ""}, "Research And Development Expenses": {"2020-11-30": "", "2020-08-31": "", "2020-05-31": "", "2020-02-29": "", "2019-11-30": "", "2019-08-31": "", "2019-05-31": "", "2019-02-28": "", "2018-11-30": "", "2018-08-31": "", "2018-05-31": "", "2018-02-28": "", "2017-11-30": "", "2017-08-31": "", "2017-05-31": "", "2017-02-28": "", "2016-11-30": "", "2016-08-31": "", "2016-05-31": "", "2016-02-29": "", "2015-11-30": "", "2015-05-31": "", "2014-05-31": ""}, "SG&A Expenses": {"2020-11-30": "83.90000", "2020-08-31": "78.10000", "2020-05-31": "80.20000", "2020-02-29": "87.90000", "2019-11-30": "91.60000", "2019-08-31": "78.60000", "2019-05-31": "102.50000", "2019-02-28": "79.60000", "2018-11-30": "75.00000", "2018-08-31": "78.00000", "2018-05-31": "99.20000", "2018-02-28": "73.10000", "2017-11-30": "68.40000", "2017-08-31": "58.70000", "2017-05-31": "69.70000", "2017-02-28": "61.80000", "2016-11-30": "73.40000", "2016-08-31": "55.60000", "2016-05-31": "", "2016-02-29": "54.60000", "2015-11-30": "52.30000", "2015-05-31": "", "2014-05-31": ""}, "Other Operating Income Or Expenses": {"2020-11-30": "", "2020-08-31": "", "2020-05-31": "", "2020-02-29": "", "2019-11-30": "", "2019-08-31": "", "2019-05-31": "", "2019-02-28": "", "2018-11-30": "", "2018-08-31": "", "2018-05-31": "", "2018-02-28": "", "2017-11-30": "", "2017-08-31": "", "2017-05-31": "", "2017-02-28": "", "2016-11-30": "", "2016-08-31": "", "2016-05-31": "", "2016-02-29": "", "2015-11-30": "", "2015-05-31": "", "2014-05-31": ""}, "Operating Expenses": {"2020-11-30": "756.50000", "2020-08-31": "735.80000", "2020-05-31": "816.00000", "2020-02-29": "774.80000", "2019-11-30": "825.70000", "2019-08-31": "819.00000", "2019-05-31": "855.40010", "2019-02-28": "733.00000", "2018-11-30": "737.40000", "2018-08-31": "762.30000", "2018-05-31": "784.69980", "2018-02-28": "694.20000", "2017-11-30": "684.80000", "2017-08-31": "679.90000", "2017-05-31": "709.90000", "2017-02-28": "623.30000", "2016-11-30": "665.20000", "2016-08-31": "651.30000", "2016-05-31": "", "2016-02-29": "601.40000", "2015-11-30": "630.80000", "2015-05-31": "", "2014-05-31": ""}, "Operating Income": {"2020-11-30": "139.60000", "2020-08-31": "135.70000", "2020-05-31": "30.89990", "2020-02-29": "162.49990", "2019-11-30": "193.50010", "2019-08-31": "170.00000", "2019-05-31": "147.99980", "2019-02-28": "193.80000", "2018-11-30": "174.00000", "2018-08-31": "152.60000", "2018-05-31": "133.50000", "2018-02-28": "169.20010", "2017-11-30": "139.79990", "2017-08-31": "137.60000", "2017-05-31": "122.60010", "2017-02-28": "145.20000", "2016-11-30": "125.50000", "2016-08-31": "125.00000", "2016-05-31": "", "2016-02-29": "127.30000", "2015-11-30": "109.50000", "2015-05-31": "", "2014-05-31": ""}, "Total Non-Operating Income/Expense": {"2020-11-30": "-30.00000", "2020-08-31": "-30.30000", "2020-05-31": "-29.20000", "2020-02-29": "-25.20000", "2019-11-30": "-25.40000", "2019-08-31": "-28.20000", "2019-05-31": "-27.10000", "2019-02-28": "-27.00000", "2018-11-30": "-26.20000", "2018-08-31": "-26.80000", "2018-05-31": "-27.70000", "2018-02-28": "-28.50000", "2017-11-30": "-27.40000", "2017-08-31": "-25.20000", "2017-05-31": "-26.60000", "2017-02-28": "-26.30000", "2016-11-30": "-6.80000", "2016-08-31": "-1.50000", "2016-05-31": "", "2016-02-29": "-1.50000", "2015-11-30": "-1.50000", "2015-05-31": "", "2014-05-31": ""}, "Pre-Tax Income": {"2020-11-30": "109.60000", "2020-08-31": "105.40000", "2020-05-31": "1.70000", "2020-02-29": "137.30000", "2019-11-30": "168.10000", "2019-08-31": "141.80000", "2019-05-31": "120.90000", "2019-02-28": "166.80000", "2018-11-30": "147.80000", "2018-08-31": "125.80000", "2018-05-31": "105.80000", "2018-02-28": "140.70000", "2017-11-30": "112.40000", "2017-08-31": "112.40000", "2017-05-31": "96.00000", "2017-02-28": "118.90000", "2016-11-30": "118.70000", "2016-08-31": "123.50000", "2016-05-31": "", "2016-02-29": "125.80000", "2015-11-30": "108.00000", "2015-05-31": "", "2014-05-31": ""}, "Income Taxes": {"2020-11-30": "31.90000", "2020-08-31": "28.00000", "2020-05-31": "-2.80000", "2020-02-29": "35.70000", "2019-11-30": "42.70000", "2019-08-31": "36.70000", "2019-05-31": "25.70000", "2019-02-28": "39.60000", "2018-11-30": "34.00000", "2018-08-31": "34.30000", "2018-05-31": "28.10000", "2018-02-28": "7.50000", "2017-11-30": "41.50000", "2017-08-31": "44.10000", "2017-05-31": "41.30000", "2017-02-28": "44.00000", "2016-11-30": "33.90000", "2016-08-31": "51.00000", "2016-05-31": "", "2016-02-29": "53.20000", "2015-11-30": "38.70000", "2015-05-31": "", "2014-05-31": ""}, "Income After Taxes": {"2020-11-30": "77.70000", "2020-08-31": "77.40000", "2020-05-31": "4.50000", "2020-02-29": "101.60000", "2019-11-30": "125.40000", "2019-08-31": "105.10000", "2019-05-31": "95.20000", "2019-02-28": "127.20000", "2018-11-30": "113.80000", "2018-08-31": "91.50000", "2018-05-31": "77.70000", "2018-02-28": "133.20000", "2017-11-30": "70.90000", "2017-08-31": "68.30000", "2017-05-31": "54.70000", "2017-02-28": "74.90000", "2016-11-30": "84.80000", "2016-08-31": "72.50000", "2016-05-31": "", "2016-02-29": "72.60000", "2015-11-30": "69.30000", "2015-05-31": "", "2014-05-31": ""}, "Other Income": {"2020-11-30": "", "2020-08-31": "", "2020-05-31": "", "2020-02-29": "", "2019-11-30": "", "2019-08-31": "", "2019-05-31": "", "2019-02-28": "", "2018-11-30": "", "2018-08-31": "", "2018-05-31": "", "2018-02-28": "", "2017-11-30": "", "2017-08-31": "", "2017-05-31": "", "2017-02-28": "", "2016-11-30": "", "2016-08-31": "", "2016-05-31": "", "2016-02-29": "", "2015-11-30": "", "2015-05-31": "", "2014-05-31": ""}, "Income From Continuous Operations": {"2020-11-30": "96.90000", "2020-08-31": "89.30000", "2020-05-31": "-1.60010", "2020-02-29": "111.40000", "2019-11-30": "140.40000", "2019-08-31": "115.70000", "2019-05-31": "110.40000", "2019-02-28": "141.40000", "2018-11-30": "124.00000", "2018-08-31": "111.40000", "2018-05-31": "102.80000", "2018-02-28": "159.60000", "2017-11-30": "83.00000", "2017-08-31": "88.30000", "2017-05-31": "78.50000", "2017-02-28": "87.60000", "2016-11-30": "91.00000", "2016-08-31": "83.10000", "2016-05-31": "", "2016-02-29": "108.70000", "2015-11-30": "77.00000", "2015-05-31": "", "2014-05-31": ""}, "Income From Discontinued Operations": {"2020-11-30": "", "2020-08-31": "", "2020-05-31": "", "2020-02-29": "", "2019-11-30": "", "2019-08-31": "", "2019-05-31": "", "2019-02-28": "", "2018-11-30": "", "2018-08-31": "", "2018-05-31": "", "2018-02-28": "", "2017-11-30": "", "2017-08-31": "", "2017-05-31": "", "2017-02-28": "", "2016-11-30": "", "2016-08-31": "", "2016-05-31": "", "2016-02-29": "", "2015-11-30": "", "2015-05-31": "", "2014-05-31": ""}, "Net Income": {"2020-11-30": "96.90000", "2020-08-31": "89.30000", "2020-05-31": "-1.60000", "2020-02-29": "111.40000", "2019-11-30": "140.40000", "2019-08-31": "115.70000", "2019-05-31": "121.30000", "2019-02-28": "141.40000", "2018-11-30": "109.00000", "2018-08-31": "106.90000", "2018-05-31": "100.90000", "2018-02-28": "155.90000", "2017-11-30": "76.60000", "2017-08-31": "83.40000", "2017-05-31": "73.80000", "2017-02-28": "84.20000", "2016-11-30": "87.20000", "2016-08-31": "79.60000", "2016-05-31": "", "2016-02-29": "103.90000", "2015-11-30": "72.90000", "2015-05-31": "", "2014-05-31": ""}, "EBITDA": {"2020-11-30": "188.40000", "2020-08-31": "182.60000", "2020-05-31": "77.39990", "2020-02-29": "208.29990", "2019-11-30": "239.20010", "2019-08-31": "216.00000", "2019-05-31": "192.89980", "2019-02-28": "234.10000", "2018-11-30": "212.60000", "2018-08-31": "191.20000", "2018-05-31": "172.70000", "2018-02-28": "206.70010", "2017-11-30": "175.39990", "2017-08-31": "168.60000", "2017-05-31": "152.10010", "2017-02-28": "172.70000", "2016-11-30": "152.10000", "2016-08-31": "150.50000", "2016-05-31": "", "2016-02-29": "150.90010", "2015-11-30": "109.50000", "2015-05-31": "", "2014-05-31": ""}, "EBIT": {"2020-11-30": "139.60000", "2020-08-31": "135.70000", "2020-05-31": "30.89990", "2020-02-29": "162.49990", "2019-11-30": "193.50010", "2019-08-31": "170.00000", "2019-05-31": "147.99990", "2019-02-28": "193.80000", "2018-11-30": "174.00000", "2018-08-31": "152.60000", "2018-05-31": "133.50010", "2018-02-28": "169.20010", "2017-11-30": "139.79990", "2017-08-31": "137.60000", "2017-05-31": "122.60000", "2017-02-28": "145.20000", "2016-11-30": "125.50000", "2016-08-31": "125.00000", "2016-05-31": "", "2016-02-29": "127.30000", "2015-11-30": "109.50000", "2015-05-31": "", "2014-05-31": ""}, "Basic Shares Outstanding": {"2020-11-30": "146.50000", "2020-08-31": "146.30000", "2020-05-31": "146.20000", "2020-02-29": "146.20000", "2019-11-30": "146.20000", "2019-08-31": "146.20000", "2019-05-31": "146.50000", "2019-02-28": "146.60000", "2018-11-30": "146.60000", "2018-08-31": "146.50000", "2018-05-31": "146.30000", "2018-02-28": "146.30000", "2017-11-30": "146.30000", "2017-08-31": "146.20000", "2017-05-31": "146.10000", "2017-02-28": "146.10000", "2016-11-30": "146.00000", "2016-08-31": "146.10000", "2016-05-31": "", "2016-02-29": "146.00000", "2015-11-30": "146.00000", "2015-05-31": "", "2014-05-31": ""}, "Shares Outstanding": {"2020-11-30": "147.10000", "2020-08-31": "147.10000", "2020-05-31": "147.10000", "2020-02-29": "147.20000", "2019-11-30": "147.10000", "2019-08-31": "147.00000", "2019-05-31": "147.30000", "2019-02-28": "147.40000", "2018-11-30": "147.40000", "2018-08-31": "147.20000", "2018-05-31": "147.00000", "2018-02-28": "147.10000", "2017-11-30": "146.90000", "2017-08-31": "146.80000", "2017-05-31": "146.60000", "2017-02-28": "146.50000", "2016-11-30": "146.30000", "2016-08-31": "146.10000", "2016-05-31": "", "2016-02-29": "146.00000", "2015-11-30": "146.00000", "2015-05-31": "", "2014-05-31": ""}, "Basic EPS": {"2020-11-30": "0.66000", "2020-08-31": "0.61000", "2020-05-31": "-0.01000", "2020-02-29": "0.76000", "2019-11-30": "0.96000", "2019-08-31": "0.79000", "2019-05-31": "0.76000", "2019-02-28": "0.96000", "2018-11-30": "0.74000", "2018-08-31": "0.73000", "2018-05-31": "0.68000", "2018-02-28": "1.07000", "2017-11-30": "0.52000", "2017-08-31": "0.56000", "2017-05-31": "0.52000", "2017-02-28": "0.57000", "2016-11-30": "0.59000", "2016-08-31": "0.54000", "2016-05-31": "", "2016-02-29": "0.71000", "2015-11-30": "0.50000", "2015-05-31": "", "2014-05-31": ""}, "EPS - Earnings Per Share": {"2020-11-30": "0.66000", "2020-08-31": "0.61000", "2020-05-31": "-0.01000", "2020-02-29": "0.76000", "2019-11-30": "0.95000", "2019-08-31": "0.79000", "2019-05-31": "0.76000", "2019-02-28": "0.95000", "2018-11-30": "0.74000", "2018-08-31": "0.73000", "2018-05-31": "0.68000", "2018-02-28": "1.06000", "2017-11-30": "0.52000", "2017-08-31": "0.56000", "2017-05-31": "0.52000", "2017-02-28": "0.57000", "2016-11-30": "0.59000", "2016-08-31": "0.54000", "2016-05-31": "0.00000", "2016-02-29": "0.71000", "2015-11-30": "0.50000", "2015-05-31": "0.00000", "2014-05-31": "0.00000"}}, "balance sheet": {"Cash On Hand": {"2020-05-31": "1364.00000", "2019-05-31": "12.20000", "2018-05-31": "55.60000", "2017-05-31": "57.10000", "2016-05-31": "36.40000", "2015-05-31": "30.60000", "2014-05-31": ""}, "Receivables": {"2020-05-31": "342.10000", "2019-05-31": "340.10000", "2018-05-31": "225.90000", "2017-05-31": "185.20000", "2016-05-31": "186.50000", "2015-05-31": "171.40000", "2014-05-31": ""}, "Inventory": {"2020-05-31": "486.70000", "2019-05-31": "498.30000", "2018-05-31": "549.70000", "2017-05-31": "525.00000", "2016-05-31": "498.90000", "2015-05-31": "488.20000", "2014-05-31": ""}, "Pre-Paid Expenses": {"2020-05-31": "109.80000", "2019-05-31": "110.90000", "2018-05-31": "99.20000", "2017-05-31": "90.90000", "2016-05-31": "58.20000", "2015-05-31": "61.50000", "2014-05-31": ""}, "Other Current Assets": {"2020-05-31": "", "2019-05-31": "", "2018-05-31": "", "2017-05-31": "", "2016-05-31": "", "2015-05-31": "", "2014-05-31": ""}, "Total Current Assets": {"2020-05-31": "2302.60000", "2019-05-31": "961.50000", "2018-05-31": "930.40000", "2017-05-31": "858.20000", "2016-05-31": "780.00000", "2015-05-31": "751.70000", "2014-05-31": ""}, "Property, Plant, And Equipment": {"2020-05-31": "1535.00000", "2019-05-31": "1597.80000", "2018-05-31": "1420.80000", "2017-05-31": "1271.20000", "2016-05-31": "1043.10000", "2015-05-31": "1001.30000", "2014-05-31": ""}, "Long-Term Investments": {"2020-05-31": "250.20000", "2019-05-31": "224.60000", "2018-05-31": "219.80000", "2017-05-31": "178.60000", "2016-05-31": "155.20000", "2015-05-31": "", "2014-05-31": ""}, "Goodwill And Intangible Assets": {"2020-05-31": "342.10000", "2019-05-31": "243.50000", "2018-05-31": "170.50000", "2017-05-31": "170.20000", "2016-05-31": "173.50000", "2015-05-31": "176.60000", "2014-05-31": "0.00000"}, "Other Long-Term Assets": {"2020-05-31": "65.40000", "2019-05-31": "20.70000", "2018-05-31": "11.10000", "2017-05-31": "7.40000", "2016-05-31": "6.50000", "2015-05-31": "126.30000", "2014-05-31": ""}, "Total Long-Term Assets": {"2020-05-31": "2359.70000", "2019-05-31": "2086.60000", "2018-05-31": "1822.20000", "2017-05-31": "1627.40000", "2016-05-31": "1378.30000", "2015-05-31": "1304.20000", "2014-05-31": ""}, "Total Assets": {"2020-05-31": "4662.30000", "2019-05-31": "3048.10000", "2018-05-31": "2752.60000", "2017-05-31": "2485.60000", "2016-05-31": "2158.30000", "2015-05-31": "2055.90000", "2014-05-31": "0.00000"}, "Total Current Liabilities": {"2020-05-31": "1024.90000", "2019-05-31": "552.80000", "2018-05-31": "518.70000", "2017-05-31": "555.40000", "2016-05-31": "409.60000", "2015-05-31": "389.20000", "2014-05-31": ""}, "Long Term Debt": {"2020-05-31": "2992.60000", "2019-05-31": "2280.20000", "2018-05-31": "2336.70000", "2017-05-31": "2365.00000", "2016-05-31": "104.60000", "2015-05-31": "86.50000", "2014-05-31": ""}, "Other Non-Current Liabilities": {"2020-05-31": "252.30000", "2019-05-31": "94.00000", "2018-05-31": "84.30000", "2017-05-31": "71.20000", "2016-05-31": "52.10000", "2015-05-31": "222.70000", "2014-05-31": ""}, "Total Long Term Liabilities": {"2020-05-31": "3397.40000", "2019-05-31": "2499.90000", "2018-05-31": "2568.70000", "2017-05-31": "2577.40000", "2016-05-31": "348.10000", "2015-05-31": "309.20000", "2014-05-31": ""}, "Total Liabilities": {"2020-05-31": "4422.30000", "2019-05-31": "3052.70000", "2018-05-31": "3087.40000", "2017-05-31": "3132.80000", "2016-05-31": "757.70000", "2015-05-31": "698.40000", "2014-05-31": "0.00000"}, "Common Stock Net": {"2020-05-31": "147.00000", "2019-05-31": "146.70000", "2018-05-31": "146.40000", "2017-05-31": "146.10000", "2016-05-31": "1409.80000", "2015-05-31": "1362.60000", "2014-05-31": "0.00000"}, "Retained Earnings (Accumulated Deficit)": {"2020-05-31": "1064.60000", "2019-05-31": "803.60000", "2018-05-31": "426.40000", "2017-05-31": "121.00000", "2016-05-31": "", "2015-05-31": "", "2014-05-31": ""}, "Comprehensive Income": {"2020-05-31": "-40.50000", "2019-05-31": "-25.30000", "2018-05-31": "-4.30000", "2017-05-31": "-9.30000", "2016-05-31": "-9.20000", "2015-05-31": "-5.10000", "2014-05-31": ""}, "Other Share Holders Equity": {"2020-05-31": "", "2019-05-31": "", "2018-05-31": "", "2017-05-31": "", "2016-05-31": "", "2015-05-31": "", "2014-05-31": "0.00000"}, "Share Holder Equity": {"2020-05-31": "240.00000", "2019-05-31": "-4.60000", "2018-05-31": "-334.80000", "2017-05-31": "-647.20000", "2016-05-31": "1400.60000", "2015-05-31": "1357.50000", "2014-05-31": "0.00000"}, "Total Liabilities And Share Holders Equity": {"2020-05-31": "4662.30000", "2019-05-31": "3048.10000", "2018-05-31": "2752.60000", "2017-05-31": "2485.60000", "2016-05-31": "2158.30000", "2015-05-31": "2055.90000", "2014-05-31": "0.00000"}}, "balance sheet, quarterly": {"Cash On Hand": {"2020-11-30": "763.90000", "2020-08-31": "1032.50000", "2020-05-31": "1364.00000", "2020-02-29": "30.10000", "2019-11-30": "23.80000", "2019-08-31": "19.00000", "2019-05-31": "12.20000", "2019-02-28": "17.20000", "2018-11-30": "121.60000", "2018-08-31": "150.50000", "2018-05-31": "55.60000", "2018-02-28": "49.40000", "2017-11-30": "71.10000", "2017-08-31": "69.80000", "2017-05-31": "57.10000", "2017-02-28": "37.50000", "2016-11-30": "69.40000", "2016-08-31": "", "2016-05-31": "", "2016-02-29": "", "2015-11-30": "", "2015-05-31": "30.60000", "2014-05-31": ""}, "Receivables": {"2020-11-30": "353.20000", "2020-08-31": "334.80000", "2020-05-31": "342.10000", "2020-02-29": "368.80000", "2019-11-30": "399.70000", "2019-08-31": "371.10000", "2019-05-31": "340.10000", "2019-02-28": "359.30000", "2018-11-30": "340.10000", "2018-08-31": "331.10000", "2018-05-31": "225.90000", "2018-02-28": "236.60000", "2017-11-30": "224.40000", "2017-08-31": "213.70000", "2017-05-31": "185.20000", "2017-02-28": "218.10000", "2016-11-30": "232.20000", "2016-08-31": "", "2016-05-31": "", "2016-02-29": "", "2015-11-30": "", "2015-05-31": "171.40000", "2014-05-31": ""}, "Inventory": {"2020-11-30": "630.50000", "2020-08-31": "470.60000", "2020-05-31": "486.70000", "2020-02-29": "597.30000", "2019-11-30": "636.00000", "2019-08-31": "466.50000", "2019-05-31": "498.30000", "2019-02-28": "588.20000", "2018-11-30": "628.20000", "2018-08-31": "447.70000", "2018-05-31": "549.70000", "2018-02-28": "630.50000", "2017-11-30": "662.90000", "2017-08-31": "494.40000", "2017-05-31": "525.00000", "2017-02-28": "572.40000", "2016-11-30": "615.90000", "2016-08-31": "", "2016-05-31": "", "2016-02-29": "", "2015-11-30": "", "2015-05-31": "488.20000", "2014-05-31": ""}, "Pre-Paid Expenses": {"2020-11-30": "38.20000", "2020-08-31": "53.10000", "2020-05-31": "109.80000", "2020-02-29": "101.30000", "2019-11-30": "47.80000", "2019-08-31": "49.60000", "2019-05-31": "110.90000", "2019-02-28": "103.30000", "2018-11-30": "44.70000", "2018-08-31": "55.50000", "2018-05-31": "99.20000", "2018-02-28": "81.70000", "2017-11-30": "45.90000", "2017-08-31": "60.50000", "2017-05-31": "90.90000", "2017-02-28": "84.10000", "2016-11-30": "18.50000", "2016-08-31": "", "2016-05-31": "", "2016-02-29": "", "2015-11-30": "", "2015-05-31": "", "2014-05-31": ""}, "Other Current Assets": {"2020-11-30": "", "2020-08-31": "", "2020-05-31": "", "2020-02-29": "", "2019-11-30": "", "2019-08-31": "", "2019-05-31": "", "2019-02-28": "", "2018-11-30": "", "2018-08-31": "", "2018-05-31": "", "2018-02-28": "", "2017-11-30": "", "2017-08-31": "", "2017-05-31": "", "2017-02-28": "", "2016-11-30": "", "2016-08-31": "", "2016-05-31": "", "2016-02-29": "", "2015-11-30": "", "2015-05-31": "61.50000", "2014-05-31": ""}, "Total Current Assets": {"2020-11-30": "1785.80000", "2020-08-31": "1891.00000", "2020-05-31": "2302.60000", "2020-02-29": "1097.50000", "2019-11-30": "1107.30000", "2019-08-31": "906.20000", "2019-05-31": "961.50000", "2019-02-28": "1068.00000", "2018-11-30": "1134.60000", "2018-08-31": "984.80000", "2018-05-31": "930.40000", "2018-02-28": "998.20000", "2017-11-30": "1004.30000", "2017-08-31": "838.40000", "2017-05-31": "858.20000", "2017-02-28": "912.10000", "2016-11-30": "936.00000", "2016-08-31": "", "2016-05-31": "", "2016-02-29": "", "2015-11-30": "", "2015-05-31": "751.70000", "2014-05-31": ""}, "Property, Plant, And Equipment": {"2020-11-30": "1485.20000", "2020-08-31": "1511.50000", "2020-05-31": "1535.00000", "2020-02-29": "1554.00000", "2019-11-30": "1552.30000", "2019-08-31": "1555.10000", "2019-05-31": "1597.80000", "2019-02-28": "1557.00000", "2018-11-30": "1521.40000", "2018-08-31": "1467.90000", "2018-05-31": "1420.80000", "2018-02-28": "1356.80000", "2017-11-30": "1331.50000", "2017-08-31": "1309.50000", "2017-05-31": "1271.20000", "2017-02-28": "1185.60000", "2016-11-30": "1134.30000", "2016-08-31": "", "2016-05-31": "", "2016-02-29": "", "2015-11-30": "", "2015-05-31": "1948.40000", "2014-05-31": ""}, "Long-Term Investments": {"2020-11-30": "291.40000", "2020-08-31": "275.00000", "2020-05-31": "250.20000", "2020-02-29": "253.40000", "2019-11-30": "257.90000", "2019-08-31": "225.50000", "2019-05-31": "224.60000", "2019-02-28": "222.80000", "2018-11-30": "218.20000", "2018-08-31": "221.70000", "2018-05-31": "219.80000", "2018-02-28": "217.40000", "2017-11-30": "198.60000", "2017-08-31": "196.00000", "2017-05-31": "178.60000", "2017-02-28": "155.60000", "2016-11-30": "150.80000", "2016-08-31": "", "2016-05-31": "", "2016-02-29": "", "2015-11-30": "", "2015-05-31": "", "2014-05-31": ""}, "Goodwill And Intangible Assets": {"2020-11-30": "363.00000", "2020-08-31": "361.80000", "2020-05-31": "342.10000", "2020-02-29": "342.00000", "2019-11-30": "347.00000", "2019-08-31": "346.80000", "2019-05-31": "243.50000", "2019-02-28": "247.10000", "2018-11-30": "167.00000", "2018-08-31": "168.10000", "2018-05-31": "170.50000", "2018-02-28": "171.60000", "2017-11-30": "170.70000", "2017-08-31": "170.90000", "2017-05-31": "170.20000", "2017-02-28": "170.40000", "2016-11-30": "170.00000", "2016-08-31": "0.00000", "2016-05-31": "", "2016-02-29": "0.00000", "2015-11-30": "0.00000", "2015-05-31": "176.60000", "2014-05-31": "0.00000"}, "Other Long-Term Assets": {"2020-11-30": "78.60000", "2020-08-31": "74.90000", "2020-05-31": "65.40000", "2020-02-29": "46.90000", "2019-11-30": "39.40000", "2019-08-31": "28.70000", "2019-05-31": "20.70000", "2019-02-28": "16.30000", "2018-11-30": "11.30000", "2018-08-31": "11.80000", "2018-05-31": "11.10000", "2018-02-28": "9.90000", "2017-11-30": "9.80000", "2017-08-31": "13.00000", "2017-05-31": "7.40000", "2017-02-28": "8.50000", "2016-11-30": "9.10000", "2016-08-31": "", "2016-05-31": "", "2016-02-29": "", "2015-11-30": "", "2015-05-31": "126.30000", "2014-05-31": ""}, "Total Long-Term Assets": {"2020-11-30": "2373.30000", "2020-08-31": "2381.60000", "2020-05-31": "2359.70000", "2020-02-29": "2368.70000", "2019-11-30": "2359.50000", "2019-08-31": "2316.40000", "2019-05-31": "2086.60000", "2019-02-28": "2043.20000", "2018-11-30": "1917.90000", "2018-08-31": "1869.50000", "2018-05-31": "1822.20000", "2018-02-28": "1755.70000", "2017-11-30": "1710.60000", "2017-08-31": "1689.40000", "2017-05-31": "1627.40000", "2017-02-28": "1520.10000", "2016-11-30": "1464.20000", "2016-08-31": "", "2016-05-31": "", "2016-02-29": "", "2015-11-30": "", "2015-05-31": "2251.30000", "2014-05-31": ""}, "Total Assets": {"2020-11-30": "4159.10000", "2020-08-31": "4272.60000", "2020-05-31": "4662.30000", "2020-02-29": "3466.20000", "2019-11-30": "3466.80000", "2019-08-31": "3222.60000", "2019-05-31": "3048.10000", "2019-02-28": "3111.20000", "2018-11-30": "3052.50000", "2018-08-31": "2854.30000", "2018-05-31": "2752.60000", "2018-02-28": "2753.90000", "2017-11-30": "2714.90000", "2017-08-31": "2527.80000", "2017-05-31": "2485.60000", "2017-02-28": "2432.20000", "2016-11-30": "2400.20000", "2016-08-31": "0.00000", "2016-05-31": "0.00000", "2016-02-29": "0.00000", "2015-11-30": "0.00000", "2015-05-31": "2055.90000", "2014-05-31": "0.00000"}, "Total Current Liabilities": {"2020-11-30": "614.30000", "2020-08-31": "549.60000", "2020-05-31": "1024.90000", "2020-02-29": "593.70000", "2019-11-30": "669.40000", "2019-08-31": "540.10000", "2019-05-31": "552.80000", "2019-02-28": "666.60000", "2018-11-30": "696.80000", "2018-08-31": "518.30000", "2018-05-31": "518.70000", "2018-02-28": "579.30000", "2017-11-30": "646.50000", "2017-08-31": "516.90000", "2017-05-31": "555.40000", "2017-02-28": "575.20000", "2016-11-30": "605.10000", "2016-08-31": "", "2016-05-31": "", "2016-02-29": "", "2015-11-30": "", "2015-05-31": "389.20000", "2014-05-31": ""}, "Long Term Debt": {"2020-11-30": "2719.40000", "2020-08-31": "2980.80000", "2020-05-31": "2992.60000", "2020-02-29": "2195.30000", "2019-11-30": "2203.70000", "2019-08-31": "2210.10000", "2019-05-31": "2280.20000", "2019-02-28": "2288.60000", "2018-11-30": "2321.80000", "2018-08-31": "2329.50000", "2018-05-31": "2336.70000", "2018-02-28": "2344.40000", "2017-11-30": "2353.20000", "2017-08-31": "2360.10000", "2017-05-31": "2365.00000", "2017-02-28": "2372.70000", "2016-11-30": "2382.00000", "2016-08-31": "", "2016-05-31": "", "2016-02-29": "", "2015-11-30": "", "2015-05-31": "86.50000", "2014-05-31": ""}, "Other Non-Current Liabilities": {"2020-11-30": "258.50000", "2020-08-31": "253.00000", "2020-05-31": "252.30000", "2020-02-29": "249.90000", "2019-11-30": "243.10000", "2019-08-31": "236.60000", "2019-05-31": "94.00000", "2019-02-28": "85.60000", "2018-11-30": "86.20000", "2018-08-31": "84.80000", "2018-05-31": "84.30000", "2018-02-28": "87.40000", "2017-11-30": "74.30000", "2017-08-31": "70.40000", "2017-05-31": "71.20000", "2017-02-28": "73.60000", "2016-11-30": "64.80000", "2016-08-31": "", "2016-05-31": "", "2016-02-29": "", "2015-11-30": "", "2015-05-31": "222.70000", "2014-05-31": ""}, "Total Long Term Liabilities": {"2020-11-30": "3135.90000", "2020-08-31": "3391.00000", "2020-05-31": "3397.40000", "2020-02-29": "2602.10000", "2019-11-30": "2596.30000", "2019-08-31": "2590.20000", "2019-05-31": "2499.90000", "2019-02-28": "2500.80000", "2018-11-30": "2522.80000", "2018-08-31": "2581.40000", "2018-05-31": "2568.70000", "2018-02-28": "2566.80000", "2017-11-30": "2599.80000", "2017-08-31": "2586.60000", "2017-05-31": "2577.40000", "2017-02-28": "2558.60000", "2016-11-30": "2553.70000", "2016-08-31": "", "2016-05-31": "", "2016-02-29": "", "2015-11-30": "", "2015-05-31": "309.20000", "2014-05-31": ""}, "Total Liabilities": {"2020-11-30": "3750.20000", "2020-08-31": "3940.60000", "2020-05-31": "4422.30000", "2020-02-29": "3195.80000", "2019-11-30": "3265.70000", "2019-08-31": "3130.30000", "2019-05-31": "3052.70000", "2019-02-28": "3167.40000", "2018-11-30": "3219.60000", "2018-08-31": "3099.70000", "2018-05-31": "3087.40000", "2018-02-28": "3146.10000", "2017-11-30": "3246.30000", "2017-08-31": "3103.50000", "2017-05-31": "3132.80000", "2017-02-28": "3133.80000", "2016-11-30": "3158.80000", "2016-08-31": "0.00000", "2016-05-31": "", "2016-02-29": "0.00000", "2015-11-30": "0.00000", "2015-05-31": "698.40000", "2014-05-31": "0.00000"}, "Common Stock Net": {"2020-11-30": "147.50000", "2020-08-31": "147.40000", "2020-05-31": "147.00000", "2020-02-29": "147.00000", "2019-11-30": "146.80000", "2019-08-31": "146.80000", "2019-05-31": "146.70000", "2019-02-28": "146.60000", "2018-11-30": "146.60000", "2018-08-31": "146.60000", "2018-05-31": "146.40000", "2018-02-28": "146.30000", "2017-11-30": "146.30000", "2017-08-31": "146.20000", "2017-05-31": "146.10000", "2017-02-28": "146.10000", "2016-11-30": "146.00000", "2016-08-31": "0.00000", "2016-05-31": "", "2016-02-29": "0.00000", "2015-11-30": "0.00000", "2015-05-31": "1362.60000", "2014-05-31": "0.00000"}, "Retained Earnings (Accumulated Deficit)": {"2020-11-30": "1182.80000", "2020-08-31": "1119.90000", "2020-05-31": "1064.60000", "2020-02-29": "1099.20000", "2019-11-30": "1021.90000", "2019-08-31": "911.10000", "2019-05-31": "803.60000", "2019-02-28": "722.50000", "2018-11-30": "610.40000", "2018-08-31": "519.70000", "2018-05-31": "426.40000", "2018-02-28": "354.50000", "2017-11-30": "225.80000", "2017-08-31": "176.90000", "2017-05-31": "121.00000", "2017-02-28": "72.10000", "2016-11-30": "15.30000", "2016-08-31": "", "2016-05-31": "", "2016-02-29": "", "2015-11-30": "", "2015-05-31": "", "2014-05-31": ""}, "Comprehensive Income": {"2020-11-30": "7.00000", "2020-08-31": "-1.00000", "2020-05-31": "-40.50000", "2020-02-29": "-40.60000", "2019-11-30": "-33.50000", "2019-08-31": "-34.20000", "2019-05-31": "-25.30000", "2019-02-28": "-13.30000", "2018-11-30": "-15.90000", "2018-08-31": "-8.50000", "2018-05-31": "-4.30000", "2018-02-28": "13.40000", "2017-11-30": "5.40000", "2017-08-31": "5.90000", "2017-05-31": "-9.30000", "2017-02-28": "-19.40000", "2016-11-30": "-22.20000", "2016-08-31": "", "2016-05-31": "", "2016-02-29": "", "2015-11-30": "", "2015-05-31": "", "2014-05-31": ""}, "Other Share Holders Equity": {"2020-11-30": "", "2020-08-31": "", "2020-05-31": "", "2020-02-29": "", "2019-11-30": "", "2019-08-31": "", "2019-05-31": "", "2019-02-28": "", "2018-11-30": "", "2018-08-31": "", "2018-05-31": "", "2018-02-28": "", "2017-11-30": "", "2017-08-31": "", "2017-05-31": "", "2017-02-28": "", "2016-11-30": "", "2016-08-31": "0.00000", "2016-05-31": "", "2016-02-29": "0.00000", "2015-11-30": "0.00000", "2015-05-31": "-5.10000", "2014-05-31": "0.00000"}, "Share Holder Equity": {"2020-11-30": "408.90000", "2020-08-31": "332.00000", "2020-05-31": "240.00000", "2020-02-29": "270.40000", "2019-11-30": "201.10000", "2019-08-31": "92.30000", "2019-05-31": "-4.60000", "2019-02-28": "-56.20000", "2018-11-30": "-167.10000", "2018-08-31": "-245.40000", "2018-05-31": "-334.80000", "2018-02-28": "-392.20000", "2017-11-30": "-531.40000", "2017-08-31": "-575.70000", "2017-05-31": "-647.20000", "2017-02-28": "-701.60000", "2016-11-30": "-758.60000", "2016-08-31": "0.00000", "2016-05-31": "", "2016-02-29": "0.00000", "2015-11-30": "0.00000", "2015-05-31": "1357.50000", "2014-05-31": "0.00000"}, "Total Liabilities And Share Holders Equity": {"2020-11-30": "4159.10000", "2020-08-31": "4272.60000", "2020-05-31": "4662.30000", "2020-02-29": "3466.20000", "2019-11-30": "3466.80000", "2019-08-31": "3222.60000", "2019-05-31": "3048.10000", "2019-02-28": "3111.20000", "2018-11-30": "3052.50000", "2018-08-31": "2854.30000", "2018-05-31": "2752.60000", "2018-02-28": "2753.90000", "2017-11-30": "2714.90000", "2017-08-31": "2527.80000", "2017-05-31": "2485.60000", "2017-02-28": "2432.20000", "2016-11-30": "2400.20000", "2016-08-31": "0.00000", "2016-05-31": "", "2016-02-29": "0.00000", "2015-11-30": "0.00000", "2015-05-31": "2055.90000", "2014-05-31": "0.00000"}}, "cash flow statement": {"Net Income/Loss": {"2020-05-31": "365.90000", "2019-05-31": "487.20000", "2018-05-31": "433.70000", "2017-05-31": "340.20000", "2016-05-31": "294.60000", "2015-05-31": "277.60000", "2014-05-31": "270.30000"}, "Total Depreciation And Amortization - Cash Flow": {"2020-05-31": "184.00000", "2019-05-31": "162.40000", "2018-05-31": "143.30000", "2017-05-31": "109.10000", "2016-05-31": "95.90000", "2015-05-31": "96.40000", "2014-05-31": "79.20000"}, "Other Non-Cash Items": {"2020-05-31": "58.00000", "2019-05-31": "55.70000", "2018-05-31": "-33.20000", "2017-05-31": "3.10000", "2016-05-31": "-16.40000", "2015-05-31": "-6.00000", "2014-05-31": "36.70000"}, "Total Non-Cash Items": {"2020-05-31": "242.00000", "2019-05-31": "218.10000", "2018-05-31": "110.10000", "2017-05-31": "112.20000", "2016-05-31": "79.50000", "2015-05-31": "90.40000", "2014-05-31": "115.90000"}, "Change In Accounts Receivable": {"2020-05-31": "1.10000", "2019-05-31": "-25.10000", "2018-05-31": "-40.40000", "2017-05-31": "1.20000", "2016-05-31": "-15.10000", "2015-05-31": "3.50000", "2014-05-31": "-3.50000"}, "Change In Inventories": {"2020-05-31": "15.30000", "2019-05-31": "-15.80000", "2018-05-31": "-23.60000", "2017-05-31": "-26.10000", "2016-05-31": "-10.70000", "2015-05-31": "-43.80000", "2014-05-31": "24.50000"}, "Change In Accounts Payable": {"2020-05-31": "-34.90000", "2019-05-31": "32.90000", "2018-05-31": "-8.30000", "2017-05-31": "12.10000", "2016-05-31": "7.50000", "2015-05-31": "1.30000", "2014-05-31": "10.40000"}, "Change In Assets/Liabilities": {"2020-05-31": "-2.00000", "2019-05-31": "-1.90000", "2018-05-31": "-15.50000", "2017-05-31": "-11.90000", "2016-05-31": "3.50000", "2015-05-31": "7.60000", "2014-05-31": "6.90000"}, "Total Change In Assets/Liabilities": {"2020-05-31": "-33.90000", "2019-05-31": "-24.40000", "2018-05-31": "-62.60000", "2017-05-31": "-5.50000", "2016-05-31": "8.20000", "2015-05-31": "-14.30000", "2014-05-31": "0.20000"}, "Cash Flow From Operating Activities": {"2020-05-31": "574.00000", "2019-05-31": "680.90000", "2018-05-31": "481.20000", "2017-05-31": "446.90000", "2016-05-31": "382.30000", "2015-05-31": "353.70000", "2014-05-31": "386.40000"}, "Net Change In Property, Plant, And Equipment": {"2020-05-31": "-167.70000", "2019-05-31": "-334.20000", "2018-05-31": "-306.80000", "2017-05-31": "-287.40000", "2016-05-31": "-144.30000", "2015-05-31": "-96.30000", "2014-05-31": "-173.20000"}, "Net Change In Intangible Assets": {"2020-05-31": "", "2019-05-31": "", "2018-05-31": "", "2017-05-31": "", "2016-05-31": "", "2015-05-31": "", "2014-05-31": ""}, "Net Acquisitions/Divestitures": {"2020-05-31": "-116.70000", "2019-05-31": "-88.60000", "2018-05-31": "", "2017-05-31": "", "2016-05-31": "", "2015-05-31": "-74.90000", "2014-05-31": ""}, "Net Change In Short-term Investments": {"2020-05-31": "", "2019-05-31": "", "2018-05-31": "", "2017-05-31": "", "2016-05-31": "", "2015-05-31": "", "2014-05-31": ""}, "Net Change In Long-Term Investments": {"2020-05-31": "", "2019-05-31": "", "2018-05-31": "", "2017-05-31": "", "2016-05-31": "", "2015-05-31": "", "2014-05-31": ""}, "Net Change In Investments - Total": {"2020-05-31": "", "2019-05-31": "", "2018-05-31": "", "2017-05-31": "", "2016-05-31": "", "2015-05-31": "", "2014-05-31": ""}, "Investing Activities - Other": {"2020-05-31": "-61.60000", "2019-05-31": "-0.20000", "2018-05-31": "", "2017-05-31": "2.10000", "2016-05-31": "", "2015-05-31": "", "2014-05-31": ""}, "Cash Flow From Investing Activities": {"2020-05-31": "-346.00000", "2019-05-31": "-423.00000", "2018-05-31": "-306.80000", "2017-05-31": "-285.30000", "2016-05-31": "-144.30000", "2015-05-31": "-171.20000", "2014-05-31": "-173.20000"}, "Net Long-Term Debt": {"2020-05-31": "786.60000", "2019-05-31": "-66.70000", "2018-05-31": "-39.20000", "2017-05-31": "774.30000", "2016-05-31": "-9.10000", "2015-05-31": "-3.10000", "2014-05-31": "-3.60000"}, "Net Current Debt": {"2020-05-31": "490.50000", "2019-05-31": "-1.00000", "2018-05-31": "-14.40000", "2017-05-31": "-2.80000", "2016-05-31": "21.40000", "2015-05-31": "-12.60000", "2014-05-31": ""}, "Debt Issuance/Retirement Net - Total": {"2020-05-31": "1277.10000", "2019-05-31": "-67.70000", "2018-05-31": "-53.60000", "2017-05-31": "771.50000", "2016-05-31": "12.30000", "2015-05-31": "-15.70000", "2014-05-31": "-3.60000"}, "Net Common Equity Issued/Repurchased": {"2020-05-31": "-28.90000", "2019-05-31": "-36.40000", "2018-05-31": "-2.70000", "2017-05-31": "-0.20000", "2016-05-31": "", "2015-05-31": "", "2014-05-31": ""}, "Net Total Equity Issued/Repurchased": {"2020-05-31": "-28.90000", "2019-05-31": "-36.40000", "2018-05-31": "-2.70000", "2017-05-31": "-0.20000", "2016-05-31": "", "2015-05-31": "", "2014-05-31": ""}, "Total Common And Preferred Stock Dividends Paid": {"2020-05-31": "-121.30000", "2019-05-31": "-119.40000", "2018-05-31": "-124.80000", "2017-05-31": "-39.60000", "2016-05-31": "-8.30000", "2015-05-31": "-11.30000", "2014-05-31": "-6.90000"}, "Financial Activities - Other": {"2020-05-31": "-1.90000", "2019-05-31": "-76.10000", "2018-05-31": "2.20000", "2017-05-31": "-873.70000", "2016-05-31": "-236.80000", "2015-05-31": "-150.70000", "2014-05-31": "-189.10000"}, "Cash Flow From Financial Activities": {"2020-05-31": "1125.00000", "2019-05-31": "-299.60000", "2018-05-31": "-178.90000", "2017-05-31": "-142.00000", "2016-05-31": "-232.80000", "2015-05-31": "-177.70000", "2014-05-31": "-199.60000"}, "Net Cash Flow": {"2020-05-31": "1351.80000", "2019-05-31": "-43.40000", "2018-05-31": "-1.50000", "2017-05-31": "20.70000", "2016-05-31": "5.80000", "2015-05-31": "3.60000", "2014-05-31": "13.90000"}, "Stock-Based Compensation": {"2020-05-31": "22.80000", "2019-05-31": "18.80000", "2018-05-31": "13.50000", "2017-05-31": "5.70000", "2016-05-31": "3.20000", "2015-05-31": "6.90000", "2014-05-31": "4.80000"}, "Common Stock Dividends Paid": {"2020-05-31": "-121.30000", "2019-05-31": "-119.40000", "2018-05-31": "-124.80000", "2017-05-31": "-39.60000", "2016-05-31": "-8.30000", "2015-05-31": "-11.30000", "2014-05-31": "-6.90000"}}, "cash flow statement, quarterly": {"Net Income/Loss": {"2020-11-30": 96.9, "2020-08-31": "89.30000", "2020-05-31": -1.6, "2020-02-29": 111.4, "2019-11-30": 140.4, "2019-08-31": "115.70000", "2019-05-31": 110.4, "2019-02-28": 141.4, "2018-11-30": 124, "2018-08-31": "111.40000", "2018-05-31": 102.8, "2018-02-28": 159.6, "2017-11-30": 83, "2017-08-31": "88.30000", "2017-05-31": 78.5, "2017-02-28": 87.6, "2016-11-30": 91, "2016-08-31": "83.10000", "2016-05-31": 45.4, "2016-02-29": 108.7, "2015-11-30": -137.1, "2015-05-31": 7.3, "2014-05-31": 270.3}, "Total Depreciation And Amortization - Cash Flow": {"2020-11-30": 48.8, "2020-08-31": "46.90000", "2020-05-31": 46.5, "2020-02-29": 45.8, "2019-11-30": 45.7, "2019-08-31": "46.00000", "2019-05-31": 44.9, "2019-02-28": 40.3, "2018-11-30": 38.6, "2018-08-31": "38.60000", "2018-05-31": 39.2, "2018-02-28": 37.5, "2017-11-30": 35.6, "2017-08-31": "31.00000", "2017-05-31": 29.5, "2017-02-28": 27.5, "2016-11-30": 26.6, "2016-08-31": "25.50000", "2016-05-31": 24.4, "2016-02-29": 23.6, "2015-11-30": -48.5, "2015-05-31": 17.2, "2014-05-31": 79.2}, "Other Non-Cash Items": {"2020-11-30": -4.6, "2020-08-31": "9.50000", "2020-05-31": 19.8, "2020-02-29": 14, "2019-11-30": 3.4, "2019-08-31": "20.80000", "2019-05-31": 8.4, "2019-02-28": 8.5, "2018-11-30": 20.8, "2018-08-31": "18.00000", "2018-05-31": -2.8, "2018-02-28": -48.5, "2017-11-30": 18, "2017-08-31": "0.10000", "2017-05-31": 4.1, "2017-02-28": 5.3, "2016-11-30": -8.2, "2016-08-31": "1.90000", "2016-05-31": 27, "2016-02-29": -15.7, "2015-11-30": -11.3, "2015-05-31": 0, "2014-05-31": 0}, "Total Non-Cash Items": {"2020-11-30": 44.2, "2020-08-31": "56.40000", "2020-05-31": 66.3, "2020-02-29": 59.8, "2019-11-30": 49.1, "2019-08-31": "66.80000", "2019-05-31": 53.3, "2019-02-28": 48.8, "2018-11-30": 59.4, "2018-08-31": "56.60000", "2018-05-31": 36.4, "2018-02-28": -11, "2017-11-30": 53.6, "2017-08-31": "31.10000", "2017-05-31": 33.6, "2017-02-28": 32.8, "2016-11-30": 18.4, "2016-08-31": "27.40000", "2016-05-31": 51.4, "2016-02-29": 7.9, "2015-11-30": -59.8, "2015-05-31": 17.2, "2014-05-31": 79.2}, "Change In Accounts Receivable": {"2020-11-30": -17.6, "2020-08-31": "9.10000", "2020-05-31": 25.4, "2020-02-29": 30.9, "2019-11-30": -28.2, "2019-08-31": "-27.00000", "2019-05-31": 18.2, "2019-02-28": -15.1, "2018-11-30": -9.6, "2018-08-31": "-18.60000", "2018-05-31": 11, "2018-02-28": -12.2, "2017-11-30": -10.7, "2017-08-31": "-28.50000", "2017-05-31": 32.9, "2017-02-28": 14.1, "2016-11-30": -21.8, "2016-08-31": "-24.00000", "2016-05-31": 28.4, "2016-02-29": -1, "2015-11-30": -27.4, "2015-05-31": 0, "2014-05-31": 0}, "Change In Inventories": {"2020-11-30": -158.3, "2020-08-31": "18.00000", "2020-05-31": 109.9, "2020-02-29": 38.8, "2019-11-30": -169, "2019-08-31": "35.60000", "2019-05-31": 88.9, "2019-02-28": 44.7, "2018-11-30": -182.6, "2018-08-31": "33.20000", "2018-05-31": 81.8, "2018-02-28": 32.5, "2017-11-30": -168.6, "2017-08-31": "30.70000", "2017-05-31": 47.4, "2017-02-28": 43.5, "2016-11-30": -141.6, "2016-08-31": "24.60000", "2016-05-31": 56.3, "2016-02-29": 40.4, "2015-11-30": -96.7, "2015-05-31": 0, "2014-05-31": 0}, "Change In Accounts Payable": {"2020-11-30": 119.8, "2020-08-31": "18.70000", "2020-05-31": -37, "2020-02-29": -124.3, "2019-11-30": 118.7, "2019-08-31": "7.70000", "2019-05-31": -18.7, "2019-02-28": -63.2, "2018-11-30": 97.7, "2018-08-31": "17.10000", "2018-05-31": -39.9, "2018-02-28": -57.5, "2017-11-30": 76.2, "2017-08-31": "12.90000", "2017-05-31": -5.8, "2017-02-28": -41.9, "2016-11-30": 44.1, "2016-08-31": "15.70000", "2016-05-31": -12.7, "2016-02-29": -59.7, "2015-11-30": 72.4, "2015-05-31": 0, "2014-05-31": 0}, "Change In Assets/Liabilities": {"2020-11-30": 13.8, "2020-08-31": "38.00000", "2020-05-31": -3.8, "2020-02-29": -44.5, "2019-11-30": 3, "2019-08-31": "43.30000", "2019-05-31": 5.1, "2019-02-28": -58, "2018-11-30": 9.9, "2018-08-31": "41.10000", "2018-05-31": -4, "2018-02-28": -47.8, "2017-11-30": 9.5, "2017-08-31": "26.80000", "2017-05-31": 12.4, "2017-02-28": -65.7, "2016-11-30": 20.7, "2016-08-31": "20.70000", "2016-05-31": 6.4, "2016-02-29": -49.9, "2015-11-30": 43.5, "2015-05-31": 0, "2014-05-31": 0}, "Total Change In Assets/Liabilities": {"2020-11-30": -72.9, "2020-08-31": "104.90000", "2020-05-31": 73.6, "2020-02-29": -80.8, "2019-11-30": -82.7, "2019-08-31": "56.00000", "2019-05-31": 72.8, "2019-02-28": -62.6, "2018-11-30": -94.5, "2018-08-31": "59.90000", "2018-05-31": 31.8, "2018-02-28": -20.6, "2017-11-30": -97.9, "2017-08-31": "24.10000", "2017-05-31": 80.7, "2017-02-28": -28.7, "2016-11-30": -62, "2016-08-31": "4.50000", "2016-05-31": 100.7, "2016-02-29": -68.4, "2015-11-30": -15.2, "2015-05-31": 10.81, "2014-05-31": 0.19}, "Cash Flow From Operating Activities": {"2020-11-30": 68.2, "2020-08-31": "250.60000", "2020-05-31": 138.3, "2020-02-29": 90.4, "2019-11-30": 106.8, "2019-08-31": "238.50000", "2019-05-31": 236.5, "2019-02-28": 127.6, "2018-11-30": 88.9, "2018-08-31": "227.90000", "2018-05-31": 171, "2018-02-28": 128, "2017-11-30": 38.7, "2017-08-31": "143.50000", "2017-05-31": 192.8, "2017-02-28": 91.7, "2016-11-30": 47.4, "2016-08-31": "115.00000", "2016-05-31": 161.2, "2016-02-29": 48.2, "2015-11-30": -180.8, "2015-05-31": -32.7, "2014-05-31": 386.4}, "Net Change In Property, Plant, And Equipment": {"2020-11-30": -21.7, "2020-08-31": "-20.60000", "2020-05-31": -39.9, "2020-02-29": -39.7, "2019-11-30": -37.8, "2019-08-31": "-50.30000", "2019-05-31": -90, "2019-02-28": -73.8, "2018-11-30": -83.4, "2018-08-31": "-87.00000", "2018-05-31": -102.4, "2018-02-28": -50.4, "2017-11-30": -49.6, "2017-08-31": "-104.40000", "2017-05-31": -84.9, "2017-02-28": -76.7, "2016-11-30": -67.5, "2016-08-31": "-58.30000", "2016-05-31": -40.9, "2016-02-29": -39.8, "2015-11-30": 32.7, "2015-05-31": 76.9, "2014-05-31": -173.2}, "Net Change In Intangible Assets": {"2020-11-30": 0, "2020-08-31": "", "2020-05-31": 0, "2020-02-29": 0, "2019-11-30": 0, "2019-08-31": "", "2019-05-31": 0, "2019-02-28": 0, "2018-11-30": 0, "2018-08-31": "", "2018-05-31": 0, "2018-02-28": 0, "2017-11-30": 0, "2017-08-31": "", "2017-05-31": 0, "2017-02-28": 0, "2016-11-30": 0, "2016-08-31": "", "2016-05-31": 0, "2016-02-29": 0, "2015-11-30": 0, "2015-05-31": 0, "2014-05-31": 0}, "Net Acquisitions/Divestitures": {"2020-11-30": 0, "2020-08-31": "", "2020-05-31": 0, "2020-02-29": 0, "2019-11-30": 0.2, "2019-08-31": "-116.90000", "2019-05-31": 0, "2019-02-28": -88.6, "2018-11-30": 0, "2018-08-31": "", "2018-05-31": 0, "2018-02-28": 0, "2017-11-30": 0, "2017-08-31": "", "2017-05-31": 0, "2017-02-28": 0, "2016-11-30": 0, "2016-08-31": "", "2016-05-31": 0, "2016-02-29": 0, "2015-11-30": 74.9, "2015-05-31": -74.9, "2014-05-31": 0}, "Net Change In Short-term Investments": {"2020-11-30": 0, "2020-08-31": "", "2020-05-31": 0, "2020-02-29": 0, "2019-11-30": 0, "2019-08-31": "", "2019-05-31": 0, "2019-02-28": 0, "2018-11-30": 0, "2018-08-31": "", "2018-05-31": 0, "2018-02-28": 0, "2017-11-30": 0, "2017-08-31": "", "2017-05-31": 0, "2017-02-28": 0, "2016-11-30": 0, "2016-08-31": "", "2016-05-31": 0, "2016-02-29": 0, "2015-11-30": 0, "2015-05-31": 0, "2014-05-31": 0}, "Net Change In Long-Term Investments": {"2020-11-30": 0, "2020-08-31": "", "2020-05-31": 0, "2020-02-29": 0, "2019-11-30": 0, "2019-08-31": "", "2019-05-31": 0, "2019-02-28": 0, "2018-11-30": 0, "2018-08-31": "", "2018-05-31": 0, "2018-02-28": 0, "2017-11-30": 0, "2017-08-31": "", "2017-05-31": 0, "2017-02-28": 0, "2016-11-30": 0, "2016-08-31": "", "2016-05-31": 0, "2016-02-29": 0, "2015-11-30": 0, "2015-05-31": 0, "2014-05-31": 0}, "Net Change In Investments - Total": {"2020-11-30": 0, "2020-08-31": "", "2020-05-31": 0, "2020-02-29": 0, "2019-11-30": 0, "2019-08-31": "", "2019-05-31": 0, "2019-02-28": 0, "2018-11-30": 0, "2018-08-31": "", "2018-05-31": 0, "2018-02-28": 0, "2017-11-30": 0, "2017-08-31": "", "2017-05-31": 0, "2017-02-28": 0, "2016-11-30": 0, "2016-08-31": "", "2016-05-31": 0, "2016-02-29": 0, "2015-11-30": 0, "2015-05-31": 0, "2014-05-31": 0}, "Investing Activities - Other": {"2020-11-30": 1.5, "2020-08-31": "-12.50000", "2020-05-31": -16.3, "2020-02-29": -9.9, "2019-11-30": -25.9, "2019-08-31": "-9.50000", "2019-05-31": 0.9, "2019-02-28": -2.8, "2018-11-30": 1.5, "2018-08-31": "0.20000", "2018-05-31": 2.4, "2018-02-28": -0.7, "2017-11-30": -1.7, "2017-08-31": "", "2017-05-31": 2.1, "2017-02-28": 0, "2016-11-30": 0, "2016-08-31": "", "2016-05-31": 0, "2016-02-29": 0, "2015-11-30": 0, "2015-05-31": 0, "2014-05-31": 0}, "Cash Flow From Investing Activities": {"2020-11-30": -20.2, "2020-08-31": "-33.10000", "2020-05-31": -56.2, "2020-02-29": -49.6, "2019-11-30": -63.5, "2019-08-31": "-176.70000", "2019-05-31": -89.1, "2019-02-28": -165.2, "2018-11-30": -81.9, "2018-08-31": "-86.80000", "2018-05-31": -100, "2018-02-28": -51.1, "2017-11-30": -51.3, "2017-08-31": "-104.40000", "2017-05-31": -82.8, "2017-02-28": -76.7, "2016-11-30": -67.5, "2016-08-31": "-58.30000", "2016-05-31": -40.9, "2016-02-29": -39.8, "2015-11-30": 107.6, "2015-05-31": 2, "2014-05-31": -173.2}, "Net Long-Term Debt": {"2020-11-30": 9.2, "2020-08-31": "-9.20000", "2020-05-31": 814.4, "2020-02-29": -327.1, "2019-11-30": 309, "2019-08-31": "-9.70000", "2019-05-31": -9.6, "2019-02-28": -36.8, "2018-11-30": -9.4, "2018-08-31": "-10.90000", "2018-05-31": -9.3, "2018-02-28": -10.6, "2017-11-30": -9.4, "2017-08-31": "-9.90000", "2017-05-31": -19.1, "2017-02-28": -1.3, "2016-11-30": 795.3, "2016-08-31": "-0.60000", "2016-05-31": 8.5, "2016-02-29": -7.1, "2015-11-30": -1.4, "2015-05-31": 0, "2014-05-31": 0}, "Net Current Debt": {"2020-11-30": -290.3, "2020-08-31": "-498.10000", "2020-05-31": 477.8, "2020-02-29": 329.4, "2019-11-30": -308.4, "2019-08-31": "-8.30000", "2019-05-31": -90.3, "2019-02-28": 85, "2018-11-30": 5.3, "2018-08-31": "-1.00000", "2018-05-31": -23.8, "2018-02-28": -56.7, "2017-11-30": 55.9, "2017-08-31": "10.20000", "2017-05-31": -70.1, "2017-02-28": -12.7, "2016-11-30": 80.4, "2016-08-31": "-0.40000", "2016-05-31": 3.2, "2016-02-29": 8.4, "2015-11-30": 22.4, "2015-05-31": -12.6, "2014-05-31": 0}, "Debt Issuance/Retirement Net - Total": {"2020-11-30": -281.1, "2020-08-31": "-507.30000", "2020-05-31": 1292.2, "2020-02-29": 2.3, "2019-11-30": 0.6, "2019-08-31": "-18.00000", "2019-05-31": -99.9, "2019-02-28": 48.2, "2018-11-30": -4.1, "2018-08-31": "-11.90000", "2018-05-31": -33.1, "2018-02-28": -67.3, "2017-11-30": 46.5, "2017-08-31": "0.30000", "2017-05-31": -89.2, "2017-02-28": -14, "2016-11-30": 875.7, "2016-08-31": "-1.00000", "2016-05-31": -18.79, "2016-02-29": 1.3, "2015-11-30": 11.5, "2015-05-31": 0.5, "2014-05-31": -3.6}, "Net Common Equity Issued/Repurchased": {"2020-11-30": -0.2, "2020-08-31": "-9.60000", "2020-05-31": 0, "2020-02-29": -11.1, "2019-11-30": -10.4, "2019-08-31": "-7.40000", "2019-05-31": -24.1, "2019-02-28": -7.9, "2018-11-30": -0.5, "2018-08-31": "-3.90000", "2018-05-31": -0.6, "2018-02-28": -2.1, "2017-11-30": 0, "2017-08-31": "", "2017-05-31": -0.2, "2017-02-28": 0, "2016-11-30": 0, "2016-08-31": "", "2016-05-31": 0, "2016-02-29": 0, "2015-11-30": 0, "2015-05-31": 0, "2014-05-31": 0}, "Net Total Equity Issued/Repurchased": {"2020-11-30": -0.2, "2020-08-31": "-9.60000", "2020-05-31": 0, "2020-02-29": -11.1, "2019-11-30": -10.4, "2019-08-31": "-7.40000", "2019-05-31": -24.1, "2019-02-28": -7.9, "2018-11-30": -0.5, "2018-08-31": "-3.90000", "2018-05-31": -0.6, "2018-02-28": -2.1, "2017-11-30": 0, "2017-08-31": "", "2017-05-31": -0.2, "2017-02-28": 0, "2016-11-30": 0, "2016-08-31": "", "2016-05-31": 0, "2016-02-29": 0, "2015-11-30": 0, "2015-05-31": 0, "2014-05-31": 0}, "Total Common And Preferred Stock Dividends Paid": {"2020-11-30": -33.6, "2020-08-31": "-33.60000", "2020-05-31": -33.6, "2020-02-29": -29.2, "2019-11-30": -29.3, "2019-08-31": "-29.20000", "2019-05-31": -29.3, "2019-02-28": -28, "2018-11-30": -31.2, "2018-08-31": "-30.90000", "2018-05-31": -30.2, "2018-02-28": -33.1, "2017-11-30": -31.8, "2017-08-31": "-29.70000", "2017-05-31": -3.2, "2017-02-28": -30.8, "2016-11-30": -3.1, "2016-08-31": "-2.50000", "2016-05-31": -2.1, "2016-02-29": -3.4, "2015-11-30": 8.5, "2015-05-31": -4.4, "2014-05-31": -6.9}, "Financial Activities - Other": {"2020-11-30": -2.1, "2020-08-31": "0.30000", "2020-05-31": -5.9, "2020-02-29": 3.9, "2019-11-30": 0.4, "2019-08-31": "-0.30000", "2019-05-31": 1, "2019-02-28": -78.2, "2018-11-30": 0.3, "2018-08-31": "0.80000", "2018-05-31": 1.4, "2018-02-28": 2, "2017-11-30": -0.1, "2017-08-31": "-1.10000", "2017-05-31": 0.7, "2017-02-28": -2.5, "2016-11-30": -854, "2016-08-31": "-17.90000", "2016-05-31": -121.8, "2016-02-29": 6.1, "2015-11-30": 29.6, "2015-05-31": 38.4, "2014-05-31": -189.1}, "Cash Flow From Financial Activities": {"2020-11-30": -317, "2020-08-31": "-550.20000", "2020-05-31": 1252.7, "2020-02-29": -34.1, "2019-11-30": -38.7, "2019-08-31": "-54.90000", "2019-05-31": -152.3, "2019-02-28": -65.9, "2018-11-30": -35.5, "2018-08-31": "-45.90000", "2018-05-31": -62.5, "2018-02-28": -100.5, "2017-11-30": 14.6, "2017-08-31": "-30.50000", "2017-05-31": -91.9, "2017-02-28": -47.3, "2016-11-30": 18.6, "2016-08-31": "-21.40000", "2016-05-31": -121.3, "2016-02-29": 4, "2015-11-30": 62.2, "2015-05-31": 21.9, "2014-05-31": -199.6}, "Net Cash Flow": {"2020-11-30": -268.6, "2020-08-31": "-331.50000", "2020-05-31": 1333.9, "2020-02-29": 6.3, "2019-11-30": 4.8, "2019-08-31": "6.80000", "2019-05-31": -5, "2019-02-28": -104.4, "2018-11-30": -28.9, "2018-08-31": "94.90000", "2018-05-31": 6.2, "2018-02-28": -21.7, "2017-11-30": 1.3, "2017-08-31": "12.70000", "2017-05-31": 19.6, "2017-02-28": -31.9, "2016-11-30": -3, "2016-08-31": "36.00000", "2016-05-31": -0.2, "2016-02-29": 12.7, "2015-11-30": -10.3, "2015-05-31": -10.3, "2014-05-31": 13.9}, "Stock-Based Compensation": {"2020-11-30": 5.3, "2020-08-31": "6.00000", "2020-05-31": 4.6, "2020-02-29": 5.6, "2019-11-30": 7.2, "2019-08-31": "5.40000", "2019-05-31": 5.1, "2019-02-28": 4.5, "2018-11-30": 5, "2018-08-31": "4.20000", "2018-05-31": 3.4, "2018-02-28": 3.6, "2017-11-30": 3.9, "2017-08-31": "2.60000", "2017-05-31": -4.1, "2017-02-28": 4.6, "2016-11-30": 2.5, "2016-08-31": "2.70000", "2016-05-31": -6.2, "2016-02-29": 1.9, "2015-11-30": 4.3, "2015-05-31": 0, "2014-05-31": 0}, "Common Stock Dividends Paid": {"2020-11-30": -33.6, "2020-08-31": "-33.60000", "2020-05-31": -33.6, "2020-02-29": -29.2, "2019-11-30": -29.3, "2019-08-31": "-29.20000", "2019-05-31": -29.3, "2019-02-28": -28, "2018-11-30": -31.2, "2018-08-31": "-30.90000", "2018-05-31": -30.2, "2018-02-28": -33.1, "2017-11-30": -31.8, "2017-08-31": "-29.70000", "2017-05-31": -3.2, "2017-02-28": -30.8, "2016-11-30": -3.1, "2016-08-31": "-2.50000", "2016-05-31": 6.2, "2016-02-29": -3.4, "2015-11-30": -2.8, "2015-05-31": 0, "2014-05-31": 0}}, "financial ratios": {"Current Ratio": {"2020-05-31": "2.24670", "2019-05-31": "1.73930", "2018-05-31": "1.79370", "2017-05-31": "1.54520", "2016-05-31": "1.90430", "2015-05-31": "1.93140", "2014-05-31": ""}, "Long-term Debt / Capital": {"2020-05-31": "0.92580", "2019-05-31": "1.00200", "2018-05-31": "1.16720", "2017-05-31": "1.37680", "2016-05-31": "0.06950", "2015-05-31": "0.05990", "2014-05-31": ""}, "Debt/Equity Ratio": {"2020-05-31": "14.75040", "2019-05-31": "-505.78260", "2018-05-31": "-7.12370", "2017-05-31": "-3.74680", "2016-05-31": "0.10210", "2015-05-31": "0.09520", "2014-05-31": ""}, "Gross Margin": {"2020-05-31": "23.60510", "2019-05-31": "26.71370", "2018-05-31": "25.68860", "2017-05-31": "24.58330", "2016-05-31": "22.10570", "2015-05-31": "20.07860", "2014-05-31": "20.80490"}, "Operating Margin": {"2020-05-31": "14.68460", "2019-05-31": "17.79320", "2018-05-31": "16.94370", "2017-05-31": "16.36050", "2016-05-31": "12.46910", "2015-05-31": "13.03930", "2014-05-31": "12.73090"}, "EBIT Margin": {"2020-05-31": "14.68460", "2019-05-31": "17.79320", "2018-05-31": "16.94370", "2017-05-31": "16.36050", "2016-05-31": "12.46910", "2015-05-31": "13.03930", "2014-05-31": "12.91920"}, "EBITDA Margin": {"2020-05-31": "19.53640", "2019-05-31": "22.11630", "2018-05-31": "21.12920", "2017-05-31": "19.80430", "2016-05-31": "15.67240", "2015-05-31": "16.33510", "2014-05-31": "15.73250"}, "Pre-Tax Profit Margin": {"2020-05-31": "11.83680", "2019-05-31": "14.94210", "2018-05-31": "13.76580", "2017-05-31": "14.42870", "2016-05-31": "12.27200", "2015-05-31": "12.83080", "2014-05-31": "12.73090"}, "Net Profit Margin": {"2020-05-31": "9.64820", "2019-05-31": "12.74060", "2018-05-31": "12.17400", "2017-05-31": "10.25250", "2016-05-31": "9.36940", "2015-05-31": "9.11450", "2014-05-31": "9.26750"}, "Asset Turnover": {"2020-05-31": "0.81340", "2019-05-31": "1.23240", "2018-05-31": "1.24380", "2017-05-31": "1.27450", "2016-05-31": "1.38710", "2015-05-31": "1.42270", "2014-05-31": ""}, "Inventory Turnover Ratio": {"2020-05-31": "5.95270", "2019-05-31": "5.52480", "2018-05-31": "4.62830", "2017-05-31": "4.55090", "2016-05-31": "4.67430", "2015-05-31": "4.78840", "2014-05-31": ""}, "Receiveable Turnover": {"2020-05-31": "11.08570", "2019-05-31": "11.04530", "2018-05-31": "15.15580", "2017-05-31": "17.10580", "2016-05-31": "16.05260", "2015-05-31": "17.06540", "2014-05-31": ""}, "Days Sales In Receivables": {"2020-05-31": "32.92550", "2019-05-31": "33.04580", "2018-05-31": "24.08320", "2017-05-31": "21.33780", "2016-05-31": "22.73780", "2015-05-31": "21.38840", "2014-05-31": ""}, "ROE - Return On Equity": {"2020-05-31": "152.45840", "2019-05-31": "-10591.31000", "2018-05-31": "-129.54000", "2017-05-31": "-52.56490", "2016-05-31": "21.03380", "2015-05-31": "20.44940", "2014-05-31": ""}, "Return On Tangible Equity": {"2020-05-31": "-358.37420", "2019-05-31": "-196.37250", "2018-05-31": "-85.83020", "2017-05-31": "-41.61980", "2016-05-31": "24.00780", "2015-05-31": "23.50750", "2014-05-31": ""}, "ROA - Return On Assets": {"2020-05-31": "7.84810", "2019-05-31": "15.98370", "2018-05-31": "15.75600", "2017-05-31": "13.68680", "2016-05-31": "13.64960", "2015-05-31": "13.50260", "2014-05-31": ""}, "ROI - Return On Investment": {"2020-05-31": "11.31910", "2019-05-31": "21.40970", "2018-05-31": "21.66440", "2017-05-31": "19.80440", "2016-05-31": "19.57220", "2015-05-31": "19.22440", "2014-05-31": ""}, "Book Value Per Share": {"2020-05-31": "1.64340", "2019-05-31": "-0.03150", "2018-05-31": "-2.28790", "2017-05-31": "-4.43040", "2016-05-31": "", "2015-05-31": "", "2014-05-31": ""}, "Operating Cash Flow Per Share": {"2020-05-31": -0.7204, "2019-05-31": 1.349, "2018-05-31": 0.2251, "2017-05-31": 0.4299, "2016-05-31": 0.1959, "2015-05-31": 2.4226, "2014-05-31": 0}, "Free Cash Flow Per Share": {"2020-05-31": 0.4084, "2019-05-31": 1.1673, "2018-05-31": 0.0984, "2017-05-31": -0.5421, "2016-05-31": -0.1329, "2015-05-31": 1.763, "2014-05-31": 0}}, "financial ratios, quarterly": {"Current Ratio": {"2020-11-30": "2.90700", "2020-08-31": "3.44070", "2020-05-31": "2.24670", "2020-02-29": "1.84860", "2019-11-30": "1.65420", "2019-08-31": "1.67780", "2019-05-31": "1.73930", "2019-02-28": "1.60220", "2018-11-30": "1.62830", "2018-08-31": "1.90010", "2018-05-31": "1.79370", "2018-02-28": "1.72310", "2017-11-30": "1.55340", "2017-08-31": "1.62200", "2017-05-31": "1.54520", "2017-02-28": "1.58570", "2016-11-30": "1.54690", "2016-08-31": "", "2016-05-31": "", "2016-02-29": "", "2015-11-30": "", "2015-05-31": "", "2014-05-31": ""}, "Long-term Debt / Capital": {"2020-11-30": "0.86930", "2020-08-31": "0.89980", "2020-05-31": "0.92580", "2020-02-29": "0.89030", "2019-11-30": "0.91640", "2019-08-31": "0.95990", "2019-05-31": "1.00200", "2019-02-28": "1.02520", "2018-11-30": "1.07760", "2018-08-31": "1.11770", "2018-05-31": "1.16720", "2018-02-28": "1.20090", "2017-11-30": "1.29170", "2017-08-31": "1.32260", "2017-05-31": "1.37680", "2017-02-28": "1.41980", "2016-11-30": "1.46730", "2016-08-31": "", "2016-05-31": "", "2016-02-29": "", "2015-11-30": "", "2015-05-31": "", "2014-05-31": ""}, "Debt/Equity Ratio": {"2020-11-30": "6.72830", "2020-08-31": "9.13950", "2020-05-31": "14.75040", "2020-02-29": "8.33170", "2019-11-30": "11.18700", "2019-08-31": "24.34020", "2019-05-31": "-505.78260", "2019-02-28": "-43.14410", "2018-11-30": "-14.20950", "2018-08-31": "-9.68620", "2018-05-31": "-7.12370", "2018-02-28": "-6.15830", "2017-11-30": "-4.66820", "2017-08-31": "-4.22360", "2017-05-31": "-3.74680", "2017-02-28": "-3.58180", "2016-11-30": "-3.33010", "2016-08-31": "", "2016-05-31": "", "2016-02-29": "", "2015-11-30": "", "2015-05-31": "", "2014-05-31": ""}, "Gross Margin": {"2020-11-30": "24.94140", "2020-08-31": "24.53240", "2020-05-31": "13.11840", "2020-02-29": "26.71500", "2019-11-30": "27.97290", "2019-08-31": "25.13650", "2019-05-31": "24.96510", "2019-02-28": "29.49940", "2018-11-30": "27.32060", "2018-08-31": "25.20490", "2018-05-31": "25.34310", "2018-02-28": "28.06350", "2017-11-30": "25.24860", "2017-08-31": "24.01220", "2017-05-31": "23.09910", "2017-02-28": "26.93560", "2016-11-30": "25.15490", "2016-08-31": "23.26420", "2016-05-31": "", "2016-02-29": "24.96230", "2015-11-30": "21.85600", "2015-05-31": "", "2014-05-31": ""}, "Operating Margin": {"2020-11-30": "15.57860", "2020-08-31": "15.57090", "2020-05-31": "3.64860", "2020-02-29": "17.33700", "2019-11-30": "18.98550", "2019-08-31": "17.18910", "2019-05-31": "14.74980", "2019-02-28": "20.91070", "2018-11-30": "19.09150", "2018-08-31": "16.67940", "2018-05-31": "14.53930", "2018-02-28": "19.59700", "2017-11-30": "16.95370", "2017-08-31": "16.83180", "2017-05-31": "14.72670", "2017-02-28": "18.89400", "2016-11-30": "15.87200", "2016-08-31": "16.10200", "2016-05-31": "", "2016-02-29": "17.46950", "2015-11-30": "14.79130", "2015-05-31": "", "2014-05-31": ""}, "EBIT Margin": {"2020-11-30": "15.57860", "2020-08-31": "15.57090", "2020-05-31": "3.64860", "2020-02-29": "17.33700", "2019-11-30": "18.98550", "2019-08-31": "17.18910", "2019-05-31": "14.74980", "2019-02-28": "20.91070", "2018-11-30": "19.09150", "2018-08-31": "16.67940", "2018-05-31": "14.53930", "2018-02-28": "19.59700", "2017-11-30": "16.95370", "2017-08-31": "16.83180", "2017-05-31": "14.72670", "2017-02-28": "18.89400", "2016-11-30": "15.87200", "2016-08-31": "16.10200", "2016-05-31": "", "2016-02-29": "17.46950", "2015-11-30": "14.79130", "2015-05-31": "", "2014-05-31": ""}, "EBITDA Margin": {"2020-11-30": "", "2020-08-31": "", "2020-05-31": "", "2020-02-29": "", "2019-11-30": "", "2019-08-31": "", "2019-05-31": "", "2019-02-28": "", "2018-11-30": "", "2018-08-31": "", "2018-05-31": "", "2018-02-28": "", "2017-11-30": "", "2017-08-31": "", "2017-05-31": "", "2017-02-28": "", "2016-11-30": "", "2016-08-31": "", "2016-05-31": "", "2016-02-29": "", "2015-11-30": "", "2015-05-31": "", "2014-05-31": ""}, "Pre-Tax Profit Margin": {"2020-11-30": "12.23080", "2020-08-31": "12.09410", "2020-05-31": "0.20070", "2020-02-29": "14.64850", "2019-11-30": "16.49330", "2019-08-31": "14.33770", "2019-05-31": "12.04900", "2019-02-28": "17.99740", "2018-11-30": "16.21680", "2018-08-31": "13.75010", "2018-05-31": "11.52250", "2018-02-28": "16.29600", "2017-11-30": "13.63090", "2017-08-31": "13.74920", "2017-05-31": "11.53150", "2017-02-28": "15.47170", "2016-11-30": "15.01200", "2016-08-31": "15.90880", "2016-05-31": "", "2016-02-29": "17.26360", "2015-11-30": "14.58870", "2015-05-31": "", "2014-05-31": ""}, "Net Profit Margin": {"2020-11-30": "10.81350", "2020-08-31": "10.24670", "2020-05-31": "-0.18890", "2020-02-29": "11.88520", "2019-11-30": "13.77550", "2019-08-31": "11.69870", "2019-05-31": "12.08890", "2019-02-28": "15.25680", "2018-11-30": "11.95960", "2018-08-31": "11.68430", "2018-05-31": "10.98890", "2018-02-28": "18.05650", "2017-11-30": "9.28940", "2017-08-31": "10.20180", "2017-05-31": "8.86490", "2017-02-28": "10.95640", "2016-11-30": "11.02820", "2016-08-31": "10.25380", "2016-05-31": "", "2016-02-29": "14.25830", "2015-11-30": "9.84740", "2015-05-31": "", "2014-05-31": ""}, "Asset Turnover": {"2020-11-30": "0.21550", "2020-08-31": "0.20400", "2020-05-31": "0.18160", "2020-02-29": "0.27040", "2019-11-30": "0.29400", "2019-08-31": "0.30690", "2019-05-31": "0.32920", "2019-02-28": "0.29790", "2018-11-30": "0.29860", "2018-08-31": "0.32050", "2018-05-31": "0.33360", "2018-02-28": "0.31350", "2017-11-30": "0.30370", "2017-08-31": "0.32340", "2017-05-31": "0.33490", "2017-02-28": "0.31600", "2016-11-30": "0.32940", "2016-08-31": "", "2016-05-31": "", "2016-02-29": "", "2015-11-30": "", "2015-05-31": "", "2014-05-31": ""}, "Inventory Turnover Ratio": {"2020-11-30": "1.06680", "2020-08-31": "1.39760", "2020-05-31": "1.51180", "2020-02-29": "1.15000", "2019-11-30": "1.15420", "2019-08-31": "1.58710", "2019-05-31": "1.51090", "2019-02-28": "1.11080", "2018-11-30": "1.05440", "2018-08-31": "1.52850", "2018-05-31": "1.24700", "2018-02-28": "0.98510", "2017-11-30": "0.92990", "2017-08-31": "1.25650", "2017-05-31": "1.21940", "2017-02-28": "0.98100", "2016-11-30": "0.96090", "2016-08-31": "", "2016-05-31": "", "2016-02-29": "", "2015-11-30": "", "2015-05-31": "", "2014-05-31": ""}, "Receiveable Turnover": {"2020-11-30": "2.53710", "2020-08-31": "2.60300", "2020-05-31": "2.47560", "2020-02-29": "2.54150", "2019-11-30": "2.54990", "2019-08-31": "2.66510", "2019-05-31": "2.95030", "2019-02-28": "2.57950", "2018-11-30": "2.67980", "2018-08-31": "2.76320", "2018-05-31": "4.06460", "2018-02-28": "3.64920", "2017-11-30": "3.67470", "2017-08-31": "3.82550", "2017-05-31": "4.49510", "2017-02-28": "3.52360", "2016-11-30": "3.40530", "2016-08-31": "", "2016-05-31": "", "2016-02-29": "", "2015-11-30": "", "2015-05-31": "", "2014-05-31": ""}, "Days Sales In Receivables": {"2020-11-30": "35.47370", "2020-08-31": "34.57490", "2020-05-31": "36.35500", "2020-02-29": "35.41240", "2019-11-30": "35.29530", "2019-08-31": "33.77050", "2019-05-31": "30.50530", "2019-02-28": "34.89100", "2018-11-30": "33.58460", "2018-08-31": "32.57080", "2018-05-31": "22.14220", "2018-02-28": "24.66300", "2017-11-30": "24.49190", "2017-08-31": "23.52660", "2017-05-31": "20.02160", "2017-02-28": "25.54200", "2016-11-30": "26.42970", "2016-08-31": "", "2016-05-31": "", "2016-02-29": "", "2015-11-30": "", "2015-05-31": "", "2014-05-31": ""}, "ROE - Return On Equity": {"2020-11-30": "23.69770", "2020-08-31": "26.89760", "2020-05-31": "-0.66670", "2020-02-29": "41.19820", "2019-11-30": "69.81600", "2019-08-31": "125.35220", "2019-05-31": "-2400.00000", "2019-02-28": "-251.60170", "2018-11-30": "-74.20710", "2018-08-31": "-45.39530", "2018-05-31": "-30.70490", "2018-02-28": "-40.69350", "2017-11-30": "-15.61910", "2017-08-31": "-15.33790", "2017-05-31": "-12.12920", "2017-02-28": "-12.48580", "2016-11-30": "-11.99580", "2016-08-31": "", "2016-05-31": "", "2016-02-29": "", "2015-11-30": "", "2015-05-31": "", "2014-05-31": ""}, "Return On Tangible Equity": {"2020-11-30": "211.11040", "2020-08-31": "-299.66460", "2020-05-31": "1.56720", "2020-02-29": "-155.58640", "2019-11-30": "-96.23040", "2019-08-31": "-45.46170", "2019-05-31": "-44.49820", "2019-02-28": "-46.62050", "2018-11-30": "-37.11460", "2018-08-31": "-26.94080", "2018-05-31": "-20.34440", "2018-02-28": "-28.30790", "2017-11-30": "-11.82170", "2017-08-31": "-11.82700", "2017-05-31": "-9.60360", "2017-02-28": "-10.04590", "2016-11-30": "-9.79970", "2016-08-31": "", "2016-05-31": "", "2016-02-29": "", "2015-11-30": "", "2015-05-31": "", "2014-05-31": ""}, "ROA - Return On Assets": {"2020-11-30": "2.32980", "2020-08-31": "2.09010", "2020-05-31": "-0.03430", "2020-02-29": "3.21390", "2019-11-30": "4.04980", "2019-08-31": "3.59030", "2019-05-31": "3.62190", "2019-02-28": "4.54490", "2018-11-30": "4.06220", "2018-08-31": "3.90290", "2018-05-31": "3.73470", "2018-02-28": "5.79540", "2017-11-30": "3.05720", "2017-08-31": "3.49320", "2017-05-31": "3.15820", "2017-02-28": "3.60170", "2016-11-30": "3.79140", "2016-08-31": "", "2016-05-31": "", "2016-02-29": "", "2015-11-30": "", "2015-05-31": "", "2014-05-31": ""}, "ROI - Return On Investment": {"2020-11-30": "3.09750", "2020-08-31": "2.69560", "2020-05-31": "-0.04950", "2020-02-29": "4.51800", "2019-11-30": "5.83830", "2019-08-31": "5.02520", "2019-05-31": "4.85150", "2019-02-28": "6.33400", "2018-11-30": "5.75490", "2018-08-31": "5.34520", "2018-05-31": "5.13510", "2018-02-28": "8.17540", "2017-11-30": "4.55590", "2017-08-31": "4.94840", "2017-05-31": "4.56980", "2017-02-28": "5.24210", "2016-11-30": "5.60550", "2016-08-31": "", "2016-05-31": "", "2016-02-29": "", "2015-11-30": "", "2015-05-31": "", "2014-05-31": ""}, "Book Value Per Share": {"2020-11-30": "2.79390", "2020-08-31": "2.26890", "2020-05-31": "1.64340", "2020-02-29": "1.85160", "2019-11-30": "1.37740", "2019-08-31": "0.63190", "2019-05-31": "-0.03150", "2019-02-28": "-0.38390", "2018-11-30": "-1.14070", "2018-08-31": "-1.67570", "2018-05-31": "-2.28790", "2018-02-28": "-2.68210", "2017-11-30": "-3.63460", "2017-08-31": "-3.93780", "2017-05-31": "-4.43040", "2017-02-28": "-4.80330", "2016-11-30": "-5.19430", "2016-08-31": "", "2016-05-31": "", "2016-02-29": "", "2015-11-30": "", "2015-05-31": "", "2014-05-31": ""}, "Operating Cash Flow Per Share": {"2020-11-30": 0.4636, "2020-08-31": "1.70360", "2020-05-31": 0.9422, "2020-02-29": 0.6125, "2019-11-30": 0.725, "2019-08-31": "1.62240", "2019-05-31": 1.6076, "2019-02-28": 0.8656, "2018-11-30": 0.6011, "2018-08-31": "1.54820", "2018-05-31": 1.1647, "2018-02-28": 0.8685, "2017-11-30": 0.2628, "2017-08-31": "0.97750", "2017-05-31": 1.3139, "2017-02-28": 0.6245, "2016-11-30": 0.3229, "2016-08-31": "0.78710", "2016-05-31": -1.5144, "2016-02-29": 0.3302, "2015-11-30": 1.1842, "2015-05-31": 0, "2014-05-31": 0}, "Free Cash Flow Per Share": {"2020-11-30": 0.3161, "2020-08-31": "1.56360", "2020-05-31": 0.6704, "2020-02-29": 0.3432, "2019-11-30": 0.4682, "2019-08-31": "1.28030", "2019-05-31": 0.9955, "2019-02-28": 0.365, "2018-11-30": 0.036, "2018-08-31": "0.95720", "2018-05-31": 0.4672, "2018-02-28": 0.5272, "2017-11-30": -0.0743, "2017-08-31": "0.26630", "2017-05-31": 0.7358, "2017-02-28": 0.102, "2016-11-30": -0.1379, "2016-08-31": "0.38810", "2016-05-31": -0.8062, "2016-02-29": 0.0576, "2015-11-30": 0.7486, "2015-05-31": 0, "2014-05-31": 0}}, "revenue": {"Lamb Weston Holdings Annual Revenue (Millions of US $)": {"2020": "$3,792", "2019": "$3,757", "2018": "$3,424", "2017": "$3,168", "2016": "$2,994", "2015": "$2,925", "2014": "$2,815"}, "Lamb Weston Holdings Quarterly Revenue (Millions of US $)": {"2020-11-30": "$896", "2020-08-31": "$872", "2020-05-31": "$847", "2020-02-29": "$937", "2019-11-30": "$1,019", "2019-08-31": "$989", "2019-05-31": "$1,003", "2019-02-28": "$927", "2018-11-30": "$911", "2018-08-31": "$915", "2018-05-31": "$918", "2018-02-28": "$863", "2017-11-30": "$825", "2017-08-31": "$818", "2017-05-31": "$833", "2017-02-28": "$769", "2016-11-30": "$791", "2016-08-31": "$776", "2016-05-31": "", "2016-02-29": "$729", "2015-11-30": "$740", "2015-05-31": "", "2014-05-31": ""}}, "gross-profit": {"Lamb Weston Holdings Annual Gross Profit (Millions of US $)": {"2020": "$895", "2019": "$1,004", "2018": "$880", "2017": "$779", "2016": "$662", "2015": "$587", "2014": "$586"}, "Lamb Weston Holdings Quarterly Gross Profit (Millions of US $)": {"2020-11-30": "$224", "2020-08-31": "$214", "2020-05-31": "$111", "2020-02-29": "$250", "2019-11-30": "$285", "2019-08-31": "$249", "2019-05-31": "$251", "2019-02-28": "$273", "2018-11-30": "$249", "2018-08-31": "$231", "2018-05-31": "$233", "2018-02-28": "$242", "2017-11-30": "$208", "2017-08-31": "$196", "2017-05-31": "$192", "2017-02-28": "$207", "2016-11-30": "$199", "2016-08-31": "$181", "2016-05-31": "", "2016-02-29": "$182", "2015-11-30": "$162", "2015-05-31": "", "2014-05-31": ""}}, "operating-income": {"Lamb Weston Holdings Annual Operating Income (Millions of US $)": {"2020": "$557", "2019": "$668", "2018": "$580", "2017": "$518", "2016": "$373", "2015": "$381", "2014": "$358"}, "Lamb Weston Holdings Quarterly Operating Income (Millions of US $)": {"2020-11-30": "$140", "2020-08-31": "$136", "2020-05-31": "$31", "2020-02-29": "$163", "2019-11-30": "$194", "2019-08-31": "$170", "2019-05-31": "$148", "2019-02-28": "$194", "2018-11-30": "$174", "2018-08-31": "$153", "2018-05-31": "$134", "2018-02-28": "$169", "2017-11-30": "$140", "2017-08-31": "$138", "2017-05-31": "$123", "2017-02-28": "$145", "2016-11-30": "$126", "2016-08-31": "$125", "2016-05-31": "", "2016-02-29": "$127", "2015-11-30": "$110", "2015-05-31": "", "2014-05-31": ""}}, "ebitda": {"Lamb Weston Holdings Annual EBITDA (Millions of US $)": {"2020": "$741", "2019": "$831", "2018": "$723", "2017": "$627", "2016": "$469", "2015": "$478", "2014": "$443"}, "Lamb Weston Holdings Quarterly EBITDA (Millions of US $)": {"2020-11-30": "$188", "2020-08-31": "$183", "2020-05-31": "$77", "2020-02-29": "$208", "2019-11-30": "$239", "2019-08-31": "$216", "2019-05-31": "$193", "2019-02-28": "$234", "2018-11-30": "$213", "2018-08-31": "$191", "2018-05-31": "$173", "2018-02-28": "$207", "2017-11-30": "$175", "2017-08-31": "$169", "2017-05-31": "$152", "2017-02-28": "$173", "2016-11-30": "$152", "2016-08-31": "$151", "2016-05-31": "", "2016-02-29": "$151", "2015-11-30": "$110", "2015-05-31": "", "2014-05-31": ""}}, "net-income": {"Lamb Weston Holdings Annual Net Income (Millions of US $)": {"2020": "$366", "2019": "$479", "2018": "$417", "2017": "$325", "2016": "$281", "2015": "$267", "2014": "$261"}, "Lamb Weston Holdings Quarterly Net Income (Millions of US $)": {"2020-11-30": "$97", "2020-08-31": "$89", "2020-05-31": "$-2", "2020-02-29": "$111", "2019-11-30": "$140", "2019-08-31": "$116", "2019-05-31": "$121", "2019-02-28": "$141", "2018-11-30": "$109", "2018-08-31": "$107", "2018-05-31": "$101", "2018-02-28": "$156", "2017-11-30": "$77", "2017-08-31": "$83", "2017-05-31": "$74", "2017-02-28": "$84", "2016-11-30": "$87", "2016-08-31": "$80", "2016-05-31": "", "2016-02-29": "$104", "2015-11-30": "$73", "2015-05-31": "", "2014-05-31": ""}}, "eps-earnings-per-share-diluted": {"Lamb Weston Holdings Annual EPS": {"2020": "$2.49", "2019": "$3.18", "2018": "$2.82", "2017": "$2.22", "2016": "$1.92", "2015": "$1.83", "2014": "$0.00"}, "Lamb Weston Holdings Quarterly EPS": {"2020-11-30": "$0.66", "2020-08-31": "$0.61", "2020-05-31": "$-0.01", "2020-02-29": "$0.76", "2019-11-30": "$0.95", "2019-08-31": "$0.79", "2019-05-31": "$0.76", "2019-02-28": "$0.95", "2018-11-30": "$0.74", "2018-08-31": "$0.73", "2018-05-31": "$0.68", "2018-02-28": "$1.06", "2017-11-30": "$0.52", "2017-08-31": "$0.56", "2017-05-31": "$0.52", "2017-02-28": "$0.57", "2016-11-30": "$0.59", "2016-08-31": "$0.54", "2016-05-31": "$0.00", "2016-02-29": "$0.71", "2015-11-30": "$0.50", "2015-05-31": "$0.00", "2014-05-31": "$0.00"}}, "shares-outstanding": {"Lamb Weston Holdings Annual Shares Outstanding (Millions of Shares)": {"2020": "147", "2019": "147", "2018": "147", "2017": "147", "2016": "146", "2015": "146", "2014": ""}, "Lamb Weston Holdings Quarterly Shares Outstanding (Millions of Shares)": {"2020-11-30": "147", "2020-08-31": "147", "2020-05-31": "147", "2020-02-29": "147", "2019-11-30": "147", "2019-08-31": "147", "2019-05-31": "147", "2019-02-28": "147", "2018-11-30": "147", "2018-08-31": "147", "2018-05-31": "147", "2018-02-28": "147", "2017-11-30": "147", "2017-08-31": "147", "2017-05-31": "147", "2017-02-28": "147", "2016-11-30": "146", "2016-08-31": "146", "2016-05-31": "", "2016-02-29": "146", "2015-11-30": "146", "2015-05-31": "", "2014-05-31": ""}}, "total-assets": {"Lamb Weston Holdings Annual Total Assets (Millions of US $)": {"2020": "$4,662", "2019": "$3,048", "2018": "$2,753", "2017": "$2,486", "2016": "$2,158", "2015": "$2,056", "2014": "$0"}, "Lamb Weston Holdings Quarterly Total Assets (Millions of US $)": {"2020-11-30": "$4,159", "2020-08-31": "$4,273", "2020-05-31": "$4,662", "2020-02-29": "$3,466", "2019-11-30": "$3,467", "2019-08-31": "$3,223", "2019-05-31": "$3,048", "2019-02-28": "$3,111", "2018-11-30": "$3,053", "2018-08-31": "$2,854", "2018-05-31": "$2,753", "2018-02-28": "$2,754", "2017-11-30": "$2,715", "2017-08-31": "$2,528", "2017-05-31": "$2,486", "2017-02-28": "$2,432", "2016-11-30": "$2,400", "2016-08-31": "$0", "2016-05-31": "$0", "2016-02-29": "$0", "2015-11-30": "$0", "2015-05-31": "$2,056", "2014-05-31": "$0"}}, "cash-on-hand": {"Lamb Weston Holdings Annual Cash on Hand (Millions of US $)": {"2020": "$1,364", "2019": "$12", "2018": "$56", "2017": "$57", "2016": "$36", "2015": "$31", "2014": "$"}, "Lamb Weston Holdings Quarterly Cash on Hand (Millions of US $)": {"2020-11-30": "$764", "2020-08-31": "$1,033", "2020-05-31": "$1,364", "2020-02-29": "$30", "2019-11-30": "$24", "2019-08-31": "$19", "2019-05-31": "$12", "2019-02-28": "$17", "2018-11-30": "$122", "2018-08-31": "$151", "2018-05-31": "$56", "2018-02-28": "$49", "2017-11-30": "$71", "2017-08-31": "$70", "2017-05-31": "$57", "2017-02-28": "$38", "2016-11-30": "$69", "2016-08-31": "", "2016-05-31": "", "2016-02-29": "", "2015-11-30": "", "2015-05-31": "$31", "2014-05-31": ""}}, "long-term-debt": {"Lamb Weston Holdings Annual Long Term Debt (Millions of US $)": {"2020": "$2,993", "2019": "$2,280", "2018": "$2,337", "2017": "$2,365", "2016": "$105", "2015": "$87", "2014": "$"}, "Lamb Weston Holdings Quarterly Long Term Debt (Millions of US $)": {"2020-11-30": "$2,719", "2020-08-31": "$2,981", "2020-05-31": "$2,993", "2020-02-29": "$2,195", "2019-11-30": "$2,204", "2019-08-31": "$2,210", "2019-05-31": "$2,280", "2019-02-28": "$2,289", "2018-11-30": "$2,322", "2018-08-31": "$2,330", "2018-05-31": "$2,337", "2018-02-28": "$2,344", "2017-11-30": "$2,353", "2017-08-31": "$2,360", "2017-05-31": "$2,365", "2017-02-28": "$2,373", "2016-11-30": "$2,382", "2016-08-31": "", "2016-05-31": "", "2016-02-29": "", "2015-11-30": "", "2015-05-31": "$87", "2014-05-31": ""}}, "total-liabilities": {"Lamb Weston Holdings Annual Total Liabilities (Millions of US $)": {"2020": "$4,422", "2019": "$3,053", "2018": "$3,087", "2017": "$3,133", "2016": "$758", "2015": "$698", "2014": "$0"}, "Lamb Weston Holdings Quarterly Total Liabilities (Millions of US $)": {"2020-11-30": "$3,750", "2020-08-31": "$3,941", "2020-05-31": "$4,422", "2020-02-29": "$3,196", "2019-11-30": "$3,266", "2019-08-31": "$3,130", "2019-05-31": "$3,053", "2019-02-28": "$3,167", "2018-11-30": "$3,220", "2018-08-31": "$3,100", "2018-05-31": "$3,087", "2018-02-28": "$3,146", "2017-11-30": "$3,246", "2017-08-31": "$3,104", "2017-05-31": "$3,133", "2017-02-28": "$3,134", "2016-11-30": "$3,159", "2016-08-31": "$0", "2016-05-31": "", "2016-02-29": "$0", "2015-11-30": "$0", "2015-05-31": "$698", "2014-05-31": "$0"}}, "total-share-holder-equity": {"Lamb Weston Holdings Annual Share Holder Equity (Millions of US $)": {"2020": "$240", "2019": "$-5", "2018": "$-335", "2017": "$-647", "2016": "$1,401", "2015": "$1,358", "2014": "$0"}, "Lamb Weston Holdings Quarterly Share Holder Equity (Millions of US $)": {"2020-11-30": "$409", "2020-08-31": "$332", "2020-05-31": "$240", "2020-02-29": "$270", "2019-11-30": "$201", "2019-08-31": "$92", "2019-05-31": "$-5", "2019-02-28": "$-56", "2018-11-30": "$-167", "2018-08-31": "$-245", "2018-05-31": "$-335", "2018-02-28": "$-392", "2017-11-30": "$-531", "2017-08-31": "$-576", "2017-05-31": "$-647", "2017-02-28": "$-702", "2016-11-30": "$-759", "2016-08-31": "$0", "2016-05-31": "", "2016-02-29": "$0", "2015-11-30": "$0", "2015-05-31": "$1,358", "2014-05-31": "$0"}}, "profit-margins": {"current": "8.33%"}, "gross margin": {"2020-11-30": "22.49%", "2020-08-31": "23.40%", "2020-05-31": "23.60%", "2020-02-29": "26.19%", "2019-11-30": "26.84%", "2019-08-31": "26.66%", "2019-05-31": "26.70%", "2019-02-28": "26.86%", "2018-11-30": "26.48%", "2018-08-31": "25.96%", "2018-05-31": "25.67%", "2018-02-28": "25.10%", "2017-11-30": "24.75%", "2017-08-31": "24.73%", "2017-05-31": "24.58%", "2016-11-30": "24.48%", "2016-08-31": "23.39%"}, "operating margin": {"2020-11-30": "13.20%", "2020-08-31": "14.23%", "2020-05-31": "14.69%", "2020-02-29": "17.07%", "2019-11-30": "17.93%", "2019-08-31": "17.91%", "2019-05-31": "17.81%", "2019-02-28": "17.84%", "2018-11-30": "17.47%", "2018-08-31": "16.93%", "2018-05-31": "16.97%", "2018-02-28": "17.07%", "2017-11-30": "16.83%", "2017-08-31": "16.57%", "2017-05-31": "16.38%", "2016-11-30": "16.46%", "2016-08-31": "16.12%"}, "ebitda margin": {"2020-11-30": "18.47%", "2020-08-31": "19.24%", "2020-05-31": "19.51%", "2020-02-29": "21.68%", "2019-11-30": "22.40%", "2019-08-31": "22.35%", "2019-05-31": "22.12%", "2019-02-28": "22.09%", "2018-11-30": "21.74%", "2018-08-31": "21.19%", "2018-05-31": "21.14%", "2018-02-28": "21.05%", "2017-11-30": "20.62%", "2017-08-31": "20.12%", "2017-05-31": "19.82%", "2016-11-30": "19.77%", "2016-08-31": "18.35%"}, "pre tax profit margin": {"2020-11-30": "9.97%", "2020-08-31": "11.21%", "2020-05-31": "11.84%", "2020-02-29": "14.39%", "2019-11-30": "15.19%", "2019-08-31": "15.09%", "2019-05-31": "14.96%", "2019-02-28": "14.90%", "2018-11-30": "14.44%", "2018-08-31": "13.77%", "2018-05-31": "13.76%", "2018-02-28": "13.81%", "2017-11-30": "13.53%", "2017-08-31": "13.89%", "2017-05-31": "14.45%", "2016-11-30": "16.07%", "2016-08-31": "15.95%"}, "net profit margin": {"2020-11-30": "8.31%", "2020-08-31": "9.20%", "2020-05-31": "9.63%", "2020-02-29": "12.36%", "2019-11-30": "13.15%", "2019-08-31": "12.72%", "2019-05-31": "12.73%", "2019-02-28": "12.48%", "2018-11-30": "13.11%", "2018-08-31": "12.52%", "2018-05-31": "12.18%", "2018-02-28": "11.68%", "2017-11-30": "9.80%", "2017-08-31": "10.21%", "2017-05-31": "10.26%", "2016-11-30": "11.80%", "2016-08-31": "11.45%"}, "pe ratio": {"current": "39.16", "2021-02-05": "39.36", "2020-11-30": "35.73", "2020-08-31": "27.04", "2020-05-31": "23.88", "2020-02-29": "26.36", "2019-11-30": "24.01", "2019-08-31": "21.38", "2019-05-31": "18.28", "2019-02-28": "21.80", "2018-11-30": "23.24", "2018-08-31": "21.93", "2018-05-31": "21.87", "2018-02-28": "19.69", "2017-11-30": "24.20", "2017-08-31": "19.54"}, "price sales": {"2021-02-05": "3.29", "2020-11-30": "2.99", "2020-08-31": "2.50", "2020-05-31": "2.31", "2020-02-29": "3.19", "2019-11-30": "3.09", "2019-08-31": "2.65", "2019-05-31": "2.27", "2019-02-28": "2.71", "2018-11-30": "3.04", "2018-08-31": "2.74", "2018-05-31": "2.65", "2018-02-28": "2.30", "2017-11-30": "2.36", "2017-08-31": "1.99"}, "price book": {"current": "28.45", "2021-02-05": "28.45", "2020-11-30": "25.83", "2020-08-31": "27.53", "2020-05-31": "36.18", "2020-02-29": "46.27", "2019-11-30": "59.97", "2019-08-31": "109.28", "2019-05-31": "-1839.73", "2019-02-28": "-176.05", "2018-11-30": "-65.39", "2018-08-31": "-39.13", "2018-05-31": "-26.96", "2018-02-28": "-19.45", "2017-11-30": "-14.38", "2017-08-31": "-11.06", "2017-05-31": "-9.99", "2017-02-28": "-7.75", "2016-11-30": "-6.09"}, "price fcf": {"2021-02-05": "", "2020-11-30": "$2.89", "2020-08-31": "$3.05", "2020-05-31": "$2.76", "2020-02-29": "$3.09", "2019-11-30": "$3.11", "2019-08-31": "$2.68", "2019-05-31": "$2.35", "2019-02-28": "$1.83", "2018-11-30": "$1.99", "2018-08-31": "$1.88", "2018-05-31": "$1.19", "2018-02-28": "$1.46", "2017-11-30": "$1.03", "2017-08-31": "$1.35"}, "net worth": {"value": "$11.64B"}, "current ratio": {"current": "2.91", "2020-11-30": "2.91", "2020-08-31": "3.44", "2020-05-31": "2.25", "2020-02-29": "1.85", "2019-11-30": "1.65", "2019-08-31": "1.68", "2019-05-31": "1.74", "2019-02-28": "1.60", "2018-11-30": "1.63", "2018-08-31": "1.90", "2018-05-31": "1.79", "2018-02-28": "1.72", "2017-11-30": "1.55", "2017-08-31": "1.62", "2017-05-31": "1.55", "2017-02-28": "1.59", "2016-11-30": "1.55", "2016-08-31": "0.00", "2016-05-31": "0.00", "2016-02-29": "0.00", "2015-11-30": "0.00", "2015-05-31": "1.93", "2014-05-31": "0.00"}, "quick ratio": {"2020-11-30": "1.88", "2020-08-31": "2.58", "2020-05-31": "1.77", "2020-02-29": "0.84", "2019-11-30": "0.70", "2019-08-31": "0.81", "2019-05-31": "0.84", "2019-02-28": "0.72", "2018-11-30": "0.73", "2018-08-31": "1.04", "2018-05-31": "0.73", "2018-02-28": "0.64", "2017-11-30": "0.53", "2017-08-31": "0.67", "2017-05-31": "0.60", "2017-02-28": "0.59", "2016-11-30": "0.53", "2016-08-31": "0.00", "2016-05-31": "0.00", "2016-02-29": "0.00", "2015-11-30": "0.00", "2015-05-31": "0.68", "2014-05-31": "0.00"}, "debt equity ratio": {"current": "6.65", "2020-11-30": "9.17", "2020-08-31": "11.87", "2020-05-31": "18.43", "2020-02-29": "11.82", "2019-11-30": "16.24", "2019-08-31": "33.91", "2019-05-31": "-663.63", "2019-02-28": "-56.36", "2018-11-30": "-19.27", "2018-08-31": "-12.63", "2018-05-31": "-9.22", "2018-02-28": "-8.02", "2017-11-30": "-6.11", "2017-08-31": "-5.39", "2017-05-31": "-4.84", "2017-02-28": "-4.47", "2016-11-30": "-4.16", "2016-08-31": "0.00", "2016-05-31": "0.00", "2016-02-29": "0.00", "2015-11-30": "0.00", "2015-05-31": "0.51", "2014-05-31": "0.00"}, "return on equity": {"2020-11-30": "94.32%", "2020-08-31": "129.63%", "2020-05-31": "181.82%", "2020-02-29": "349.82%", "2019-11-30": "893.10%", "2019-08-31": "-1432.35%", "2019-05-31": "-404.23%", "2019-02-28": "-228.14%", "2018-11-30": "-166.11%", "2018-08-31": "-117.37%", "2018-05-31": "-90.95%", "2018-02-28": "-72.69%", "2017-11-30": "-51.79%", "2017-08-31": "-48.88%", "2017-05-31": "-61.67%", "2016-11-30": "-142.82%", "2016-08-31": "inf%"}, "return on assets": {"2020-11-30": "7.13%", "2020-08-31": "8.52%", "2020-05-31": "9.85%", "2020-02-29": "14.78%", "2019-11-30": "16.13%", "2019-08-31": "15.67%", "2019-05-31": "15.85%", "2019-02-28": "15.56%", "2018-11-30": "16.58%", "2018-08-31": "15.93%", "2018-05-31": "15.52%", "2018-02-28": "14.88%", "2017-11-30": "12.52%", "2017-08-31": "13.33%", "2017-05-31": "17.76%", "2016-11-30": "45.17%", "2016-08-31": "inf%"}, "return on investments": {"2020-11-30": "15.45%", "2020-08-31": "18.32%", "2020-05-31": "21.41%", "2020-02-29": "28.53%", "2019-11-30": "30.65%", "2019-08-31": "30.61%", "2019-05-31": "30.59%", "2019-02-28": "30.92%", "2018-11-30": "30.76%", "2018-08-31": "30.33%", "2018-05-31": "30.74%", "2018-02-28": "31.34%", "2017-11-30": "31.22%", "2017-08-31": "31.31%", "2017-05-31": "41.42%", "2016-11-30": "93.16%", "2016-08-31": "inf%"}, "return on tangible equity": {"2020-11-30": "-746.84%", "2020-08-31": "-386.29%", "2020-05-31": "-254.36%", "2020-02-29": "-271.11%", "2019-11-30": "-217.88%", "2019-08-31": "-171.03%", "2019-05-31": "-147.30%", "2019-02-28": "-117.81%", "2018-11-30": "-104.19%", "2018-08-31": "-80.77%", "2018-05-31": "-66.24%", "2018-02-28": "-55.12%", "2017-11-30": "-40.54%", "2017-08-31": "-38.99%", "2017-05-31": "-49.66%", "2016-11-30": "-116.68%", "2016-08-31": "inf%"}, "dividend yield history": {"last payout": "$0.94", "last yield": "1.18%"}}