{"ticker": "LSTR", "price": {"title": "Landstar System Historical Annual Stock Price Data", "value": 148.34, "historical": {"2021": {"Average Stock Price": "146.3433", "Year Open": "133.0900", "Year High": "157.0400", "Year Low": "133.0900", "Year Close": "148.3400", "Annual % Change": "10.16%"}, "2020": {"Average Stock Price": "117.7094", "Year Open": "113.4400", "Year High": "139.4300", "Year Low": "86.7700", "Year Close": "134.6600", "Annual % Change": "18.26%"}, "2019": {"Average Stock Price": "108.8073", "Year Open": "96.6900", "Year High": "118.5100", "Year Low": "94.7800", "Year Close": "113.8700", "Annual % Change": "19.02%"}, "2018": {"Average Stock Price": "109.6151", "Year Open": "104.5000", "Year High": "127.6000", "Year Low": "90.8300", "Year Close": "95.6700", "Annual % Change": "-8.10%"}, "2017": {"Average Stock Price": "89.8846", "Year Open": "85.7000", "Year High": "106.0500", "Year Low": "81.0500", "Year Close": "104.1000", "Annual % Change": "22.04%"}, "2016": {"Average Stock Price": "68.2788", "Year Open": "58.5900", "Year High": "90.4000", "Year Low": "54.4000", "Year Close": "85.3000", "Annual % Change": "45.44%"}, "2015": {"Average Stock Price": "65.6027", "Year Open": "72.0800", "Year High": "73.1600", "Year Low": "55.0800", "Year Close": "58.6500", "Annual % Change": "-19.14%"}, "2014": {"Average Stock Price": "65.8503", "Year Open": "56.9000", "Year High": "80.3800", "Year Low": "56.0700", "Year Close": "72.5300", "Annual % Change": "26.25%"}, "2013": {"Average Stock Price": "55.1772", "Year Open": "53.4700", "Year High": "59.7400", "Year Low": "50.5800", "Year Close": "57.4500", "Annual % Change": "9.51%"}, "2012": {"Average Stock Price": "51.4173", "Year Open": "47.4400", "Year High": "58.8300", "Year Low": "46.9200", "Year Close": "52.4600", "Annual % Change": "9.47%"}, "2011": {"Average Stock Price": "44.1383", "Year Open": "41.2900", "Year High": "48.4700", "Year Low": "37.0600", "Year Close": "47.9200", "Annual % Change": "17.05%"}, "2010": {"Average Stock Price": "39.7245", "Year Open": "39.2400", "Year High": "45.7700", "Year Low": "35.2100", "Year Close": "40.9400", "Annual % Change": "5.60%"}, "2009": {"Average Stock Price": "35.9072", "Year Open": "39.9300", "Year High": "39.9300", "Year Low": "27.4600", "Year Close": "38.7700", "Annual % Change": "0.88%"}, "2008": {"Average Stock Price": "46.1272", "Year Open": "41.4500", "Year High": "58.8600", "Year Low": "29.4600", "Year Close": "38.4300", "Annual % Change": "-8.83%"}, "2007": {"Average Stock Price": "44.5231", "Year Open": "40.0800", "Year High": "51.2300", "Year Low": "36.7100", "Year Close": "42.1500", "Annual % Change": "10.40%"}, "2006": {"Average Stock Price": "43.7366", "Year Open": "41.8000", "Year High": "48.9200", "Year Low": "37.8500", "Year Close": "38.1800", "Annual % Change": "-8.53%"}, "2005": {"Average Stock Price": "35.7966", "Year Open": "37.4850", "Year High": "44.0100", "Year Low": "27.5900", "Year Close": "41.7400", "Annual % Change": "13.36%"}, "2004": {"Average Stock Price": "25.6414", "Year Open": "18.8550", "Year High": "37.7800", "Year Low": "17.0050", "Year Close": "36.8200", "Annual % Change": "93.59%"}, "2003": {"Average Stock Price": "15.7122", "Year Open": "14.6225", "Year High": "19.5350", "Year Low": "12.8225", "Year Close": "19.0200", "Annual % Change": "30.36%"}, "2002": {"Average Stock Price": "12.2244", "Year Open": "9.0063", "Year High": "14.6325", "Year Low": "9.0063", "Year Close": "14.5900", "Annual % Change": "60.97%"}, "2001": {"Average Stock Price": "8.6777", "Year Open": "7.0000", "Year High": "9.9450", "Year Low": "7.0000", "Year Close": "9.0638", "Annual % Change": "30.79%"}, "2000": {"Average Stock Price": "6.5954", "Year Open": "4.9925", "Year High": "8.5625", "Year Low": "4.7663", "Year Close": "6.9300", "Annual % Change": "29.50%"}, "1999": {"Average Stock Price": "4.9716", "Year Open": "5.7350", "Year High": "5.7350", "Year Low": "4.0738", "Year Close": "5.3513", "Annual % Change": "5.06%"}, "1998": {"Average Stock Price": "4.0761", "Year Open": "3.3288", "Year High": "5.5625", "Year Low": "3.0000", "Year Close": "5.0938", "Annual % Change": "54.47%"}, "1997": {"Average Stock Price": "3.2146", "Year Open": "2.9375", "Year High": "3.6013", "Year Low": "2.7350", "Year Close": "3.2975", "Annual % Change": "13.46%"}, "1996": {"Average Stock Price": "3.2206", "Year Open": "3.4063", "Year High": "3.7188", "Year Low": "2.6875", "Year Close": "2.9063", "Annual % Change": "-13.08%"}, "1995": {"Average Stock Price": "3.5927", "Year Open": "4.0938", "Year High": "4.6875", "Year Low": "2.6800", "Year Close": "3.3438", "Annual % Change": "-18.32%"}, "1994": {"Average Stock Price": "3.4511", "Year Open": "2.5938", "Year High": "4.4538", "Year Low": "2.4688", "Year Close": "4.0938", "Annual % Change": "47.99%"}}}, "market cap": {"value": "$5.69B"}, "income statement": {"Revenue": {"2020-12-31": "4136.38000", "2019-12-31": "4089.61800", "2018-12-31": "4618.96000", "2017-12-31": "3648.86200", "2016-12-31": "3169.13600", "2015-12-31": "3322.48700", "2014-12-31": "3186.17100", "2013-12-31": "2666.25500", "2012-12-31": "2772.36200", "2011-12-31": "2630.07900", "2010-12-31": "2401.72800", "2009-12-31": "2010.06400", "2008-12-31": "2646.40800", "2007-12-31": "2492.62400", "2006-12-31": "2518.00600", "2005-12-31": "2520.52300"}, "Cost Of Goods Sold": {"2020-12-31": "3192.85000", "2019-12-31": "3127.47400", "2018-12-31": "3569.96100", "2017-12-31": "2805.10900", "2016-12-31": "2415.66300", "2015-12-31": "2551.34300", "2014-12-31": "2461.14300", "2013-12-31": "2046.92700", "2012-12-31": "2130.32300", "2011-12-31": "2007.66600", "2010-12-31": "1824.30800", "2009-12-31": "1503.52000", "2008-12-31": "2033.38400", "2007-12-31": "1884.20700", "2006-12-31": "1890.75500", "2005-12-31": "1880.43100"}, "Gross Profit": {"2020-12-31": "943.52980", "2019-12-31": "962.14380", "2018-12-31": "1048.99900", "2017-12-31": "843.75320", "2016-12-31": "753.47290", "2015-12-31": "771.14400", "2014-12-31": "725.02780", "2013-12-31": "619.32790", "2012-12-31": "642.03910", "2011-12-31": "622.41310", "2010-12-31": "577.42000", "2009-12-31": "506.54390", "2008-12-31": "613.02380", "2007-12-31": "608.41710", "2006-12-31": "627.25110", "2005-12-31": "640.09180"}, "Research And Development Expenses": {"2020-12-31": "", "2019-12-31": "", "2018-12-31": "", "2017-12-31": "", "2016-12-31": "", "2015-12-31": "", "2014-12-31": "", "2013-12-31": "", "2012-12-31": "", "2011-12-31": "", "2010-12-31": "", "2009-12-31": "", "2008-12-31": "", "2007-12-31": "", "2006-12-31": "", "2005-12-31": ""}, "SG&A Expenses": {"2020-12-31": "596.18600", "2019-12-31": "581.49800", "2018-12-31": "641.89100", "2017-12-31": "530.53800", "2016-12-31": "464.72400", "2015-12-31": "468.71800", "2014-12-31": "447.31000", "2013-12-31": "393.50300", "2012-12-31": "393.50500", "2011-12-31": "389.39600", "2010-12-31": "383.81900", "2009-12-31": "340.10100", "2008-12-31": "377.19000", "2007-12-31": "375.63900", "2006-12-31": "373.53600", "2005-12-31": "394.24100"}, "Other Operating Income Or Expenses": {"2020-12-31": "-48.53900", "2019-12-31": "-37.27400", "2018-12-31": "-31.80300", "2017-12-31": "-28.68700", "2016-12-31": "-29.70200", "2015-12-31": "-31.61800", "2014-12-31": "-25.77100", "2013-12-31": "-21.56800", "2012-12-31": "-22.58200", "2011-12-31": "-28.28500", "2010-12-31": "-28.82600", "2009-12-31": "-29.17300", "2008-12-31": "-28.03300", "2007-12-31": "-28.99700", "2006-12-31": "-45.70000", "2005-12-31": "-36.70900"}, "Operating Expenses": {"2020-12-31": "3883.43000", "2019-12-31": "3790.71400", "2018-12-31": "4287.22500", "2017-12-31": "3404.89400", "2016-12-31": "2945.88500", "2015-12-31": "3080.78100", "2014-12-31": "2961.79900", "2013-12-31": "2489.66500", "2012-12-31": "2571.62300", "2011-12-31": "2449.25200", "2010-12-31": "2261.75700", "2009-12-31": "1896.32200", "2008-12-31": "2459.56700", "2007-12-31": "2307.93100", "2006-12-31": "2326.78700", "2005-12-31": "2327.30100"}, "Operating Income": {"2020-12-31": "252.94970", "2019-12-31": "298.90380", "2018-12-31": "331.73490", "2017-12-31": "243.96800", "2016-12-31": "223.25100", "2015-12-31": "241.70610", "2014-12-31": "224.37180", "2013-12-31": "176.58980", "2012-12-31": "200.73900", "2011-12-31": "180.82710", "2010-12-31": "139.97120", "2009-12-31": "113.74210", "2008-12-31": "186.84080", "2007-12-31": "184.69310", "2006-12-31": "191.21920", "2005-12-31": "193.22170"}, "Total Non-Operating Income/Expense": {"2020-12-31": "-3.95300", "2019-12-31": "-3.14100", "2018-12-31": "-3.35400", "2017-12-31": "-3.16600", "2016-12-31": "-3.79400", "2015-12-31": "-2.94900", "2014-12-31": "-3.17700", "2013-12-31": "-3.21100", "2012-12-31": "-3.11000", "2011-12-31": "-3.10900", "2010-12-31": "-3.62300", "2009-12-31": "-4.03000", "2008-12-31": "-7.35100", "2007-12-31": "-6.68500", "2006-12-31": "-6.82100", "2005-12-31": "-4.74400"}, "Pre-Tax Income": {"2020-12-31": "248.99700", "2019-12-31": "295.76300", "2018-12-31": "328.38100", "2017-12-31": "240.80200", "2016-12-31": "219.45700", "2015-12-31": "238.75700", "2014-12-31": "221.19500", "2013-12-31": "173.37900", "2012-12-31": "197.62900", "2011-12-31": "177.71800", "2010-12-31": "136.34800", "2009-12-31": "109.71200", "2008-12-31": "179.49000", "2007-12-31": "178.00800", "2006-12-31": "184.39800", "2005-12-31": "188.47800"}, "Income Taxes": {"2020-12-31": "56.89100", "2019-12-31": "68.06000", "2018-12-31": "73.16800", "2017-12-31": "63.80600", "2016-12-31": "82.10700", "2015-12-31": "91.06800", "2014-12-31": "82.38600", "2013-12-31": "64.45700", "2012-12-31": "71.06300", "2011-12-31": "66.17500", "2010-12-31": "49.76600", "2009-12-31": "39.76200", "2008-12-31": "68.56000", "2007-12-31": "68.35500", "2006-12-31": "71.31300", "2005-12-31": "72.88000"}, "Income After Taxes": {"2020-12-31": "192.10600", "2019-12-31": "227.70300", "2018-12-31": "255.21300", "2017-12-31": "176.99600", "2016-12-31": "137.35000", "2015-12-31": "147.68900", "2014-12-31": "138.80900", "2013-12-31": "108.92200", "2012-12-31": "126.56600", "2011-12-31": "111.54300", "2010-12-31": "86.58200", "2009-12-31": "69.95000", "2008-12-31": "110.93000", "2007-12-31": "109.65300", "2006-12-31": "113.08500", "2005-12-31": "115.59800"}, "Other Income": {"2020-12-31": "", "2019-12-31": "", "2018-12-31": "", "2017-12-31": "", "2016-12-31": "", "2015-12-31": "", "2014-12-31": "", "2013-12-31": "", "2012-12-31": "", "2011-12-31": "", "2010-12-31": "", "2009-12-31": "", "2008-12-31": "", "2007-12-31": "", "2006-12-31": "", "2005-12-31": ""}, "Income From Continuous Operations": {"2020-12-31": "192.10600", "2019-12-31": "227.70300", "2018-12-31": "255.21300", "2017-12-31": "176.99600", "2016-12-31": "137.35000", "2015-12-31": "147.68900", "2014-12-31": "138.80900", "2013-12-31": "108.92200", "2012-12-31": "126.56600", "2011-12-31": "111.54300", "2010-12-31": "86.58200", "2009-12-31": "69.95000", "2008-12-31": "110.93000", "2007-12-31": "109.65300", "2006-12-31": "113.08500", "2005-12-31": "115.59800"}, "Income From Discontinued Operations": {"2020-12-31": "", "2019-12-31": "", "2018-12-31": "", "2017-12-31": "", "2016-12-31": "", "2015-12-31": "", "2014-12-31": "", "2013-12-31": "37.08700", "2012-12-31": "3.21500", "2011-12-31": "1.46400", "2010-12-31": "", "2009-12-31": "", "2008-12-31": "", "2007-12-31": "", "2006-12-31": "", "2005-12-31": ""}, "Net Income": {"2020-12-31": "192.10600", "2019-12-31": "227.72000", "2018-12-31": "255.28100", "2017-12-31": "177.08800", "2016-12-31": "137.35000", "2015-12-31": "147.68900", "2014-12-31": "138.80900", "2013-12-31": "146.00900", "2012-12-31": "129.78100", "2011-12-31": "113.00700", "2010-12-31": "87.51400", "2009-12-31": "70.39500", "2008-12-31": "110.93000", "2007-12-31": "109.65300", "2006-12-31": "113.08500", "2005-12-31": "115.59800"}, "EBITDA": {"2020-12-31": "252.94970", "2019-12-31": "343.37180", "2018-12-31": "375.30490", "2017-12-31": "284.52800", "2016-12-31": "259.04700", "2015-12-31": "270.80800", "2014-12-31": "251.94680", "2013-12-31": "204.25680", "2012-12-31": "225.95200", "2011-12-31": "204.73210", "2010-12-31": "164.77520", "2009-12-31": "137.27010", "2008-12-31": "207.80080", "2007-12-31": "203.78110", "2006-12-31": "208.01520", "2005-12-31": "209.14170"}, "EBIT": {"2020-12-31": "252.94970", "2019-12-31": "298.90380", "2018-12-31": "331.73490", "2017-12-31": "243.96800", "2016-12-31": "223.25100", "2015-12-31": "241.70610", "2014-12-31": "224.37180", "2013-12-31": "176.58980", "2012-12-31": "200.73900", "2011-12-31": "180.82710", "2010-12-31": "139.97120", "2009-12-31": "113.74210", "2008-12-31": "186.84080", "2007-12-31": "184.69310", "2006-12-31": "191.21920", "2005-12-31": "193.22170"}, "Basic Shares Outstanding": {"2020-12-31": "38.60200", "2019-12-31": "39.78600", "2018-12-31": "41.27300", "2017-12-31": "41.93800", "2016-12-31": "42.11200", "2015-12-31": "43.66400", "2014-12-31": "44.95600", "2013-12-31": "46.03900", "2012-12-31": "46.69800", "2011-12-31": "47.44400", "2010-12-31": "49.52300", "2009-12-31": "51.09500", "2008-12-31": "52.50300", "2007-12-31": "54.68100", "2006-12-31": "57.85400", "2005-12-31": "59.19900"}, "Shares Outstanding": {"2020-12-31": "38.60200", "2019-12-31": "39.78600", "2018-12-31": "41.31000", "2017-12-31": "42.02400", "2016-12-31": "42.23600", "2015-12-31": "43.81300", "2014-12-31": "45.16900", "2013-12-31": "46.21000", "2012-12-31": "46.87700", "2011-12-31": "47.52400", "2010-12-31": "49.58000", "2009-12-31": "51.28000", "2008-12-31": "52.85400", "2007-12-31": "55.15600", "2006-12-31": "58.65400", "2005-12-31": "60.41300"}, "Basic EPS": {"2020-12-31": "4.98000", "2019-12-31": "5.72000", "2018-12-31": "6.19000", "2017-12-31": "4.22000", "2016-12-31": "3.26000", "2015-12-31": "3.38000", "2014-12-31": "3.09000", "2013-12-31": "3.17000", "2012-12-31": "2.78000", "2011-12-31": "2.38000", "2010-12-31": "1.77000", "2009-12-31": "1.38000", "2008-12-31": "2.11000", "2007-12-31": "2.01000", "2006-12-31": "1.95000", "2005-12-31": "1.95000"}, "EPS - Earnings Per Share": {"2020-12-31": "4.98000", "2019-12-31": "5.72000", "2018-12-31": "6.18000", "2017-12-31": "4.21000", "2016-12-31": "3.25000", "2015-12-31": "3.37000", "2014-12-31": "3.07000", "2013-12-31": "3.16000", "2012-12-31": "2.77000", "2011-12-31": "2.38000", "2010-12-31": "1.77000", "2009-12-31": "1.37000", "2008-12-31": "2.10000", "2007-12-31": "1.99000", "2006-12-31": "1.93000", "2005-12-31": "1.91000"}}, "income statement, quarterly": {"Revenue": {"2020-12-31": "1297.03800", "2020-09-30": "1086.26000", "2020-06-30": "824.34900", "2020-03-31": "928.73300", "2019-12-31": "996.18410", "2019-09-30": "1012.97300", "2019-06-30": "1046.32300", "2019-03-31": "1034.13800", "2018-12-31": "1183.41300", "2018-09-30": "1203.08300", "2018-06-30": "1183.67700", "2018-03-31": "1048.78700", "2017-12-31": "1052.35700", "2017-09-30": "944.14100", "2017-06-30": "871.04200", "2017-03-31": "781.32200", "2016-12-31": "893.23110", "2016-09-30": "788.29500", "2016-06-30": "775.58600", "2016-03-31": "712.02400", "2015-12-31": "848.95520", "2015-09-30": "842.07600", "2015-06-30": "868.72200", "2015-03-31": "762.73400", "2014-12-31": "863.18400", "2014-09-30": "819.65200", "2014-06-30": "814.77500", "2014-03-31": "688.56000", "2013-12-31": "692.33890", "2013-09-30": "675.90100", "2013-06-30": "674.76100", "2013-03-31": "623.25400", "2012-12-31": "669.01310", "2012-09-30": "717.56100", "2012-06-30": "736.37800", "2012-03-31": "649.41000", "2011-12-31": "697.22520", "2011-09-30": "684.38600", "2011-06-30": "675.95400", "2011-03-31": "572.51400", "2010-12-31": "588.02400", "2010-09-30": "623.32100", "2010-06-30": "642.01000", "2010-03-31": "548.37300", "2009-12-31": "548.02900", "2009-09-30": "500.94900", "2009-06-30": "491.41400", "2009-03-31": "469.67200", "2008-12-31": "604.48980", "2008-09-30": "733.57000", "2008-06-30": "698.42400", "2008-03-31": "609.92400", "2007-12-31": "644.10910", "2007-09-30": "635.91700", "2007-06-30": "634.20900", "2007-03-31": "578.38900", "2006-12-31": "612.94010", "2006-09-30": "650.53400", "2006-06-30": "644.11100", "2006-03-31": "610.42100", "2005-12-31": "801.05000", "2005-09-30": "676.92200", "2005-06-30": "539.80000", "2005-03-31": "502.75100"}, "Cost Of Goods Sold": {"2020-12-31": "1009.70700", "2020-09-30": "838.75300", "2020-06-30": "635.13300", "2020-03-31": "709.25700", "2019-12-31": "761.82810", "2019-09-30": "774.52000", "2019-06-30": "799.37100", "2019-03-31": "791.75500", "2018-12-31": "911.25090", "2018-09-30": "931.47300", "2018-06-30": "916.94000", "2018-03-31": "810.29700", "2017-12-31": "815.17070", "2017-09-30": "726.82700", "2017-06-30": "667.58800", "2017-03-31": "595.52300", "2016-12-31": "684.91810", "2016-09-30": "601.00200", "2016-06-30": "589.41500", "2016-03-31": "540.32800", "2015-12-31": "651.03000", "2015-09-30": "645.58300", "2015-06-30": "667.57700", "2015-03-31": "587.15300", "2014-12-31": "668.58310", "2014-09-30": "633.59600", "2014-06-30": "628.93300", "2014-03-31": "530.03100", "2013-12-31": "534.25000", "2013-09-30": "518.14100", "2013-06-30": "517.04000", "2013-03-31": "477.49600", "2012-12-31": "526.45800", "2012-09-30": "548.16200", "2012-06-30": "562.78100", "2012-03-31": "492.92200", "2011-12-31": "548.00590", "2011-09-30": "518.30000", "2011-06-30": "509.98200", "2011-03-31": "431.37800", "2010-12-31": "442.35300", "2010-09-30": "474.66500", "2010-06-30": "490.08900", "2010-03-31": "417.20100", "2009-12-31": "413.30100", "2009-09-30": "372.32800", "2009-06-30": "366.56700", "2009-03-31": "351.32400", "2008-12-31": "460.17520", "2008-09-30": "569.86400", "2008-06-30": "538.31600", "2008-03-31": "465.02900", "2007-12-31": "489.42590", "2007-09-30": "481.94600", "2007-06-30": "478.77700", "2007-03-31": "434.05800", "2006-12-31": "460.34410", "2006-09-30": "486.10200", "2006-06-30": "486.05900", "2006-03-31": "458.25000", "2005-12-31": "594.41500", "2005-09-30": "502.92400", "2005-06-30": "405.51400", "2005-03-31": "377.57800"}, "Gross Profit": {"2020-12-31": "287.33100", "2020-09-30": "247.50700", "2020-06-30": "189.21600", "2020-03-31": "219.47600", "2019-12-31": "234.35600", "2019-09-30": "238.45300", "2019-06-30": "246.95200", "2019-03-31": "242.38290", "2018-12-31": "272.16210", "2018-09-30": "271.61000", "2018-06-30": "266.73700", "2018-03-31": "238.49000", "2017-12-31": "237.18650", "2017-09-30": "217.31400", "2017-06-30": "203.45400", "2017-03-31": "185.79900", "2016-12-31": "208.31300", "2016-09-30": "187.29300", "2016-06-30": "186.17100", "2016-03-31": "171.69600", "2015-12-31": "197.92520", "2015-09-30": "196.49300", "2015-06-30": "201.14500", "2015-03-31": "175.58100", "2014-12-31": "194.60090", "2014-09-30": "186.05600", "2014-06-30": "185.84200", "2014-03-31": "158.52900", "2013-12-31": "158.08890", "2013-09-30": "157.76000", "2013-06-30": "157.72100", "2013-03-31": "145.75800", "2012-12-31": "142.55510", "2012-09-30": "169.39900", "2012-06-30": "173.59700", "2012-03-31": "156.48800", "2011-12-31": "149.21920", "2011-09-30": "166.08600", "2011-06-30": "165.97200", "2011-03-31": "141.13600", "2010-12-31": "145.67100", "2010-09-30": "148.65600", "2010-06-30": "151.92100", "2010-03-31": "131.17200", "2009-12-31": "134.72800", "2009-09-30": "128.62100", "2009-06-30": "124.84700", "2009-03-31": "118.34800", "2008-12-31": "144.31460", "2008-09-30": "163.70600", "2008-06-30": "160.10800", "2008-03-31": "144.89500", "2007-12-31": "154.68320", "2007-09-30": "153.97090", "2007-06-30": "155.43200", "2007-03-31": "144.33100", "2006-12-31": "152.59590", "2006-09-30": "164.43200", "2006-06-30": "158.05210", "2006-03-31": "152.17100", "2005-12-31": "206.63500", "2005-09-30": "173.99800", "2005-06-30": "134.28600", "2005-03-31": "125.17300"}, "Research And Development Expenses": {"2020-12-31": "", "2020-09-30": "", "2020-06-30": "", "2020-03-31": "", "2019-12-31": "", "2019-09-30": "", "2019-06-30": "", "2019-03-31": "", "2018-12-31": "", "2018-09-30": "", "2018-06-30": "", "2018-03-31": "", "2017-12-31": "", "2017-09-30": "", "2017-06-30": "", "2017-03-31": "", "2016-12-31": "", "2016-09-30": "", "2016-06-30": "", "2016-03-31": "", "2015-12-31": "", "2015-09-30": "", "2015-06-30": "", "2015-03-31": "", "2014-12-31": "", "2014-09-30": "", "2014-06-30": "", "2014-03-31": "", "2013-12-31": "", "2013-09-30": "", "2013-06-30": "", "2013-03-31": "", "2012-12-31": "", "2012-09-30": "", "2012-06-30": "", "2012-03-31": "", "2011-12-31": "", "2011-09-30": "", "2011-06-30": "", "2011-03-31": "", "2010-12-31": "", "2010-09-30": "", "2010-06-30": "", "2010-03-31": "", "2009-12-31": "", "2009-09-30": "", "2009-06-30": "", "2009-03-31": "", "2008-12-31": "", "2008-09-30": "", "2008-06-30": "", "2008-03-31": "", "2007-12-31": "", "2007-09-30": "", "2007-06-30": "", "2007-03-31": "", "2006-12-31": "", "2006-09-30": "", "2006-06-30": "", "2006-03-31": "", "2005-12-31": "", "2005-09-30": "", "2005-06-30": "", "2005-03-31": ""}, "SG&A Expenses": {"2020-12-31": "168.35400", "2020-09-30": "146.55400", "2020-06-30": "135.61800", "2020-03-31": "145.66000", "2019-12-31": "147.67100", "2019-09-30": "146.68900", "2019-06-30": "145.20600", "2019-03-31": "141.93200", "2018-12-31": "167.39700", "2018-09-30": "164.82200", "2018-06-30": "164.93600", "2018-03-31": "144.73600", "2017-12-31": "150.34790", "2017-09-30": "138.52000", "2017-06-30": "125.03600", "2017-03-31": "116.63400", "2016-12-31": "126.64300", "2016-09-30": "112.32400", "2016-06-30": "117.83800", "2016-03-31": "107.91900", "2015-12-31": "120.19800", "2015-09-30": "116.61000", "2015-06-30": "120.08200", "2015-03-31": "111.82800", "2014-12-31": "119.81500", "2014-09-30": "112.87200", "2014-06-30": "114.46200", "2014-03-31": "100.16100", "2013-12-31": "105.25210", "2013-09-30": "97.95500", "2013-06-30": "98.02400", "2013-03-31": "92.27200", "2012-12-31": "88.45000", "2012-09-30": "101.50100", "2012-06-30": "103.42800", "2012-03-31": "100.12600", "2011-12-31": "89.88300", "2011-09-30": "103.57700", "2011-06-30": "103.23500", "2011-03-31": "92.70100", "2010-12-31": "96.62900", "2010-09-30": "99.86600", "2010-06-30": "97.77500", "2010-03-31": "89.54900", "2009-12-31": "93.62000", "2009-09-30": "82.81900", "2009-06-30": "81.96700", "2009-03-31": "81.69500", "2008-12-31": "90.71700", "2008-09-30": "96.89100", "2008-06-30": "97.39000", "2008-03-31": "92.19200", "2007-12-31": "93.18500", "2007-09-30": "91.57100", "2007-06-30": "93.54600", "2007-03-31": "97.33700", "2006-12-31": "90.80300", "2006-09-30": "93.71400", "2006-06-30": "94.62000", "2006-03-31": "94.39900", "2005-12-31": "123.77900", "2005-09-30": "101.66800", "2005-06-30": "84.72800", "2005-03-31": "84.06600"}, "Other Operating Income Or Expenses": {"2020-12-31": "-22.92200", "2020-09-30": "-7.36100", "2020-06-30": "-9.95000", "2020-03-31": "-8.30600", "2019-12-31": "-8.74300", "2019-09-30": "-10.43100", "2019-06-30": "-9.86100", "2019-03-31": "-8.23900", "2018-12-31": "-7.62700", "2018-09-30": "-8.96600", "2018-06-30": "-7.60600", "2018-03-31": "-7.60400", "2017-12-31": "-6.19000", "2017-09-30": "-8.09700", "2017-06-30": "-7.50300", "2017-03-31": "-6.89700", "2016-12-31": "-8.21800", "2016-09-30": "-7.49200", "2016-06-30": "-6.58500", "2016-03-31": "-7.40700", "2015-12-31": "-7.23000", "2015-09-30": "-8.71800", "2015-06-30": "-7.98100", "2015-03-31": "-7.68900", "2014-12-31": "-6.42100", "2014-09-30": "-6.52100", "2014-06-30": "-6.24300", "2014-03-31": "-6.58600", "2013-12-31": "-6.17200", "2013-09-30": "-6.01100", "2013-06-30": "-4.14500", "2013-03-31": "-5.24000", "2012-12-31": "-4.94700", "2012-09-30": "-6.44700", "2012-06-30": "-4.71600", "2012-03-31": "-6.47200", "2011-12-31": "-6.23500", "2011-09-30": "-6.42700", "2011-06-30": "-7.67900", "2011-03-31": "-7.94400", "2010-12-31": "-6.87400", "2010-09-30": "-6.44800", "2010-06-30": "-7.96800", "2010-03-31": "-7.53600", "2009-12-31": "-7.42400", "2009-09-30": "-6.91100", "2009-06-30": "-7.38800", "2009-03-31": "-7.45000", "2008-12-31": "-7.21900", "2008-09-30": "-6.87400", "2008-06-30": "-7.35600", "2008-03-31": "-6.58400", "2007-12-31": "-7.78900", "2007-09-30": "-7.98600", "2007-06-30": "-7.71600", "2007-03-31": "-5.50600", "2006-12-31": "-8.57500", "2006-09-30": "-14.83700", "2006-06-30": "-10.22000", "2006-03-31": "-12.06800", "2005-12-31": "-9.30900", "2005-09-30": "-10.78500", "2005-06-30": "-7.91700", "2005-03-31": "-8.69800"}, "Operating Expenses": {"2020-12-31": "1212.62600", "2020-09-30": "1003.90800", "2020-06-30": "792.16800", "2020-03-31": "874.72800", "2019-12-31": "929.66500", "2019-09-30": "942.33510", "2019-06-30": "965.47200", "2019-03-31": "953.24200", "2018-12-31": "1097.32500", "2018-09-30": "1116.01500", "2018-06-30": "1100.25100", "2018-03-31": "973.63400", "2017-12-31": "982.30810", "2017-09-30": "883.57400", "2017-06-30": "810.02400", "2017-03-31": "728.98800", "2016-12-31": "829.46600", "2016-09-30": "729.83400", "2016-06-30": "722.49300", "2016-03-31": "664.09200", "2015-12-31": "786.30710", "2015-09-30": "778.09600", "2015-06-30": "802.68900", "2015-03-31": "713.68900", "2014-12-31": "801.97520", "2014-09-30": "760.07500", "2014-06-30": "756.20290", "2014-03-31": "643.54600", "2013-12-31": "652.59810", "2013-09-30": "629.28700", "2013-06-30": "626.33400", "2013-03-31": "581.44600", "2012-12-31": "624.59210", "2012-09-30": "663.18200", "2012-06-30": "677.58900", "2012-03-31": "606.25990", "2011-12-31": "648.69310", "2011-09-30": "634.85300", "2011-06-30": "627.28400", "2011-03-31": "538.42190", "2010-12-31": "552.21570", "2010-09-30": "587.43500", "2010-06-30": "602.02800", "2010-03-31": "520.07800", "2009-12-31": "520.45890", "2009-09-30": "468.27100", "2009-06-30": "461.63800", "2009-03-31": "445.95400", "2008-12-31": "563.51310", "2008-09-30": "678.88000", "2008-06-30": "648.23900", "2008-03-31": "568.93500", "2007-12-31": "595.44290", "2007-09-30": "586.26900", "2007-06-30": "584.70100", "2007-03-31": "541.51800", "2006-12-31": "564.28790", "2006-09-30": "598.83290", "2006-06-30": "594.85600", "2006-03-31": "568.81000", "2005-12-31": "731.49730", "2005-09-30": "619.37500", "2005-06-30": "502.12500", "2005-03-31": "474.30400"}, "Operating Income": {"2020-12-31": "84.41200", "2020-09-30": "82.35200", "2020-06-30": "32.18100", "2020-03-31": "54.00490", "2019-12-31": "66.51910", "2019-09-30": "70.63790", "2019-06-30": "80.85100", "2019-03-31": "80.89590", "2018-12-31": "86.08800", "2018-09-30": "87.06800", "2018-06-30": "83.42600", "2018-03-31": "75.15300", "2017-12-31": "70.04910", "2017-09-30": "60.56700", "2017-06-30": "61.01800", "2017-03-31": "52.33400", "2016-12-31": "63.76510", "2016-09-30": "58.46100", "2016-06-30": "53.09300", "2016-03-31": "47.93200", "2015-12-31": "62.64810", "2015-09-30": "63.98000", "2015-06-30": "66.03300", "2015-03-31": "49.04500", "2014-12-31": "61.20880", "2014-09-30": "59.57700", "2014-06-30": "58.57210", "2014-03-31": "45.01400", "2013-12-31": "39.74080", "2013-09-30": "46.61400", "2013-06-30": "48.42700", "2013-03-31": "41.80800", "2012-12-31": "44.42100", "2012-09-30": "54.37900", "2012-06-30": "58.78900", "2012-03-31": "43.15000", "2011-12-31": "48.53210", "2011-09-30": "49.53300", "2011-06-30": "48.67000", "2011-03-31": "34.09200", "2010-12-31": "35.80830", "2010-09-30": "35.88600", "2010-06-30": "39.98200", "2010-03-31": "28.29500", "2009-12-31": "27.57010", "2009-09-30": "32.67800", "2009-06-30": "29.77600", "2009-03-31": "23.71800", "2008-12-31": "40.97670", "2008-09-30": "54.69000", "2008-06-30": "50.18500", "2008-03-31": "40.98900", "2007-12-31": "48.66610", "2007-09-30": "49.64800", "2007-06-30": "49.50800", "2007-03-31": "36.87100", "2006-12-31": "48.65220", "2006-09-30": "51.70110", "2006-06-30": "49.25510", "2006-03-31": "41.61100", "2005-12-31": "69.55280", "2005-09-30": "57.54700", "2005-06-30": "37.67500", "2005-03-31": "28.44700"}, "Total Non-Operating Income/Expense": {"2020-12-31": "-1.01700", "2020-09-30": "-1.00800", "2020-06-30": "-0.97600", "2020-03-31": "-0.95200", "2019-12-31": "-0.86300", "2019-09-30": "-0.76400", "2019-06-30": "-0.70900", "2019-03-31": "-0.80500", "2018-12-31": "-0.89900", "2018-09-30": "-0.81600", "2018-06-30": "-0.83900", "2018-03-31": "-0.80000", "2017-12-31": "-0.60700", "2017-09-30": "-0.65700", "2017-06-30": "-0.81900", "2017-03-31": "-1.08300", "2016-12-31": "-1.06900", "2016-09-30": "-0.94800", "2016-06-30": "-0.88800", "2016-03-31": "-0.88900", "2015-12-31": "-0.74100", "2015-09-30": "-0.71400", "2015-06-30": "-0.71300", "2015-03-31": "-0.78100", "2014-12-31": "-0.91700", "2014-09-30": "-0.77400", "2014-06-30": "-0.71800", "2014-03-31": "-0.76800", "2013-12-31": "-0.84400", "2013-09-30": "-0.85600", "2013-06-30": "-0.77100", "2013-03-31": "-0.74000", "2012-12-31": "-0.79800", "2012-09-30": "-0.81800", "2012-06-30": "-0.77000", "2012-03-31": "-0.72400", "2011-12-31": "-0.76900", "2011-09-30": "-0.73500", "2011-06-30": "-0.77700", "2011-03-31": "-0.82800", "2010-12-31": "-0.92400", "2010-09-30": "-1.03500", "2010-06-30": "-0.81000", "2010-03-31": "-0.85400", "2009-12-31": "-0.93700", "2009-09-30": "-0.95700", "2009-06-30": "-0.97300", "2009-03-31": "-1.16300", "2008-12-31": "-1.71600", "2008-09-30": "-1.75700", "2008-06-30": "-1.73600", "2008-03-31": "-2.14200", "2007-12-31": "-2.22100", "2007-09-30": "-1.76400", "2007-06-30": "-1.10800", "2007-03-31": "-1.59200", "2006-12-31": "-1.87100", "2006-09-30": "-1.80800", "2006-06-30": "-1.29200", "2006-03-31": "-1.85000", "2005-12-31": "-1.55000", "2005-09-30": "-1.20500", "2005-06-30": "-1.05200", "2005-03-31": "-0.93700"}, "Pre-Tax Income": {"2020-12-31": "83.39500", "2020-09-30": "81.34400", "2020-06-30": "31.20500", "2020-03-31": "53.05300", "2019-12-31": "65.65600", "2019-09-30": "69.87400", "2019-06-30": "80.14200", "2019-03-31": "80.09100", "2018-12-31": "85.18900", "2018-09-30": "86.25200", "2018-06-30": "82.58700", "2018-03-31": "74.35300", "2017-12-31": "69.44200", "2017-09-30": "59.91000", "2017-06-30": "60.19900", "2017-03-31": "51.25100", "2016-12-31": "62.69600", "2016-09-30": "57.51300", "2016-06-30": "52.20500", "2016-03-31": "47.04300", "2015-12-31": "61.90700", "2015-09-30": "63.26600", "2015-06-30": "65.32000", "2015-03-31": "48.26400", "2014-12-31": "60.29200", "2014-09-30": "58.80300", "2014-06-30": "57.85400", "2014-03-31": "44.24600", "2013-12-31": "38.89700", "2013-09-30": "45.75800", "2013-06-30": "47.65600", "2013-03-31": "41.06800", "2012-12-31": "43.62300", "2012-09-30": "53.56100", "2012-06-30": "58.01900", "2012-03-31": "42.42600", "2011-12-31": "47.76300", "2011-09-30": "48.79800", "2011-06-30": "47.89300", "2011-03-31": "33.26400", "2010-12-31": "34.88400", "2010-09-30": "34.85100", "2010-06-30": "39.17200", "2010-03-31": "27.44100", "2009-12-31": "26.63300", "2009-09-30": "31.72100", "2009-06-30": "28.80300", "2009-03-31": "22.55500", "2008-12-31": "39.26100", "2008-09-30": "52.93300", "2008-06-30": "48.44900", "2008-03-31": "38.84700", "2007-12-31": "46.44500", "2007-09-30": "47.88400", "2007-06-30": "48.40000", "2007-03-31": "35.27900", "2006-12-31": "46.78100", "2006-09-30": "49.89300", "2006-06-30": "47.96300", "2006-03-31": "39.76100", "2005-12-31": "68.00300", "2005-09-30": "56.34200", "2005-06-30": "36.62300", "2005-03-31": "27.51000"}, "Income Taxes": {"2020-12-31": "18.32400", "2020-09-30": "19.45800", "2020-06-30": "6.95100", "2020-03-31": "12.15800", "2019-12-31": "15.60800", "2019-09-30": "16.61900", "2019-06-30": "19.04200", "2019-03-31": "16.79100", "2018-12-31": "16.88900", "2018-09-30": "19.30400", "2018-06-30": "20.09500", "2018-03-31": "16.88000", "2017-12-31": "4.75900", "2017-09-30": "17.49000", "2017-06-30": "22.68900", "2017-03-31": "18.86800", "2016-12-31": "23.12200", "2016-09-30": "21.23500", "2016-06-30": "19.89100", "2016-03-31": "17.85900", "2015-12-31": "24.05200", "2015-09-30": "23.91800", "2015-06-30": "24.84900", "2015-03-31": "18.24900", "2014-12-31": "21.80100", "2014-09-30": "22.04800", "2014-06-30": "21.92900", "2014-03-31": "16.60800", "2013-12-31": "13.72100", "2013-09-30": "17.25500", "2013-06-30": "18.16400", "2013-03-31": "15.31700", "2012-12-31": "12.86000", "2012-09-30": "20.46000", "2012-06-30": "22.16400", "2012-03-31": "15.57900", "2011-12-31": "16.53300", "2011-09-30": "18.64000", "2011-06-30": "18.29500", "2011-03-31": "12.70700", "2010-12-31": "11.00500", "2010-09-30": "13.31500", "2010-06-30": "14.96200", "2010-03-31": "10.48400", "2009-12-31": "8.29600", "2009-09-30": "11.85900", "2009-06-30": "10.94600", "2009-03-31": "8.66100", "2008-12-31": "14.65600", "2008-09-30": "20.11600", "2008-06-30": "18.68400", "2008-03-31": "15.10400", "2007-12-31": "17.41400", "2007-09-30": "18.53600", "2007-06-30": "18.73000", "2007-03-31": "13.67500", "2006-12-31": "18.09100", "2006-09-30": "19.31300", "2006-06-30": "18.49800", "2006-03-31": "15.41100", "2005-12-31": "26.21600", "2005-09-30": "21.77300", "2005-06-30": "14.19900", "2005-03-31": "10.69200"}, "Income After Taxes": {"2020-12-31": "65.07100", "2020-09-30": "61.88600", "2020-06-30": "24.25400", "2020-03-31": "40.89500", "2019-12-31": "50.04800", "2019-09-30": "53.25500", "2019-06-30": "61.10000", "2019-03-31": "63.30000", "2018-12-31": "68.30000", "2018-09-30": "66.94800", "2018-06-30": "62.49200", "2018-03-31": "57.47300", "2017-12-31": "64.68300", "2017-09-30": "42.42000", "2017-06-30": "37.51000", "2017-03-31": "32.38300", "2016-12-31": "39.57400", "2016-09-30": "36.27800", "2016-06-30": "32.31400", "2016-03-31": "29.18400", "2015-12-31": "37.85500", "2015-09-30": "39.34800", "2015-06-30": "40.47100", "2015-03-31": "30.01500", "2014-12-31": "38.49100", "2014-09-30": "36.75500", "2014-06-30": "35.92500", "2014-03-31": "27.63800", "2013-12-31": "25.17600", "2013-09-30": "28.50300", "2013-06-30": "29.49200", "2013-03-31": "25.75100", "2012-12-31": "30.76300", "2012-09-30": "33.10100", "2012-06-30": "35.85500", "2012-03-31": "26.84700", "2011-12-31": "31.23000", "2011-09-30": "30.15800", "2011-06-30": "29.59800", "2011-03-31": "20.55700", "2010-12-31": "23.87900", "2010-09-30": "21.53600", "2010-06-30": "24.21000", "2010-03-31": "16.95700", "2009-12-31": "18.33700", "2009-09-30": "19.86200", "2009-06-30": "17.85700", "2009-03-31": "13.89400", "2008-12-31": "24.60500", "2008-09-30": "32.81700", "2008-06-30": "29.76500", "2008-03-31": "23.74300", "2007-12-31": "29.03100", "2007-09-30": "29.34800", "2007-06-30": "29.67000", "2007-03-31": "21.60400", "2006-12-31": "28.69000", "2006-09-30": "30.58000", "2006-06-30": "29.46500", "2006-03-31": "24.35000", "2005-12-31": "41.78700", "2005-09-30": "34.56900", "2005-06-30": "22.42400", "2005-03-31": "16.81800"}, "Other Income": {"2020-12-31": "", "2020-09-30": "", "2020-06-30": "", "2020-03-31": "", "2019-12-31": "", "2019-09-30": "", "2019-06-30": "", "2019-03-31": "", "2018-12-31": "", "2018-09-30": "", "2018-06-30": "", "2018-03-31": "", "2017-12-31": "", "2017-09-30": "", "2017-06-30": "", "2017-03-31": "", "2016-12-31": "", "2016-09-30": "", "2016-06-30": "", "2016-03-31": "", "2015-12-31": "", "2015-09-30": "", "2015-06-30": "", "2015-03-31": "", "2014-12-31": "", "2014-09-30": "", "2014-06-30": "", "2014-03-31": "", "2013-12-31": "", "2013-09-30": "", "2013-06-30": "", "2013-03-31": "", "2012-12-31": "", "2012-09-30": "", "2012-06-30": "", "2012-03-31": "", "2011-12-31": "", "2011-09-30": "", "2011-06-30": "", "2011-03-31": "", "2010-12-31": "", "2010-09-30": "", "2010-06-30": "", "2010-03-31": "", "2009-12-31": "", "2009-09-30": "", "2009-06-30": "", "2009-03-31": "", "2008-12-31": "", "2008-09-30": "", "2008-06-30": "", "2008-03-31": "", "2007-12-31": "", "2007-09-30": "", "2007-06-30": "", "2007-03-31": "", "2006-12-31": "", "2006-09-30": "", "2006-06-30": "", "2006-03-31": "", "2005-12-31": "", "2005-09-30": "", "2005-06-30": "", "2005-03-31": ""}, "Income From Continuous Operations": {"2020-12-31": "65.07100", "2020-09-30": "61.88600", "2020-06-30": "24.25400", "2020-03-31": "40.89500", "2019-12-31": "50.04800", "2019-09-30": "53.25500", "2019-06-30": "61.10000", "2019-03-31": "63.30000", "2018-12-31": "68.30000", "2018-09-30": "66.94800", "2018-06-30": "62.49200", "2018-03-31": "57.47300", "2017-12-31": "64.68300", "2017-09-30": "42.42000", "2017-06-30": "37.51000", "2017-03-31": "32.38300", "2016-12-31": "39.57400", "2016-09-30": "36.27800", "2016-06-30": "32.31400", "2016-03-31": "29.18400", "2015-12-31": "37.85500", "2015-09-30": "39.34800", "2015-06-30": "40.47100", "2015-03-31": "30.01500", "2014-12-31": "38.49100", "2014-09-30": "36.75500", "2014-06-30": "35.92500", "2014-03-31": "27.63800", "2013-12-31": "25.17600", "2013-09-30": "28.50300", "2013-06-30": "29.49200", "2013-03-31": "25.75100", "2012-12-31": "30.76300", "2012-09-30": "33.10100", "2012-06-30": "35.85500", "2012-03-31": "26.84700", "2011-12-31": "31.23000", "2011-09-30": "30.15800", "2011-06-30": "29.59800", "2011-03-31": "20.55700", "2010-12-31": "23.87900", "2010-09-30": "21.53600", "2010-06-30": "24.21000", "2010-03-31": "16.95700", "2009-12-31": "18.33700", "2009-09-30": "19.86200", "2009-06-30": "17.85700", "2009-03-31": "13.89400", "2008-12-31": "24.60500", "2008-09-30": "32.81700", "2008-06-30": "29.76500", "2008-03-31": "23.74300", "2007-12-31": "29.03100", "2007-09-30": "29.34800", "2007-06-30": "29.67000", "2007-03-31": "21.60400", "2006-12-31": "28.69000", "2006-09-30": "30.58000", "2006-06-30": "29.46500", "2006-03-31": "24.35000", "2005-12-31": "41.78700", "2005-09-30": "34.56900", "2005-06-30": "22.42400", "2005-03-31": "16.81800"}, "Income From Discontinued Operations": {"2020-12-31": "", "2020-09-30": "", "2020-06-30": "", "2020-03-31": "", "2019-12-31": "", "2019-09-30": "", "2019-06-30": "", "2019-03-31": "", "2018-12-31": "", "2018-09-30": "", "2018-06-30": "", "2018-03-31": "", "2017-12-31": "", "2017-09-30": "", "2017-06-30": "", "2017-03-31": "", "2016-12-31": "", "2016-09-30": "", "2016-06-30": "", "2016-03-31": "", "2015-12-31": "", "2015-09-30": "", "2015-06-30": "", "2015-03-31": "", "2014-12-31": "", "2014-09-30": "", "2014-06-30": "", "2014-03-31": "", "2013-12-31": "34.38100", "2013-09-30": "0.74300", "2013-06-30": "0.93400", "2013-03-31": "1.02900", "2012-12-31": "", "2012-09-30": "", "2012-06-30": "", "2012-03-31": "", "2011-12-31": "", "2011-09-30": "", "2011-06-30": "", "2011-03-31": "", "2010-12-31": "", "2010-09-30": "", "2010-06-30": "", "2010-03-31": "", "2009-12-31": "", "2009-09-30": "", "2009-06-30": "", "2009-03-31": "", "2008-12-31": "", "2008-09-30": "", "2008-06-30": "", "2008-03-31": "", "2007-12-31": "", "2007-09-30": "", "2007-06-30": "", "2007-03-31": "", "2006-12-31": "", "2006-09-30": "", "2006-06-30": "", "2006-03-31": "", "2005-12-31": "", "2005-09-30": "", "2005-06-30": "", "2005-03-31": ""}, "Net Income": {"2020-12-31": "65.07100", "2020-09-30": "61.88600", "2020-06-30": "24.25400", "2020-03-31": "40.89500", "2019-12-31": "50.04800", "2019-09-30": "53.25500", "2019-06-30": "61.10000", "2019-03-31": "63.31700", "2018-12-31": "68.25600", "2018-09-30": "66.98500", "2018-06-30": "62.52300", "2018-03-31": "57.51700", "2017-12-31": "64.75200", "2017-09-30": "42.44300", "2017-06-30": "37.51000", "2017-03-31": "32.38300", "2016-12-31": "39.57400", "2016-09-30": "36.27800", "2016-06-30": "32.31400", "2016-03-31": "29.18400", "2015-12-31": "37.85500", "2015-09-30": "39.34800", "2015-06-30": "40.47100", "2015-03-31": "30.01500", "2014-12-31": "38.49100", "2014-09-30": "36.75500", "2014-06-30": "35.92500", "2014-03-31": "27.63800", "2013-12-31": "59.55700", "2013-09-30": "29.24600", "2013-06-30": "30.42600", "2013-03-31": "26.78000", "2012-12-31": "33.97800", "2012-09-30": "33.10100", "2012-06-30": "35.85500", "2012-03-31": "26.84700", "2011-12-31": "32.63200", "2011-09-30": "30.15800", "2011-06-30": "29.59800", "2011-03-31": "20.61900", "2010-12-31": "24.09900", "2010-09-30": "21.80200", "2010-06-30": "24.43700", "2010-03-31": "17.17600", "2009-12-31": "18.56800", "2009-09-30": "20.07600", "2009-06-30": "17.85700", "2009-03-31": "13.89400", "2008-12-31": "24.60500", "2008-09-30": "32.81700", "2008-06-30": "29.76500", "2008-03-31": "23.74300", "2007-12-31": "29.03100", "2007-09-30": "29.34800", "2007-06-30": "29.67000", "2007-03-31": "21.60400", "2006-12-31": "28.69000", "2006-09-30": "30.58000", "2006-06-30": "29.46500", "2006-03-31": "24.35000", "2005-12-31": "41.78700", "2005-09-30": "34.56900", "2005-06-30": "22.42400", "2005-03-31": "16.81800"}, "EBITDA": {"2020-12-31": "", "2020-09-30": "93.59200", "2020-06-30": "43.64800", "2020-03-31": "65.50990", "2019-12-31": "77.94210", "2019-09-30": "81.33290", "2019-06-30": "91.88500", "2019-03-31": "92.21190", "2018-12-31": "97.13800", "2018-09-30": "97.82200", "2018-06-30": "94.19500", "2018-03-31": "86.15000", "2017-12-31": "80.64810", "2017-09-30": "70.69700", "2017-06-30": "70.91500", "2017-03-31": "62.26800", "2016-12-31": "73.45210", "2016-09-30": "67.47700", "2016-06-30": "61.74800", "2016-03-31": "56.37000", "2015-12-31": "70.49710", "2015-09-30": "71.16500", "2015-06-30": "73.08200", "2015-03-31": "56.06400", "2014-12-31": "68.36480", "2014-09-30": "66.66300", "2014-06-30": "65.13710", "2014-03-31": "51.78200", "2013-12-31": "46.66480", "2013-09-30": "53.79400", "2013-06-30": "55.55200", "2013-03-31": "48.24600", "2012-12-31": "49.15800", "2012-09-30": "61.45100", "2012-06-30": "65.45300", "2012-03-31": "49.89000", "2011-12-31": "53.10110", "2011-09-30": "56.08200", "2011-06-30": "55.05800", "2011-03-31": "40.49100", "2010-12-31": "42.16830", "2010-09-30": "42.34200", "2010-06-30": "46.17800", "2010-03-31": "34.08700", "2009-12-31": "33.68410", "2009-09-30": "38.89100", "2009-06-30": "35.49200", "2009-03-31": "29.20300", "2008-12-31": "46.37870", "2008-09-30": "59.94100", "2008-06-30": "55.36200", "2008-03-31": "46.11900", "2007-12-31": "53.70910", "2007-09-30": "54.41400", "2007-06-30": "54.17000", "2007-03-31": "41.48800", "2006-12-31": "53.21820", "2006-09-30": "55.88110", "2006-06-30": "53.21210", "2006-03-31": "45.70400", "2005-12-31": "73.54680", "2005-09-30": "61.54500", "2005-06-30": "41.64100", "2005-03-31": "32.40900"}, "EBIT": {"2020-12-31": "84.41200", "2020-09-30": "82.35200", "2020-06-30": "32.18100", "2020-03-31": "54.00490", "2019-12-31": "66.51890", "2019-09-30": "70.63790", "2019-06-30": "80.85100", "2019-03-31": "80.89590", "2018-12-31": "86.08790", "2018-09-30": "87.06800", "2018-06-30": "83.42600", "2018-03-31": "75.15300", "2017-12-31": "70.04910", "2017-09-30": "60.56700", "2017-06-30": "61.01800", "2017-03-31": "52.33400", "2016-12-31": "63.76500", "2016-09-30": "58.46100", "2016-06-30": "53.09300", "2016-03-31": "47.93200", "2015-12-31": "62.64810", "2015-09-30": "63.98000", "2015-06-30": "66.03300", "2015-03-31": "49.04500", "2014-12-31": "61.20880", "2014-09-30": "59.57700", "2014-06-30": "58.57210", "2014-03-31": "45.01400", "2013-12-31": "39.74080", "2013-09-30": "46.61400", "2013-06-30": "48.42700", "2013-03-31": "41.80800", "2012-12-31": "44.42100", "2012-09-30": "54.37900", "2012-06-30": "58.78900", "2012-03-31": "43.15000", "2011-12-31": "48.53220", "2011-09-30": "49.53300", "2011-06-30": "48.67000", "2011-03-31": "34.09200", "2010-12-31": "35.80820", "2010-09-30": "35.88600", "2010-06-30": "39.98200", "2010-03-31": "28.29500", "2009-12-31": "27.57010", "2009-09-30": "32.67800", "2009-06-30": "29.77600", "2009-03-31": "23.71800", "2008-12-31": "40.97680", "2008-09-30": "54.69000", "2008-06-30": "50.18500", "2008-03-31": "40.98900", "2007-12-31": "48.66620", "2007-09-30": "49.64800", "2007-06-30": "49.50800", "2007-03-31": "36.87100", "2006-12-31": "48.65210", "2006-09-30": "51.70110", "2006-06-30": "49.25510", "2006-03-31": "41.61100", "2005-12-31": "69.55270", "2005-09-30": "57.54700", "2005-06-30": "37.67500", "2005-03-31": "28.44700"}, "Basic Shares Outstanding": {"2020-12-31": "38.38900", "2020-09-30": "38.38600", "2020-06-30": "38.37900", "2020-03-31": "39.25400", "2019-12-31": "39.78600", "2019-09-30": "39.56600", "2019-06-30": "39.94500", "2019-03-31": "40.16100", "2018-12-31": "41.27300", "2018-09-30": "41.10100", "2018-06-30": "41.45000", "2018-03-31": "42.03800", "2017-12-31": "41.93800", "2017-09-30": "41.95700", "2017-06-30": "41.93500", "2017-03-31": "41.87900", "2016-12-31": "42.11200", "2016-09-30": "42.03900", "2016-06-30": "42.23500", "2016-03-31": "42.39500", "2015-12-31": "43.66400", "2015-09-30": "43.44600", "2015-06-30": "43.89200", "2015-03-31": "44.58800", "2014-12-31": "44.95600", "2014-09-30": "44.71300", "2014-06-30": "44.93500", "2014-03-31": "45.40700", "2013-12-31": "46.03900", "2013-09-30": "45.70800", "2013-06-30": "46.25300", "2013-03-31": "46.50700", "2012-12-31": "46.69800", "2012-09-30": "46.61400", "2012-06-30": "46.91500", "2012-03-31": "46.80000", "2011-12-31": "47.44400", "2011-09-30": "47.35800", "2011-06-30": "47.78200", "2011-03-31": "47.87000", "2010-12-31": "49.52300", "2010-09-30": "49.43400", "2010-06-30": "50.12300", "2010-03-31": "50.20700", "2009-12-31": "51.09500", "2009-09-30": "51.06900", "2009-06-30": "51.33000", "2009-03-31": "51.57500", "2008-12-31": "52.50300", "2008-09-30": "52.58600", "2008-06-30": "52.85100", "2008-03-31": "52.60100", "2007-12-31": "54.68100", "2007-09-30": "54.18900", "2007-06-30": "55.59700", "2007-03-31": "55.92600", "2006-12-31": "57.85400", "2006-09-30": "57.28700", "2006-06-30": "58.49900", "2006-03-31": "58.90100", "2005-12-31": "59.19900", "2005-09-30": "58.49400", "2005-06-30": "59.40200", "2005-03-31": "60.39600"}, "Shares Outstanding": {"2020-12-31": "38.38900", "2020-09-30": "38.38600", "2020-06-30": "38.37900", "2020-03-31": "39.25400", "2019-12-31": "39.78600", "2019-09-30": "39.56600", "2019-06-30": "39.94500", "2019-03-31": "40.16600", "2018-12-31": "41.31000", "2018-09-30": "41.13700", "2018-06-30": "41.49100", "2018-03-31": "42.09800", "2017-12-31": "42.02400", "2017-09-30": "42.02800", "2017-06-30": "42.01000", "2017-03-31": "41.99800", "2016-12-31": "42.23600", "2016-09-30": "42.17000", "2016-06-30": "42.35700", "2016-03-31": "42.48900", "2015-12-31": "43.81300", "2015-09-30": "43.60700", "2015-06-30": "44.03300", "2015-03-31": "44.76000", "2014-12-31": "45.16900", "2014-09-30": "44.93700", "2014-06-30": "45.12800", "2014-03-31": "45.59600", "2013-12-31": "46.21000", "2013-09-30": "45.85600", "2013-06-30": "46.38600", "2013-03-31": "46.72200", "2012-12-31": "46.87700", "2012-09-30": "46.73200", "2012-06-30": "47.10400", "2012-03-31": "47.06100", "2011-12-31": "47.52400", "2011-09-30": "47.38700", "2011-06-30": "47.91200", "2011-03-31": "47.90000", "2010-12-31": "49.58000", "2010-09-30": "49.44700", "2010-06-30": "50.21500", "2010-03-31": "50.31800", "2009-12-31": "51.28000", "2009-09-30": "51.24500", "2009-06-30": "51.48700", "2009-03-31": "51.78200", "2008-12-31": "52.85400", "2008-09-30": "53.02800", "2008-06-30": "53.37300", "2008-03-31": "53.00300", "2007-12-31": "55.15600", "2007-09-30": "54.60800", "2007-06-30": "56.19100", "2007-03-31": "56.47000", "2006-12-31": "58.65400", "2006-09-30": "57.94800", "2006-06-30": "59.28700", "2006-03-31": "59.91900", "2005-12-31": "60.41300", "2005-09-30": "59.52600", "2005-06-30": "60.42100", "2005-03-31": "61.76500"}, "Basic EPS": {"2020-12-31": "1.70000", "2020-09-30": "1.61000", "2020-06-30": "0.63000", "2020-03-31": "1.04000", "2019-12-31": "1.26000", "2019-09-30": "1.35000", "2019-06-30": "1.53000", "2019-03-31": "1.58000", "2018-12-31": "1.68000", "2018-09-30": "1.63000", "2018-06-30": "1.51000", "2018-03-31": "1.37000", "2017-12-31": "1.55000", "2017-09-30": "1.01000", "2017-06-30": "0.89000", "2017-03-31": "0.77000", "2016-12-31": "0.94000", "2016-09-30": "0.86000", "2016-06-30": "0.77000", "2016-03-31": "0.69000", "2015-12-31": "0.88000", "2015-09-30": "0.91000", "2015-06-30": "0.92000", "2015-03-31": "0.67000", "2014-12-31": "0.86000", "2014-09-30": "0.82000", "2014-06-30": "0.80000", "2014-03-31": "0.61000", "2013-12-31": "1.29000", "2013-09-30": "0.64000", "2013-06-30": "0.66000", "2013-03-31": "0.58000", "2012-12-31": "0.74000", "2012-09-30": "0.71000", "2012-06-30": "0.76000", "2012-03-31": "0.57000", "2011-12-31": "0.69000", "2011-09-30": "0.64000", "2011-06-30": "0.62000", "2011-03-31": "0.43000", "2010-12-31": "0.50000", "2010-09-30": "0.44000", "2010-06-30": "0.49000", "2010-03-31": "0.34000", "2009-12-31": "0.37000", "2009-09-30": "0.39000", "2009-06-30": "0.35000", "2009-03-31": "0.27000", "2008-12-31": "0.48000", "2008-09-30": "0.62000", "2008-06-30": "0.56000", "2008-03-31": "0.45000", "2007-12-31": "0.55000", "2007-09-30": "0.54000", "2007-06-30": "0.53000", "2007-03-31": "0.39000", "2006-12-31": "0.51000", "2006-09-30": "0.53000", "2006-06-30": "0.50000", "2006-03-31": "0.41000", "2005-12-31": "0.70000", "2005-09-30": "0.59000", "2005-06-30": "0.38000", "2005-03-31": "0.28000"}, "EPS - Earnings Per Share": {"2020-12-31": "1.70000", "2020-09-30": "1.61000", "2020-06-30": "0.63000", "2020-03-31": "1.04000", "2019-12-31": "1.26000", "2019-09-30": "1.35000", "2019-06-30": "1.53000", "2019-03-31": "1.58000", "2018-12-31": "1.67000", "2018-09-30": "1.63000", "2018-06-30": "1.51000", "2018-03-31": "1.37000", "2017-12-31": "1.54000", "2017-09-30": "1.01000", "2017-06-30": "0.89000", "2017-03-31": "0.77000", "2016-12-31": "0.94000", "2016-09-30": "0.86000", "2016-06-30": "0.76000", "2016-03-31": "0.69000", "2015-12-31": "0.88000", "2015-09-30": "0.90000", "2015-06-30": "0.92000", "2015-03-31": "0.67000", "2014-12-31": "0.84000", "2014-09-30": "0.82000", "2014-06-30": "0.80000", "2014-03-31": "0.61000", "2013-12-31": "1.29000", "2013-09-30": "0.64000", "2013-06-30": "0.66000", "2013-03-31": "0.57000", "2012-12-31": "0.73000", "2012-09-30": "0.71000", "2012-06-30": "0.76000", "2012-03-31": "0.57000", "2011-12-31": "0.69000", "2011-09-30": "0.64000", "2011-06-30": "0.62000", "2011-03-31": "0.43000", "2010-12-31": "0.50000", "2010-09-30": "0.44000", "2010-06-30": "0.49000", "2010-03-31": "0.34000", "2009-12-31": "0.36000", "2009-09-30": "0.39000", "2009-06-30": "0.35000", "2009-03-31": "0.27000", "2008-12-31": "0.47000", "2008-09-30": "0.62000", "2008-06-30": "0.56000", "2008-03-31": "0.45000", "2007-12-31": "0.54000", "2007-09-30": "0.54000", "2007-06-30": "0.53000", "2007-03-31": "0.38000", "2006-12-31": "0.49000", "2006-09-30": "0.53000", "2006-06-30": "0.50000", "2006-03-31": "0.41000", "2005-12-31": "0.69000", "2005-09-30": "0.58000", "2005-06-30": "0.37000", "2005-03-31": "0.27000"}}, "balance sheet": {"Cash On Hand": {"2020-12-31": "290.72900", "2019-12-31": "352.41600", "2018-12-31": "239.79400", "2017-12-31": "291.34400", "2016-12-31": "245.45700", "2015-12-31": "163.34300", "2014-12-31": "200.95100", "2013-12-31": "215.24100", "2012-12-31": "109.81200", "2011-12-31": "108.84400", "2010-12-31": "67.97200", "2009-12-31": "110.04400", "2008-12-31": "122.38300", "2007-12-31": "83.67100", "2006-12-31": "113.03900", "2005-12-31": "50.09100"}, "Receivables": {"2020-12-31": "898.92600", "2019-12-31": "624.10200", "2018-12-31": "715.34800", "2017-12-31": "655.46500", "2016-12-31": "481.66900", "2015-12-31": "481.17100", "2014-12-31": "507.77400", "2013-12-31": "452.63500", "2012-12-31": "464.06500", "2011-12-31": "421.64000", "2010-12-31": "331.29300", "2009-12-31": "297.00300", "2008-12-31": "325.14800", "2007-12-31": "321.42800", "2006-12-31": "333.18100", "2005-12-31": "545.65800"}, "Inventory": {"2020-12-31": "", "2019-12-31": "", "2018-12-31": "", "2017-12-31": "", "2016-12-31": "", "2015-12-31": "", "2014-12-31": "", "2013-12-31": "", "2012-12-31": "", "2011-12-31": "", "2010-12-31": "", "2009-12-31": "", "2008-12-31": "", "2007-12-31": "", "2006-12-31": "", "2005-12-31": ""}, "Pre-Paid Expenses": {"2020-12-31": "", "2019-12-31": "", "2018-12-31": "", "2017-12-31": "", "2016-12-31": "", "2015-12-31": "", "2014-12-31": "", "2013-12-31": "", "2012-12-31": "", "2011-12-31": "", "2010-12-31": "", "2009-12-31": "", "2008-12-31": "", "2007-12-31": "", "2006-12-31": "", "2005-12-31": ""}, "Other Current Assets": {"2020-12-31": "18.52000", "2019-12-31": "21.37000", "2018-12-31": "16.28700", "2017-12-31": "14.39400", "2016-12-31": "10.28100", "2015-12-31": "11.60400", "2014-12-31": "", "2013-12-31": "", "2012-12-31": "", "2011-12-31": "", "2010-12-31": "", "2009-12-31": "", "2008-12-31": "", "2007-12-31": "", "2006-12-31": "", "2005-12-31": ""}, "Total Current Assets": {"2020-12-31": "1208.17500", "2019-12-31": "997.88800", "2018-12-31": "971.42900", "2017-12-31": "961.20300", "2016-12-31": "737.40700", "2015-12-31": "656.11800", "2014-12-31": "732.32800", "2013-12-31": "682.46800", "2012-12-31": "591.94400", "2011-12-31": "551.79200", "2010-12-31": "420.91700", "2009-12-31": "426.61200", "2008-12-31": "475.40200", "2007-12-31": "433.65300", "2006-12-31": "471.36200", "2005-12-31": "616.85500"}, "Property, Plant, And Equipment": {"2020-12-31": "296.99600", "2019-12-31": "285.85500", "2018-12-31": "284.03200", "2017-12-31": "276.01100", "2016-12-31": "272.84300", "2015-12-31": "225.92700", "2014-12-31": "202.20300", "2013-12-31": "177.32900", "2012-12-31": "158.95300", "2011-12-31": "142.14600", "2010-12-31": "132.64900", "2009-12-31": "116.65600", "2008-12-31": "124.17800", "2007-12-31": "132.36900", "2006-12-31": "110.95700", "2005-12-31": "89.13100"}, "Long-Term Investments": {"2020-12-31": "", "2019-12-31": "", "2018-12-31": "", "2017-12-31": "", "2016-12-31": "", "2015-12-31": "", "2014-12-31": "", "2013-12-31": "", "2012-12-31": "", "2011-12-31": "", "2010-12-31": "", "2009-12-31": "", "2008-12-31": "", "2007-12-31": "", "2006-12-31": "", "2005-12-31": ""}, "Goodwill And Intangible Assets": {"2020-12-31": "40.94900", "2019-12-31": "38.50800", "2018-12-31": "38.23200", "2017-12-31": "39.06500", "2016-12-31": "31.13400", "2015-12-31": "31.13400", "2014-12-31": "31.13400", "2013-12-31": "31.13400", "2012-12-31": "57.47000", "2011-12-31": "57.47000", "2010-12-31": "57.47000", "2009-12-31": "57.47000", "2008-12-31": "31.13400", "2007-12-31": "31.13400", "2006-12-31": "31.13400", "2005-12-31": "31.13400"}, "Other Long-Term Assets": {"2020-12-31": "107.67900", "2019-12-31": "105.46000", "2018-12-31": "86.87100", "2017-12-31": "76.18100", "2016-12-31": "55.20700", "2015-12-31": "78.33900", "2014-12-31": "78.54700", "2013-12-31": "79.76500", "2012-12-31": "71.05400", "2011-12-31": "57.04100", "2010-12-31": "72.84600", "2009-12-31": "48.05400", "2008-12-31": "32.81600", "2007-12-31": "31.84500", "2006-12-31": "33.19800", "2005-12-31": "28.69400"}, "Total Long-Term Assets": {"2020-12-31": "445.62400", "2019-12-31": "429.82300", "2018-12-31": "409.13500", "2017-12-31": "391.25700", "2016-12-31": "359.18400", "2015-12-31": "335.40000", "2014-12-31": "311.88400", "2013-12-31": "288.22800", "2012-12-31": "287.47700", "2011-12-31": "256.65700", "2010-12-31": "262.96500", "2009-12-31": "222.18000", "2008-12-31": "188.12800", "2007-12-31": "195.34800", "2006-12-31": "175.28900", "2005-12-31": "148.95900"}, "Total Assets": {"2020-12-31": "1653.79900", "2019-12-31": "1427.71100", "2018-12-31": "1380.56400", "2017-12-31": "1352.46000", "2016-12-31": "1096.59100", "2015-12-31": "991.51800", "2014-12-31": "1044.21200", "2013-12-31": "970.69600", "2012-12-31": "879.42100", "2011-12-31": "808.44900", "2010-12-31": "683.88200", "2009-12-31": "648.79200", "2008-12-31": "663.53000", "2007-12-31": "629.00100", "2006-12-31": "646.65100", "2005-12-31": "765.81400"}, "Total Current Liabilities": {"2020-12-31": "806.13700", "2019-12-31": "552.90400", "2018-12-31": "535.81800", "2017-12-31": "548.64300", "2016-12-31": "380.31100", "2015-12-31": "369.53700", "2014-12-31": "410.45100", "2013-12-31": "375.66000", "2012-12-31": "344.33900", "2011-12-31": "331.11300", "2010-12-31": "278.34600", "2009-12-31": "258.63500", "2008-12-31": "236.58500", "2007-12-31": "249.57500", "2006-12-31": "250.19400", "2005-12-31": "299.49600"}, "Long Term Debt": {"2020-12-31": "65.35900", "2019-12-31": "70.21200", "2018-12-31": "84.86400", "2017-12-31": "83.06200", "2016-12-31": "93.25700", "2015-12-31": "81.79300", "2014-12-31": "76.25700", "2013-12-31": "73.93800", "2012-12-31": "95.12500", "2011-12-31": "115.13000", "2010-12-31": "99.43900", "2009-12-31": "68.31300", "2008-12-31": "111.75200", "2007-12-31": "141.59800", "2006-12-31": "110.59100", "2005-12-31": "154.85100"}, "Other Non-Current Liabilities": {"2020-12-31": "38.86700", "2019-12-31": "33.57500", "2018-12-31": "30.42900", "2017-12-31": "30.14100", "2016-12-31": "26.88300", "2015-12-31": "21.47700", "2014-12-31": "21.76900", "2013-12-31": "24.17100", "2012-12-31": "21.89600", "2011-12-31": "27.49400", "2010-12-31": "31.46800", "2009-12-31": "30.68000", "2008-12-31": "38.27800", "2007-12-31": "37.63100", "2006-12-31": "36.23200", "2005-12-31": "37.84000"}, "Total Long Term Liabilities": {"2020-12-31": "155.82700", "2019-12-31": "153.33800", "2018-12-31": "155.61300", "2017-12-31": "149.94000", "2016-12-31": "173.72300", "2015-12-31": "155.74400", "2014-12-31": "145.50000", "2013-12-31": "140.55500", "2012-12-31": "155.62800", "2011-12-31": "176.75900", "2010-12-31": "154.56900", "2009-12-31": "122.00600", "2008-12-31": "173.80900", "2007-12-31": "198.64000", "2006-12-31": "166.18300", "2005-12-31": "210.62900"}, "Total Liabilities": {"2020-12-31": "961.96400", "2019-12-31": "706.24200", "2018-12-31": "691.43100", "2017-12-31": "698.58300", "2016-12-31": "554.03400", "2015-12-31": "525.28100", "2014-12-31": "555.95100", "2013-12-31": "516.21500", "2012-12-31": "499.96700", "2011-12-31": "507.87200", "2010-12-31": "432.91500", "2009-12-31": "380.64100", "2008-12-31": "410.39400", "2007-12-31": "448.21500", "2006-12-31": "416.37700", "2005-12-31": "510.12500"}, "Common Stock Net": {"2020-12-31": "0.68200", "2019-12-31": "0.68100", "2018-12-31": "0.67900", "2017-12-31": "0.67700", "2016-12-31": "0.67600", "2015-12-31": "0.67400", "2014-12-31": "0.67300", "2013-12-31": "0.67000", "2012-12-31": "0.66900", "2011-12-31": "0.66600", "2010-12-31": "0.66500", "2009-12-31": "0.66300", "2008-12-31": "0.66100", "2007-12-31": "0.65600", "2006-12-31": "0.65000", "2005-12-31": "0.64200"}, "Retained Earnings (Accumulated Deficit)": {"2020-12-31": "2046.23800", "2019-12-31": "1962.16100", "2018-12-31": "1841.27900", "2017-12-31": "1611.15800", "2016-12-31": "1512.99300", "2015-12-31": "1389.97500", "2014-12-31": "1255.37400", "2013-12-31": "1173.04400", "2012-12-31": "1042.95600", "2011-12-31": "947.15600", "2010-12-31": "844.13200", "2009-12-31": "766.04000", "2008-12-31": "704.33100", "2007-12-31": "601.53700", "2006-12-31": "499.27300", "2005-12-31": "392.54900"}, "Comprehensive Income": {"2020-12-31": "-1.99900", "2019-12-31": "-2.21200", "2018-12-31": "-5.87500", "2017-12-31": "-3.16200", "2016-12-31": "-3.08900", "2015-12-31": "-3.48800", "2014-12-31": "-1.18500", "2013-12-31": "-0.01200", "2012-12-31": "1.37000", "2011-12-31": "0.72700", "2010-12-31": "0.88100", "2009-12-31": "0.49800", "2008-12-31": "-0.56100", "2007-12-31": "0.05700", "2006-12-31": "-0.00700", "2005-12-31": "-0.21100"}, "Other Share Holders Equity": {"2020-12-31": "", "2019-12-31": "", "2018-12-31": "", "2017-12-31": "", "2016-12-31": "", "2015-12-31": "", "2014-12-31": "", "2013-12-31": "", "2012-12-31": "", "2011-12-31": "", "2010-12-31": "", "2009-12-31": "", "2008-12-31": "", "2007-12-31": "", "2006-12-31": "", "2005-12-31": "-0.04700"}, "Share Holder Equity": {"2020-12-31": "691.83500", "2019-12-31": "721.46900", "2018-12-31": "689.13300", "2017-12-31": "653.87700", "2016-12-31": "542.55700", "2015-12-31": "466.23700", "2014-12-31": "488.26100", "2013-12-31": "454.48100", "2012-12-31": "379.45400", "2011-12-31": "300.57700", "2010-12-31": "250.96700", "2009-12-31": "268.15100", "2008-12-31": "253.13600", "2007-12-31": "180.78600", "2006-12-31": "230.27400", "2005-12-31": "255.68900"}, "Total Liabilities And Share Holders Equity": {"2020-12-31": "1653.79900", "2019-12-31": "1427.71100", "2018-12-31": "1380.56400", "2017-12-31": "1352.46000", "2016-12-31": "1096.59100", "2015-12-31": "991.51800", "2014-12-31": "1044.21200", "2013-12-31": "970.69600", "2012-12-31": "879.42100", "2011-12-31": "808.44900", "2010-12-31": "683.88200", "2009-12-31": "648.79200", "2008-12-31": "663.53000", "2007-12-31": "629.00100", "2006-12-31": "646.65100", "2005-12-31": "765.81400"}}, "balance sheet, quarterly": {"Cash On Hand": {"2020-12-31": "290.72900", "2020-09-30": "257.62200", "2020-06-30": "281.74500", "2020-03-31": "210.85100", "2019-12-31": "352.41600", "2019-09-30": "316.03000", "2019-06-30": "285.35000", "2019-03-31": "304.58300", "2018-12-31": "239.79400", "2018-09-30": "254.17700", "2018-06-30": "188.96400", "2018-03-31": "259.61900", "2017-12-31": "291.34400", "2017-09-30": "295.42800", "2017-06-30": "273.26900", "2017-03-31": "277.52600", "2016-12-31": "245.45700", "2016-09-30": "227.48400", "2016-06-30": "214.89800", "2016-03-31": "217.42400", "2015-12-31": "163.34300", "2015-09-30": "157.85400", "2015-06-30": "131.29000", "2015-03-31": "152.06100", "2014-12-31": "200.95100", "2014-09-30": "178.25500", "2014-06-30": "129.76600", "2014-03-31": "149.72600", "2013-12-31": "215.24100", "2013-09-30": "132.12000", "2013-06-30": "102.03400", "2013-03-31": "139.75600", "2012-12-31": "109.81200", "2012-09-30": "118.07300", "2012-06-30": "100.99600", "2012-03-31": "85.19800", "2011-12-31": "108.84400", "2011-09-30": "97.58600", "2011-06-30": "70.03300", "2011-03-31": "75.98600", "2010-12-31": "67.97200", "2010-09-30": "79.31800", "2010-06-30": "78.23700", "2010-03-31": "106.88400", "2009-12-31": "110.04400", "2009-09-30": "92.69600", "2009-06-30": "115.88200", "2009-03-31": "154.23800", "2008-12-31": "122.38300", "2008-09-30": "103.33100", "2008-06-30": "102.81500", "2008-03-31": "105.02600", "2007-12-31": "83.67100", "2007-09-30": "79.99500", "2007-06-30": "76.90300", "2007-03-31": "98.48100", "2006-12-31": "113.03900", "2006-09-30": "103.98100", "2006-06-30": "102.51400", "2006-03-31": "69.89700", "2005-12-31": "50.09100", "2005-09-30": "134.61700", "2005-06-30": "87.88300", "2005-03-31": "94.80100"}, "Receivables": {"2020-12-31": "898.92600", "2020-09-30": "678.45800", "2020-06-30": "517.04300", "2020-03-31": "597.68100", "2019-12-31": "624.10200", "2019-09-30": "623.79900", "2019-06-30": "621.33400", "2019-03-31": "628.69300", "2018-12-31": "715.34800", "2018-09-30": "720.76900", "2018-06-30": "709.69800", "2018-03-31": "659.70800", "2017-12-31": "655.46500", "2017-09-30": "565.53000", "2017-06-30": "500.98500", "2017-03-31": "463.38500", "2016-12-31": "481.66900", "2016-09-30": "426.13800", "2016-06-30": "420.94600", "2016-03-31": "411.83500", "2015-12-31": "481.17100", "2015-09-30": "479.84500", "2015-06-30": "503.28300", "2015-03-31": "477.13300", "2014-12-31": "507.77400", "2014-09-30": "467.83300", "2014-06-30": "514.69400", "2014-03-31": "493.53100", "2013-12-31": "452.63500", "2013-09-30": "471.96500", "2013-06-30": "447.93200", "2013-03-31": "442.94800", "2012-12-31": "464.06500", "2012-09-30": "481.45000", "2012-06-30": "477.99700", "2012-03-31": "438.22600", "2011-12-31": "421.64000", "2011-09-30": "441.75000", "2011-06-30": "411.03300", "2011-03-31": "375.43100", "2010-12-31": "331.29300", "2010-09-30": "342.96600", "2010-06-30": "360.99600", "2010-03-31": "318.85800", "2009-12-31": "297.00300", "2009-09-30": "268.54300", "2009-06-30": "250.15500", "2009-03-31": "250.45700", "2008-12-31": "325.14800", "2008-09-30": "401.27100", "2008-06-30": "365.68100", "2008-03-31": "323.48400", "2007-12-31": "321.42800", "2007-09-30": "321.50800", "2007-06-30": "325.04400", "2007-03-31": "322.30800", "2006-12-31": "333.18100", "2006-09-30": "376.30900", "2006-06-30": "385.38600", "2006-03-31": "458.93000", "2005-12-31": "545.65800", "2005-09-30": "352.28000", "2005-06-30": "294.11400", "2005-03-31": "317.69500"}, "Inventory": {"2020-12-31": "", "2020-09-30": "", "2020-06-30": "", "2020-03-31": "", "2019-12-31": "", "2019-09-30": "", "2019-06-30": "", "2019-03-31": "", "2018-12-31": "", "2018-09-30": "", "2018-06-30": "", "2018-03-31": "", "2017-12-31": "", "2017-09-30": "", "2017-06-30": "", "2017-03-31": "", "2016-12-31": "", "2016-09-30": "", "2016-06-30": "", "2016-03-31": "", "2015-12-31": "", "2015-09-30": "", "2015-06-30": "", "2015-03-31": "", "2014-12-31": "", "2014-09-30": "", "2014-06-30": "", "2014-03-31": "", "2013-12-31": "", "2013-09-30": "", "2013-06-30": "", "2013-03-31": "", "2012-12-31": "", "2012-09-30": "", "2012-06-30": "", "2012-03-31": "", "2011-12-31": "", "2011-09-30": "", "2011-06-30": "", "2011-03-31": "", "2010-12-31": "", "2010-09-30": "", "2010-06-30": "", "2010-03-31": "", "2009-12-31": "", "2009-09-30": "", "2009-06-30": "", "2009-03-31": "", "2008-12-31": "", "2008-09-30": "", "2008-06-30": "", "2008-03-31": "", "2007-12-31": "", "2007-09-30": "", "2007-06-30": "", "2007-03-31": "", "2006-12-31": "", "2006-09-30": "", "2006-06-30": "", "2006-03-31": "", "2005-12-31": "", "2005-09-30": "", "2005-06-30": "", "2005-03-31": ""}, "Pre-Paid Expenses": {"2020-12-31": "", "2020-09-30": "", "2020-06-30": "", "2020-03-31": "", "2019-12-31": "", "2019-09-30": "", "2019-06-30": "", "2019-03-31": "", "2018-12-31": "", "2018-09-30": "", "2018-06-30": "", "2018-03-31": "", "2017-12-31": "", "2017-09-30": "", "2017-06-30": "", "2017-03-31": "", "2016-12-31": "", "2016-09-30": "", "2016-06-30": "", "2016-03-31": "", "2015-12-31": "", "2015-09-30": "", "2015-06-30": "", "2015-03-31": "", "2014-12-31": "", "2014-09-30": "", "2014-06-30": "28.71200", "2014-03-31": "", "2013-12-31": "", "2013-09-30": "", "2013-06-30": "", "2013-03-31": "", "2012-12-31": "", "2012-09-30": "", "2012-06-30": "", "2012-03-31": "", "2011-12-31": "", "2011-09-30": "", "2011-06-30": "", "2011-03-31": "", "2010-12-31": "", "2010-09-30": "", "2010-06-30": "", "2010-03-31": "", "2009-12-31": "", "2009-09-30": "", "2009-06-30": "", "2009-03-31": "", "2008-12-31": "", "2008-09-30": "", "2008-06-30": "", "2008-03-31": "", "2007-12-31": "", "2007-09-30": "", "2007-06-30": "", "2007-03-31": "", "2006-12-31": "", "2006-09-30": "", "2006-06-30": "", "2006-03-31": "", "2005-12-31": "", "2005-09-30": "", "2005-06-30": "", "2005-03-31": ""}, "Other Current Assets": {"2020-12-31": "18.52000", "2020-09-30": "27.98900", "2020-06-30": "41.56400", "2020-03-31": "7.62400", "2019-12-31": "21.37000", "2019-09-30": "30.92100", "2019-06-30": "32.61900", "2019-03-31": "10.91900", "2018-12-31": "16.28700", "2018-09-30": "24.19100", "2018-06-30": "29.55300", "2018-03-31": "9.37300", "2017-12-31": "14.39400", "2017-09-30": "16.92500", "2017-06-30": "19.29100", "2017-03-31": "8.09500", "2016-12-31": "10.28100", "2016-09-30": "15.18800", "2016-06-30": "20.60800", "2016-03-31": "7.52900", "2015-12-31": "11.60400", "2015-09-30": "", "2015-06-30": "", "2015-03-31": "", "2014-12-31": "", "2014-09-30": "", "2014-06-30": "", "2014-03-31": "", "2013-12-31": "", "2013-09-30": "", "2013-06-30": "", "2013-03-31": "", "2012-12-31": "", "2012-09-30": "", "2012-06-30": "", "2012-03-31": "", "2011-12-31": "", "2011-09-30": "", "2011-06-30": "", "2011-03-31": "", "2010-12-31": "", "2010-09-30": "", "2010-06-30": "", "2010-03-31": "", "2009-12-31": "", "2009-09-30": "", "2009-06-30": "", "2009-03-31": "", "2008-12-31": "", "2008-09-30": "", "2008-06-30": "", "2008-03-31": "", "2007-12-31": "", "2007-09-30": "", "2007-06-30": "", "2007-03-31": "", "2006-12-31": "", "2006-09-30": "", "2006-06-30": "", "2006-03-31": "", "2005-12-31": "", "2005-09-30": "", "2005-06-30": "", "2005-03-31": ""}, "Total Current Assets": {"2020-12-31": "1208.17500", "2020-09-30": "964.06900", "2020-06-30": "840.35200", "2020-03-31": "816.15600", "2019-12-31": "997.88800", "2019-09-30": "970.75000", "2019-06-30": "939.30300", "2019-03-31": "944.19500", "2018-12-31": "971.42900", "2018-09-30": "999.13700", "2018-06-30": "928.21500", "2018-03-31": "928.70000", "2017-12-31": "961.20300", "2017-09-30": "877.88300", "2017-06-30": "793.54500", "2017-03-31": "749.00600", "2016-12-31": "737.40700", "2016-09-30": "668.81000", "2016-06-30": "656.45200", "2016-03-31": "636.78800", "2015-12-31": "656.11800", "2015-09-30": "655.25700", "2015-06-30": "656.88000", "2015-03-31": "640.66900", "2014-12-31": "732.32800", "2014-09-30": "662.41000", "2014-06-30": "673.17200", "2014-03-31": "658.03500", "2013-12-31": "682.46800", "2013-09-30": "623.06800", "2013-06-30": "573.15300", "2013-03-31": "597.33300", "2012-12-31": "591.94400", "2012-09-30": "619.72500", "2012-06-30": "602.08200", "2012-03-31": "537.02000", "2011-12-31": "551.79200", "2011-09-30": "558.40900", "2011-06-30": "502.07400", "2011-03-31": "466.63500", "2010-12-31": "420.91700", "2010-09-30": "441.58700", "2010-06-30": "461.46500", "2010-03-31": "439.63200", "2009-12-31": "426.61200", "2009-09-30": "387.86600", "2009-06-30": "394.16500", "2009-03-31": "425.24900", "2008-12-31": "475.40200", "2008-09-30": "536.85300", "2008-06-30": "502.33600", "2008-03-31": "445.76200", "2007-12-31": "433.65300", "2007-09-30": "436.48700", "2007-06-30": "440.00400", "2007-03-31": "437.94300", "2006-12-31": "471.36200", "2006-09-30": "510.57900", "2006-06-30": "517.59500", "2006-03-31": "546.62400", "2005-12-31": "616.85500", "2005-09-30": "502.51200", "2005-06-30": "406.15500", "2005-03-31": "423.53200"}, "Property, Plant, And Equipment": {"2020-12-31": "296.99600", "2020-09-30": "279.49500", "2020-06-30": "284.79400", "2020-03-31": "276.66300", "2019-12-31": "285.85500", "2019-09-30": "270.43000", "2019-06-30": "269.24600", "2019-03-31": "276.19300", "2018-12-31": "284.03200", "2018-09-30": "268.01100", "2018-06-30": "256.09600", "2018-03-31": "265.54000", "2017-12-31": "276.01100", "2017-09-30": "261.46500", "2017-06-30": "259.34600", "2017-03-31": "263.37500", "2016-12-31": "272.84300", "2016-09-30": "261.94300", "2016-06-30": "236.17700", "2016-03-31": "228.47400", "2015-12-31": "225.92700", "2015-09-30": "195.32800", "2015-06-30": "190.08200", "2015-03-31": "197.08500", "2014-12-31": "202.20300", "2014-09-30": "203.56800", "2014-06-30": "175.08600", "2014-03-31": "171.71700", "2013-12-31": "177.32900", "2013-09-30": "184.44100", "2013-06-30": "179.77700", "2013-03-31": "161.45900", "2012-12-31": "158.95300", "2012-09-30": "163.56900", "2012-06-30": "152.05900", "2012-03-31": "144.73200", "2011-12-31": "142.14600", "2011-09-30": "128.38800", "2011-06-30": "123.89500", "2011-03-31": "127.95700", "2010-12-31": "132.64900", "2010-09-30": "137.10100", "2010-06-30": "143.50500", "2010-03-31": "140.18800", "2009-12-31": "116.65600", "2009-09-30": "122.29700", "2009-06-30": "124.51300", "2009-03-31": "125.80300", "2008-12-31": "124.17800", "2008-09-30": "124.28300", "2008-06-30": "126.73200", "2008-03-31": "128.29100", "2007-12-31": "132.36900", "2007-09-30": "128.20300", "2007-06-30": "118.06700", "2007-03-31": "115.50100", "2006-12-31": "110.95700", "2006-09-30": "103.34600", "2006-06-30": "88.61400", "2006-03-31": "85.44900", "2005-12-31": "89.13100", "2005-09-30": "82.28100", "2005-06-30": "80.60400", "2005-03-31": "76.57400"}, "Long-Term Investments": {"2020-12-31": "", "2020-09-30": "", "2020-06-30": "", "2020-03-31": "", "2019-12-31": "", "2019-09-30": "", "2019-06-30": "", "2019-03-31": "", "2018-12-31": "", "2018-09-30": "", "2018-06-30": "", "2018-03-31": "", "2017-12-31": "", "2017-09-30": "", "2017-06-30": "", "2017-03-31": "", "2016-12-31": "", "2016-09-30": "", "2016-06-30": "", "2016-03-31": "", "2015-12-31": "", "2015-09-30": "", "2015-06-30": "", "2015-03-31": "", "2014-12-31": "", "2014-09-30": "", "2014-06-30": "", "2014-03-31": "", "2013-12-31": "", "2013-09-30": "", "2013-06-30": "", "2013-03-31": "", "2012-12-31": "", "2012-09-30": "", "2012-06-30": "", "2012-03-31": "", "2011-12-31": "", "2011-09-30": "", "2011-06-30": "", "2011-03-31": "", "2010-12-31": "", "2010-09-30": "", "2010-06-30": "", "2010-03-31": "", "2009-12-31": "", "2009-09-30": "", "2009-06-30": "", "2009-03-31": "", "2008-12-31": "", "2008-09-30": "", "2008-06-30": "", "2008-03-31": "", "2007-12-31": "", "2007-09-30": "", "2007-06-30": "", "2007-03-31": "", "2006-12-31": "", "2006-09-30": "", "2006-06-30": "", "2006-03-31": "", "2005-12-31": "", "2005-09-30": "", "2005-06-30": "", "2005-03-31": ""}, "Goodwill And Intangible Assets": {"2020-12-31": "40.94900", "2020-09-30": "40.25100", "2020-06-30": "40.07100", "2020-03-31": "37.18200", "2019-12-31": "38.50800", "2019-09-30": "38.23200", "2019-06-30": "38.40700", "2019-03-31": "38.34300", "2018-12-31": "38.23200", "2018-09-30": "38.56000", "2018-06-30": "38.70400", "2018-03-31": "39.36300", "2017-12-31": "39.06500", "2017-09-30": "39.91400", "2017-06-30": "31.13400", "2017-03-31": "31.13400", "2016-12-31": "31.13400", "2016-09-30": "31.13400", "2016-06-30": "31.13400", "2016-03-31": "31.13400", "2015-12-31": "31.13400", "2015-09-30": "31.13400", "2015-06-30": "31.13400", "2015-03-31": "31.13400", "2014-12-31": "31.13400", "2014-09-30": "31.13400", "2014-06-30": "31.13400", "2014-03-31": "31.13400", "2013-12-31": "31.13400", "2013-09-30": "57.47000", "2013-06-30": "57.47000", "2013-03-31": "57.47000", "2012-12-31": "57.47000", "2012-09-30": "57.47000", "2012-06-30": "57.47000", "2012-03-31": "57.47000", "2011-12-31": "57.47000", "2011-09-30": "57.47000", "2011-06-30": "57.47000", "2011-03-31": "57.47000", "2010-12-31": "57.47000", "2010-09-30": "57.47000", "2010-06-30": "57.47000", "2010-03-31": "57.47000", "2009-12-31": "57.47000", "2009-09-30": "57.29700", "2009-06-30": "31.13400", "2009-03-31": "31.13400", "2008-12-31": "31.13400", "2008-09-30": "31.13400", "2008-06-30": "31.13400", "2008-03-31": "31.13400", "2007-12-31": "31.13400", "2007-09-30": "31.13400", "2007-06-30": "31.13400", "2007-03-31": "31.13400", "2006-12-31": "31.13400", "2006-09-30": "31.13400", "2006-06-30": "31.13400", "2006-03-31": "31.13400", "2005-12-31": "31.13400", "2005-09-30": "31.13400", "2005-06-30": "31.13400", "2005-03-31": "31.13400"}, "Other Long-Term Assets": {"2020-12-31": "107.67900", "2020-09-30": "108.39000", "2020-06-30": "106.89300", "2020-03-31": "106.43200", "2019-12-31": "105.46000", "2019-09-30": "106.31900", "2019-06-30": "101.73700", "2019-03-31": "92.20800", "2018-12-31": "86.87100", "2018-09-30": "85.00400", "2018-06-30": "85.88000", "2018-03-31": "86.67000", "2017-12-31": "76.18100", "2017-09-30": "84.07700", "2017-06-30": "75.24900", "2017-03-31": "62.62700", "2016-12-31": "55.20700", "2016-09-30": "65.87100", "2016-06-30": "60.99400", "2016-03-31": "61.09600", "2015-12-31": "78.33900", "2015-09-30": "71.30300", "2015-06-30": "68.84800", "2015-03-31": "78.75800", "2014-12-31": "78.54700", "2014-09-30": "83.11300", "2014-06-30": "83.13600", "2014-03-31": "83.23600", "2013-12-31": "79.76500", "2013-09-30": "85.95300", "2013-06-30": "81.83100", "2013-03-31": "68.77200", "2012-12-31": "71.05400", "2012-09-30": "68.61800", "2012-06-30": "71.68700", "2012-03-31": "72.50400", "2011-12-31": "57.04100", "2011-09-30": "59.09000", "2011-06-30": "60.87300", "2011-03-31": "62.37300", "2010-12-31": "72.84600", "2010-09-30": "77.48200", "2010-06-30": "66.66200", "2010-03-31": "49.06800", "2009-12-31": "48.05400", "2009-09-30": "50.28400", "2009-06-30": "33.51200", "2009-03-31": "34.35000", "2008-12-31": "32.81600", "2008-09-30": "37.31000", "2008-06-30": "33.86300", "2008-03-31": "33.01000", "2007-12-31": "31.84500", "2007-09-30": "36.35500", "2007-06-30": "36.39500", "2007-03-31": "36.00600", "2006-12-31": "33.19800", "2006-09-30": "33.55600", "2006-06-30": "32.39100", "2006-03-31": "29.82100", "2005-12-31": "28.69400", "2005-09-30": "27.44700", "2005-06-30": "25.49000", "2005-03-31": "25.89100"}, "Total Long-Term Assets": {"2020-12-31": "445.62400", "2020-09-30": "428.13600", "2020-06-30": "431.75800", "2020-03-31": "420.27700", "2019-12-31": "429.82300", "2019-09-30": "414.98100", "2019-06-30": "409.39000", "2019-03-31": "406.74400", "2018-12-31": "409.13500", "2018-09-30": "391.57500", "2018-06-30": "380.68000", "2018-03-31": "391.57300", "2017-12-31": "391.25700", "2017-09-30": "385.45600", "2017-06-30": "365.72900", "2017-03-31": "357.13600", "2016-12-31": "359.18400", "2016-09-30": "358.94800", "2016-06-30": "328.30500", "2016-03-31": "320.70400", "2015-12-31": "335.40000", "2015-09-30": "297.76500", "2015-06-30": "290.06400", "2015-03-31": "306.97700", "2014-12-31": "311.88400", "2014-09-30": "317.81500", "2014-06-30": "289.35600", "2014-03-31": "286.08700", "2013-12-31": "288.22800", "2013-09-30": "327.86400", "2013-06-30": "319.07800", "2013-03-31": "287.70100", "2012-12-31": "287.47700", "2012-09-30": "289.65700", "2012-06-30": "281.21600", "2012-03-31": "274.70600", "2011-12-31": "256.65700", "2011-09-30": "244.94800", "2011-06-30": "242.23800", "2011-03-31": "247.80000", "2010-12-31": "262.96500", "2010-09-30": "272.05300", "2010-06-30": "267.63700", "2010-03-31": "246.72600", "2009-12-31": "222.18000", "2009-09-30": "229.87800", "2009-06-30": "189.15900", "2009-03-31": "191.28700", "2008-12-31": "188.12800", "2008-09-30": "192.72700", "2008-06-30": "191.72900", "2008-03-31": "192.43500", "2007-12-31": "195.34800", "2007-09-30": "195.69200", "2007-06-30": "185.59600", "2007-03-31": "182.64100", "2006-12-31": "175.28900", "2006-09-30": "168.03600", "2006-06-30": "152.13900", "2006-03-31": "146.40400", "2005-12-31": "148.95900", "2005-09-30": "140.86200", "2005-06-30": "137.22800", "2005-03-31": "133.59900"}, "Total Assets": {"2020-12-31": "1653.79900", "2020-09-30": "1392.20500", "2020-06-30": "1272.11000", "2020-03-31": "1236.43300", "2019-12-31": "1427.71100", "2019-09-30": "1385.73100", "2019-06-30": "1348.69300", "2019-03-31": "1350.93900", "2018-12-31": "1380.56400", "2018-09-30": "1390.71200", "2018-06-30": "1308.89500", "2018-03-31": "1320.27300", "2017-12-31": "1352.46000", "2017-09-30": "1263.33900", "2017-06-30": "1159.27400", "2017-03-31": "1106.14200", "2016-12-31": "1096.59100", "2016-09-30": "1027.75800", "2016-06-30": "984.75700", "2016-03-31": "957.49200", "2015-12-31": "991.51800", "2015-09-30": "953.02200", "2015-06-30": "946.94400", "2015-03-31": "947.64600", "2014-12-31": "1044.21200", "2014-09-30": "980.22500", "2014-06-30": "962.52800", "2014-03-31": "944.12200", "2013-12-31": "970.69600", "2013-09-30": "950.93200", "2013-06-30": "892.23100", "2013-03-31": "885.03400", "2012-12-31": "879.42100", "2012-09-30": "909.38200", "2012-06-30": "883.29800", "2012-03-31": "811.72600", "2011-12-31": "808.44900", "2011-09-30": "803.35700", "2011-06-30": "744.31200", "2011-03-31": "714.43500", "2010-12-31": "683.88200", "2010-09-30": "713.64000", "2010-06-30": "729.10200", "2010-03-31": "686.35800", "2009-12-31": "648.79200", "2009-09-30": "617.74400", "2009-06-30": "583.32400", "2009-03-31": "616.53600", "2008-12-31": "663.53000", "2008-09-30": "729.58000", "2008-06-30": "694.06500", "2008-03-31": "638.19700", "2007-12-31": "629.00100", "2007-09-30": "632.17900", "2007-06-30": "625.60000", "2007-03-31": "620.58400", "2006-12-31": "646.65100", "2006-09-30": "678.61500", "2006-06-30": "669.73400", "2006-03-31": "693.02800", "2005-12-31": "765.81400", "2005-09-30": "643.37400", "2005-06-30": "543.38300", "2005-03-31": "557.13100"}, "Total Current Liabilities": {"2020-12-31": "806.13700", "2020-09-30": "543.55000", "2020-06-30": "473.46000", "2020-03-31": "464.83100", "2019-12-31": "552.90400", "2019-09-30": "483.75600", "2019-06-30": "474.25000", "2019-03-31": "473.24400", "2018-12-31": "535.81800", "2018-09-30": "515.17600", "2018-06-30": "508.87400", "2018-03-31": "472.94300", "2017-12-31": "548.64300", "2017-09-30": "446.91700", "2017-06-30": "386.50400", "2017-03-31": "368.63700", "2016-12-31": "380.31100", "2016-09-30": "350.34900", "2016-06-30": "334.58800", "2016-03-31": "322.06800", "2015-12-31": "369.53700", "2015-09-30": "343.95400", "2015-06-30": "346.45300", "2015-03-31": "325.97400", "2014-12-31": "410.45100", "2014-09-30": "342.32700", "2014-06-30": "372.15000", "2014-03-31": "376.04700", "2013-12-31": "375.66000", "2013-09-30": "371.17400", "2013-06-30": "341.60000", "2013-03-31": "334.81900", "2012-12-31": "344.33900", "2012-09-30": "372.67400", "2012-06-30": "361.06800", "2012-03-31": "320.33700", "2011-12-31": "331.11300", "2011-09-30": "363.87600", "2011-06-30": "316.45100", "2011-03-31": "302.08800", "2010-12-31": "278.34600", "2010-09-30": "279.08800", "2010-06-30": "296.80900", "2010-03-31": "270.56300", "2009-12-31": "258.63500", "2009-09-30": "229.67200", "2009-06-30": "212.00300", "2009-03-31": "207.32900", "2008-12-31": "236.58500", "2008-09-30": "282.92900", "2008-06-30": "268.43500", "2008-03-31": "245.93800", "2007-12-31": "249.57500", "2007-09-30": "262.31200", "2007-06-30": "260.32300", "2007-03-31": "247.66600", "2006-12-31": "250.19400", "2006-09-30": "271.54900", "2006-06-30": "255.52700", "2006-03-31": "276.88800", "2005-12-31": "299.49600", "2005-09-30": "300.84200", "2005-06-30": "222.28000", "2005-03-31": "219.79300"}, "Long Term Debt": {"2020-12-31": "65.35900", "2020-09-30": "52.57000", "2020-06-30": "60.15200", "2020-03-31": "61.97700", "2019-12-31": "70.21200", "2019-09-30": "61.39000", "2019-06-30": "65.57300", "2019-03-31": "75.24600", "2018-12-31": "84.86400", "2018-09-30": "72.88700", "2018-06-30": "65.09300", "2018-03-31": "73.35000", "2017-12-31": "83.06200", "2017-09-30": "76.79200", "2017-06-30": "77.63900", "2017-03-31": "82.98700", "2016-12-31": "93.25700", "2016-09-30": "90.81700", "2016-06-30": "76.72400", "2016-03-31": "81.38500", "2015-12-31": "81.79300", "2015-09-30": "59.95900", "2015-06-30": "59.02000", "2015-03-31": "67.67100", "2014-12-31": "76.25700", "2014-09-30": "80.50700", "2014-06-30": "63.38600", "2014-03-31": "61.59900", "2013-12-31": "73.93800", "2013-09-30": "90.70900", "2013-06-30": "94.03300", "2013-03-31": "82.44800", "2012-12-31": "95.12500", "2012-09-30": "99.74800", "2012-06-30": "108.61700", "2012-03-31": "99.52400", "2011-12-31": "115.13000", "2011-09-30": "110.52600", "2011-06-30": "93.89400", "2011-03-31": "95.71000", "2010-12-31": "99.43900", "2010-09-30": "103.64300", "2010-06-30": "93.95600", "2010-03-31": "82.64100", "2009-12-31": "68.31300", "2009-09-30": "49.05300", "2009-06-30": "37.77800", "2009-03-31": "91.21600", "2008-12-31": "111.75200", "2008-09-30": "132.99700", "2008-06-30": "117.46900", "2008-03-31": "124.17200", "2007-12-31": "141.59800", "2007-09-30": "106.18700", "2007-06-30": "76.53500", "2007-03-31": "78.41500", "2006-12-31": "110.59100", "2006-09-30": "110.25000", "2006-06-30": "94.62500", "2006-03-31": "91.73500", "2005-12-31": "154.85100", "2005-09-30": "96.25900", "2005-06-30": "93.77400", "2005-03-31": "87.16800"}, "Other Non-Current Liabilities": {"2020-12-31": "38.86700", "2020-09-30": "36.34400", "2020-06-30": "34.76200", "2020-03-31": "33.45600", "2019-12-31": "33.57500", "2019-09-30": "33.02400", "2019-06-30": "31.01600", "2019-03-31": "29.77600", "2018-12-31": "30.42900", "2018-09-30": "30.77500", "2018-06-30": "30.20500", "2018-03-31": "30.25200", "2017-12-31": "30.14100", "2017-09-30": "32.80400", "2017-06-30": "30.40200", "2017-03-31": "27.84700", "2016-12-31": "26.88300", "2016-09-30": "23.76500", "2016-06-30": "23.04200", "2016-03-31": "21.49300", "2015-12-31": "21.47700", "2015-09-30": "22.43200", "2015-06-30": "23.49100", "2015-03-31": "22.53200", "2014-12-31": "21.76900", "2014-09-30": "23.29300", "2014-06-30": "23.82100", "2014-03-31": "23.91200", "2013-12-31": "24.17100", "2013-09-30": "23.11900", "2013-06-30": "20.53800", "2013-03-31": "21.42700", "2012-12-31": "21.89600", "2012-09-30": "25.38600", "2012-06-30": "25.29700", "2012-03-31": "25.04700", "2011-12-31": "27.49400", "2011-09-30": "30.33600", "2011-06-30": "31.27300", "2011-03-31": "31.62700", "2010-12-31": "31.46800", "2010-09-30": "33.11100", "2010-06-30": "30.02200", "2010-03-31": "30.93100", "2009-12-31": "30.68000", "2009-09-30": "35.66700", "2009-06-30": "34.45900", "2009-03-31": "38.21700", "2008-12-31": "38.27800", "2008-09-30": "36.22200", "2008-06-30": "37.24100", "2008-03-31": "36.45800", "2007-12-31": "37.63100", "2007-09-30": "40.04200", "2007-06-30": "41.79000", "2007-03-31": "43.12700", "2006-12-31": "36.23200", "2006-09-30": "38.29500", "2006-06-30": "36.41700", "2006-03-31": "32.24400", "2005-12-31": "37.84000", "2005-09-30": "32.32100", "2005-06-30": "33.15900", "2005-03-31": "33.77400"}, "Total Long Term Liabilities": {"2020-12-31": "155.82700", "2020-09-30": "143.02100", "2020-06-30": "149.52900", "2020-03-31": "144.50700", "2019-12-31": "153.33800", "2019-09-30": "146.00000", "2019-06-30": "146.14300", "2019-03-31": "149.43500", "2018-12-31": "155.61300", "2018-09-30": "149.32600", "2018-06-30": "139.08800", "2018-03-31": "141.05000", "2017-12-31": "149.94000", "2017-09-30": "162.44900", "2017-06-30": "163.28000", "2017-03-31": "163.76200", "2016-12-31": "173.72300", "2016-09-30": "170.67900", "2016-06-30": "152.91400", "2016-03-31": "153.03500", "2015-12-31": "155.74400", "2015-09-30": "130.36700", "2015-06-30": "130.98900", "2015-03-31": "137.34700", "2014-12-31": "145.50000", "2014-09-30": "142.22600", "2014-06-30": "130.32000", "2014-03-31": "124.89800", "2013-12-31": "140.55500", "2013-09-30": "156.49700", "2013-06-30": "158.38700", "2013-03-31": "142.41300", "2012-12-31": "155.62800", "2012-09-30": "165.27500", "2012-06-30": "174.47100", "2012-03-31": "163.04100", "2011-12-31": "176.75900", "2011-09-30": "160.94000", "2011-06-30": "145.38100", "2011-03-31": "149.91000", "2010-12-31": "154.56900", "2010-09-30": "158.01500", "2010-06-30": "147.34600", "2010-03-31": "135.91700", "2009-12-31": "122.00600", "2009-09-30": "113.02700", "2009-06-30": "100.06200", "2009-03-31": "154.28100", "2008-12-31": "173.80900", "2008-09-30": "194.55800", "2008-06-30": "177.81900", "2008-03-31": "181.69300", "2007-12-31": "198.64000", "2007-09-30": "168.40700", "2007-06-30": "139.47900", "2007-03-31": "141.96600", "2006-12-31": "166.18300", "2006-09-30": "166.68400", "2006-06-30": "148.74400", "2006-03-31": "142.45000", "2005-12-31": "210.62900", "2005-09-30": "141.09100", "2005-06-30": "141.03900", "2005-03-31": "136.58100"}, "Total Liabilities": {"2020-12-31": "961.96400", "2020-09-30": "686.57100", "2020-06-30": "622.98900", "2020-03-31": "609.33800", "2019-12-31": "706.24200", "2019-09-30": "629.75600", "2019-06-30": "620.39300", "2019-03-31": "622.67900", "2018-12-31": "691.43100", "2018-09-30": "664.50200", "2018-06-30": "647.96200", "2018-03-31": "613.99300", "2017-12-31": "698.58300", "2017-09-30": "609.36600", "2017-06-30": "549.78400", "2017-03-31": "532.39900", "2016-12-31": "554.03400", "2016-09-30": "521.02800", "2016-06-30": "487.50200", "2016-03-31": "475.10300", "2015-12-31": "525.28100", "2015-09-30": "474.32100", "2015-06-30": "477.44200", "2015-03-31": "463.32100", "2014-12-31": "555.95100", "2014-09-30": "484.55300", "2014-06-30": "502.47000", "2014-03-31": "500.94500", "2013-12-31": "516.21500", "2013-09-30": "527.67100", "2013-06-30": "499.98700", "2013-03-31": "477.23200", "2012-12-31": "499.96700", "2012-09-30": "537.94900", "2012-06-30": "535.53900", "2012-03-31": "483.37800", "2011-12-31": "507.87200", "2011-09-30": "524.81600", "2011-06-30": "461.83200", "2011-03-31": "451.99800", "2010-12-31": "432.91500", "2010-09-30": "437.10300", "2010-06-30": "444.15500", "2010-03-31": "406.48000", "2009-12-31": "380.64100", "2009-09-30": "342.69900", "2009-06-30": "312.06500", "2009-03-31": "361.61000", "2008-12-31": "410.39400", "2008-09-30": "477.48700", "2008-06-30": "446.25400", "2008-03-31": "427.63100", "2007-12-31": "448.21500", "2007-09-30": "430.71900", "2007-06-30": "399.80200", "2007-03-31": "389.63200", "2006-12-31": "416.37700", "2006-09-30": "438.23300", "2006-06-30": "404.27100", "2006-03-31": "419.33800", "2005-12-31": "510.12500", "2005-09-30": "441.93300", "2005-06-30": "363.31900", "2005-03-31": "356.37400"}, "Common Stock Net": {"2020-12-31": "0.68200", "2020-09-30": "0.68200", "2020-06-30": "0.68200", "2020-03-31": "0.68200", "2019-12-31": "0.68100", "2019-09-30": "0.68100", "2019-06-30": "0.68100", "2019-03-31": "0.68000", "2018-12-31": "0.67900", "2018-09-30": "0.67900", "2018-06-30": "0.67800", "2018-03-31": "0.67800", "2017-12-31": "0.67700", "2017-09-30": "0.67700", "2017-06-30": "0.67700", "2017-03-31": "0.67700", "2016-12-31": "0.67600", "2016-09-30": "0.67500", "2016-06-30": "0.67500", "2016-03-31": "0.67500", "2015-12-31": "0.67400", "2015-09-30": "0.67400", "2015-06-30": "0.67400", "2015-03-31": "0.67300", "2014-12-31": "0.67300", "2014-09-30": "0.67200", "2014-06-30": "0.67200", "2014-03-31": "0.67100", "2013-12-31": "0.67000", "2013-09-30": "0.67000", "2013-06-30": "0.67000", "2013-03-31": "0.67000", "2012-12-31": "0.66900", "2012-09-30": "0.66900", "2012-06-30": "0.66900", "2012-03-31": "0.66800", "2011-12-31": "0.66600", "2011-09-30": "0.66600", "2011-06-30": "0.66600", "2011-03-31": "0.66600", "2010-12-31": "0.66500", "2010-09-30": "0.66500", "2010-06-30": "0.66500", "2010-03-31": "0.66300", "2009-12-31": "0.66300", "2009-09-30": "0.66200", "2009-06-30": "0.66200", "2009-03-31": "0.66200", "2008-12-31": "0.66100", "2008-09-30": "0.66100", "2008-06-30": "0.66100", "2008-03-31": "0.65900", "2007-12-31": "0.65600", "2007-09-30": "0.65600", "2007-06-30": "0.65400", "2007-03-31": "0.65100", "2006-12-31": "0.65000", "2006-09-30": "0.64900", "2006-06-30": "0.64700", "2006-03-31": "0.64400", "2005-12-31": "0.64200", "2005-09-30": "0.63800", "2005-06-30": "0.63600", "2005-03-31": "0.63500"}, "Retained Earnings (Accumulated Deficit)": {"2020-12-31": "2046.23800", "2020-09-30": "2065.99900", "2020-06-30": "2012.17300", "2020-03-31": "1995.01800", "2019-12-31": "1962.16100", "2019-09-30": "1998.36200", "2019-06-30": "1952.43900", "2019-03-31": "1897.96700", "2018-12-31": "1841.27900", "2018-09-30": "1779.68000", "2018-06-30": "1719.47500", "2018-03-31": "1663.14000", "2017-12-31": "1611.15800", "2017-09-30": "1613.59000", "2017-06-30": "1575.34200", "2017-03-31": "1541.60600", "2016-12-31": "1512.99300", "2016-09-30": "1477.17900", "2016-06-30": "1444.69100", "2016-03-31": "1415.76300", "2015-12-31": "1389.97500", "2015-09-30": "1355.53500", "2015-06-30": "1319.67400", "2015-03-31": "1282.27700", "2014-12-31": "1255.37400", "2014-09-30": "1264.81100", "2014-06-30": "1231.18700", "2014-03-31": "1197.96200", "2013-12-31": "1173.04400", "2013-09-30": "1129.40800", "2013-06-30": "1100.16200", "2013-03-31": "1069.73600", "2012-12-31": "1042.95600", "2012-09-30": "1035.00300", "2012-06-30": "1004.70100", "2012-03-31": "971.42900", "2011-12-31": "947.15600", "2011-09-30": "917.10000", "2011-06-30": "889.56100", "2011-03-31": "862.35700", "2010-12-31": "844.13200", "2010-09-30": "822.45200", "2010-06-30": "803.12600", "2010-03-31": "780.95400", "2009-12-31": "766.04000", "2009-09-30": "749.73900", "2009-06-30": "731.95900", "2009-03-31": "716.15700", "2008-12-31": "704.33100", "2008-09-30": "681.80600", "2008-06-30": "651.09000", "2008-03-31": "623.30800", "2007-12-31": "601.53700", "2007-09-30": "574.50500", "2007-06-30": "547.19200", "2007-03-31": "519.19500", "2006-12-31": "499.27300", "2006-09-30": "472.29200", "2006-06-30": "443.42000", "2006-03-31": "415.42500", "2005-12-31": "392.54900", "2005-09-30": "371.47400", "2005-06-30": "337.30700", "2005-03-31": "313.81400"}, "Comprehensive Income": {"2020-12-31": "-1.99900", "2020-09-30": "-5.96400", "2020-06-30": "-7.14500", "2020-03-31": "-11.69300", "2019-12-31": "-2.21200", "2019-09-30": "-3.72100", "2019-06-30": "-2.94500", "2019-03-31": "-4.32600", "2018-12-31": "-5.87500", "2018-09-30": "-4.56900", "2018-06-30": "-5.28400", "2018-03-31": "-3.55100", "2017-12-31": "-3.16200", "2017-09-30": "-1.70800", "2017-06-30": "-2.33900", "2017-03-31": "-2.88800", "2016-12-31": "-3.08900", "2016-09-30": "-2.46900", "2016-06-30": "-2.25400", "2016-03-31": "-2.72300", "2015-12-31": "-3.48800", "2015-09-30": "-2.74300", "2015-06-30": "-1.81900", "2015-03-31": "-1.23700", "2014-12-31": "-1.18500", "2014-09-30": "-0.29500", "2014-06-30": "-0.04000", "2014-03-31": "-0.33400", "2013-12-31": "-0.01200", "2013-09-30": "0.36600", "2013-06-30": "0.06100", "2013-03-31": "1.08700", "2012-12-31": "1.37000", "2012-09-30": "1.57900", "2012-06-30": "0.91100", "2012-03-31": "1.11300", "2011-12-31": "0.72700", "2011-09-30": "1.19800", "2011-06-30": "1.38700", "2011-03-31": "1.09400", "2010-12-31": "0.88100", "2010-09-30": "1.18100", "2010-06-30": "0.68100", "2010-03-31": "0.68400", "2009-12-31": "0.49800", "2009-09-30": "0.25100", "2009-06-30": "-0.29600", "2009-03-31": "-0.80000", "2008-12-31": "-0.56100", "2008-09-30": "-0.44800", "2008-06-30": "-0.08000", "2008-03-31": "0.26100", "2007-12-31": "0.05700", "2007-09-30": "-0.00700", "2007-06-30": "0.00800", "2007-03-31": "0.00800", "2006-12-31": "-0.00700", "2006-09-30": "-0.01700", "2006-06-30": "-0.05800", "2006-03-31": "-0.07400", "2005-12-31": "-0.21100", "2005-09-30": "-0.18200", "2005-06-30": "-0.06200", "2005-03-31": "-0.03100"}, "Other Share Holders Equity": {"2020-12-31": "", "2020-09-30": "", "2020-06-30": "", "2020-03-31": "", "2019-12-31": "", "2019-09-30": "", "2019-06-30": "", "2019-03-31": "", "2018-12-31": "", "2018-09-30": "", "2018-06-30": "", "2018-03-31": "", "2017-12-31": "", "2017-09-30": "", "2017-06-30": "", "2017-03-31": "", "2016-12-31": "", "2016-09-30": "", "2016-06-30": "", "2016-03-31": "", "2015-12-31": "", "2015-09-30": "", "2015-06-30": "", "2015-03-31": "", "2014-12-31": "", "2014-09-30": "", "2014-06-30": "", "2014-03-31": "", "2013-12-31": "", "2013-09-30": "", "2013-06-30": "", "2013-03-31": "", "2012-12-31": "", "2012-09-30": "", "2012-06-30": "", "2012-03-31": "", "2011-12-31": "", "2011-09-30": "", "2011-06-30": "", "2011-03-31": "", "2010-12-31": "", "2010-09-30": "", "2010-06-30": "", "2010-03-31": "", "2009-12-31": "", "2009-09-30": "", "2009-06-30": "", "2009-03-31": "", "2008-12-31": "", "2008-09-30": "", "2008-06-30": "", "2008-03-31": "", "2007-12-31": "", "2007-09-30": "", "2007-06-30": "", "2007-03-31": "", "2006-12-31": "", "2006-09-30": "0.00000", "2006-06-30": "-0.04700", "2006-03-31": "-0.04700", "2005-12-31": "-0.04700", "2005-09-30": "-0.19500", "2005-06-30": "-0.19500", "2005-03-31": "-0.19500"}, "Share Holder Equity": {"2020-12-31": "691.83500", "2020-09-30": "705.63400", "2020-06-30": "649.12100", "2020-03-31": "627.09500", "2019-12-31": "721.46900", "2019-09-30": "755.97500", "2019-06-30": "728.30000", "2019-03-31": "728.26000", "2018-12-31": "689.13300", "2018-09-30": "726.21000", "2018-06-30": "660.93300", "2018-03-31": "706.28000", "2017-12-31": "653.87700", "2017-09-30": "653.97300", "2017-06-30": "609.49000", "2017-03-31": "573.74300", "2016-12-31": "542.55700", "2016-09-30": "506.73000", "2016-06-30": "497.25500", "2016-03-31": "482.38900", "2015-12-31": "466.23700", "2015-09-30": "478.70100", "2015-06-30": "469.50200", "2015-03-31": "484.32500", "2014-12-31": "488.26100", "2014-09-30": "495.67200", "2014-06-30": "460.05800", "2014-03-31": "443.17700", "2013-12-31": "454.48100", "2013-09-30": "423.26100", "2013-06-30": "392.24400", "2013-03-31": "407.80200", "2012-12-31": "379.45400", "2012-09-30": "371.43300", "2012-06-30": "347.75900", "2012-03-31": "328.34800", "2011-12-31": "300.57700", "2011-09-30": "278.54100", "2011-06-30": "282.48000", "2011-03-31": "262.43700", "2010-12-31": "250.96700", "2010-09-30": "276.53700", "2010-06-30": "284.94700", "2010-03-31": "279.87800", "2009-12-31": "268.15100", "2009-09-30": "275.04500", "2009-06-30": "271.25900", "2009-03-31": "254.92600", "2008-12-31": "253.13600", "2008-09-30": "252.09300", "2008-06-30": "247.81100", "2008-03-31": "210.56600", "2007-12-31": "180.78600", "2007-09-30": "201.46000", "2007-06-30": "225.79800", "2007-03-31": "230.95200", "2006-12-31": "230.27400", "2006-09-30": "240.38200", "2006-06-30": "265.46300", "2006-03-31": "273.69000", "2005-12-31": "255.68900", "2005-09-30": "201.44100", "2005-06-30": "180.06400", "2005-03-31": "200.75700"}, "Total Liabilities And Share Holders Equity": {"2020-12-31": "1653.79900", "2020-09-30": "1392.20500", "2020-06-30": "1272.11000", "2020-03-31": "1236.43300", "2019-12-31": "1427.71100", "2019-09-30": "1385.73100", "2019-06-30": "1348.69300", "2019-03-31": "1350.93900", "2018-12-31": "1380.56400", "2018-09-30": "1390.71200", "2018-06-30": "1308.89500", "2018-03-31": "1320.27300", "2017-12-31": "1352.46000", "2017-09-30": "1263.33900", "2017-06-30": "1159.27400", "2017-03-31": "1106.14200", "2016-12-31": "1096.59100", "2016-09-30": "1027.75800", "2016-06-30": "984.75700", "2016-03-31": "957.49200", "2015-12-31": "991.51800", "2015-09-30": "953.02200", "2015-06-30": "946.94400", "2015-03-31": "947.64600", "2014-12-31": "1044.21200", "2014-09-30": "980.22500", "2014-06-30": "962.52800", "2014-03-31": "944.12200", "2013-12-31": "970.69600", "2013-09-30": "950.93200", "2013-06-30": "892.23100", "2013-03-31": "885.03400", "2012-12-31": "879.42100", "2012-09-30": "909.38200", "2012-06-30": "883.29800", "2012-03-31": "811.72600", "2011-12-31": "808.44900", "2011-09-30": "803.35700", "2011-06-30": "744.31200", "2011-03-31": "714.43500", "2010-12-31": "683.88200", "2010-09-30": "713.64000", "2010-06-30": "729.10200", "2010-03-31": "686.35800", "2009-12-31": "648.79200", "2009-09-30": "617.74400", "2009-06-30": "583.32400", "2009-03-31": "616.53600", "2008-12-31": "663.53000", "2008-09-30": "729.58000", "2008-06-30": "694.06500", "2008-03-31": "638.19700", "2007-12-31": "629.00100", "2007-09-30": "632.17900", "2007-06-30": "625.60000", "2007-03-31": "620.58400", "2006-12-31": "646.65100", "2006-09-30": "678.61500", "2006-06-30": "669.73400", "2006-03-31": "693.02800", "2005-12-31": "765.81400", "2005-09-30": "643.37400", "2005-06-30": "543.38300", "2005-03-31": "557.13100"}}, "cash flow statement": {"Net Income/Loss": {"2020-12-31": "0.00000", "2019-12-31": "227.70300", "2018-12-31": "255.21300", "2017-12-31": "176.99600", "2016-12-31": "137.35000", "2015-12-31": "147.68900", "2014-12-31": "138.80900", "2013-12-31": "146.00900", "2012-12-31": "129.78100", "2011-12-31": "113.00700", "2010-12-31": "86.58200", "2009-12-31": "69.95000", "2008-12-31": "110.93000", "2007-12-31": "109.65300", "2006-12-31": "113.08500", "2005-12-31": "115.59800"}, "Total Depreciation And Amortization - Cash Flow": {"2020-12-31": "", "2019-12-31": "44.46800", "2018-12-31": "43.57000", "2017-12-31": "40.56000", "2016-12-31": "35.79600", "2015-12-31": "29.10200", "2014-12-31": "27.57500", "2013-12-31": "27.66700", "2012-12-31": "25.21300", "2011-12-31": "23.90500", "2010-12-31": "24.80400", "2009-12-31": "23.52800", "2008-12-31": "20.96000", "2007-12-31": "19.08800", "2006-12-31": "16.79600", "2005-12-31": "15.92000"}, "Other Non-Cash Items": {"2020-12-31": "", "2019-12-31": "18.07100", "2018-12-31": "27.06000", "2017-12-31": "-2.39200", "2016-12-31": "11.57100", "2015-12-31": "19.60900", "2014-12-31": "15.62100", "2013-12-31": "-26.85400", "2012-12-31": "9.48400", "2011-12-31": "21.18900", "2010-12-31": "10.48700", "2009-12-31": "15.53600", "2008-12-31": "18.45200", "2007-12-31": "11.43500", "2006-12-31": "15.51800", "2005-12-31": "10.20700"}, "Total Non-Cash Items": {"2020-12-31": "", "2019-12-31": "62.53900", "2018-12-31": "70.63000", "2017-12-31": "38.16800", "2016-12-31": "47.36700", "2015-12-31": "48.71100", "2014-12-31": "43.19600", "2013-12-31": "0.81300", "2012-12-31": "34.69700", "2011-12-31": "45.09400", "2010-12-31": "35.29100", "2009-12-31": "39.06400", "2008-12-31": "39.41200", "2007-12-31": "30.52300", "2006-12-31": "32.31400", "2005-12-31": "26.12700"}, "Change In Accounts Receivable": {"2020-12-31": "", "2019-12-31": "81.41500", "2018-12-31": "-57.41900", "2017-12-31": "-181.23500", "2016-12-31": "-6.23300", "2015-12-31": "20.71300", "2014-12-31": "-60.45400", "2013-12-31": "-28.58400", "2012-12-31": "-35.14000", "2011-12-31": "-95.34900", "2010-12-31": "-38.20600", "2009-12-31": "32.78000", "2008-12-31": "-10.65700", "2007-12-31": "7.65300", "2006-12-31": "207.12800", "2005-12-31": "-198.89400"}, "Change In Inventories": {"2020-12-31": "", "2019-12-31": "", "2018-12-31": "", "2017-12-31": "", "2016-12-31": "", "2015-12-31": "", "2014-12-31": "", "2013-12-31": "", "2012-12-31": "", "2011-12-31": "", "2010-12-31": "", "2009-12-31": "", "2008-12-31": "", "2007-12-31": "", "2006-12-31": "", "2005-12-31": ""}, "Change In Accounts Payable": {"2020-12-31": "", "2019-12-31": "-42.13800", "2018-12-31": "22.52700", "2017-12-31": "68.85900", "2016-12-31": "-9.59800", "2015-12-31": "3.63200", "2014-12-31": "62.28100", "2013-12-31": "8.88100", "2012-12-31": "13.01800", "2011-12-31": "21.58300", "2010-12-31": "16.26700", "2009-12-31": "-1.63400", "2008-12-31": "-11.24000", "2007-12-31": "-5.19100", "2006-12-31": "-42.19600", "2005-12-31": "44.31200"}, "Change In Assets/Liabilities": {"2020-12-31": "", "2019-12-31": "-21.67900", "2018-12-31": "6.95000", "2017-12-31": "36.17500", "2016-12-31": "21.35600", "2015-12-31": "-4.72300", "2014-12-31": "-81.96300", "2013-12-31": "25.52600", "2012-12-31": "-22.02500", "2011-12-31": "29.82800", "2010-12-31": "8.82400", "2009-12-31": "4.80400", "2008-12-31": "-8.75600", "2007-12-31": "-2.03000", "2006-12-31": "-18.16300", "2005-12-31": "12.35000"}, "Total Change In Assets/Liabilities": {"2020-12-31": "", "2019-12-31": "17.59800", "2018-12-31": "-27.94200", "2017-12-31": "-76.20100", "2016-12-31": "5.52500", "2015-12-31": "19.62200", "2014-12-31": "-80.13600", "2013-12-31": "5.82300", "2012-12-31": "-44.14700", "2011-12-31": "-43.93800", "2010-12-31": "-13.11500", "2009-12-31": "35.95000", "2008-12-31": "-30.65300", "2007-12-31": "0.43200", "2006-12-31": "146.76900", "2005-12-31": "-142.23200"}, "Cash Flow From Operating Activities": {"2020-12-31": "", "2019-12-31": "307.84000", "2018-12-31": "297.90100", "2017-12-31": "138.96300", "2016-12-31": "190.24200", "2015-12-31": "216.02200", "2014-12-31": "101.86900", "2013-12-31": "152.64500", "2012-12-31": "120.33100", "2011-12-31": "114.16300", "2010-12-31": "108.75800", "2009-12-31": "144.96400", "2008-12-31": "119.68900", "2007-12-31": "140.60800", "2006-12-31": "292.16800", "2005-12-31": "-0.50700"}, "Net Change In Property, Plant, And Equipment": {"2020-12-31": "", "2019-12-31": "-15.42500", "2018-12-31": "-5.72900", "2017-12-31": "-11.55400", "2016-12-31": "-12.43300", "2015-12-31": "-3.11900", "2014-12-31": "-3.07400", "2013-12-31": "3.33800", "2012-12-31": "4.34200", "2011-12-31": "0.76100", "2010-12-31": "-25.81900", "2009-12-31": "-1.87400", "2008-12-31": "-8.14300", "2007-12-31": "-2.80600", "2006-12-31": "-1.55300", "2005-12-31": "0.63500"}, "Net Change In Intangible Assets": {"2020-12-31": "", "2019-12-31": "", "2018-12-31": "", "2017-12-31": "", "2016-12-31": "", "2015-12-31": "", "2014-12-31": "", "2013-12-31": "", "2012-12-31": "", "2011-12-31": "", "2010-12-31": "", "2009-12-31": "", "2008-12-31": "", "2007-12-31": "", "2006-12-31": "", "2005-12-31": ""}, "Net Acquisitions/Divestitures": {"2020-12-31": "", "2019-12-31": "", "2018-12-31": "", "2017-12-31": "-8.46000", "2016-12-31": "", "2015-12-31": "", "2014-12-31": "", "2013-12-31": "", "2012-12-31": "", "2011-12-31": "", "2010-12-31": "", "2009-12-31": "-14.88800", "2008-12-31": "", "2007-12-31": "", "2006-12-31": "", "2005-12-31": ""}, "Net Change In Short-term Investments": {"2020-12-31": "", "2019-12-31": "-0.13100", "2018-12-31": "", "2017-12-31": "", "2016-12-31": "", "2015-12-31": "", "2014-12-31": "", "2013-12-31": "", "2012-12-31": "", "2011-12-31": "", "2010-12-31": "1.73000", "2009-12-31": "28.02400", "2008-12-31": "-7.88700", "2007-12-31": "3.27200", "2006-12-31": "-4.46200", "2005-12-31": "-1.74700"}, "Net Change In Long-Term Investments": {"2020-12-31": "", "2019-12-31": "-3.00000", "2018-12-31": "-2.46500", "2017-12-31": "-2.06200", "2016-12-31": "-1.73400", "2015-12-31": "-5.55400", "2014-12-31": "-1.77200", "2013-12-31": "-11.83600", "2012-12-31": "-23.86900", "2011-12-31": "8.76100", "2010-12-31": "-26.63100", "2009-12-31": "-34.03300", "2008-12-31": "6.88000", "2007-12-31": "-4.04200", "2006-12-31": "1.09500", "2005-12-31": "-1.47300"}, "Net Change In Investments - Total": {"2020-12-31": "", "2019-12-31": "-3.13100", "2018-12-31": "-2.46500", "2017-12-31": "-2.06200", "2016-12-31": "-1.73400", "2015-12-31": "-5.55400", "2014-12-31": "-1.77200", "2013-12-31": "-11.83600", "2012-12-31": "-23.86900", "2011-12-31": "8.76100", "2010-12-31": "-24.90100", "2009-12-31": "-6.00900", "2008-12-31": "-1.00700", "2007-12-31": "-0.77000", "2006-12-31": "-3.36700", "2005-12-31": "-3.22000"}, "Investing Activities - Other": {"2020-12-31": "", "2019-12-31": "", "2018-12-31": "", "2017-12-31": "", "2016-12-31": "", "2015-12-31": "", "2014-12-31": "", "2013-12-31": "74.50500", "2012-12-31": "", "2011-12-31": "", "2010-12-31": "", "2009-12-31": "", "2008-12-31": "", "2007-12-31": "", "2006-12-31": "", "2005-12-31": ""}, "Cash Flow From Investing Activities": {"2020-12-31": "", "2019-12-31": "-18.55600", "2018-12-31": "-8.19400", "2017-12-31": "-22.07600", "2016-12-31": "-14.16700", "2015-12-31": "-8.67300", "2014-12-31": "-4.84600", "2013-12-31": "66.00700", "2012-12-31": "-19.52700", "2011-12-31": "9.52200", "2010-12-31": "-50.72000", "2009-12-31": "-22.77100", "2008-12-31": "-9.15000", "2007-12-31": "-3.57600", "2006-12-31": "-4.92000", "2005-12-31": "-2.58500"}, "Net Long-Term Debt": {"2020-12-31": "", "2019-12-31": "-44.63500", "2018-12-31": "-43.28300", "2017-12-31": "-46.75100", "2016-12-31": "-47.49200", "2015-12-31": "-36.52000", "2014-12-31": "-37.41600", "2013-12-31": "-61.77400", "2012-12-31": "-121.27800", "2011-12-31": "-33.24500", "2010-12-31": "-26.27300", "2009-12-31": "-110.81700", "2008-12-31": "-120.11000", "2007-12-31": "-58.61400", "2006-12-31": "-79.24600", "2005-12-31": "-10.62900"}, "Net Current Debt": {"2020-12-31": "", "2019-12-31": "-1.46100", "2018-12-31": "13.09700", "2017-12-31": "5.99100", "2016-12-31": "0.64200", "2015-12-31": "0.98000", "2014-12-31": "6.84900", "2013-12-31": "2.61700", "2012-12-31": "59.66100", "2011-12-31": "10.93800", "2010-12-31": "35.95800", "2009-12-31": "36.85400", "2008-12-31": "93.29600", "2007-12-31": "58.33400", "2006-12-31": "0.60600", "2005-12-31": "63.28200"}, "Debt Issuance/Retirement Net - Total": {"2020-12-31": "", "2019-12-31": "-46.09600", "2018-12-31": "-30.18600", "2017-12-31": "-40.76000", "2016-12-31": "-46.85000", "2015-12-31": "-35.54000", "2014-12-31": "-30.56700", "2013-12-31": "-59.15700", "2012-12-31": "-61.61700", "2011-12-31": "-22.30700", "2010-12-31": "9.68500", "2009-12-31": "-73.96300", "2008-12-31": "-26.81400", "2007-12-31": "-0.28000", "2006-12-31": "-78.64000", "2005-12-31": "52.65300"}, "Net Common Equity Issued/Repurchased": {"2020-12-31": "", "2019-12-31": "-87.52200", "2018-12-31": "-206.65200", "2017-12-31": "3.18300", "2016-12-31": "-48.18700", "2015-12-31": "-159.69300", "2014-12-31": "-52.63300", "2013-12-31": "-57.17300", "2012-12-31": "-21.44300", "2011-12-31": "-57.42500", "2010-12-31": "-101.07600", "2009-12-31": "-54.62900", "2008-12-31": "-39.32700", "2007-12-31": "-163.72800", "2006-12-31": "-145.95900", "2005-12-31": "-86.38400"}, "Net Total Equity Issued/Repurchased": {"2020-12-31": "", "2019-12-31": "-87.52200", "2018-12-31": "-206.65200", "2017-12-31": "3.18300", "2016-12-31": "-48.18700", "2015-12-31": "-159.69300", "2014-12-31": "-52.63300", "2013-12-31": "-57.17300", "2012-12-31": "-21.44300", "2011-12-31": "-57.42500", "2010-12-31": "-101.07600", "2009-12-31": "-54.62900", "2008-12-31": "-39.32700", "2007-12-31": "-163.72800", "2006-12-31": "-145.95900", "2005-12-31": "-86.38400"}, "Total Common And Preferred Stock Dividends Paid": {"2020-12-31": "", "2019-12-31": "-27.89100", "2018-12-31": "-88.91800", "2017-12-31": "-15.93800", "2016-12-31": "-14.33200", "2015-12-31": "-57.88200", "2014-12-31": "-27.60600", "2013-12-31": "", "2012-12-31": "-33.98100", "2011-12-31": "-9.98300", "2010-12-31": "-9.42200", "2009-12-31": "-8.68600", "2008-12-31": "-8.13600", "2007-12-31": "-7.38900", "2006-12-31": "-6.36100", "2005-12-31": "-2.92200"}, "Financial Activities - Other": {"2020-12-31": "", "2019-12-31": "-9.05600", "2018-12-31": "-4.92300", "2017-12-31": "-0.88100", "2016-12-31": "-2.70500", "2015-12-31": "-1.55400", "2014-12-31": "-1.54100", "2013-12-31": "-1.41700", "2012-12-31": "-2.27200", "2011-12-31": "-0.78500", "2010-12-31": "1.58000", "2009-12-31": "1.35300", "2008-12-31": "2.23100", "2007-12-31": "3.62400", "2006-12-31": "5.80500", "2005-12-31": "7.45900"}, "Cash Flow From Financial Activities": {"2020-12-31": "", "2019-12-31": "-170.56500", "2018-12-31": "-330.67900", "2017-12-31": "-54.39600", "2016-12-31": "-112.07400", "2015-12-31": "-254.66900", "2014-12-31": "-112.34700", "2013-12-31": "-117.74700", "2012-12-31": "-119.31300", "2011-12-31": "-90.50000", "2010-12-31": "-99.23300", "2009-12-31": "-135.92500", "2008-12-31": "-72.04600", "2007-12-31": "-167.77300", "2006-12-31": "-225.15500", "2005-12-31": "-29.19400"}, "Net Cash Flow": {"2020-12-31": "", "2019-12-31": "119.77900", "2018-12-31": "-42.68000", "2017-12-31": "63.51900", "2016-12-31": "64.37700", "2015-12-31": "-49.42400", "2014-12-31": "-16.35800", "2013-12-31": "106.01800", "2012-12-31": "-6.61600", "2011-12-31": "36.19400", "2010-12-31": "-41.01300", "2009-12-31": "-13.18500", "2008-12-31": "38.15400", "2007-12-31": "-30.74100", "2006-12-31": "62.09300", "2005-12-31": "-32.28600"}, "Stock-Based Compensation": {"2020-12-31": "", "2019-12-31": "4.23600", "2018-12-31": "18.25600", "2017-12-31": "7.72100", "2016-12-31": "2.74700", "2015-12-31": "6.92500", "2014-12-31": "6.79700", "2013-12-31": "4.91100", "2012-12-31": "6.14900", "2011-12-31": "5.01200", "2010-12-31": "4.76900", "2009-12-31": "4.96800", "2008-12-31": "7.27000", "2007-12-31": "8.28800", "2006-12-31": "7.17300", "2005-12-31": "6.45300"}, "Common Stock Dividends Paid": {"2020-12-31": "", "2019-12-31": "-27.89100", "2018-12-31": "-88.91800", "2017-12-31": "-15.93800", "2016-12-31": "-14.33200", "2015-12-31": "-57.88200", "2014-12-31": "-27.60600", "2013-12-31": "", "2012-12-31": "-33.98100", "2011-12-31": "-9.98300", "2010-12-31": "-9.42200", "2009-12-31": "-8.68600", "2008-12-31": "-8.13600", "2007-12-31": "-7.38900", "2006-12-31": "-6.36100", "2005-12-31": "-2.92200"}}, "cash flow statement, quarterly": {"Net Income/Loss": {"2020-12-31": -127.035, "2020-09-30": 61.886, "2020-06-30": 24.254, "2020-03-31": "40.89500", "2019-12-31": 50.048, "2019-09-30": 53.255, "2019-06-30": 61.1, "2019-03-31": "63.30000", "2018-12-31": 68.3, "2018-09-30": 66.948, "2018-06-30": 62.492, "2018-03-31": "57.47300", "2017-12-31": 64.683, "2017-09-30": 42.42, "2017-06-30": 37.51, "2017-03-31": "32.38300", "2016-12-31": 39.574, "2016-09-30": 36.278, "2016-06-30": 32.314, "2016-03-31": "29.18400", "2015-12-31": 37.855, "2015-09-30": 39.348, "2015-06-30": 40.471, "2015-03-31": "30.01500", "2014-12-31": 38.491, "2014-09-30": 36.755, "2014-06-30": 35.925, "2014-03-31": "27.63800", "2013-12-31": 59.557, "2013-09-30": 29.246, "2013-06-30": 30.426, "2013-03-31": "26.78000", "2012-12-31": 33.978, "2012-09-30": 33.101, "2012-06-30": 35.855, "2012-03-31": "26.84700", "2011-12-31": 32.694, "2011-09-30": 30.158, "2011-06-30": 29.598, "2011-03-31": "20.55700", "2010-12-31": 23.879, "2010-09-30": 21.536, "2010-06-30": 24.21, "2010-03-31": "16.95700", "2009-12-31": 18.337, "2009-09-30": 19.862, "2009-06-30": 17.857, "2009-03-31": "13.89400", "2008-12-31": 24.605, "2008-09-30": 32.817, "2008-06-30": 29.765, "2008-03-31": "23.74300", "2007-12-31": 29.031, "2007-09-30": 29.348, "2007-06-30": 29.67, "2007-03-31": "21.60400", "2006-12-31": 28.69, "2006-09-30": 30.58, "2006-06-30": 29.465, "2006-03-31": "24.35000", "2005-12-31": 41.787, "2005-09-30": 34.569, "2005-06-30": 22.424, "2005-03-31": "16.81800"}, "Total Depreciation And Amortization - Cash Flow": {"2020-12-31": -34.212, "2020-09-30": 11.24, "2020-06-30": 11.467, "2020-03-31": "11.50500", "2019-12-31": 11.423, "2019-09-30": 10.695, "2019-06-30": 11.034, "2019-03-31": "11.31600", "2018-12-31": 11.05, "2018-09-30": 10.754, "2018-06-30": 10.769, "2018-03-31": "10.99700", "2017-12-31": 10.599, "2017-09-30": 10.13, "2017-06-30": 9.897, "2017-03-31": "9.93400", "2016-12-31": 9.687, "2016-09-30": 9.016, "2016-06-30": 8.655, "2016-03-31": "8.43800", "2015-12-31": 7.849, "2015-09-30": 7.185, "2015-06-30": 7.049, "2015-03-31": "7.01900", "2014-12-31": 7.156, "2014-09-30": 7.086, "2014-06-30": 6.565, "2014-03-31": "6.76800", "2013-12-31": 6.924, "2013-09-30": 7.18, "2013-06-30": 7.125, "2013-03-31": "6.43800", "2012-12-31": 4.737, "2012-09-30": 7.072, "2012-06-30": 6.664, "2012-03-31": "6.74000", "2011-12-31": 4.569, "2011-09-30": 6.549, "2011-06-30": 6.388, "2011-03-31": "6.39900", "2010-12-31": 6.36, "2010-09-30": 6.456, "2010-06-30": 6.196, "2010-03-31": "5.79200", "2009-12-31": 6.114, "2009-09-30": 6.213, "2009-06-30": 5.716, "2009-03-31": "5.48500", "2008-12-31": 5.402, "2008-09-30": 5.251, "2008-06-30": 5.177, "2008-03-31": "5.13000", "2007-12-31": 5.043, "2007-09-30": 4.766, "2007-06-30": 4.662, "2007-03-31": "4.61700", "2006-12-31": 4.566, "2006-09-30": 4.18, "2006-06-30": 3.957, "2006-03-31": "4.09300", "2005-12-31": 3.994, "2005-09-30": 3.998, "2005-06-30": 3.966, "2005-03-31": "3.96200"}, "Other Non-Cash Items": {"2020-12-31": -15.164, "2020-09-30": 0.311, "2020-06-30": 10.098, "2020-03-31": "4.75500", "2019-12-31": 0.506, "2019-09-30": 6.036, "2019-06-30": 6.175, "2019-03-31": "5.35400", "2018-12-31": 2.073, "2018-09-30": 7.865, "2018-06-30": 12.223, "2018-03-31": "4.89900", "2017-12-31": -10.276, "2017-09-30": 0.854, "2017-06-30": 5.287, "2017-03-31": "1.74300", "2016-12-31": -1.102, "2016-09-30": 3.262, "2016-06-30": 4.955, "2016-03-31": "4.45600", "2015-12-31": 9.16, "2015-09-30": 2.072, "2015-06-30": 5.175, "2015-03-31": "3.20200", "2014-12-31": 12.717, "2014-09-30": -3.222, "2014-06-30": 6.326, "2014-03-31": "-0.20000", "2013-12-31": -32.687, "2013-09-30": -0.582, "2013-06-30": 4.321, "2013-03-31": "2.09400", "2012-12-31": -2.224, "2012-09-30": 1.69, "2012-06-30": 2.598, "2012-03-31": "7.42000", "2011-12-31": 17.392, "2011-09-30": 1.962, "2011-06-30": 0.354, "2011-03-31": "1.48100", "2010-12-31": 4.239, "2010-09-30": 0.267, "2010-06-30": 4.499, "2010-03-31": "1.48200", "2009-12-31": 1.601, "2009-09-30": 2.926, "2009-06-30": 6.037, "2009-03-31": "4.97200", "2008-12-31": 1.906, "2008-09-30": 5.127, "2008-06-30": 6.942, "2008-03-31": "4.47700", "2007-12-31": 1.095, "2007-09-30": 3.946, "2007-06-30": 4.492, "2007-03-31": "1.90200", "2006-12-31": 6.1, "2006-09-30": 3.023, "2006-06-30": 2.93, "2006-03-31": "3.46500", "2005-12-31": 5.2, "2005-09-30": 1.858, "2005-06-30": 0.642, "2005-03-31": "2.50700"}, "Total Non-Cash Items": {"2020-12-31": -49.376, "2020-09-30": 11.551, "2020-06-30": 21.565, "2020-03-31": "16.26000", "2019-12-31": 11.929, "2019-09-30": 16.731, "2019-06-30": 17.209, "2019-03-31": "16.67000", "2018-12-31": 13.123, "2018-09-30": 18.619, "2018-06-30": 22.992, "2018-03-31": "15.89600", "2017-12-31": 0.323, "2017-09-30": 10.984, "2017-06-30": 15.184, "2017-03-31": "11.67700", "2016-12-31": 8.585, "2016-09-30": 12.278, "2016-06-30": 13.61, "2016-03-31": "12.89400", "2015-12-31": 17.009, "2015-09-30": 9.257, "2015-06-30": 12.224, "2015-03-31": "10.22100", "2014-12-31": 19.873, "2014-09-30": 3.864, "2014-06-30": 12.891, "2014-03-31": "6.56800", "2013-12-31": -25.763, "2013-09-30": 6.598, "2013-06-30": 11.446, "2013-03-31": "8.53200", "2012-12-31": 2.513, "2012-09-30": 8.762, "2012-06-30": 9.262, "2012-03-31": "14.16000", "2011-12-31": 21.961, "2011-09-30": 8.511, "2011-06-30": 6.742, "2011-03-31": "7.88000", "2010-12-31": 10.599, "2010-09-30": 6.723, "2010-06-30": 10.695, "2010-03-31": "7.27400", "2009-12-31": 7.715, "2009-09-30": 9.139, "2009-06-30": 11.753, "2009-03-31": "10.45700", "2008-12-31": 7.308, "2008-09-30": 10.378, "2008-06-30": 12.119, "2008-03-31": "9.60700", "2007-12-31": 6.138, "2007-09-30": 8.712, "2007-06-30": 9.154, "2007-03-31": "6.51900", "2006-12-31": 10.666, "2006-09-30": 7.203, "2006-06-30": 6.887, "2006-03-31": "7.55800", "2005-12-31": 9.194, "2005-09-30": 5.856, "2005-06-30": 4.608, "2005-03-31": "6.46900"}, "Change In Accounts Receivable": {"2020-12-31": 62.492, "2020-09-30": -162.093, "2020-06-30": 78.232, "2020-03-31": "21.36900", "2019-12-31": -3.192, "2019-09-30": -5.213, "2019-06-30": 5.315, "2019-03-31": "84.50500", "2018-12-31": 3.366, "2018-09-30": -12.134, "2018-06-30": -51.552, "2018-03-31": "2.90100", "2017-12-31": -91.731, "2017-09-30": -66.587, "2017-06-30": -39.344, "2017-03-31": "16.42700", "2016-12-31": -57.19, "2016-09-30": -6.317, "2016-06-30": -10.568, "2016-03-31": "67.84200", "2015-12-31": -2.549, "2015-09-30": 22.115, "2015-06-30": -28.792, "2015-03-31": "29.93900", "2014-12-31": -41.433, "2014-09-30": 45.688, "2014-06-30": -23.084, "2014-03-31": "-41.62500", "2013-12-31": -12.291, "2013-09-30": -27.694, "2013-06-30": -4.523, "2013-03-31": "15.92400", "2012-12-31": 28.106, "2012-09-30": -5.059, "2012-06-30": -40.678, "2012-03-31": "-17.50900", "2011-12-31": 19.416, "2011-09-30": -32.163, "2011-06-30": -37.238, "2011-03-31": "-45.36400", "2010-12-31": 11.296, "2010-09-30": 16.925, "2010-06-30": -43.545, "2010-03-31": "-22.88200", "2009-12-31": -30.082, "2009-09-30": -7.263, "2009-06-30": -1.823, "2009-03-31": "71.94800", "2008-12-31": 73.87, "2008-09-30": -37.118, "2008-06-30": -44.308, "2008-03-31": "-3.10100", "2007-12-31": -0.926, "2007-09-30": 2.482, "2007-06-30": -4.384, "2007-03-31": "10.48100", "2006-12-31": 41.997, "2006-09-30": 8.146, "2006-06-30": 72.149, "2006-03-31": "84.83600", "2005-12-31": -194.668, "2005-09-30": -59.931, "2005-06-30": 22.314, "2005-03-31": "33.39100"}, "Change In Inventories": {"2020-12-31": 0, "2020-09-30": 0, "2020-06-30": 0, "2020-03-31": "", "2019-12-31": 0, "2019-09-30": 0, "2019-06-30": 0, "2019-03-31": "", "2018-12-31": 0, "2018-09-30": 0, "2018-06-30": 0, "2018-03-31": "", "2017-12-31": 0, "2017-09-30": 0, "2017-06-30": 0, "2017-03-31": "", "2016-12-31": 0, "2016-09-30": 0, "2016-06-30": 0, "2016-03-31": "", "2015-12-31": 0, "2015-09-30": 0, "2015-06-30": 0, "2015-03-31": "", "2014-12-31": 0, "2014-09-30": 0, "2014-06-30": 0, "2014-03-31": "", "2013-12-31": 0, "2013-09-30": 0, "2013-06-30": 0, "2013-03-31": "", "2012-12-31": 0, "2012-09-30": 0, "2012-06-30": 0, "2012-03-31": "", "2011-12-31": 0, "2011-09-30": 0, "2011-06-30": 0, "2011-03-31": "", "2010-12-31": 0, "2010-09-30": 0, "2010-06-30": 0, "2010-03-31": "", "2009-12-31": 0, "2009-09-30": 0, "2009-06-30": 0, "2009-03-31": "", "2008-12-31": 0, "2008-09-30": 0, "2008-06-30": 0, "2008-03-31": "", "2007-12-31": 0, "2007-09-30": 0, "2007-06-30": 0, "2007-03-31": "", "2006-12-31": 0, "2006-09-30": 0, "2006-06-30": 0, "2006-03-31": "", "2005-12-31": 0, "2005-09-30": 0, "2005-06-30": 0, "2005-03-31": ""}, "Change In Accounts Payable": {"2020-12-31": -66.815, "2020-09-30": 66.846, "2020-06-30": -0.21, "2020-03-31": "0.17900", "2019-12-31": -13.446, "2019-09-30": -0.127, "2019-06-30": 12.388, "2019-03-31": "-40.95300", "2018-12-31": 0.406, "2018-09-30": 1.96, "2018-06-30": 29.288, "2018-03-31": "-9.12700", "2017-12-31": 15.569, "2017-09-30": 44.461, "2017-06-30": 24.253, "2017-03-31": "-15.42400", "2016-12-31": 15.476, "2016-09-30": 11.164, "2016-06-30": 15.436, "2016-03-31": "-51.67400", "2015-12-31": 18.195, "2015-09-30": -11.293, "2015-06-30": 20.592, "2015-03-31": "-23.86200", "2014-12-31": 16.874, "2014-09-30": 7.868, "2014-06-30": 24.25, "2014-03-31": "13.28900", "2013-12-31": 0.635, "2013-09-30": 8.168, "2013-06-30": 4.703, "2013-03-31": "-4.62500", "2012-12-31": -36.328, "2012-09-30": 8.734, "2012-06-30": 38.068, "2012-03-31": "2.54400", "2011-12-31": -21.608, "2011-09-30": 5.163, "2011-06-30": 14.621, "2011-03-31": "23.40700", "2010-12-31": -9.41, "2010-09-30": -12.841, "2010-06-30": 26.043, "2010-03-31": "12.47500", "2009-12-31": 11.001, "2009-09-30": 1.389, "2009-06-30": 3.821, "2009-03-31": "-17.84500", "2008-12-31": -38.848, "2008-09-30": 11.944, "2008-06-30": 21.806, "2008-03-31": "-6.14200", "2007-12-31": -7.946, "2007-09-30": -3.543, "2007-06-30": 8.207, "2007-03-31": "-1.90900", "2006-12-31": -19.106, "2006-09-30": 7.135, "2006-06-30": -11.857, "2006-03-31": "-18.36800", "2005-12-31": -9.934, "2005-09-30": 69.75, "2005-06-30": 4.79, "2005-03-31": "-20.29400"}, "Change In Assets/Liabilities": {"2020-12-31": -4.814, "2020-09-30": 8.973, "2020-06-30": -24.672, "2020-03-31": "20.51300", "2019-12-31": 1.787, "2019-09-30": 11.992, "2019-06-30": -33.352, "2019-03-31": "-2.10600", "2018-12-31": 8.501, "2018-09-30": 15.783, "2018-06-30": -22.193, "2018-03-31": "4.85900", "2017-12-31": 17.855, "2017-09-30": 21.187, "2017-06-30": -19.752, "2017-03-31": "16.88500", "2016-12-31": 12.5, "2016-09-30": 12.759, "2016-06-30": -17.695, "2016-03-31": "13.79200", "2015-12-31": -2.572, "2015-09-30": 6.64, "2015-06-30": -11.748, "2015-03-31": "2.95700", "2014-12-31": -4.533, "2014-09-30": -35.178, "2014-06-30": -50.051, "2014-03-31": "7.79900", "2013-12-31": 5.214, "2013-09-30": 28.839, "2013-06-30": -14.631, "2013-03-31": "6.10400", "2012-12-31": -11.223, "2012-09-30": 2.937, "2012-06-30": -7.609, "2012-03-31": "-6.13000", "2011-12-31": -22.694, "2011-09-30": 49.258, "2011-06-30": -6.86, "2011-03-31": "10.12400", "2010-12-31": 4.111, "2010-09-30": 9.693, "2010-06-30": -15.265, "2010-03-31": "10.28500", "2009-12-31": 9.794, "2009-09-30": -1.275, "2009-06-30": -6.254, "2009-03-31": "2.53900", "2008-12-31": 2.396, "2008-09-30": -2.251, "2008-06-30": -19.06, "2008-03-31": "10.15900", "2007-12-31": 2.323, "2007-09-30": 2.07, "2007-06-30": -21.807, "2007-03-31": "15.38400", "2006-12-31": 0.026, "2006-09-30": 2.243, "2006-06-30": -19.594, "2006-03-31": "-0.83800", "2005-12-31": 7.366, "2005-09-30": 15.344, "2005-06-30": -16.281, "2005-03-31": "5.92100"}, "Total Change In Assets/Liabilities": {"2020-12-31": -9.137, "2020-09-30": -86.274, "2020-06-30": 53.35, "2020-03-31": "42.06100", "2019-12-31": -14.851, "2019-09-30": 6.652, "2019-06-30": -15.649, "2019-03-31": "41.44600", "2018-12-31": 12.273, "2018-09-30": 5.609, "2018-06-30": -44.457, "2018-03-31": "-1.36700", "2017-12-31": -58.307, "2017-09-30": -0.939, "2017-06-30": -34.843, "2017-03-31": "17.88800", "2016-12-31": -29.214, "2016-09-30": 17.606, "2016-06-30": -12.827, "2016-03-31": "29.96000", "2015-12-31": 13.074, "2015-09-30": 17.462, "2015-06-30": -19.948, "2015-03-31": "9.03400", "2014-12-31": -29.092, "2014-09-30": 18.378, "2014-06-30": -48.885, "2014-03-31": "-20.53700", "2013-12-31": -6.442, "2013-09-30": 9.313, "2013-06-30": -14.451, "2013-03-31": "17.40300", "2012-12-31": -19.445, "2012-09-30": 6.612, "2012-06-30": -10.219, "2012-03-31": "-21.09500", "2011-12-31": -24.886, "2011-09-30": 22.258, "2011-06-30": -29.477, "2011-03-31": "-11.83300", "2010-12-31": 5.997, "2010-09-30": 13.777, "2010-06-30": -32.767, "2010-03-31": "-0.12200", "2009-12-31": -9.287, "2009-09-30": -7.149, "2009-06-30": -4.256, "2009-03-31": "56.64200", "2008-12-31": 37.418, "2008-09-30": -27.425, "2008-06-30": -41.562, "2008-03-31": "0.91600", "2007-12-31": -6.549, "2007-09-30": 1.009, "2007-06-30": -17.984, "2007-03-31": "23.95600", "2006-12-31": 22.917, "2006-09-30": 17.524, "2006-06-30": 40.698, "2006-03-31": "65.63000", "2005-12-31": -197.236, "2005-09-30": 25.163, "2005-06-30": 10.823, "2005-03-31": "19.01800"}, "Cash Flow From Operating Activities": {"2020-12-31": -185.548, "2020-09-30": -12.837, "2020-06-30": 99.169, "2020-03-31": "99.21600", "2019-12-31": 47.126, "2019-09-30": 76.638, "2019-06-30": 62.66, "2019-03-31": "121.41600", "2018-12-31": 93.696, "2018-09-30": 91.176, "2018-06-30": 41.027, "2018-03-31": "72.00200", "2017-12-31": 6.699, "2017-09-30": 52.465, "2017-06-30": 17.851, "2017-03-31": "61.94800", "2016-12-31": 18.945, "2016-09-30": 66.162, "2016-06-30": 33.097, "2016-03-31": "72.03800", "2015-12-31": 67.938, "2015-09-30": 66.067, "2015-06-30": 32.747, "2015-03-31": "49.27000", "2014-12-31": 29.272, "2014-09-30": 58.997, "2014-06-30": -0.069, "2014-03-31": "13.66900", "2013-12-31": 27.352, "2013-09-30": 45.157, "2013-06-30": 27.421, "2013-03-31": "52.71500", "2012-12-31": 17.046, "2012-09-30": 48.475, "2012-06-30": 34.898, "2012-03-31": "19.91200", "2011-12-31": 29.769, "2011-09-30": 60.927, "2011-06-30": 6.863, "2011-03-31": "16.60400", "2010-12-31": 40.475, "2010-09-30": 42.036, "2010-06-30": 2.138, "2010-03-31": "24.10900", "2009-12-31": 16.765, "2009-09-30": 21.852, "2009-06-30": 25.354, "2009-03-31": "80.99300", "2008-12-31": 69.331, "2008-09-30": 15.77, "2008-06-30": 0.322, "2008-03-31": "34.26600", "2007-12-31": 28.62, "2007-09-30": 39.069, "2007-06-30": 20.84, "2007-03-31": "52.07900", "2006-12-31": 62.273, "2006-09-30": 55.307, "2006-06-30": 77.05, "2006-03-31": "97.53800", "2005-12-31": -146.255, "2005-09-30": 65.588, "2005-06-30": 37.855, "2005-03-31": "42.30500"}, "Net Change In Property, Plant, And Equipment": {"2020-12-31": 18.803, "2020-09-30": -5.592, "2020-06-30": -9.493, "2020-03-31": "-3.71800", "2019-12-31": -3.847, "2019-09-30": -5.573, "2019-06-30": -3.559, "2019-03-31": "-2.44600", "2018-12-31": -1.946, "2018-09-30": -2.601, "2018-06-30": 0.347, "2018-03-31": "-1.52900", "2017-12-31": -6.348, "2017-09-30": -1.371, "2017-06-30": -0.522, "2017-03-31": "-3.31300", "2016-12-31": -3.222, "2016-09-30": -5.047, "2016-06-30": -5.609, "2016-03-31": "1.44500", "2015-12-31": -0.888, "2015-09-30": -0.462, "2015-06-30": 0.025, "2015-03-31": "-1.79400", "2014-12-31": -0.103, "2014-09-30": -4.027, "2014-06-30": 1.512, "2014-03-31": "-0.45600", "2013-12-31": -0.524, "2013-09-30": -0.22, "2013-06-30": 3.861, "2013-03-31": "0.22100", "2012-12-31": -0.227, "2012-09-30": 1.301, "2012-06-30": 3.221, "2012-03-31": "0.04700", "2011-12-31": 1.758, "2011-09-30": 1.103, "2011-06-30": -0.592, "2011-03-31": "-1.50800", "2010-12-31": -1.293, "2010-09-30": -0.183, "2010-06-30": -2.159, "2010-03-31": "-22.18400", "2009-12-31": -0.252, "2009-09-30": 0.041, "2009-06-30": -1.136, "2009-03-31": "-0.52700", "2008-12-31": -3.265, "2008-09-30": -0.904, "2008-06-30": -3.613, "2008-03-31": "-0.36100", "2007-12-31": -0.665, "2007-09-30": -2.161, "2007-06-30": 0.182, "2007-03-31": "-0.16200", "2006-12-31": 0.097, "2006-09-30": -1.493, "2006-06-30": 0.096, "2006-03-31": "-0.25300", "2005-12-31": -1.506, "2005-09-30": 0.216, "2005-06-30": 1.082, "2005-03-31": "0.84300"}, "Net Change In Intangible Assets": {"2020-12-31": 0, "2020-09-30": 0, "2020-06-30": 0, "2020-03-31": "", "2019-12-31": 0, "2019-09-30": 0, "2019-06-30": 0, "2019-03-31": "", "2018-12-31": 0, "2018-09-30": 0, "2018-06-30": 0, "2018-03-31": "", "2017-12-31": 0, "2017-09-30": 0, "2017-06-30": 0, "2017-03-31": "", "2016-12-31": 0, "2016-09-30": 0, "2016-06-30": 0, "2016-03-31": "", "2015-12-31": 0, "2015-09-30": 0, "2015-06-30": 0, "2015-03-31": "", "2014-12-31": 0, "2014-09-30": 0, "2014-06-30": 0, "2014-03-31": "", "2013-12-31": 0, "2013-09-30": 0, "2013-06-30": 0, "2013-03-31": "", "2012-12-31": 0, "2012-09-30": 0, "2012-06-30": 0, "2012-03-31": "", "2011-12-31": 0, "2011-09-30": 0, "2011-06-30": 0, "2011-03-31": "", "2010-12-31": 0, "2010-09-30": 0, "2010-06-30": 0, "2010-03-31": "", "2009-12-31": 0, "2009-09-30": 0, "2009-06-30": 0, "2009-03-31": "", "2008-12-31": 0, "2008-09-30": 0, "2008-06-30": 0, "2008-03-31": "", "2007-12-31": 0, "2007-09-30": 0, "2007-06-30": 0, "2007-03-31": "", "2006-12-31": 0, "2006-09-30": 0, "2006-06-30": 0, "2006-03-31": "", "2005-12-31": 0, "2005-09-30": 0, "2005-06-30": 0, "2005-03-31": ""}, "Net Acquisitions/Divestitures": {"2020-12-31": 2.766, "2020-09-30": -0.065, "2020-06-30": -2.701, "2020-03-31": "", "2019-12-31": 0, "2019-09-30": 0, "2019-06-30": 0, "2019-03-31": "", "2018-12-31": 0, "2018-09-30": 0, "2018-06-30": 0, "2018-03-31": "", "2017-12-31": -0.261, "2017-09-30": -8.199, "2017-06-30": 0, "2017-03-31": "", "2016-12-31": 0, "2016-09-30": 0, "2016-06-30": 0, "2016-03-31": "", "2015-12-31": 0, "2015-09-30": 0, "2015-06-30": 0, "2015-03-31": "", "2014-12-31": 0, "2014-09-30": 0, "2014-06-30": 0, "2014-03-31": "", "2013-12-31": 0, "2013-09-30": 0, "2013-06-30": 0, "2013-03-31": "", "2012-12-31": 0, "2012-09-30": 0, "2012-06-30": 0, "2012-03-31": "", "2011-12-31": 0, "2011-09-30": 0, "2011-06-30": 0, "2011-03-31": "", "2010-12-31": 0, "2010-09-30": 0, "2010-06-30": 0, "2010-03-31": "", "2009-12-31": 0, "2009-09-30": -14.888, "2009-06-30": 0, "2009-03-31": "", "2008-12-31": 0, "2008-09-30": 0, "2008-06-30": 0, "2008-03-31": "", "2007-12-31": 0, "2007-09-30": 0, "2007-06-30": 0, "2007-03-31": "", "2006-12-31": 0, "2006-09-30": 0, "2006-06-30": 0, "2006-03-31": "", "2005-12-31": 0, "2005-09-30": 0, "2005-06-30": 0, "2005-03-31": ""}, "Net Change In Short-term Investments": {"2020-12-31": -0.131, "2020-09-30": 0, "2020-06-30": 0, "2020-03-31": "0.13100", "2019-12-31": -0.131, "2019-09-30": 0, "2019-06-30": 0, "2019-03-31": "", "2018-12-31": 0, "2018-09-30": 19.653, "2018-06-30": -19.653, "2018-03-31": "", "2017-12-31": 0, "2017-09-30": 34.36, "2017-06-30": -34.36, "2017-03-31": "", "2016-12-31": 0, "2016-09-30": 0, "2016-06-30": 0, "2016-03-31": "", "2015-12-31": 0, "2015-09-30": 0, "2015-06-30": 0, "2015-03-31": "", "2014-12-31": 4.979, "2014-09-30": -1.754, "2014-06-30": 0.024, "2014-03-31": "-3.24900", "2013-12-31": 4.091, "2013-09-30": -4.091, "2013-06-30": 0, "2013-03-31": "", "2012-12-31": 0, "2012-09-30": 0, "2012-06-30": 0, "2012-03-31": "", "2011-12-31": 0, "2011-09-30": 0, "2011-06-30": 0, "2011-03-31": "", "2010-12-31": 1.581, "2010-09-30": -1.581, "2010-06-30": 2.967, "2010-03-31": "-1.23700", "2009-12-31": -8.342, "2009-09-30": 31.813, "2009-06-30": -1.952, "2009-03-31": "6.50500", "2008-12-31": 0.979, "2008-09-30": -6.083, "2008-06-30": -2.603, "2008-03-31": "-0.18000", "2007-12-31": 6.117, "2007-09-30": -1.911, "2007-06-30": -0.935, "2007-03-31": "0.00100", "2006-12-31": -1.633, "2006-09-30": 0.477, "2006-06-30": -4.754, "2006-03-31": "1.44800", "2005-12-31": 0.981, "2005-09-30": 3.339, "2005-06-30": -4.956, "2005-03-31": "-1.11100"}, "Net Change In Long-Term Investments": {"2020-12-31": 2.307, "2020-09-30": -0.822, "2020-06-30": -0.618, "2020-03-31": "-0.86700", "2019-12-31": -0.638, "2019-09-30": -0.895, "2019-06-30": -0.499, "2019-03-31": "-0.96800", "2018-12-31": -0.428, "2018-09-30": -20.436, "2018-06-30": 19.1, "2018-03-31": "-0.70100", "2017-12-31": -0.556, "2017-09-30": -34.992, "2017-06-30": 34.009, "2017-03-31": "-0.52300", "2016-12-31": -0.376, "2016-09-30": -0.435, "2016-06-30": -0.369, "2016-03-31": "-0.55400", "2015-12-31": -0.348, "2015-09-30": -1.81, "2015-06-30": -2.94, "2015-03-31": "-0.45600", "2014-12-31": -0.374, "2014-09-30": -0.421, "2014-06-30": -0.477, "2014-03-31": "-0.50000", "2013-12-31": -0.505, "2013-09-30": -0.47, "2013-06-30": -0.411, "2013-03-31": "-10.45000", "2012-12-31": -0.497, "2012-09-30": -0.416, "2012-06-30": -5.654, "2012-03-31": "-17.30200", "2011-12-31": 1.394, "2011-09-30": 1.986, "2011-06-30": 2.161, "2011-03-31": "3.22000", "2010-12-31": 3.089, "2010-09-30": 0.86, "2010-06-30": -30.387, "2010-03-31": "-0.19300", "2009-12-31": 9.526, "2009-09-30": -38.122, "2009-06-30": 2.949, "2009-03-31": "-8.38600", "2008-12-31": 3.25, "2008-09-30": 2.982, "2008-06-30": 1.966, "2008-03-31": "-1.31800", "2007-12-31": -2.191, "2007-09-30": 0.743, "2007-06-30": 0.679, "2007-03-31": "-3.27300", "2006-12-31": 2.054, "2006-09-30": -0.794, "2006-06-30": 1.208, "2006-03-31": "-1.37300", "2005-12-31": -1.045, "2005-09-30": -2.132, "2005-06-30": 1.513, "2005-03-31": "0.19100"}, "Net Change In Investments - Total": {"2020-12-31": 2.176, "2020-09-30": -0.822, "2020-06-30": -0.618, "2020-03-31": "-0.73600", "2019-12-31": -0.769, "2019-09-30": -0.895, "2019-06-30": -0.499, "2019-03-31": "-0.96800", "2018-12-31": -0.428, "2018-09-30": -0.783, "2018-06-30": -0.553, "2018-03-31": "-0.70100", "2017-12-31": -0.556, "2017-09-30": -0.632, "2017-06-30": -0.351, "2017-03-31": "-0.52300", "2016-12-31": -0.376, "2016-09-30": -0.435, "2016-06-30": -0.369, "2016-03-31": "-0.55400", "2015-12-31": -0.348, "2015-09-30": -1.81, "2015-06-30": -2.94, "2015-03-31": "-0.45600", "2014-12-31": 4.605, "2014-09-30": -2.175, "2014-06-30": -0.453, "2014-03-31": "-3.74900", "2013-12-31": 3.586, "2013-09-30": -4.561, "2013-06-30": -0.411, "2013-03-31": "-10.45000", "2012-12-31": -0.497, "2012-09-30": -0.416, "2012-06-30": -5.654, "2012-03-31": "-17.30200", "2011-12-31": 1.394, "2011-09-30": 1.986, "2011-06-30": 2.161, "2011-03-31": "3.22000", "2010-12-31": 4.67, "2010-09-30": -0.721, "2010-06-30": -27.42, "2010-03-31": "-1.43000", "2009-12-31": 1.184, "2009-09-30": -6.309, "2009-06-30": 0.997, "2009-03-31": "-1.88100", "2008-12-31": 4.229, "2008-09-30": -3.101, "2008-06-30": -0.637, "2008-03-31": "-1.49800", "2007-12-31": 3.926, "2007-09-30": -1.168, "2007-06-30": -0.256, "2007-03-31": "-3.27200", "2006-12-31": 0.421, "2006-09-30": -0.317, "2006-06-30": -3.546, "2006-03-31": "0.07500", "2005-12-31": -0.064, "2005-09-30": 1.207, "2005-06-30": -3.443, "2005-03-31": "-0.92000"}, "Investing Activities - Other": {"2020-12-31": 0, "2020-09-30": 0, "2020-06-30": 0, "2020-03-31": "", "2019-12-31": 0, "2019-09-30": 0, "2019-06-30": 0, "2019-03-31": "", "2018-12-31": 0, "2018-09-30": 0, "2018-06-30": 0, "2018-03-31": "", "2017-12-31": 0, "2017-09-30": 0, "2017-06-30": 0, "2017-03-31": "", "2016-12-31": 0, "2016-09-30": 0, "2016-06-30": 0, "2016-03-31": "", "2015-12-31": 0, "2015-09-30": 0, "2015-06-30": 0, "2015-03-31": "", "2014-12-31": 0, "2014-09-30": 0, "2014-06-30": 0, "2014-03-31": "", "2013-12-31": 74.505, "2013-09-30": 0, "2013-06-30": 0, "2013-03-31": "", "2012-12-31": 0, "2012-09-30": 0, "2012-06-30": 0, "2012-03-31": "", "2011-12-31": 0, "2011-09-30": 0, "2011-06-30": 0, "2011-03-31": "", "2010-12-31": 0, "2010-09-30": 0, "2010-06-30": 0, "2010-03-31": "", "2009-12-31": 0, "2009-09-30": 0, "2009-06-30": 0, "2009-03-31": "", "2008-12-31": 0, "2008-09-30": 0, "2008-06-30": 0, "2008-03-31": "", "2007-12-31": 0, "2007-09-30": 0, "2007-06-30": 0, "2007-03-31": "", "2006-12-31": 0, "2006-09-30": 0, "2006-06-30": 0, "2006-03-31": "", "2005-12-31": 0, "2005-09-30": 0, "2005-06-30": 0, "2005-03-31": ""}, "Cash Flow From Investing Activities": {"2020-12-31": 23.745, "2020-09-30": -6.479, "2020-06-30": -12.812, "2020-03-31": "-4.45400", "2019-12-31": -4.616, "2019-09-30": -6.468, "2019-06-30": -4.058, "2019-03-31": "-3.41400", "2018-12-31": -2.374, "2018-09-30": -3.384, "2018-06-30": -0.206, "2018-03-31": "-2.23000", "2017-12-31": -7.165, "2017-09-30": -10.202, "2017-06-30": -0.873, "2017-03-31": "-3.83600", "2016-12-31": -3.598, "2016-09-30": -5.482, "2016-06-30": -5.978, "2016-03-31": "0.89100", "2015-12-31": -1.236, "2015-09-30": -2.272, "2015-06-30": -2.915, "2015-03-31": "-2.25000", "2014-12-31": 4.502, "2014-09-30": -6.202, "2014-06-30": 1.059, "2014-03-31": "-4.20500", "2013-12-31": 77.567, "2013-09-30": -4.781, "2013-06-30": 3.45, "2013-03-31": "-10.22900", "2012-12-31": -0.724, "2012-09-30": 0.885, "2012-06-30": -2.433, "2012-03-31": "-17.25500", "2011-12-31": 3.152, "2011-09-30": 3.089, "2011-06-30": 1.569, "2011-03-31": "1.71200", "2010-12-31": 3.377, "2010-09-30": -0.904, "2010-06-30": -29.579, "2010-03-31": "-23.61400", "2009-12-31": 0.932, "2009-09-30": -21.156, "2009-06-30": -0.139, "2009-03-31": "-2.40800", "2008-12-31": 0.964, "2008-09-30": -4.005, "2008-06-30": -4.25, "2008-03-31": "-1.85900", "2007-12-31": 3.261, "2007-09-30": -3.329, "2007-06-30": -0.074, "2007-03-31": "-3.43400", "2006-12-31": 0.518, "2006-09-30": -1.81, "2006-06-30": -3.45, "2006-03-31": "-0.17800", "2005-12-31": -1.57, "2005-09-30": 1.423, "2005-06-30": -2.361, "2005-03-31": "-0.07700"}, "Net Long-Term Debt": {"2020-12-31": 33.036, "2020-09-30": -11.078, "2020-06-30": -21.958, "2020-03-31": "", "2019-12-31": -10.494, "2019-09-30": -10.483, "2019-06-30": -23.658, "2019-03-31": "", "2018-12-31": -10.62, "2018-09-30": -9.895, "2018-06-30": -10.936, "2018-03-31": "-11.83200", "2017-12-31": -11.089, "2017-09-30": -11.245, "2017-06-30": -12.009, "2017-03-31": "-12.40800", "2016-12-31": -12.345, "2016-09-30": -12.146, "2016-06-30": -11.686, "2016-03-31": "-11.31500", "2015-12-31": -9.548, "2015-09-30": -8.86, "2015-06-30": -8.894, "2015-03-31": "-9.21800", "2014-12-31": -9.305, "2014-09-30": -8.001, "2014-06-30": -7.248, "2014-03-31": "-12.86200", "2013-12-31": -17.772, "2013-09-30": -12.442, "2013-06-30": -11.707, "2013-03-31": "-19.85300", "2012-12-31": -5.098, "2012-09-30": -25.34, "2012-06-30": -64.834, "2012-03-31": "-26.00600", "2011-12-31": -15.67, "2011-09-30": -5.603, "2011-06-30": -5.949, "2011-03-31": "-6.02300", "2010-12-31": -6.361, "2010-09-30": -6.711, "2010-06-30": -6.609, "2010-03-31": "-6.59200", "2009-12-31": -7.143, "2009-09-30": -21.095, "2009-06-30": -57.039, "2009-03-31": "-25.54000", "2008-12-31": -22.724, "2008-09-30": -5.913, "2008-06-30": -73.714, "2008-03-31": "-17.75900", "2007-12-31": -5.867, "2007-09-30": -5.384, "2007-06-30": -8.015, "2007-03-31": "-39.34800", "2006-12-31": -9.468, "2006-09-30": -3.646, "2006-06-30": -3.144, "2006-03-31": "-62.98800", "2005-12-31": -2.683, "2005-09-30": -2.519, "2005-06-30": -2.672, "2005-03-31": "-2.75500"}, "Net Current Debt": {"2020-12-31": 6.419, "2020-09-30": 11.925, "2020-06-30": -0.468, "2020-03-31": "-17.87600", "2019-12-31": 9.253, "2019-09-30": 1.005, "2019-06-30": 2.101, "2019-03-31": "-13.82000", "2018-12-31": 15.58, "2018-09-30": -5.606, "2018-06-30": 9.045, "2018-03-31": "-5.92200", "2017-12-31": 8.389, "2017-09-30": -0.292, "2017-06-30": 4.772, "2017-03-31": "-6.87800", "2016-12-31": 8.526, "2016-09-30": -2.63, "2016-06-30": 0.282, "2016-03-31": "-5.53600", "2015-12-31": 5.943, "2015-09-30": -2.051, "2015-06-30": 3.307, "2015-03-31": "-6.21900", "2014-12-31": 2.397, "2014-09-30": 5.03, "2014-06-30": 6.023, "2014-03-31": "-6.60100", "2013-12-31": 5.761, "2013-09-30": -0.619, "2013-06-30": -0.332, "2013-03-31": "-2.19300", "2012-12-31": -1.153, "2012-09-30": 2.647, "2012-06-30": 61.321, "2012-03-31": "-3.15400", "2011-12-31": 2.754, "2011-09-30": 6.714, "2011-06-30": 2.94, "2011-03-31": "-1.47000", "2010-12-31": 2.38, "2010-09-30": 7.204, "2010-06-30": 17.002, "2010-03-31": "9.37200", "2009-12-31": 32.7, "2009-09-30": 15.748, "2009-06-30": -3.364, "2009-03-31": "-8.23000", "2008-12-31": -0.841, "2008-09-30": 22.769, "2008-06-30": 69.926, "2008-03-31": "1.44200", "2007-12-31": 27.568, "2007-09-30": 28.134, "2007-06-30": 2.907, "2007-03-31": "-0.27500", "2006-12-31": -4.06, "2006-09-30": 9.683, "2006-06-30": 0.817, "2006-03-31": "-5.83400", "2005-12-31": 60.366, "2005-09-30": -0.123, "2005-06-30": 0.316, "2005-03-31": "2.72300"}, "Debt Issuance/Retirement Net - Total": {"2020-12-31": 39.455, "2020-09-30": 0.847, "2020-06-30": -22.426, "2020-03-31": "-17.87600", "2019-12-31": -1.241, "2019-09-30": -9.478, "2019-06-30": -21.557, "2019-03-31": "-13.82000", "2018-12-31": 4.96, "2018-09-30": -15.501, "2018-06-30": -1.891, "2018-03-31": "-17.75400", "2017-12-31": -2.7, "2017-09-30": -11.537, "2017-06-30": -7.237, "2017-03-31": "-19.28600", "2016-12-31": -3.819, "2016-09-30": -14.776, "2016-06-30": -11.404, "2016-03-31": "-16.85100", "2015-12-31": -3.605, "2015-09-30": -10.911, "2015-06-30": -5.587, "2015-03-31": "-15.43700", "2014-12-31": -6.908, "2014-09-30": -2.971, "2014-06-30": -1.225, "2014-03-31": "-19.46300", "2013-12-31": -12.011, "2013-09-30": -13.061, "2013-06-30": -12.039, "2013-03-31": "-22.04600", "2012-12-31": -6.251, "2012-09-30": -22.693, "2012-06-30": -3.513, "2012-03-31": "-29.16000", "2011-12-31": -12.916, "2011-09-30": 1.111, "2011-06-30": -3.009, "2011-03-31": "-7.49300", "2010-12-31": -3.981, "2010-09-30": 0.493, "2010-06-30": 10.393, "2010-03-31": "2.78000", "2009-12-31": 25.557, "2009-09-30": -5.347, "2009-06-30": -60.403, "2009-03-31": "-33.77000", "2008-12-31": -23.565, "2008-09-30": 16.856, "2008-06-30": -3.788, "2008-03-31": "-16.31700", "2007-12-31": 21.701, "2007-09-30": 22.75, "2007-06-30": -5.108, "2007-03-31": "-39.62300", "2006-12-31": -13.528, "2006-09-30": 6.037, "2006-06-30": -2.327, "2006-03-31": "-68.82200", "2005-12-31": 57.683, "2005-09-30": -2.642, "2005-06-30": -2.356, "2005-03-31": "-0.03200"}, "Net Common Equity Issued/Repurchased": {"2020-12-31": 115.962, "2020-09-30": -0.614, "2020-06-30": 0.039, "2020-03-31": "-115.38700", "2019-12-31": 1.656, "2019-09-30": -19.792, "2019-06-30": -56.728, "2019-03-31": "-12.65800", "2018-12-31": -102.561, "2018-09-30": 0.358, "2018-06-30": -103.92, "2018-03-31": "-0.52900", "2017-12-31": 0.652, "2017-09-30": 0.569, "2017-06-30": 0.245, "2017-03-31": "1.71700", "2016-12-31": 0.889, "2016-09-30": -23.491, "2016-06-30": -15.462, "2016-03-31": "-10.12300", "2015-12-31": -53.555, "2015-09-30": -22.037, "2015-06-30": -53.23, "2015-03-31": "-30.87100", "2014-12-31": 0.786, "2014-09-30": 0.863, "2014-06-30": -18.363, "2014-03-31": "-35.91900", "2013-12-31": -12.823, "2013-09-30": 0.368, "2013-06-30": -46.329, "2013-03-31": "1.61100", "2012-12-31": -1.171, "2012-09-30": -8.675, "2012-06-30": -15.344, "2012-03-31": "3.74700", "2011-12-31": -8.115, "2011-09-30": -40.599, "2011-06-30": -8.781, "2011-03-31": "0.07000", "2010-12-31": -47.956, "2010-09-30": -29.568, "2010-06-30": -19.204, "2010-03-31": "-4.34800", "2009-12-31": -24.085, "2009-09-30": -17.879, "2009-06-30": -1.24, "2009-03-31": "-11.42500", "2008-12-31": -23.057, "2008-09-30": -28.263, "2008-06-30": 7.029, "2008-03-31": "4.96400", "2007-12-31": -49.844, "2007-09-30": -55.528, "2007-06-30": -36.797, "2007-03-31": "-21.55900", "2006-12-31": -39.633, "2006-09-30": -57.607, "2006-06-30": -39.964, "2006-03-31": "-8.75500", "2005-12-31": 3.823, "2005-09-30": -13.566, "2005-06-30": -44.669, "2005-03-31": "-31.97200"}, "Net Total Equity Issued/Repurchased": {"2020-12-31": 115.962, "2020-09-30": -0.614, "2020-06-30": 0.039, "2020-03-31": "-115.38700", "2019-12-31": 1.656, "2019-09-30": -19.792, "2019-06-30": -56.728, "2019-03-31": "-12.65800", "2018-12-31": -102.561, "2018-09-30": 0.358, "2018-06-30": -103.92, "2018-03-31": "-0.52900", "2017-12-31": 0.652, "2017-09-30": 0.569, "2017-06-30": 0.245, "2017-03-31": "1.71700", "2016-12-31": 0.889, "2016-09-30": -23.491, "2016-06-30": -15.462, "2016-03-31": "-10.12300", "2015-12-31": -53.555, "2015-09-30": -22.037, "2015-06-30": -53.23, "2015-03-31": "-30.87100", "2014-12-31": 0.786, "2014-09-30": 0.863, "2014-06-30": -18.363, "2014-03-31": "-35.91900", "2013-12-31": -12.823, "2013-09-30": 0.368, "2013-06-30": -46.329, "2013-03-31": "1.61100", "2012-12-31": -1.171, "2012-09-30": -8.675, "2012-06-30": -15.344, "2012-03-31": "3.74700", "2011-12-31": -8.115, "2011-09-30": -40.599, "2011-06-30": -8.781, "2011-03-31": "0.07000", "2010-12-31": -47.956, "2010-09-30": -29.568, "2010-06-30": -19.204, "2010-03-31": "-4.34800", "2009-12-31": -24.085, "2009-09-30": -17.879, "2009-06-30": -1.24, "2009-03-31": "-11.42500", "2008-12-31": -23.057, "2008-09-30": -28.263, "2008-06-30": 7.029, "2008-03-31": "4.96400", "2007-12-31": -49.844, "2007-09-30": -55.528, "2007-06-30": -36.797, "2007-03-31": "-21.55900", "2006-12-31": -39.633, "2006-09-30": -57.607, "2006-06-30": -39.964, "2006-03-31": "-8.75500", "2005-12-31": 3.823, "2005-09-30": -13.566, "2005-06-30": -44.669, "2005-03-31": "-31.97200"}, "Total Common And Preferred Stock Dividends Paid": {"2020-12-31": 101.442, "2020-09-30": -8.06, "2020-06-30": -7.099, "2020-03-31": "-86.28300", "2019-12-31": -7.302, "2019-09-30": -7.332, "2019-06-30": -6.628, "2019-03-31": "-6.62900", "2018-12-31": -6.657, "2018-09-30": -6.78, "2018-06-30": -6.188, "2018-03-31": "-69.29300", "2017-12-31": -4.199, "2017-09-30": -4.195, "2017-06-30": -3.774, "2017-03-31": "-3.77000", "2016-12-31": -3.76, "2016-09-30": -3.79, "2016-06-30": -3.386, "2016-03-31": "-3.39600", "2015-12-31": -3.415, "2015-09-30": -3.487, "2015-06-30": -3.074, "2015-03-31": "-47.90600", "2014-12-31": -3.134, "2014-09-30": -3.131, "2014-06-30": -2.7, "2014-03-31": "-18.64100", "2013-12-31": 0, "2013-09-30": 0, "2013-06-30": 0, "2013-03-31": "", "2012-12-31": -26.025, "2012-09-30": -2.799, "2012-06-30": -2.583, "2012-03-31": "-2.57400", "2011-12-31": -2.576, "2011-09-30": -2.619, "2011-06-30": -2.394, "2011-03-31": "-2.39400", "2010-12-31": -2.419, "2010-09-30": -2.476, "2010-06-30": -2.265, "2010-03-31": "-2.26200", "2009-12-31": -2.267, "2009-09-30": -2.296, "2009-06-30": -2.055, "2009-03-31": "-2.06800", "2008-12-31": -2.08, "2008-09-30": -2.101, "2008-06-30": -1.983, "2008-03-31": "-1.97200", "2007-12-31": -1.999, "2007-09-30": -2.035, "2007-06-30": -1.673, "2007-03-31": "-1.68200", "2006-12-31": -1.709, "2006-09-30": -1.708, "2006-06-30": -1.47, "2006-03-31": "-1.47400", "2005-12-31": -1.464, "2005-09-30": -1.458, "2005-06-30": 0, "2005-03-31": ""}, "Financial Activities - Other": {"2020-12-31": 3.609, "2020-09-30": -0.329, "2020-06-30": 10.637, "2020-03-31": "-13.91700", "2019-12-31": -1.236, "2019-09-30": 1.218, "2019-06-30": 11.48, "2019-03-31": "-20.51800", "2018-12-31": -0.002, "2018-09-30": -1.124, "2018-06-30": -0.108, "2018-03-31": "-3.68900", "2017-12-31": -0.51, "2017-09-30": -0.006, "2017-06-30": -0.026, "2017-03-31": "-0.33900", "2016-12-31": -0.285, "2016-09-30": -1.007, "2016-06-30": -0.035, "2016-03-31": "-1.37800", "2015-12-31": -0.03, "2015-09-30": 0.043, "2015-06-30": 0.016, "2015-03-31": "-1.58300", "2014-12-31": -0.449, "2014-09-30": -0.037, "2014-06-30": 0.09, "2014-03-31": "-1.14500", "2013-12-31": 0.007, "2013-09-30": -0.043, "2013-06-30": -0.003, "2013-03-31": "-1.37800", "2012-12-31": -0.088, "2012-09-30": -0.048, "2012-06-30": 0.024, "2012-03-31": "-2.16000", "2011-12-31": -0.663, "2011-09-30": 8, "2011-06-30": 0.059, "2011-03-31": "-8.18100", "2010-12-31": 0.024, "2010-09-30": 0.399, "2010-06-30": 1.148, "2010-03-31": "0.00900", "2009-12-31": -0.347, "2009-09-30": 1.375, "2009-06-30": 0.086, "2009-03-31": "0.23900", "2008-12-31": 0.046, "2008-09-30": 0.555, "2008-06-30": 0.482, "2008-03-31": "1.14800", "2007-12-31": -0.036, "2007-09-30": 1.958, "2007-06-30": 1.194, "2007-03-31": "0.50800", "2006-12-31": 0.751, "2006-09-30": 1.785, "2006-06-30": 1.575, "2006-03-31": "1.69400", "2005-12-31": 5.181, "2005-09-30": 0.77, "2005-06-30": 0.298, "2005-03-31": "1.21000"}, "Cash Flow From Financial Activities": {"2020-12-31": 260.468, "2020-09-30": -8.156, "2020-06-30": -18.849, "2020-03-31": "-233.46300", "2019-12-31": -8.123, "2019-09-30": -35.384, "2019-06-30": -73.433, "2019-03-31": "-53.62500", "2018-12-31": -104.26, "2018-09-30": -23.047, "2018-06-30": -112.107, "2018-03-31": "-91.26500", "2017-12-31": -6.757, "2017-09-30": -15.169, "2017-06-30": -10.792, "2017-03-31": "-21.67800", "2016-12-31": -6.975, "2016-09-30": -43.064, "2016-06-30": -30.287, "2016-03-31": "-31.74800", "2015-12-31": -60.605, "2015-09-30": -36.392, "2015-06-30": -61.875, "2015-03-31": "-95.79700", "2014-12-31": -9.705, "2014-09-30": -5.276, "2014-06-30": -22.198, "2014-03-31": "-75.16800", "2013-12-31": -24.827, "2013-09-30": -12.736, "2013-06-30": -58.371, "2013-03-31": "-21.81300", "2012-12-31": -33.535, "2012-09-30": -34.215, "2012-06-30": -21.416, "2012-03-31": "-30.14700", "2011-12-31": -24.27, "2011-09-30": -34.107, "2011-06-30": -14.125, "2011-03-31": "-17.99800", "2010-12-31": -54.332, "2010-09-30": -31.152, "2010-06-30": -9.928, "2010-03-31": "-3.82100", "2009-12-31": -1.142, "2009-09-30": -24.147, "2009-06-30": -63.612, "2009-03-31": "-47.02400", "2008-12-31": -48.656, "2008-09-30": -12.953, "2008-06-30": 1.74, "2008-03-31": "-12.17700", "2007-12-31": -30.178, "2007-09-30": -32.855, "2007-06-30": -42.384, "2007-03-31": "-62.35600", "2006-12-31": -54.119, "2006-09-30": -51.493, "2006-06-30": -42.186, "2006-03-31": "-77.35700", "2005-12-31": 65.223, "2005-09-30": -16.896, "2005-06-30": -46.727, "2005-03-31": "-30.79400"}, "Net Cash Flow": {"2020-12-31": 100.961, "2020-09-30": -26.917, "2020-06-30": 68.247, "2020-03-31": "-142.29100", "2019-12-31": 35.081, "2019-09-30": 34.222, "2019-06-30": -14.413, "2019-03-31": "64.88900", "2018-12-31": -14.238, "2018-09-30": 65.333, "2018-06-30": -71.964, "2018-03-31": "-21.81100", "2017-12-31": -7.325, "2017-09-30": 27.639, "2017-06-30": 6.634, "2017-03-31": "36.57100", "2016-12-31": 8.092, "2016-09-30": 17.435, "2016-06-30": -2.914, "2016-03-31": "41.76400", "2015-12-31": 5.621, "2015-09-30": 26.473, "2015-06-30": -32.461, "2015-03-31": "-49.05700", "2014-12-31": 23.353, "2014-09-30": 47.458, "2014-06-30": -21.033, "2014-03-31": "-66.13600", "2013-12-31": 82.75, "2013-09-30": 30.078, "2013-06-30": -23.308, "2013-03-31": "16.49800", "2012-12-31": -5.677, "2012-09-30": 15.566, "2012-06-30": 10.781, "2012-03-31": "-27.28600", "2011-12-31": 11.491, "2011-09-30": 29.865, "2011-06-30": -5.686, "2011-03-31": "0.52400", "2010-12-31": -10.369, "2010-09-30": 9.994, "2010-06-30": -37.412, "2010-03-31": "-3.22600", "2009-12-31": 16.729, "2009-09-30": -23.101, "2009-06-30": -38.287, "2009-03-31": "31.47400", "2008-12-31": 21.3, "2008-09-30": -1.188, "2008-06-30": -2.188, "2008-03-31": "20.23000", "2007-12-31": 1.703, "2007-09-30": 2.885, "2007-06-30": -21.618, "2007-03-31": "-13.71100", "2006-12-31": 8.672, "2006-09-30": 2.004, "2006-06-30": 31.414, "2006-03-31": "20.00300", "2005-12-31": -82.602, "2005-09-30": 50.115, "2005-06-30": -11.233, "2005-03-31": "11.43400"}, "Stock-Based Compensation": {"2020-12-31": -2.691, "2020-09-30": 1.49, "2020-06-30": 0.57, "2020-03-31": "0.63100", "2019-12-31": -0.234, "2019-09-30": 1.102, "2019-06-30": 1.43, "2019-03-31": "1.93800", "2018-12-31": 5.253, "2018-09-30": 4.901, "2018-06-30": 4.392, "2018-03-31": "3.71000", "2017-12-31": 4.061, "2017-09-30": 1.423, "2017-06-30": 1.243, "2017-03-31": "0.99400", "2016-12-31": 0.029, "2016-09-30": 0.652, "2016-06-30": 0.966, "2016-03-31": "1.10000", "2015-12-31": 1.986, "2015-09-30": 1.696, "2015-06-30": 1.576, "2015-03-31": "1.66700", "2014-12-31": 2.579, "2014-09-30": 1.419, "2014-06-30": 1.635, "2014-03-31": "1.16400", "2013-12-31": 0.778, "2013-09-30": 1.141, "2013-06-30": 1.374, "2013-03-31": "1.61800", "2012-12-31": 1.536, "2012-09-30": 1.427, "2012-06-30": 1.661, "2012-03-31": "1.52500", "2011-12-31": 1.229, "2011-09-30": 1.31, "2011-06-30": 1.268, "2011-03-31": "1.20500", "2010-12-31": 1.202, "2010-09-30": 1.199, "2010-06-30": 1.183, "2010-03-31": "1.18500", "2009-12-31": 1.221, "2009-09-30": 1.177, "2009-06-30": 1.181, "2009-03-31": "1.38900", "2008-12-31": 1.642, "2008-09-30": 1.642, "2008-06-30": 2.293, "2008-03-31": "1.69300", "2007-12-31": 2.11, "2007-09-30": 1.934, "2007-06-30": 2.452, "2007-03-31": "1.79200", "2006-12-31": 1.783, "2006-09-30": 1.828, "2006-06-30": 2.151, "2006-03-31": "1.41100", "2005-12-31": 1.742, "2005-09-30": 1.49, "2005-06-30": 1.709, "2005-03-31": "1.51200"}, "Common Stock Dividends Paid": {"2020-12-31": 101.442, "2020-09-30": -8.06, "2020-06-30": -7.099, "2020-03-31": "-86.28300", "2019-12-31": -7.302, "2019-09-30": -7.332, "2019-06-30": -6.628, "2019-03-31": "-6.62900", "2018-12-31": -6.657, "2018-09-30": -6.78, "2018-06-30": -6.188, "2018-03-31": "-69.29300", "2017-12-31": -4.199, "2017-09-30": -4.195, "2017-06-30": -3.774, "2017-03-31": "-3.77000", "2016-12-31": -3.76, "2016-09-30": -3.79, "2016-06-30": -3.386, "2016-03-31": "-3.39600", "2015-12-31": -3.415, "2015-09-30": -3.487, "2015-06-30": -3.074, "2015-03-31": "-47.90600", "2014-12-31": -3.134, "2014-09-30": -3.131, "2014-06-30": -2.7, "2014-03-31": "-18.64100", "2013-12-31": 0, "2013-09-30": 0, "2013-06-30": 0, "2013-03-31": "", "2012-12-31": -26.025, "2012-09-30": -2.799, "2012-06-30": -2.583, "2012-03-31": "-2.57400", "2011-12-31": -2.576, "2011-09-30": -2.619, "2011-06-30": -2.394, "2011-03-31": "-2.39400", "2010-12-31": -2.419, "2010-09-30": -2.476, "2010-06-30": -2.265, "2010-03-31": "-2.26200", "2009-12-31": -2.267, "2009-09-30": -2.296, "2009-06-30": -2.055, "2009-03-31": "-2.06800", "2008-12-31": -2.08, "2008-09-30": -2.101, "2008-06-30": -1.983, "2008-03-31": "-1.97200", "2007-12-31": -1.999, "2007-09-30": -2.035, "2007-06-30": -1.673, "2007-03-31": "-1.68200", "2006-12-31": -1.709, "2006-09-30": -1.708, "2006-06-30": -1.47, "2006-03-31": "-1.47400", "2005-12-31": -1.464, "2005-09-30": -1.458, "2005-06-30": 0, "2005-03-31": ""}}, "financial ratios": {"Current Ratio": {"2019-12-31": "1.80480", "2018-12-31": "1.81300", "2017-12-31": "1.75200", "2016-12-31": "1.93900", "2015-12-31": "1.77550", "2014-12-31": "1.78420", "2013-12-31": "1.81670", "2012-12-31": "1.71910", "2011-12-31": "1.66650", "2010-12-31": "1.51220", "2009-12-31": "1.64950", "2008-12-31": "2.00940", "2007-12-31": "1.73760", "2006-12-31": "1.88400", "2005-12-31": "2.05960"}, "Long-term Debt / Capital": {"2019-12-31": "0.08870", "2018-12-31": "0.10960", "2017-12-31": "0.11270", "2016-12-31": "0.14670", "2015-12-31": "0.14920", "2014-12-31": "0.13510", "2013-12-31": "0.13990", "2012-12-31": "0.20040", "2011-12-31": "0.27690", "2010-12-31": "0.28380", "2009-12-31": "0.20300", "2008-12-31": "0.30630", "2007-12-31": "0.43920", "2006-12-31": "0.32440", "2005-12-31": "0.37720"}, "Debt/Equity Ratio": {"2019-12-31": "0.23110", "2018-12-31": "0.26670", "2017-12-31": "0.25590", "2016-12-31": "0.32170", "2015-12-31": "0.34300", "2014-12-31": "0.29890", "2013-12-31": "0.28450", "2012-12-31": "0.38950", "2011-12-31": "0.52650", "2010-12-31": "0.58370", "2009-12-31": "0.45430", "2008-12-31": "0.66570", "2007-12-31": "1.05390", "2006-12-31": "0.67210", "2005-12-31": "0.76970"}, "Gross Margin": {"2019-12-31": "23.52650", "2018-12-31": "22.71070", "2017-12-31": "23.12370", "2016-12-31": "23.77530", "2015-12-31": "23.20980", "2014-12-31": "22.75550", "2013-12-31": "23.22840", "2012-12-31": "23.15860", "2011-12-31": "23.66520", "2010-12-31": "24.04190", "2009-12-31": "25.20040", "2008-12-31": "23.16440", "2007-12-31": "24.40870", "2006-12-31": "24.91060", "2005-12-31": "25.39520"}, "Operating Margin": {"2019-12-31": "7.30880", "2018-12-31": "7.18200", "2017-12-31": "6.68610", "2016-12-31": "7.04450", "2015-12-31": "7.27490", "2014-12-31": "7.04210", "2013-12-31": "6.62310", "2012-12-31": "7.24070", "2011-12-31": "6.87540", "2010-12-31": "5.82790", "2009-12-31": "5.65860", "2008-12-31": "7.06020", "2007-12-31": "7.40960", "2006-12-31": "7.59410", "2005-12-31": "7.66590"}, "EBIT Margin": {"2019-12-31": "7.30880", "2018-12-31": "7.18200", "2017-12-31": "6.68610", "2016-12-31": "7.04450", "2015-12-31": "7.27490", "2014-12-31": "7.04210", "2013-12-31": "6.62310", "2012-12-31": "7.24070", "2011-12-31": "6.87540", "2010-12-31": "5.82790", "2009-12-31": "5.65860", "2008-12-31": "7.06020", "2007-12-31": "7.40960", "2006-12-31": "7.59410", "2005-12-31": "7.66590"}, "EBITDA Margin": {"2019-12-31": "8.39620", "2018-12-31": "8.12530", "2017-12-31": "7.79770", "2016-12-31": "8.17410", "2015-12-31": "8.15080", "2014-12-31": "7.90750", "2013-12-31": "7.66080", "2012-12-31": "8.15020", "2011-12-31": "7.78430", "2010-12-31": "6.86070", "2009-12-31": "6.82910", "2008-12-31": "7.85220", "2007-12-31": "8.17540", "2006-12-31": "8.26110", "2005-12-31": "8.29760"}, "Pre-Tax Profit Margin": {"2019-12-31": "7.23200", "2018-12-31": "7.10940", "2017-12-31": "6.59940", "2016-12-31": "6.92480", "2015-12-31": "7.18610", "2014-12-31": "6.94230", "2013-12-31": "6.50270", "2012-12-31": "7.12850", "2011-12-31": "6.75710", "2010-12-31": "5.67710", "2009-12-31": "5.45810", "2008-12-31": "6.78240", "2007-12-31": "7.14140", "2006-12-31": "7.32320", "2005-12-31": "7.47770"}, "Net Profit Margin": {"2019-12-31": "5.56820", "2018-12-31": "5.52680", "2017-12-31": "4.85320", "2016-12-31": "4.33400", "2015-12-31": "4.44510", "2014-12-31": "4.35660", "2013-12-31": "5.47620", "2012-12-31": "4.68120", "2011-12-31": "4.29670", "2010-12-31": "3.64380", "2009-12-31": "3.50210", "2008-12-31": "4.19170", "2007-12-31": "4.39910", "2006-12-31": "4.49110", "2005-12-31": "4.58630"}, "Asset Turnover": {"2019-12-31": "2.86450", "2018-12-31": "3.34570", "2017-12-31": "2.69790", "2016-12-31": "2.89000", "2015-12-31": "3.35090", "2014-12-31": "3.05130", "2013-12-31": "2.74670", "2012-12-31": "3.15250", "2011-12-31": "3.25320", "2010-12-31": "3.51190", "2009-12-31": "3.09820", "2008-12-31": "3.98840", "2007-12-31": "3.96280", "2006-12-31": "3.89390", "2005-12-31": "3.29130"}, "Inventory Turnover Ratio": {"2019-12-31": "", "2018-12-31": "", "2017-12-31": "", "2016-12-31": "", "2015-12-31": "", "2014-12-31": "", "2013-12-31": "", "2012-12-31": "", "2011-12-31": "", "2010-12-31": "", "2009-12-31": "", "2008-12-31": "", "2007-12-31": "", "2006-12-31": "", "2005-12-31": ""}, "Receiveable Turnover": {"2019-12-31": "6.55280", "2018-12-31": "6.45690", "2017-12-31": "5.56680", "2016-12-31": "6.57950", "2015-12-31": "6.90500", "2014-12-31": "6.27480", "2013-12-31": "5.89050", "2012-12-31": "5.97410", "2011-12-31": "6.23770", "2010-12-31": "7.24960", "2009-12-31": "6.76780", "2008-12-31": "8.13910", "2007-12-31": "7.75480", "2006-12-31": "7.55750", "2005-12-31": "4.61920"}, "Days Sales In Receivables": {"2019-12-31": "55.70140", "2018-12-31": "56.52830", "2017-12-31": "65.56690", "2016-12-31": "55.47540", "2015-12-31": "52.86020", "2014-12-31": "58.16940", "2013-12-31": "61.96400", "2012-12-31": "61.09730", "2011-12-31": "58.51480", "2010-12-31": "50.34790", "2009-12-31": "53.93170", "2008-12-31": "44.84530", "2007-12-31": "47.06740", "2006-12-31": "48.29660", "2005-12-31": "79.01740"}, "ROE - Return On Equity": {"2019-12-31": "31.56100", "2018-12-31": "37.03390", "2017-12-31": "27.06870", "2016-12-31": "25.31530", "2015-12-31": "31.67680", "2014-12-31": "28.42930", "2013-12-31": "23.96620", "2012-12-31": "33.35480", "2011-12-31": "37.10960", "2010-12-31": "34.49940", "2009-12-31": "26.08610", "2008-12-31": "43.82230", "2007-12-31": "60.65350", "2006-12-31": "49.10890", "2005-12-31": "45.21040"}, "Return On Tangible Equity": {"2019-12-31": "33.34060", "2018-12-31": "39.20920", "2017-12-31": "28.78860", "2016-12-31": "26.85640", "2015-12-31": "33.94350", "2014-12-31": "30.36550", "2013-12-31": "25.72880", "2012-12-31": "39.30820", "2011-12-31": "45.88230", "2010-12-31": "44.74590", "2009-12-31": "33.20190", "2008-12-31": "49.96800", "2007-12-31": "73.27200", "2006-12-31": "56.78670", "2005-12-31": "51.47870"}, "ROA - Return On Assets": {"2019-12-31": "15.94880", "2018-12-31": "18.48610", "2017-12-31": "13.08700", "2016-12-31": "12.52520", "2015-12-31": "14.89520", "2014-12-31": "13.29320", "2013-12-31": "11.22100", "2012-12-31": "14.39200", "2011-12-31": "13.79720", "2010-12-31": "12.66040", "2009-12-31": "10.78160", "2008-12-31": "16.71820", "2007-12-31": "17.43290", "2006-12-31": "17.48780", "2005-12-31": "15.09480"}, "ROI - Return On Investment": {"2019-12-31": "28.76200", "2018-12-31": "32.97340", "2017-12-31": "24.01770", "2016-12-31": "21.60220", "2015-12-31": "26.94910", "2014-12-31": "24.58890", "2013-12-31": "20.61280", "2012-12-31": "26.66910", "2011-12-31": "26.83210", "2010-12-31": "24.70910", "2009-12-31": "20.78970", "2008-12-31": "30.40110", "2007-12-31": "34.01320", "2006-12-31": "33.17590", "2005-12-31": "28.15760"}, "Book Value Per Share": {"2019-12-31": "18.27750", "2018-12-31": "17.17850", "2017-12-31": "15.57180", "2016-12-31": "12.96800", "2015-12-31": "10.99100", "2014-12-31": "10.90010", "2013-12-31": "9.99100", "2012-12-31": "8.16940", "2011-12-31": "6.43360", "2010-12-31": "5.24380", "2009-12-31": "5.33810", "2008-12-31": "4.89770", "2007-12-31": "3.44350", "2006-12-31": "4.11460", "2005-12-31": "4.34790"}, "Operating Cash Flow Per Share": {"2019-12-31": 0.526, "2018-12-31": 3.9046, "2017-12-31": -1.1975, "2016-12-31": -0.4262, "2015-12-31": 2.6752, "2014-12-31": -1.048, "2013-12-31": 0.7363, "2012-12-31": 0.1648, "2011-12-31": 0.2086, "2010-12-31": -0.6333, "2009-12-31": 0.5624, "2008-12-31": -0.2848, "2007-12-31": -2.4319, "2006-12-31": 4.9896, "2005-12-31": -0.0084}, "Free Cash Flow Per Share": {"2019-12-31": 0.277, "2018-12-31": 4.0409, "2017-12-31": -1.1781, "2016-12-31": -0.6495, "2015-12-31": 2.6722, "2014-12-31": -1.1883, "2013-12-31": 0.7159, "2012-12-31": 0.2414, "2011-12-31": 0.7454, "2010-12-31": -1.1176, "2009-12-31": 0.6799, "2008-12-31": -0.3879, "2007-12-31": -2.4563, "2006-12-31": 4.9526, "2005-12-31": 0.0021}}, "financial ratios, quarterly": {"Current Ratio": {"2020-09-30": "1.77370", "2020-06-30": "1.77490", "2020-03-31": "1.75580", "2019-12-31": "1.80480", "2019-09-30": "2.00670", "2019-06-30": "1.98060", "2019-03-31": "1.99520", "2018-12-31": "1.81300", "2018-09-30": "1.93940", "2018-06-30": "1.82410", "2018-03-31": "1.96370", "2017-12-31": "1.75200", "2017-09-30": "1.96430", "2017-06-30": "2.05310", "2017-03-31": "2.03180", "2016-12-31": "1.93900", "2016-09-30": "1.90900", "2016-06-30": "1.96200", "2016-03-31": "1.97720", "2015-12-31": "1.77550", "2015-09-30": "1.90510", "2015-06-30": "1.89600", "2015-03-31": "1.96540", "2014-12-31": "1.78420", "2014-09-30": "1.93500", "2014-06-30": "1.80890", "2014-03-31": "1.74990", "2013-12-31": "1.81670", "2013-09-30": "1.67860", "2013-06-30": "1.67780", "2013-03-31": "1.78400", "2012-12-31": "1.71910", "2012-09-30": "1.66290", "2012-06-30": "1.66750", "2012-03-31": "1.67640", "2011-12-31": "1.66650", "2011-09-30": "1.53460", "2011-06-30": "1.58660", "2011-03-31": "1.54470", "2010-12-31": "1.51220", "2010-09-30": "1.58230", "2010-06-30": "1.55480", "2010-03-31": "1.62490", "2009-12-31": "1.64950", "2009-09-30": "1.68880", "2009-06-30": "1.85920", "2009-03-31": "2.05110", "2008-12-31": "2.00940", "2008-09-30": "1.89750", "2008-06-30": "1.87140", "2008-03-31": "1.81250", "2007-12-31": "1.73760", "2007-09-30": "1.66400", "2007-06-30": "1.69020", "2007-03-31": "1.76830", "2006-12-31": "1.88400", "2006-09-30": "1.88020", "2006-06-30": "2.02560", "2006-03-31": "1.97420", "2005-12-31": "2.05960", "2005-09-30": "1.67040", "2005-06-30": "1.82720", "2005-03-31": "1.92700"}, "Long-term Debt / Capital": {"2020-09-30": "0.06930", "2020-06-30": "0.08480", "2020-03-31": "0.08990", "2019-12-31": "0.08870", "2019-09-30": "0.07510", "2019-06-30": "0.08260", "2019-03-31": "0.09360", "2018-12-31": "0.10960", "2018-09-30": "0.09120", "2018-06-30": "0.08970", "2018-03-31": "0.09410", "2017-12-31": "0.11270", "2017-09-30": "0.10510", "2017-06-30": "0.11300", "2017-03-31": "0.12640", "2016-12-31": "0.14670", "2016-09-30": "0.15200", "2016-06-30": "0.13370", "2016-03-31": "0.14440", "2015-12-31": "0.14920", "2015-09-30": "0.11130", "2015-06-30": "0.11170", "2015-03-31": "0.12260", "2014-12-31": "0.13510", "2014-09-30": "0.13970", "2014-06-30": "0.12110", "2014-03-31": "0.12200", "2013-12-31": "0.13990", "2013-09-30": "0.17650", "2013-06-30": "0.19340", "2013-03-31": "0.16820", "2012-12-31": "0.20040", "2012-09-30": "0.21170", "2012-06-30": "0.23800", "2012-03-31": "0.23260", "2011-12-31": "0.27690", "2011-09-30": "0.28410", "2011-06-30": "0.24950", "2011-03-31": "0.26720", "2010-12-31": "0.28380", "2010-09-30": "0.27260", "2010-06-30": "0.24800", "2010-03-31": "0.22800", "2009-12-31": "0.20300", "2009-09-30": "0.15140", "2009-06-30": "0.12220", "2009-03-31": "0.26350", "2008-12-31": "0.30630", "2008-09-30": "0.34540", "2008-06-30": "0.32160", "2008-03-31": "0.37100", "2007-12-31": "0.43920", "2007-09-30": "0.34520", "2007-06-30": "0.25310", "2007-03-31": "0.25350", "2006-12-31": "0.32440", "2006-09-30": "0.31440", "2006-06-30": "0.26280", "2006-03-31": "0.25100", "2005-12-31": "0.37720", "2005-09-30": "0.32330", "2005-06-30": "0.34240", "2005-03-31": "0.30270"}, "Debt/Equity Ratio": {"2020-09-30": "0.19100", "2020-06-30": "0.20630", "2020-03-31": "0.21990", "2019-12-31": "0.23110", "2019-09-30": "0.19230", "2019-06-30": "0.20370", "2019-03-31": "0.21690", "2018-12-31": "0.26670", "2018-09-30": "0.21150", "2018-06-30": "0.22590", "2018-03-31": "0.21180", "2017-12-31": "0.25590", "2017-09-30": "0.23130", "2017-06-30": "0.25130", "2017-03-31": "0.27060", "2016-12-31": "0.32170", "2016-09-30": "0.32230", "2016-06-30": "0.30020", "2016-03-31": "0.32050", "2015-12-31": "0.34300", "2015-09-30": "0.26300", "2015-06-30": "0.26610", "2015-03-31": "0.26950", "2014-12-31": "0.29890", "2014-09-30": "0.29730", "2014-06-30": "0.26090", "2014-03-31": "0.24930", "2013-12-31": "0.28450", "2013-09-30": "0.34250", "2013-06-30": "0.37300", "2013-03-31": "0.32000", "2012-12-31": "0.38950", "2012-09-30": "0.39260", "2012-06-30": "0.43030", "2012-03-31": "0.42020", "2011-12-31": "0.52650", "2011-09-30": "0.53900", "2011-06-30": "0.48680", "2011-03-31": "0.52960", "2010-12-31": "0.58370", "2010-09-30": "0.54110", "2010-06-30": "0.52340", "2010-03-31": "0.46980", "2009-12-31": "0.45430", "2009-09-30": "0.35000", "2009-06-30": "0.31010", "2009-03-31": "0.55440", "2008-12-31": "0.66570", "2008-09-30": "0.75360", "2008-06-30": "0.69050", "2008-03-31": "0.83070", "2007-12-31": "1.05390", "2007-09-30": "0.79540", "2007-06-30": "0.55230", "2007-03-31": "0.53320", "2006-12-31": "0.67210", "2006-09-30": "0.65150", "2006-06-30": "0.50150", "2006-03-31": "0.46760", "2005-12-31": "0.76970", "2005-09-30": "0.64490", "2005-06-30": "0.70090", "2005-03-31": "0.59720"}, "Gross Margin": {"2020-09-30": "22.78530", "2020-06-30": "22.95340", "2020-03-31": "23.63180", "2019-12-31": "23.52540", "2019-09-30": "23.53990", "2019-06-30": "23.60190", "2019-03-31": "23.43820", "2018-12-31": "22.99810", "2018-09-30": "22.57620", "2018-06-30": "22.53460", "2018-03-31": "22.73960", "2017-12-31": "22.53860", "2017-09-30": "23.01710", "2017-06-30": "23.35750", "2017-03-31": "23.78010", "2016-12-31": "23.32130", "2016-09-30": "23.75930", "2016-06-30": "24.00390", "2016-03-31": "24.11380", "2015-12-31": "23.31400", "2015-09-30": "23.33440", "2015-06-30": "23.15410", "2015-03-31": "23.02000", "2014-12-31": "22.54450", "2014-09-30": "22.69940", "2014-06-30": "22.80900", "2014-03-31": "23.02330", "2013-12-31": "22.83400", "2013-09-30": "23.34070", "2013-06-30": "23.37440", "2013-03-31": "23.38660", "2012-12-31": "21.30830", "2012-09-30": "23.60760", "2012-06-30": "23.57440", "2012-03-31": "24.09700", "2011-12-31": "21.40190", "2011-09-30": "24.26790", "2011-06-30": "24.55370", "2011-03-31": "24.65200", "2010-12-31": "24.77300", "2010-09-30": "23.84900", "2010-06-30": "23.66330", "2010-03-31": "23.92020", "2009-12-31": "24.58410", "2009-09-30": "25.67550", "2009-06-30": "25.40570", "2009-03-31": "25.19800", "2008-12-31": "23.87380", "2008-09-30": "22.31630", "2008-06-30": "22.92420", "2008-03-31": "23.75620", "2007-12-31": "24.01510", "2007-09-30": "24.21240", "2007-06-30": "24.50800", "2007-03-31": "24.95400", "2006-12-31": "24.89570", "2006-09-30": "25.27650", "2006-06-30": "24.53800", "2006-03-31": "24.92890", "2005-12-31": "25.79550", "2005-09-30": "25.70430", "2005-06-30": "24.87700", "2005-03-31": "24.89760"}, "Operating Margin": {"2020-09-30": "7.58120", "2020-06-30": "3.90380", "2020-03-31": "5.81490", "2019-12-31": "6.67740", "2019-09-30": "6.97330", "2019-06-30": "7.72720", "2019-03-31": "7.82250", "2018-12-31": "7.27460", "2018-09-30": "7.23710", "2018-06-30": "7.04800", "2018-03-31": "7.16570", "2017-12-31": "6.65640", "2017-09-30": "6.41500", "2017-06-30": "7.00520", "2017-03-31": "6.69810", "2016-12-31": "7.13870", "2016-09-30": "7.41610", "2016-06-30": "6.84550", "2016-03-31": "6.73180", "2015-12-31": "7.37940", "2015-09-30": "7.59790", "2015-06-30": "7.60120", "2015-03-31": "6.43020", "2014-12-31": "7.09100", "2014-09-30": "7.26860", "2014-06-30": "7.18870", "2014-03-31": "6.53740", "2013-12-31": "5.74010", "2013-09-30": "6.89660", "2013-06-30": "7.17690", "2013-03-31": "6.70800", "2012-12-31": "6.63980", "2012-09-30": "7.57830", "2012-06-30": "7.98350", "2012-03-31": "6.64450", "2011-12-31": "6.96080", "2011-09-30": "7.23760", "2011-06-30": "7.20020", "2011-03-31": "5.95480", "2010-12-31": "6.08960", "2010-09-30": "5.75720", "2010-06-30": "6.22760", "2010-03-31": "5.15980", "2009-12-31": "5.03080", "2009-09-30": "6.52320", "2009-06-30": "6.05920", "2009-03-31": "5.04990", "2008-12-31": "6.77870", "2008-09-30": "7.45530", "2008-06-30": "7.18550", "2008-03-31": "6.72030", "2007-12-31": "7.55560", "2007-09-30": "7.80730", "2007-06-30": "7.80630", "2007-03-31": "6.37480", "2006-12-31": "7.93750", "2006-09-30": "7.94750", "2006-06-30": "7.64700", "2006-03-31": "6.81680", "2005-12-31": "8.68270", "2005-09-30": "8.50130", "2005-06-30": "6.97940", "2005-03-31": "5.65830"}, "EBIT Margin": {"2020-09-30": "7.58120", "2020-06-30": "3.90380", "2020-03-31": "5.81490", "2019-12-31": "6.67740", "2019-09-30": "6.97330", "2019-06-30": "7.72720", "2019-03-31": "7.82250", "2018-12-31": "7.27450", "2018-09-30": "7.23710", "2018-06-30": "7.04800", "2018-03-31": "7.16570", "2017-12-31": "6.65640", "2017-09-30": "6.41500", "2017-06-30": "7.00520", "2017-03-31": "6.69810", "2016-12-31": "7.13870", "2016-09-30": "7.41610", "2016-06-30": "6.84550", "2016-03-31": "6.73180", "2015-12-31": "7.37940", "2015-09-30": "7.59790", "2015-06-30": "7.60120", "2015-03-31": "6.43020", "2014-12-31": "7.09100", "2014-09-30": "7.26860", "2014-06-30": "7.18870", "2014-03-31": "6.53740", "2013-12-31": "5.74010", "2013-09-30": "6.89660", "2013-06-30": "7.17690", "2013-03-31": "6.70800", "2012-12-31": "6.63980", "2012-09-30": "7.57830", "2012-06-30": "7.98350", "2012-03-31": "6.64450", "2011-12-31": "6.96080", "2011-09-30": "7.23760", "2011-06-30": "7.20020", "2011-03-31": "5.95480", "2010-12-31": "6.08960", "2010-09-30": "5.75720", "2010-06-30": "6.22760", "2010-03-31": "5.15980", "2009-12-31": "5.03080", "2009-09-30": "6.52320", "2009-06-30": "6.05920", "2009-03-31": "5.04990", "2008-12-31": "6.77870", "2008-09-30": "7.45530", "2008-06-30": "7.18550", "2008-03-31": "6.72030", "2007-12-31": "7.55560", "2007-09-30": "7.80730", "2007-06-30": "7.80630", "2007-03-31": "6.37480", "2006-12-31": "7.93750", "2006-09-30": "7.94750", "2006-06-30": "7.64700", "2006-03-31": "6.81680", "2005-12-31": "8.68270", "2005-09-30": "8.50130", "2005-06-30": "6.97940", "2005-03-31": "5.65830"}, "EBITDA Margin": {"2020-09-30": "", "2020-06-30": "", "2020-03-31": "", "2019-12-31": "", "2019-09-30": "", "2019-06-30": "", "2019-03-31": "", "2018-12-31": "", "2018-09-30": "", "2018-06-30": "", "2018-03-31": "", "2017-12-31": "", "2017-09-30": "", "2017-06-30": "", "2017-03-31": "", "2016-12-31": "", "2016-09-30": "", "2016-06-30": "", "2016-03-31": "", "2015-12-31": "", "2015-09-30": "", "2015-06-30": "", "2015-03-31": "", "2014-12-31": "", "2014-09-30": "", "2014-06-30": "", "2014-03-31": "", "2013-12-31": "", "2013-09-30": "", "2013-06-30": "", "2013-03-31": "", "2012-12-31": "", "2012-09-30": "", "2012-06-30": "", "2012-03-31": "", "2011-12-31": "", "2011-09-30": "", "2011-06-30": "", "2011-03-31": "", "2010-12-31": "", "2010-09-30": "", "2010-06-30": "", "2010-03-31": "", "2009-12-31": "", "2009-09-30": "", "2009-06-30": "", "2009-03-31": "", "2008-12-31": "", "2008-09-30": "", "2008-06-30": "", "2008-03-31": "", "2007-12-31": "", "2007-09-30": "", "2007-06-30": "", "2007-03-31": "", "2006-12-31": "", "2006-09-30": "", "2006-06-30": "", "2006-03-31": "", "2005-12-31": "", "2005-09-30": "", "2005-06-30": "", "2005-03-31": ""}, "Pre-Tax Profit Margin": {"2020-09-30": "7.48840", "2020-06-30": "3.78540", "2020-03-31": "5.71240", "2019-12-31": "6.59080", "2019-09-30": "6.89790", "2019-06-30": "7.65940", "2019-03-31": "7.74470", "2018-12-31": "7.19860", "2018-09-30": "7.16920", "2018-06-30": "6.97720", "2018-03-31": "7.08940", "2017-12-31": "6.59870", "2017-09-30": "6.34550", "2017-06-30": "6.91110", "2017-03-31": "6.55950", "2016-12-31": "7.01900", "2016-09-30": "7.29590", "2016-06-30": "6.73100", "2016-03-31": "6.60690", "2015-12-31": "7.29210", "2015-09-30": "7.51310", "2015-06-30": "7.51910", "2015-03-31": "6.32780", "2014-12-31": "6.98480", "2014-09-30": "7.17410", "2014-06-30": "7.10060", "2014-03-31": "6.42590", "2013-12-31": "5.61820", "2013-09-30": "6.76990", "2013-06-30": "7.06260", "2013-03-31": "6.58930", "2012-12-31": "6.52050", "2012-09-30": "7.46430", "2012-06-30": "7.87900", "2012-03-31": "6.53300", "2011-12-31": "6.85040", "2011-09-30": "7.13020", "2011-06-30": "7.08520", "2011-03-31": "5.81020", "2010-12-31": "5.93240", "2010-09-30": "5.59120", "2010-06-30": "6.10150", "2010-03-31": "5.00410", "2009-12-31": "4.85980", "2009-09-30": "6.33220", "2009-06-30": "5.86120", "2009-03-31": "4.80230", "2008-12-31": "6.49490", "2008-09-30": "7.21580", "2008-06-30": "6.93690", "2008-03-31": "6.36920", "2007-12-31": "7.21070", "2007-09-30": "7.52990", "2007-06-30": "7.63160", "2007-03-31": "6.09950", "2006-12-31": "7.63220", "2006-09-30": "7.66950", "2006-06-30": "7.44640", "2006-03-31": "6.51370", "2005-12-31": "8.48920", "2005-09-30": "8.32330", "2005-06-30": "6.78460", "2005-03-31": "5.47190"}, "Net Profit Margin": {"2020-09-30": "5.69720", "2020-06-30": "2.94220", "2020-03-31": "4.40330", "2019-12-31": "5.02400", "2019-09-30": "5.25730", "2019-06-30": "5.83950", "2019-03-31": "6.12270", "2018-12-31": "5.76770", "2018-09-30": "5.56780", "2018-06-30": "5.28210", "2018-03-31": "5.48410", "2017-12-31": "6.15300", "2017-09-30": "4.49540", "2017-06-30": "4.30630", "2017-03-31": "4.14460", "2016-12-31": "4.43040", "2016-09-30": "4.60210", "2016-06-30": "4.16640", "2016-03-31": "4.09870", "2015-12-31": "4.45900", "2015-09-30": "4.67270", "2015-06-30": "4.65870", "2015-03-31": "3.93520", "2014-12-31": "4.45920", "2014-09-30": "4.48420", "2014-06-30": "4.40920", "2014-03-31": "4.01390", "2013-12-31": "8.60230", "2013-09-30": "4.32700", "2013-06-30": "4.50920", "2013-03-31": "4.29680", "2012-12-31": "5.07880", "2012-09-30": "4.61300", "2012-06-30": "4.86910", "2012-03-31": "4.13410", "2011-12-31": "4.68030", "2011-09-30": "4.40660", "2011-06-30": "4.37870", "2011-03-31": "3.60150", "2010-12-31": "4.09830", "2010-09-30": "3.49770", "2010-06-30": "3.80630", "2010-03-31": "3.13220", "2009-12-31": "3.38810", "2009-09-30": "4.00760", "2009-06-30": "3.63380", "2009-03-31": "2.95820", "2008-12-31": "4.07040", "2008-09-30": "4.47360", "2008-06-30": "4.26170", "2008-03-31": "3.89280", "2007-12-31": "4.50720", "2007-09-30": "4.61510", "2007-06-30": "4.67830", "2007-03-31": "3.73520", "2006-12-31": "4.68070", "2006-09-30": "4.70080", "2006-06-30": "4.57450", "2006-03-31": "3.98910", "2005-12-31": "5.21650", "2005-09-30": "5.10680", "2005-06-30": "4.15410", "2005-03-31": "3.34520"}, "Asset Turnover": {"2020-09-30": "0.78020", "2020-06-30": "0.64800", "2020-03-31": "0.75110", "2019-12-31": "0.69770", "2019-09-30": "0.73100", "2019-06-30": "0.77580", "2019-03-31": "0.76550", "2018-12-31": "0.85720", "2018-09-30": "0.86510", "2018-06-30": "0.90430", "2018-03-31": "0.79440", "2017-12-31": "0.77810", "2017-09-30": "0.74730", "2017-06-30": "0.75140", "2017-03-31": "0.70630", "2016-12-31": "0.81460", "2016-09-30": "0.76700", "2016-06-30": "0.78760", "2016-03-31": "0.74360", "2015-12-31": "0.85620", "2015-09-30": "0.88360", "2015-06-30": "0.91740", "2015-03-31": "0.80490", "2014-12-31": "0.82660", "2014-09-30": "0.83620", "2014-06-30": "0.84650", "2014-03-31": "0.72930", "2013-12-31": "0.71320", "2013-09-30": "0.71080", "2013-06-30": "0.75630", "2013-03-31": "0.70420", "2012-12-31": "0.76070", "2012-09-30": "0.78910", "2012-06-30": "0.83370", "2012-03-31": "0.80000", "2011-12-31": "0.86240", "2011-09-30": "0.85190", "2011-06-30": "0.90820", "2011-03-31": "0.80140", "2010-12-31": "0.85980", "2010-09-30": "0.87340", "2010-06-30": "0.88050", "2010-03-31": "0.79900", "2009-12-31": "0.84470", "2009-09-30": "0.81090", "2009-06-30": "0.84240", "2009-03-31": "0.76180", "2008-12-31": "0.91100", "2008-09-30": "1.00550", "2008-06-30": "1.00630", "2008-03-31": "0.95570", "2007-12-31": "1.02400", "2007-09-30": "1.00590", "2007-06-30": "1.01380", "2007-03-31": "0.93200", "2006-12-31": "0.94790", "2006-09-30": "0.95860", "2006-06-30": "0.96170", "2006-03-31": "0.88080", "2005-12-31": "1.04600", "2005-09-30": "1.05210", "2005-06-30": "0.99340", "2005-03-31": "0.90240"}, "Inventory Turnover Ratio": {"2020-09-30": "", "2020-06-30": "", "2020-03-31": "", "2019-12-31": "", "2019-09-30": "", "2019-06-30": "", "2019-03-31": "", "2018-12-31": "", "2018-09-30": "", "2018-06-30": "", "2018-03-31": "", "2017-12-31": "", "2017-09-30": "", "2017-06-30": "", "2017-03-31": "", "2016-12-31": "", "2016-09-30": "", "2016-06-30": "", "2016-03-31": "", "2015-12-31": "", "2015-09-30": "", "2015-06-30": "", "2015-03-31": "", "2014-12-31": "", "2014-09-30": "", "2014-06-30": "", "2014-03-31": "", "2013-12-31": "", "2013-09-30": "", "2013-06-30": "", "2013-03-31": "", "2012-12-31": "", "2012-09-30": "", "2012-06-30": "", "2012-03-31": "", "2011-12-31": "", "2011-09-30": "", "2011-06-30": "", "2011-03-31": "", "2010-12-31": "", "2010-09-30": "", "2010-06-30": "", "2010-03-31": "", "2009-12-31": "", "2009-09-30": "", "2009-06-30": "", "2009-03-31": "", "2008-12-31": "", "2008-09-30": "", "2008-06-30": "", "2008-03-31": "", "2007-12-31": "", "2007-09-30": "", "2007-06-30": "", "2007-03-31": "", "2006-12-31": "", "2006-09-30": "", "2006-06-30": "", "2006-03-31": "", "2005-12-31": "", "2005-09-30": "", "2005-06-30": "", "2005-03-31": ""}, "Receiveable Turnover": {"2020-09-30": "1.60110", "2020-06-30": "1.59440", "2020-03-31": "1.55390", "2019-12-31": "1.59620", "2019-09-30": "1.62390", "2019-06-30": "1.68400", "2019-03-31": "1.64490", "2018-12-31": "1.65430", "2018-09-30": "1.66920", "2018-06-30": "1.66790", "2018-03-31": "1.58980", "2017-12-31": "1.60550", "2017-09-30": "1.66950", "2017-06-30": "1.73870", "2017-03-31": "1.68610", "2016-12-31": "1.85450", "2016-09-30": "1.84990", "2016-06-30": "1.84250", "2016-03-31": "1.72890", "2015-12-31": "1.76440", "2015-09-30": "1.75490", "2015-06-30": "1.72610", "2015-03-31": "1.59860", "2014-12-31": "1.69990", "2014-09-30": "1.75200", "2014-06-30": "1.58300", "2014-03-31": "1.39520", "2013-12-31": "1.52960", "2013-09-30": "1.43210", "2013-06-30": "1.50640", "2013-03-31": "1.40710", "2012-12-31": "1.44160", "2012-09-30": "1.49040", "2012-06-30": "1.54060", "2012-03-31": "1.48190", "2011-12-31": "1.65360", "2011-09-30": "1.54930", "2011-06-30": "1.64450", "2011-03-31": "1.52500", "2010-12-31": "1.77490", "2010-09-30": "1.81740", "2010-06-30": "1.77840", "2010-03-31": "1.71980", "2009-12-31": "1.84520", "2009-09-30": "1.86540", "2009-06-30": "1.96440", "2009-03-31": "1.87530", "2008-12-31": "1.85910", "2008-09-30": "1.82810", "2008-06-30": "1.90990", "2008-03-31": "1.88550", "2007-12-31": "2.00390", "2007-09-30": "1.97790", "2007-06-30": "1.95110", "2007-03-31": "1.79450", "2006-12-31": "1.83970", "2006-09-30": "1.72870", "2006-06-30": "1.67130", "2006-03-31": "1.33010", "2005-12-31": "1.46800", "2005-09-30": "1.92150", "2005-06-30": "1.83530", "2005-03-31": "1.58250"}, "Days Sales In Receivables": {"2020-09-30": "56.21240", "2020-06-30": "56.44920", "2020-03-31": "57.91900", "2019-12-31": "56.38430", "2019-09-30": "55.42290", "2019-06-30": "53.44440", "2019-03-31": "54.71450", "2018-12-31": "54.40310", "2018-09-30": "53.91920", "2018-06-30": "53.96140", "2018-03-31": "56.61180", "2017-12-31": "56.05690", "2017-09-30": "53.90900", "2017-06-30": "51.76400", "2017-03-31": "53.37700", "2016-12-31": "48.53190", "2016-09-30": "48.65240", "2016-06-30": "48.84710", "2016-03-31": "52.05600", "2015-12-31": "51.01020", "2015-09-30": "51.28520", "2015-06-30": "52.14040", "2015-03-31": "56.30010", "2014-12-31": "52.94310", "2014-09-30": "51.36930", "2014-06-30": "56.85310", "2014-03-31": "64.50820", "2013-12-31": "58.83990", "2013-09-30": "62.84480", "2013-06-30": "59.74540", "2013-03-31": "63.96320", "2012-12-31": "62.42900", "2012-09-30": "60.38580", "2012-06-30": "58.42070", "2012-03-31": "60.73260", "2011-12-31": "54.42660", "2011-09-30": "58.09220", "2011-06-30": "54.72710", "2011-03-31": "59.01830", "2010-12-31": "50.70600", "2010-09-30": "49.52010", "2010-06-30": "50.60610", "2010-03-31": "52.33160", "2009-12-31": "48.77530", "2009-09-30": "48.24620", "2009-06-30": "45.81460", "2009-03-31": "47.99330", "2008-12-31": "48.41000", "2008-09-30": "49.23100", "2008-06-30": "47.12220", "2008-03-31": "47.73310", "2007-12-31": "44.91250", "2007-09-30": "45.50240", "2007-06-30": "46.12670", "2007-03-31": "50.15260", "2006-12-31": "48.92210", "2006-09-30": "52.06160", "2006-06-30": "53.84900", "2006-03-31": "67.66430", "2005-12-31": "61.30610", "2005-09-30": "46.83730", "2005-06-30": "49.03720", "2005-03-31": "56.87220"}, "ROE - Return On Equity": {"2020-09-30": "8.77030", "2020-06-30": "3.73640", "2020-03-31": "6.52130", "2019-12-31": "6.93700", "2019-09-30": "7.04450", "2019-06-30": "8.38940", "2019-03-31": "8.69200", "2018-12-31": "9.91100", "2018-09-30": "9.21880", "2018-06-30": "9.45510", "2018-03-31": "8.13740", "2017-12-31": "9.89220", "2017-09-30": "6.48650", "2017-06-30": "6.15430", "2017-03-31": "5.64420", "2016-12-31": "7.29400", "2016-09-30": "7.15920", "2016-06-30": "6.49850", "2016-03-31": "6.04990", "2015-12-31": "8.11930", "2015-09-30": "8.21970", "2015-06-30": "8.62000", "2015-03-31": "6.19730", "2014-12-31": "7.88330", "2014-09-30": "7.41520", "2014-06-30": "7.80880", "2014-03-31": "6.23630", "2013-12-31": "5.53950", "2013-09-30": "6.73410", "2013-06-30": "7.51880", "2013-03-31": "6.31460", "2012-12-31": "8.10720", "2012-09-30": "8.91170", "2012-06-30": "10.31030", "2012-03-31": "8.17640", "2011-12-31": "10.39000", "2011-09-30": "10.82710", "2011-06-30": "10.47790", "2011-03-31": "7.83310", "2010-12-31": "9.51480", "2010-09-30": "7.78770", "2010-06-30": "8.49630", "2010-03-31": "6.05870", "2009-12-31": "6.83830", "2009-09-30": "7.22140", "2009-06-30": "6.58300", "2009-03-31": "5.45020", "2008-12-31": "9.72010", "2008-09-30": "13.01780", "2008-06-30": "12.01120", "2008-03-31": "11.27580", "2007-12-31": "16.05820", "2007-09-30": "14.56770", "2007-06-30": "13.14010", "2007-03-31": "9.35430", "2006-12-31": "12.45910", "2006-09-30": "12.72140", "2006-06-30": "11.09950", "2006-03-31": "8.89690", "2005-12-31": "16.34290", "2005-09-30": "17.16090", "2005-06-30": "12.45340", "2005-03-31": "8.37730"}, "Return On Tangible Equity": {"2020-09-30": "9.30080", "2020-06-30": "3.98230", "2020-03-31": "6.93240", "2019-12-31": "7.32810", "2019-09-30": "7.41980", "2019-06-30": "8.85640", "2019-03-31": "9.17500", "2018-12-31": "10.49320", "2018-09-30": "9.73580", "2018-06-30": "10.04330", "2018-03-31": "8.61770", "2017-12-31": "10.52080", "2017-09-30": "6.90810", "2017-06-30": "6.48560", "2017-03-31": "5.96800", "2016-12-31": "7.73800", "2016-09-30": "7.62790", "2016-06-30": "6.93250", "2016-03-31": "6.46730", "2015-12-31": "8.70020", "2015-09-30": "8.79150", "2015-06-30": "9.23220", "2015-03-31": "6.62300", "2014-12-31": "8.42020", "2014-09-30": "7.91220", "2014-06-30": "8.37560", "2014-03-31": "6.70760", "2013-12-31": "5.94690", "2013-09-30": "7.79220", "2013-06-30": "8.80950", "2013-03-31": "7.35050", "2012-12-31": "9.55420", "2012-09-30": "10.54300", "2012-06-30": "12.35150", "2012-03-31": "9.91110", "2011-12-31": "12.84620", "2011-09-30": "13.64180", "2011-06-30": "13.15410", "2011-03-31": "10.02940", "2010-12-31": "12.34080", "2010-09-30": "9.83080", "2010-06-30": "10.64280", "2010-03-31": "7.62430", "2009-12-31": "8.70370", "2009-09-30": "9.12160", "2009-06-30": "7.43650", "2009-03-31": "6.20840", "2008-12-31": "11.08320", "2008-09-30": "14.85210", "2008-06-30": "13.73700", "2008-03-31": "13.23230", "2007-12-31": "19.39900", "2007-09-30": "17.23050", "2007-06-30": "15.24170", "2007-03-31": "10.81180", "2006-12-31": "14.40690", "2006-09-30": "14.61420", "2006-06-30": "12.57420", "2006-03-31": "10.03890", "2005-12-31": "18.60880", "2005-09-30": "20.29810", "2005-06-30": "15.05670", "2005-03-31": "9.91490"}, "ROA - Return On Assets": {"2020-09-30": "4.44520", "2020-06-30": "1.90660", "2020-03-31": "3.30750", "2019-12-31": "3.50550", "2019-09-30": "3.84310", "2019-06-30": "4.53030", "2019-03-31": "4.68560", "2018-12-31": "4.94730", "2018-09-30": "4.81390", "2018-06-30": "4.77440", "2018-03-31": "4.35310", "2017-12-31": "4.78260", "2017-09-30": "3.35780", "2017-06-30": "3.23560", "2017-03-31": "2.92760", "2016-12-31": "3.60880", "2016-09-30": "3.52980", "2016-06-30": "3.28140", "2016-03-31": "3.04800", "2015-12-31": "3.81790", "2015-09-30": "4.12880", "2015-06-30": "4.27390", "2015-03-31": "3.16730", "2014-12-31": "3.68610", "2014-09-30": "3.74970", "2014-06-30": "3.73240", "2014-03-31": "2.92740", "2013-12-31": "2.59360", "2013-09-30": "2.99740", "2013-06-30": "3.30540", "2013-03-31": "2.90960", "2012-12-31": "3.49810", "2012-09-30": "3.63990", "2012-06-30": "4.05920", "2012-03-31": "3.30740", "2011-12-31": "3.86300", "2011-09-30": "3.75400", "2011-06-30": "3.97660", "2011-03-31": "2.87740", "2010-12-31": "3.49170", "2010-09-30": "3.01780", "2010-06-30": "3.32050", "2010-03-31": "2.47060", "2009-12-31": "2.82630", "2009-09-30": "3.21520", "2009-06-30": "3.06120", "2009-03-31": "2.25360", "2008-12-31": "3.70820", "2008-09-30": "4.49810", "2008-06-30": "4.28850", "2008-03-31": "3.72030", "2007-12-31": "4.61540", "2007-09-30": "4.64240", "2007-06-30": "4.74260", "2007-03-31": "3.48120", "2006-12-31": "4.43670", "2006-09-30": "4.50620", "2006-06-30": "4.39950", "2006-03-31": "3.51360", "2005-12-31": "5.45650", "2005-09-30": "5.37310", "2005-06-30": "4.12670", "2005-03-31": "3.01870"}, "ROI - Return On Investment": {"2020-09-30": "8.16220", "2020-06-30": "3.41960", "2020-03-31": "5.93480", "2019-12-31": "6.32170", "2019-09-30": "6.51550", "2019-06-30": "7.69640", "2019-03-31": "7.87800", "2018-12-31": "8.82430", "2018-09-30": "8.37800", "2018-06-30": "8.60740", "2018-03-31": "7.37180", "2017-12-31": "8.77730", "2017-09-30": "5.80490", "2017-06-30": "5.45890", "2017-03-31": "4.93090", "2016-12-31": "6.22410", "2016-09-30": "6.07120", "2016-06-30": "5.62980", "2016-03-31": "5.17650", "2015-12-31": "6.90750", "2015-09-30": "7.30480", "2015-06-30": "7.65740", "2015-03-31": "5.43750", "2014-12-31": "6.81840", "2014-09-30": "6.37910", "2014-06-30": "6.86320", "2014-03-31": "5.47530", "2013-12-31": "4.76440", "2013-09-30": "5.54570", "2013-06-30": "6.06490", "2013-03-31": "5.25260", "2012-12-31": "6.48220", "2012-09-30": "7.02510", "2012-06-30": "7.85650", "2012-03-31": "6.27450", "2011-12-31": "7.51250", "2011-09-30": "7.75140", "2011-06-30": "7.86400", "2011-03-31": "5.73980", "2010-12-31": "6.81470", "2010-09-30": "5.66470", "2010-06-30": "6.38950", "2010-03-31": "4.67750", "2009-12-31": "5.44990", "2009-09-30": "6.12840", "2009-06-30": "5.77830", "2009-03-31": "4.01400", "2008-12-31": "6.74320", "2008-09-30": "8.52190", "2008-06-30": "8.14850", "2008-03-31": "7.09300", "2007-12-31": "9.00510", "2007-09-30": "9.53950", "2007-06-30": "9.81370", "2007-03-31": "6.98330", "2006-12-31": "8.41680", "2006-09-30": "8.72140", "2006-06-30": "8.18270", "2006-03-31": "6.66350", "2005-12-31": "10.17860", "2005-09-30": "11.61200", "2005-06-30": "8.18880", "2005-03-31": "5.84110"}, "Book Value Per Share": {"2020-09-30": "18.38350", "2020-06-30": "16.91340", "2020-03-31": "16.34290", "2019-12-31": "18.27750", "2019-09-30": "19.15660", "2019-06-30": "18.37750", "2019-03-31": "18.13310", "2018-12-31": "17.17850", "2018-09-30": "17.66330", "2018-06-30": "16.08380", "2018-03-31": "16.78940", "2017-12-31": "15.57180", "2017-09-30": "15.58340", "2017-06-30": "14.53000", "2017-03-31": "13.68600", "2016-12-31": "12.96800", "2016-09-30": "12.13000", "2016-06-30": "11.80900", "2016-03-31": "11.39700", "2015-12-31": "10.99100", "2015-09-30": "11.08460", "2015-06-30": "10.77430", "2015-03-31": "10.90550", "2014-12-31": "10.90010", "2014-09-30": "11.07970", "2014-06-30": "10.29420", "2014-03-31": "9.85890", "2013-12-31": "9.99100", "2013-09-30": "9.25830", "2013-06-30": "8.58300", "2013-03-31": "8.75840", "2012-12-31": "8.16940", "2012-09-30": "7.99310", "2012-06-30": "7.45480", "2012-03-31": "6.99340", "2011-12-31": "6.43360", "2011-09-30": "5.93830", "2011-06-30": "5.91990", "2011-03-31": "5.48140", "2010-12-31": "5.24380", "2010-09-30": "5.62980", "2010-06-30": "5.71780", "2010-03-31": "5.58190", "2009-12-31": "5.33810", "2009-09-30": "5.41050", "2009-06-30": "5.28640", "2009-03-31": "4.96590", "2008-12-31": "4.89770", "2008-09-30": "4.81000", "2008-06-30": "4.67990", "2008-03-31": "3.99280", "2007-12-31": "3.44350", "2007-09-30": "3.74750", "2007-06-30": "4.19110", "2007-03-31": "4.15800", "2006-12-31": "4.11460", "2006-09-30": "4.22690", "2006-06-30": "4.56960", "2006-03-31": "4.65360", "2005-12-31": "4.34790", "2005-09-30": "3.44860", "2005-06-30": "3.06690", "2005-03-31": "3.34490"}, "Operating Cash Flow Per Share": {"2020-09-30": -0.3354, "2020-06-30": 2.6416, "2020-03-31": "2.52750", "2019-12-31": 1.1481, "2019-09-30": 1.9811, "2019-06-30": 1.5853, "2019-03-31": "3.02290", "2018-12-31": 2.2474, "2018-09-30": 2.2398, "2018-06-30": 1.0139, "2018-03-31": "1.71030", "2017-12-31": 0.1598, "2017-09-30": 1.2475, "2017-06-30": 0.4245, "2017-03-31": "1.47500", "2016-12-31": 0.4422, "2016-09-30": 1.58, "2016-06-30": 0.7866, "2016-03-31": "1.69550", "2015-12-31": 1.5346, "2015-09-30": 1.5333, "2015-06-30": 0.7618, "2015-03-31": "1.10080", "2014-12-31": 0.6398, "2014-09-30": 1.3141, "2014-06-30": 0.0016, "2014-03-31": "0.29980", "2013-12-31": 0.571, "2013-09-30": 1.0047, "2013-06-30": 0.5993, "2013-03-31": "1.12830", "2012-12-31": 0.3568, "2012-09-30": 1.0466, "2012-06-30": 0.7405, "2012-03-31": "0.42310", "2011-12-31": 0.6212, "2011-09-30": 1.2912, "2011-06-30": 0.1432, "2011-03-31": "0.34660", "2010-12-31": 0.8127, "2010-09-30": 0.8582, "2010-06-30": 0.0436, "2010-03-31": "0.47910", "2009-12-31": 0.3252, "2009-09-30": 0.4362, "2009-06-30": 0.5014, "2009-03-31": "1.56410", "2008-12-31": 1.3149, "2008-09-30": 0.3016, "2008-06-30": 0.0015, "2008-03-31": "0.64650", "2007-12-31": 0.4985, "2007-09-30": 0.7531, "2007-06-30": 0.3755, "2007-03-31": "0.92220", "2006-12-31": 1.0139, "2006-09-30": 1.0225, "2006-06-30": 1.317, "2006-03-31": "1.62780", "2005-12-31": -2.4569, "2005-09-30": 1.1218, "2005-06-30": 0.6418, "2005-03-31": "0.68490"}, "Free Cash Flow Per Share": {"2020-09-30": -0.481, "2020-06-30": 2.3921, "2020-03-31": "2.43280", "2019-12-31": 1.053, "2019-09-30": 1.8388, "2019-06-30": 1.4959, "2019-03-31": "2.96200", "2018-12-31": 2.2006, "2018-09-30": 2.1764, "2018-06-30": 1.0217, "2018-03-31": "1.67400", "2017-12-31": 0.0086, "2017-09-30": 1.215, "2017-06-30": 0.4121, "2017-03-31": "1.39610", "2016-12-31": 0.3663, "2016-09-30": 1.4598, "2016-06-30": 0.6543, "2016-03-31": "1.72950", "2015-12-31": 1.5147, "2015-09-30": 1.5222, "2015-06-30": 0.7618, "2015-03-31": "1.06070", "2014-12-31": 0.6378, "2014-09-30": 1.2246, "2014-06-30": 0.035, "2014-03-31": "0.28980", "2013-12-31": 0.559, "2013-09-30": 1.0009, "2013-06-30": 0.6826, "2013-03-31": "1.13300", "2012-12-31": 0.3517, "2012-09-30": 1.0749, "2012-06-30": 0.8089, "2012-03-31": "0.42410", "2011-12-31": 0.6583, "2011-09-30": 1.3139, "2011-06-30": 0.1308, "2011-03-31": "0.31520", "2010-12-31": 0.7879, "2010-09-30": 0.847, "2010-06-30": -0.0004, "2010-03-31": "0.03830", "2009-12-31": 0.3204, "2009-09-30": 0.4368, "2009-06-30": 0.4793, "2009-03-31": "1.55390", "2008-12-31": 1.2528, "2008-09-30": 0.2841, "2008-06-30": -0.0661, "2008-03-31": "0.63970", "2007-12-31": 0.4868, "2007-09-30": 0.7135, "2007-06-30": 0.3787, "2007-03-31": "0.91940", "2006-12-31": 1.0159, "2006-09-30": 0.9967, "2006-06-30": 1.3185, "2006-03-31": "1.62360", "2005-12-31": -2.4823, "2005-09-30": 1.1258, "2005-06-30": 0.66, "2005-03-31": "0.69860"}}, "revenue": {"Landstar System Annual Revenue (Millions of US $)": {"2020": "$4,136", "2019": "$4,090", "2018": "$4,619", "2017": "$3,649", "2016": "$3,169", "2015": "$3,322", "2014": "$3,186", "2013": "$2,666", "2012": "$2,772", "2011": "$2,630", "2010": "$2,402", "2009": "$2,010", "2008": "$2,646", "2007": "$2,493", "2006": "$2,518", "2005": "$2,521"}, "Landstar System Quarterly Revenue (Millions of US $)": {"2020-12-31": "$1,297", "2020-09-30": "$1,086", "2020-06-30": "$824", "2020-03-31": "$929", "2019-12-31": "$996", "2019-09-30": "$1,013", "2019-06-30": "$1,046", "2019-03-31": "$1,034", "2018-12-31": "$1,183", "2018-09-30": "$1,203", "2018-06-30": "$1,184", "2018-03-31": "$1,049", "2017-12-31": "$1,052", "2017-09-30": "$944", "2017-06-30": "$871", "2017-03-31": "$781", "2016-12-31": "$893", "2016-09-30": "$788", "2016-06-30": "$776", "2016-03-31": "$712", "2015-12-31": "$849", "2015-09-30": "$842", "2015-06-30": "$869", "2015-03-31": "$763", "2014-12-31": "$863", "2014-09-30": "$820", "2014-06-30": "$815", "2014-03-31": "$689", "2013-12-31": "$692", "2013-09-30": "$676", "2013-06-30": "$675", "2013-03-31": "$623", "2012-12-31": "$669", "2012-09-30": "$718", "2012-06-30": "$736", "2012-03-31": "$649", "2011-12-31": "$697", "2011-09-30": "$684", "2011-06-30": "$676", "2011-03-31": "$573", "2010-12-31": "$588", "2010-09-30": "$623", "2010-06-30": "$642", "2010-03-31": "$548", "2009-12-31": "$548", "2009-09-30": "$501", "2009-06-30": "$491", "2009-03-31": "$470", "2008-12-31": "$604", "2008-09-30": "$734", "2008-06-30": "$698", "2008-03-31": "$610", "2007-12-31": "$644", "2007-09-30": "$636", "2007-06-30": "$634", "2007-03-31": "$578", "2006-12-31": "$613", "2006-09-30": "$651", "2006-06-30": "$644", "2006-03-31": "$610", "2005-12-31": "$801", "2005-09-30": "$677", "2005-06-30": "$540", "2005-03-31": "$503"}}, "gross-profit": {"Landstar System Annual Gross Profit (Millions of US $)": {"2020": "$944", "2019": "$962", "2018": "$1,049", "2017": "$844", "2016": "$753", "2015": "$771", "2014": "$725", "2013": "$619", "2012": "$642", "2011": "$622", "2010": "$577", "2009": "$507", "2008": "$613", "2007": "$608", "2006": "$627", "2005": "$640"}, "Landstar System Quarterly Gross Profit (Millions of US $)": {"2020-12-31": "$287", "2020-09-30": "$248", "2020-06-30": "$189", "2020-03-31": "$219", "2019-12-31": "$234", "2019-09-30": "$238", "2019-06-30": "$247", "2019-03-31": "$242", "2018-12-31": "$272", "2018-09-30": "$272", "2018-06-30": "$267", "2018-03-31": "$238", "2017-12-31": "$237", "2017-09-30": "$217", "2017-06-30": "$203", "2017-03-31": "$186", "2016-12-31": "$208", "2016-09-30": "$187", "2016-06-30": "$186", "2016-03-31": "$172", "2015-12-31": "$198", "2015-09-30": "$196", "2015-06-30": "$201", "2015-03-31": "$176", "2014-12-31": "$195", "2014-09-30": "$186", "2014-06-30": "$186", "2014-03-31": "$159", "2013-12-31": "$158", "2013-09-30": "$158", "2013-06-30": "$158", "2013-03-31": "$146", "2012-12-31": "$143", "2012-09-30": "$169", "2012-06-30": "$174", "2012-03-31": "$156", "2011-12-31": "$149", "2011-09-30": "$166", "2011-06-30": "$166", "2011-03-31": "$141", "2010-12-31": "$146", "2010-09-30": "$149", "2010-06-30": "$152", "2010-03-31": "$131", "2009-12-31": "$135", "2009-09-30": "$129", "2009-06-30": "$125", "2009-03-31": "$118", "2008-12-31": "$144", "2008-09-30": "$164", "2008-06-30": "$160", "2008-03-31": "$145", "2007-12-31": "$155", "2007-09-30": "$154", "2007-06-30": "$155", "2007-03-31": "$144", "2006-12-31": "$153", "2006-09-30": "$164", "2006-06-30": "$158", "2006-03-31": "$152", "2005-12-31": "$207", "2005-09-30": "$174", "2005-06-30": "$134", "2005-03-31": "$125"}}, "operating-income": {"Landstar System Annual Operating Income (Millions of US $)": {"2020": "$253", "2019": "$299", "2018": "$332", "2017": "$244", "2016": "$223", "2015": "$242", "2014": "$224", "2013": "$177", "2012": "$201", "2011": "$181", "2010": "$140", "2009": "$114", "2008": "$187", "2007": "$185", "2006": "$191", "2005": "$193"}, "Landstar System Quarterly Operating Income (Millions of US $)": {"2020-12-31": "$84", "2020-09-30": "$82", "2020-06-30": "$32", "2020-03-31": "$54", "2019-12-31": "$67", "2019-09-30": "$71", "2019-06-30": "$81", "2019-03-31": "$81", "2018-12-31": "$86", "2018-09-30": "$87", "2018-06-30": "$83", "2018-03-31": "$75", "2017-12-31": "$70", "2017-09-30": "$61", "2017-06-30": "$61", "2017-03-31": "$52", "2016-12-31": "$64", "2016-09-30": "$58", "2016-06-30": "$53", "2016-03-31": "$48", "2015-12-31": "$63", "2015-09-30": "$64", "2015-06-30": "$66", "2015-03-31": "$49", "2014-12-31": "$61", "2014-09-30": "$60", "2014-06-30": "$59", "2014-03-31": "$45", "2013-12-31": "$40", "2013-09-30": "$47", "2013-06-30": "$48", "2013-03-31": "$42", "2012-12-31": "$44", "2012-09-30": "$54", "2012-06-30": "$59", "2012-03-31": "$43", "2011-12-31": "$49", "2011-09-30": "$50", "2011-06-30": "$49", "2011-03-31": "$34", "2010-12-31": "$36", "2010-09-30": "$36", "2010-06-30": "$40", "2010-03-31": "$28", "2009-12-31": "$28", "2009-09-30": "$33", "2009-06-30": "$30", "2009-03-31": "$24", "2008-12-31": "$41", "2008-09-30": "$55", "2008-06-30": "$50", "2008-03-31": "$41", "2007-12-31": "$49", "2007-09-30": "$50", "2007-06-30": "$50", "2007-03-31": "$37", "2006-12-31": "$49", "2006-09-30": "$52", "2006-06-30": "$49", "2006-03-31": "$42", "2005-12-31": "$70", "2005-09-30": "$58", "2005-06-30": "$38", "2005-03-31": "$28"}}, "ebitda": {"Landstar System Annual EBITDA (Millions of US $)": {"2019": "$343", "2018": "$375", "2017": "$285", "2016": "$259", "2015": "$271", "2014": "$252", "2013": "$204", "2012": "$226", "2011": "$205", "2010": "$165", "2009": "$137", "2008": "$208", "2007": "$204", "2006": "$208", "2005": "$209"}, "Landstar System Quarterly EBITDA (Millions of US $)": {"2020-09-30": "$94", "2020-06-30": "$44", "2020-03-31": "$66", "2019-12-31": "$78", "2019-09-30": "$81", "2019-06-30": "$92", "2019-03-31": "$92", "2018-12-31": "$97", "2018-09-30": "$98", "2018-06-30": "$94", "2018-03-31": "$86", "2017-12-31": "$81", "2017-09-30": "$71", "2017-06-30": "$71", "2017-03-31": "$62", "2016-12-31": "$73", "2016-09-30": "$67", "2016-06-30": "$62", "2016-03-31": "$56", "2015-12-31": "$70", "2015-09-30": "$71", "2015-06-30": "$73", "2015-03-31": "$56", "2014-12-31": "$68", "2014-09-30": "$67", "2014-06-30": "$65", "2014-03-31": "$52", "2013-12-31": "$47", "2013-09-30": "$54", "2013-06-30": "$56", "2013-03-31": "$48", "2012-12-31": "$49", "2012-09-30": "$61", "2012-06-30": "$65", "2012-03-31": "$50", "2011-12-31": "$53", "2011-09-30": "$56", "2011-06-30": "$55", "2011-03-31": "$40", "2010-12-31": "$42", "2010-09-30": "$42", "2010-06-30": "$46", "2010-03-31": "$34", "2009-12-31": "$34", "2009-09-30": "$39", "2009-06-30": "$35", "2009-03-31": "$29", "2008-12-31": "$46", "2008-09-30": "$60", "2008-06-30": "$55", "2008-03-31": "$46", "2007-12-31": "$54", "2007-09-30": "$54", "2007-06-30": "$54", "2007-03-31": "$41", "2006-12-31": "$53", "2006-09-30": "$56", "2006-06-30": "$53", "2006-03-31": "$46", "2005-12-31": "$74", "2005-09-30": "$62", "2005-06-30": "$42", "2005-03-31": "$32"}}, "net-income": {"Landstar System Annual Net Income (Millions of US $)": {"2020": "$192", "2019": "$228", "2018": "$255", "2017": "$177", "2016": "$137", "2015": "$148", "2014": "$139", "2013": "$146", "2012": "$130", "2011": "$113", "2010": "$88", "2009": "$70", "2008": "$111", "2007": "$110", "2006": "$113", "2005": "$116"}, "Landstar System Quarterly Net Income (Millions of US $)": {"2020-12-31": "$65", "2020-09-30": "$62", "2020-06-30": "$24", "2020-03-31": "$41", "2019-12-31": "$50", "2019-09-30": "$53", "2019-06-30": "$61", "2019-03-31": "$63", "2018-12-31": "$68", "2018-09-30": "$67", "2018-06-30": "$63", "2018-03-31": "$58", "2017-12-31": "$65", "2017-09-30": "$42", "2017-06-30": "$38", "2017-03-31": "$32", "2016-12-31": "$40", "2016-09-30": "$36", "2016-06-30": "$32", "2016-03-31": "$29", "2015-12-31": "$38", "2015-09-30": "$39", "2015-06-30": "$40", "2015-03-31": "$30", "2014-12-31": "$38", "2014-09-30": "$37", "2014-06-30": "$36", "2014-03-31": "$28", "2013-12-31": "$60", "2013-09-30": "$29", "2013-06-30": "$30", "2013-03-31": "$27", "2012-12-31": "$34", "2012-09-30": "$33", "2012-06-30": "$36", "2012-03-31": "$27", "2011-12-31": "$33", "2011-09-30": "$30", "2011-06-30": "$30", "2011-03-31": "$21", "2010-12-31": "$24", "2010-09-30": "$22", "2010-06-30": "$24", "2010-03-31": "$17", "2009-12-31": "$19", "2009-09-30": "$20", "2009-06-30": "$18", "2009-03-31": "$14", "2008-12-31": "$25", "2008-09-30": "$33", "2008-06-30": "$30", "2008-03-31": "$24", "2007-12-31": "$29", "2007-09-30": "$29", "2007-06-30": "$30", "2007-03-31": "$22", "2006-12-31": "$29", "2006-09-30": "$31", "2006-06-30": "$29", "2006-03-31": "$24", "2005-12-31": "$42", "2005-09-30": "$35", "2005-06-30": "$22", "2005-03-31": "$17"}}, "eps-earnings-per-share-diluted": {"Landstar System Annual EPS": {"2020": "$4.98", "2019": "$5.72", "2018": "$6.18", "2017": "$4.21", "2016": "$3.25", "2015": "$3.37", "2014": "$3.07", "2013": "$3.16", "2012": "$2.77", "2011": "$2.38", "2010": "$1.77", "2009": "$1.37", "2008": "$2.10", "2007": "$1.99", "2006": "$1.93", "2005": "$1.91"}, "Landstar System Quarterly EPS": {"2020-12-31": "$1.70", "2020-09-30": "$1.61", "2020-06-30": "$0.63", "2020-03-31": "$1.04", "2019-12-31": "$1.26", "2019-09-30": "$1.35", "2019-06-30": "$1.53", "2019-03-31": "$1.58", "2018-12-31": "$1.67", "2018-09-30": "$1.63", "2018-06-30": "$1.51", "2018-03-31": "$1.37", "2017-12-31": "$1.54", "2017-09-30": "$1.01", "2017-06-30": "$0.89", "2017-03-31": "$0.77", "2016-12-31": "$0.94", "2016-09-30": "$0.86", "2016-06-30": "$0.76", "2016-03-31": "$0.69", "2015-12-31": "$0.88", "2015-09-30": "$0.90", "2015-06-30": "$0.92", "2015-03-31": "$0.67", "2014-12-31": "$0.84", "2014-09-30": "$0.82", "2014-06-30": "$0.80", "2014-03-31": "$0.61", "2013-12-31": "$1.29", "2013-09-30": "$0.64", "2013-06-30": "$0.66", "2013-03-31": "$0.57", "2012-12-31": "$0.73", "2012-09-30": "$0.71", "2012-06-30": "$0.76", "2012-03-31": "$0.57", "2011-12-31": "$0.69", "2011-09-30": "$0.64", "2011-06-30": "$0.62", "2011-03-31": "$0.43", "2010-12-31": "$0.50", "2010-09-30": "$0.44", "2010-06-30": "$0.49", "2010-03-31": "$0.34", "2009-12-31": "$0.36", "2009-09-30": "$0.39", "2009-06-30": "$0.35", "2009-03-31": "$0.27", "2008-12-31": "$0.47", "2008-09-30": "$0.62", "2008-06-30": "$0.56", "2008-03-31": "$0.45", "2007-12-31": "$0.54", "2007-09-30": "$0.54", "2007-06-30": "$0.53", "2007-03-31": "$0.38", "2006-12-31": "$0.49", "2006-09-30": "$0.53", "2006-06-30": "$0.50", "2006-03-31": "$0.41", "2005-12-31": "$0.69", "2005-09-30": "$0.58", "2005-06-30": "$0.37", "2005-03-31": "$0.27"}}, "shares-outstanding": {"Landstar System Annual Shares Outstanding (Millions of Shares)": {"2020": "39", "2019": "40", "2018": "41", "2017": "42", "2016": "42", "2015": "44", "2014": "45", "2013": "46", "2012": "47", "2011": "48", "2010": "50", "2009": "51", "2008": "53", "2007": "55", "2006": "59", "2005": "60"}, "Landstar System Quarterly Shares Outstanding (Millions of Shares)": {"2020-12-31": "38", "2020-09-30": "38", "2020-06-30": "38", "2020-03-31": "39", "2019-12-31": "40", "2019-09-30": "40", "2019-06-30": "40", "2019-03-31": "40", "2018-12-31": "41", "2018-09-30": "41", "2018-06-30": "41", "2018-03-31": "42", "2017-12-31": "42", "2017-09-30": "42", "2017-06-30": "42", "2017-03-31": "42", "2016-12-31": "42", "2016-09-30": "42", "2016-06-30": "42", "2016-03-31": "42", "2015-12-31": "44", "2015-09-30": "44", "2015-06-30": "44", "2015-03-31": "45", "2014-12-31": "45", "2014-09-30": "45", "2014-06-30": "45", "2014-03-31": "46", "2013-12-31": "46", "2013-09-30": "46", "2013-06-30": "46", "2013-03-31": "47", "2012-12-31": "47", "2012-09-30": "47", "2012-06-30": "47", "2012-03-31": "47", "2011-12-31": "48", "2011-09-30": "47", "2011-06-30": "48", "2011-03-31": "48", "2010-12-31": "50", "2010-09-30": "49", "2010-06-30": "50", "2010-03-31": "50", "2009-12-31": "51", "2009-09-30": "51", "2009-06-30": "51", "2009-03-31": "52", "2008-12-31": "53", "2008-09-30": "53", "2008-06-30": "53", "2008-03-31": "53", "2007-12-31": "55", "2007-09-30": "55", "2007-06-30": "56", "2007-03-31": "56", "2006-12-31": "59", "2006-09-30": "58", "2006-06-30": "59", "2006-03-31": "60", "2005-12-31": "60", "2005-09-30": "60", "2005-06-30": "60", "2005-03-31": "62"}}, "total-assets": {"Landstar System Annual Total Assets (Millions of US $)": {"2019": "$1,428", "2018": "$1,381", "2017": "$1,352", "2016": "$1,097", "2015": "$992", "2014": "$1,044", "2013": "$971", "2012": "$879", "2011": "$808", "2010": "$684", "2009": "$649", "2008": "$664", "2007": "$629", "2006": "$647", "2005": "$766"}, "Landstar System Quarterly Total Assets (Millions of US $)": {"2020-09-30": "$1,392", "2020-06-30": "$1,272", "2020-03-31": "$1,236", "2019-12-31": "$1,428", "2019-09-30": "$1,386", "2019-06-30": "$1,349", "2019-03-31": "$1,351", "2018-12-31": "$1,381", "2018-09-30": "$1,391", "2018-06-30": "$1,309", "2018-03-31": "$1,320", "2017-12-31": "$1,352", "2017-09-30": "$1,263", "2017-06-30": "$1,159", "2017-03-31": "$1,106", "2016-12-31": "$1,097", "2016-09-30": "$1,028", "2016-06-30": "$985", "2016-03-31": "$957", "2015-12-31": "$992", "2015-09-30": "$953", "2015-06-30": "$947", "2015-03-31": "$948", "2014-12-31": "$1,044", "2014-09-30": "$980", "2014-06-30": "$963", "2014-03-31": "$944", "2013-12-31": "$971", "2013-09-30": "$951", "2013-06-30": "$892", "2013-03-31": "$885", "2012-12-31": "$879", "2012-09-30": "$909", "2012-06-30": "$883", "2012-03-31": "$812", "2011-12-31": "$808", "2011-09-30": "$803", "2011-06-30": "$744", "2011-03-31": "$714", "2010-12-31": "$684", "2010-09-30": "$714", "2010-06-30": "$729", "2010-03-31": "$686", "2009-12-31": "$649", "2009-09-30": "$618", "2009-06-30": "$583", "2009-03-31": "$617", "2008-12-31": "$664", "2008-09-30": "$730", "2008-06-30": "$694", "2008-03-31": "$638", "2007-12-31": "$629", "2007-09-30": "$632", "2007-06-30": "$626", "2007-03-31": "$621", "2006-12-31": "$647", "2006-09-30": "$679", "2006-06-30": "$670", "2006-03-31": "$693", "2005-12-31": "$766", "2005-09-30": "$643", "2005-06-30": "$543", "2005-03-31": "$557"}}, "cash-on-hand": {"Landstar System Annual Cash on Hand (Millions of US $)": {"2019": "$352", "2018": "$240", "2017": "$291", "2016": "$245", "2015": "$163", "2014": "$201", "2013": "$215", "2012": "$110", "2011": "$109", "2010": "$68", "2009": "$110", "2008": "$122", "2007": "$84", "2006": "$113", "2005": "$50"}, "Landstar System Quarterly Cash on Hand (Millions of US $)": {"2020-09-30": "$258", "2020-06-30": "$282", "2020-03-31": "$211", "2019-12-31": "$352", "2019-09-30": "$316", "2019-06-30": "$285", "2019-03-31": "$305", "2018-12-31": "$240", "2018-09-30": "$254", "2018-06-30": "$189", "2018-03-31": "$260", "2017-12-31": "$291", "2017-09-30": "$295", "2017-06-30": "$273", "2017-03-31": "$278", "2016-12-31": "$245", "2016-09-30": "$227", "2016-06-30": "$215", "2016-03-31": "$217", "2015-12-31": "$163", "2015-09-30": "$158", "2015-06-30": "$131", "2015-03-31": "$152", "2014-12-31": "$201", "2014-09-30": "$178", "2014-06-30": "$130", "2014-03-31": "$150", "2013-12-31": "$215", "2013-09-30": "$132", "2013-06-30": "$102", "2013-03-31": "$140", "2012-12-31": "$110", "2012-09-30": "$118", "2012-06-30": "$101", "2012-03-31": "$85", "2011-12-31": "$109", "2011-09-30": "$98", "2011-06-30": "$70", "2011-03-31": "$76", "2010-12-31": "$68", "2010-09-30": "$79", "2010-06-30": "$78", "2010-03-31": "$107", "2009-12-31": "$110", "2009-09-30": "$93", "2009-06-30": "$116", "2009-03-31": "$154", "2008-12-31": "$122", "2008-09-30": "$103", "2008-06-30": "$103", "2008-03-31": "$105", "2007-12-31": "$84", "2007-09-30": "$80", "2007-06-30": "$77", "2007-03-31": "$98", "2006-12-31": "$113", "2006-09-30": "$104", "2006-06-30": "$103", "2006-03-31": "$70", "2005-12-31": "$50", "2005-09-30": "$135", "2005-06-30": "$88", "2005-03-31": "$95"}}, "long-term-debt": {"Landstar System Annual Long Term Debt (Millions of US $)": {"2019": "$70", "2018": "$85", "2017": "$83", "2016": "$93", "2015": "$82", "2014": "$76", "2013": "$74", "2012": "$95", "2011": "$115", "2010": "$99", "2009": "$68", "2008": "$112", "2007": "$142", "2006": "$111", "2005": "$155"}, "Landstar System Quarterly Long Term Debt (Millions of US $)": {"2020-09-30": "$53", "2020-06-30": "$60", "2020-03-31": "$62", "2019-12-31": "$70", "2019-09-30": "$61", "2019-06-30": "$66", "2019-03-31": "$75", "2018-12-31": "$85", "2018-09-30": "$73", "2018-06-30": "$65", "2018-03-31": "$73", "2017-12-31": "$83", "2017-09-30": "$77", "2017-06-30": "$78", "2017-03-31": "$83", "2016-12-31": "$93", "2016-09-30": "$91", "2016-06-30": "$77", "2016-03-31": "$81", "2015-12-31": "$82", "2015-09-30": "$60", "2015-06-30": "$59", "2015-03-31": "$68", "2014-12-31": "$76", "2014-09-30": "$81", "2014-06-30": "$63", "2014-03-31": "$62", "2013-12-31": "$74", "2013-09-30": "$91", "2013-06-30": "$94", "2013-03-31": "$82", "2012-12-31": "$95", "2012-09-30": "$100", "2012-06-30": "$109", "2012-03-31": "$100", "2011-12-31": "$115", "2011-09-30": "$111", "2011-06-30": "$94", "2011-03-31": "$96", "2010-12-31": "$99", "2010-09-30": "$104", "2010-06-30": "$94", "2010-03-31": "$83", "2009-12-31": "$68", "2009-09-30": "$49", "2009-06-30": "$38", "2009-03-31": "$91", "2008-12-31": "$112", "2008-09-30": "$133", "2008-06-30": "$117", "2008-03-31": "$124", "2007-12-31": "$142", "2007-09-30": "$106", "2007-06-30": "$77", "2007-03-31": "$78", "2006-12-31": "$111", "2006-09-30": "$110", "2006-06-30": "$95", "2006-03-31": "$92", "2005-12-31": "$155", "2005-09-30": "$96", "2005-06-30": "$94", "2005-03-31": "$87"}}, "total-liabilities": {"Landstar System Annual Total Liabilities (Millions of US $)": {"2019": "$706", "2018": "$691", "2017": "$699", "2016": "$554", "2015": "$525", "2014": "$556", "2013": "$516", "2012": "$500", "2011": "$508", "2010": "$433", "2009": "$381", "2008": "$410", "2007": "$448", "2006": "$416", "2005": "$510"}, "Landstar System Quarterly Total Liabilities (Millions of US $)": {"2020-09-30": "$687", "2020-06-30": "$623", "2020-03-31": "$609", "2019-12-31": "$706", "2019-09-30": "$630", "2019-06-30": "$620", "2019-03-31": "$623", "2018-12-31": "$691", "2018-09-30": "$665", "2018-06-30": "$648", "2018-03-31": "$614", "2017-12-31": "$699", "2017-09-30": "$609", "2017-06-30": "$550", "2017-03-31": "$532", "2016-12-31": "$554", "2016-09-30": "$521", "2016-06-30": "$488", "2016-03-31": "$475", "2015-12-31": "$525", "2015-09-30": "$474", "2015-06-30": "$477", "2015-03-31": "$463", "2014-12-31": "$556", "2014-09-30": "$485", "2014-06-30": "$502", "2014-03-31": "$501", "2013-12-31": "$516", "2013-09-30": "$528", "2013-06-30": "$500", "2013-03-31": "$477", "2012-12-31": "$500", "2012-09-30": "$538", "2012-06-30": "$536", "2012-03-31": "$483", "2011-12-31": "$508", "2011-09-30": "$525", "2011-06-30": "$462", "2011-03-31": "$452", "2010-12-31": "$433", "2010-09-30": "$437", "2010-06-30": "$444", "2010-03-31": "$406", "2009-12-31": "$381", "2009-09-30": "$343", "2009-06-30": "$312", "2009-03-31": "$362", "2008-12-31": "$410", "2008-09-30": "$477", "2008-06-30": "$446", "2008-03-31": "$428", "2007-12-31": "$448", "2007-09-30": "$431", "2007-06-30": "$400", "2007-03-31": "$390", "2006-12-31": "$416", "2006-09-30": "$438", "2006-06-30": "$404", "2006-03-31": "$419", "2005-12-31": "$510", "2005-09-30": "$442", "2005-06-30": "$363", "2005-03-31": "$356"}}, "total-share-holder-equity": {"Landstar System Annual Share Holder Equity (Millions of US $)": {"2019": "$721", "2018": "$689", "2017": "$654", "2016": "$543", "2015": "$466", "2014": "$488", "2013": "$454", "2012": "$379", "2011": "$301", "2010": "$251", "2009": "$268", "2008": "$253", "2007": "$181", "2006": "$230", "2005": "$256"}, "Landstar System Quarterly Share Holder Equity (Millions of US $)": {"2020-09-30": "$706", "2020-06-30": "$649", "2020-03-31": "$627", "2019-12-31": "$721", "2019-09-30": "$756", "2019-06-30": "$728", "2019-03-31": "$728", "2018-12-31": "$689", "2018-09-30": "$726", "2018-06-30": "$661", "2018-03-31": "$706", "2017-12-31": "$654", "2017-09-30": "$654", "2017-06-30": "$609", "2017-03-31": "$574", "2016-12-31": "$543", "2016-09-30": "$507", "2016-06-30": "$497", "2016-03-31": "$482", "2015-12-31": "$466", "2015-09-30": "$479", "2015-06-30": "$470", "2015-03-31": "$484", "2014-12-31": "$488", "2014-09-30": "$496", "2014-06-30": "$460", "2014-03-31": "$443", "2013-12-31": "$454", "2013-09-30": "$423", "2013-06-30": "$392", "2013-03-31": "$408", "2012-12-31": "$379", "2012-09-30": "$371", "2012-06-30": "$348", "2012-03-31": "$328", "2011-12-31": "$301", "2011-09-30": "$279", "2011-06-30": "$282", "2011-03-31": "$262", "2010-12-31": "$251", "2010-09-30": "$277", "2010-06-30": "$285", "2010-03-31": "$280", "2009-12-31": "$268", "2009-09-30": "$275", "2009-06-30": "$271", "2009-03-31": "$255", "2008-12-31": "$253", "2008-09-30": "$252", "2008-06-30": "$248", "2008-03-31": "$211", "2007-12-31": "$181", "2007-09-30": "$201", "2007-06-30": "$226", "2007-03-31": "$231", "2006-12-31": "$230", "2006-09-30": "$240", "2006-06-30": "$265", "2006-03-31": "$274", "2005-12-31": "$256", "2005-09-30": "$201", "2005-06-30": "$180", "2005-03-31": "$201"}}, "profit-margins": {"current": "4.65%"}, "gross margin": {"2020-12-31": "22.80%", "2020-09-30": "23.21%", "2020-06-30": "23.39%", "2020-03-31": "23.54%", "2019-12-31": "23.50%", "2019-09-30": "23.36%", "2019-06-30": "23.13%", "2019-03-31": "22.87%", "2018-12-31": "22.71%", "2018-09-30": "22.59%", "2018-06-30": "22.68%", "2018-03-31": "22.85%", "2017-12-31": "23.11%", "2017-09-30": "23.33%", "2017-06-30": "23.52%", "2017-03-31": "23.69%", "2016-12-31": "23.76%", "2016-09-30": "23.78%", "2016-06-30": "23.66%", "2016-03-31": "23.44%", "2015-12-31": "23.20%", "2015-09-30": "23.01%", "2015-06-30": "22.87%", "2015-03-31": "22.78%", "2014-12-31": "22.78%", "2014-09-30": "22.84%", "2014-06-30": "23.02%", "2014-03-31": "23.17%", "2013-12-31": "23.26%", "2013-09-30": "22.89%", "2013-06-30": "22.94%", "2013-03-31": "23.02%", "2012-12-31": "23.16%", "2012-09-30": "23.14%", "2012-06-30": "23.32%", "2012-03-31": "23.54%", "2011-12-31": "23.65%", "2011-09-30": "24.55%", "2011-06-30": "24.47%", "2011-03-31": "24.24%", "2010-12-31": "24.07%", "2010-09-30": "24.02%", "2010-06-30": "24.43%", "2010-03-31": "24.90%", "2009-12-31": "25.22%", "2009-09-30": "24.98%", "2009-06-30": "23.97%", "2009-03-31": "23.38%", "2008-12-31": "23.17%", "2008-09-30": "23.23%", "2008-06-30": "23.72%", "2008-03-31": "24.13%", "2007-12-31": "24.40%", "2007-09-30": "24.62%", "2007-06-30": "24.88%", "2007-03-31": "24.90%", "2006-12-31": "24.90%", "2006-09-30": "25.17%", "2006-06-30": "25.29%", "2006-03-31": "25.38%", "2005-12-31": "25.39%"}, "operating margin": {"2020-12-31": "6.09%", "2020-09-30": "6.13%", "2020-06-30": "5.95%", "2020-03-31": "6.85%", "2019-12-31": "7.34%", "2019-09-30": "7.46%", "2019-06-30": "7.50%", "2019-03-31": "7.32%", "2018-12-31": "7.17%", "2018-09-30": "7.02%", "2018-06-30": "6.83%", "2018-03-31": "6.82%", "2017-12-31": "6.69%", "2017-09-30": "6.82%", "2017-06-30": "7.05%", "2017-03-31": "7.01%", "2016-12-31": "7.04%", "2016-09-30": "7.10%", "2016-06-30": "7.17%", "2016-03-31": "7.37%", "2015-12-31": "7.28%", "2015-09-30": "7.19%", "2015-06-30": "7.12%", "2015-03-31": "7.02%", "2014-12-31": "7.06%", "2014-09-30": "6.76%", "2014-06-30": "6.65%", "2014-03-31": "6.59%", "2013-12-31": "6.64%", "2013-09-30": "6.85%", "2013-06-30": "7.00%", "2013-03-31": "7.25%", "2012-12-31": "7.22%", "2012-09-30": "7.32%", "2012-06-30": "7.27%", "2012-03-31": "7.06%", "2011-12-31": "6.92%", "2011-09-30": "6.70%", "2011-06-30": "6.30%", "2011-03-31": "6.02%", "2010-12-31": "5.83%", "2010-09-30": "5.59%", "2010-06-30": "5.76%", "2010-03-31": "5.70%", "2009-12-31": "5.72%", "2009-09-30": "6.20%", "2009-06-30": "6.52%", "2009-03-31": "6.78%", "2008-12-31": "7.07%", "2008-09-30": "7.26%", "2008-06-30": "7.34%", "2008-03-31": "7.53%", "2007-12-31": "7.46%", "2007-09-30": "7.56%", "2007-06-30": "7.59%", "2007-03-31": "7.52%", "2006-12-31": "7.63%", "2006-09-30": "7.87%", "2006-06-30": "8.02%", "2006-03-31": "7.91%", "2005-12-31": "7.70%"}, "ebitda margin": {"2020-09-30": "7.35%", "2020-06-30": "7.15%", "2020-03-31": "7.96%", "2019-12-31": "8.39%", "2019-09-30": "8.47%", "2019-06-30": "8.49%", "2019-03-31": "8.28%", "2018-12-31": "8.12%", "2018-09-30": "8.00%", "2018-06-30": "7.85%", "2018-03-31": "7.89%", "2017-12-31": "7.81%", "2017-09-30": "7.94%", "2017-06-30": "8.19%", "2017-03-31": "8.15%", "2016-12-31": "8.14%", "2016-09-30": "8.16%", "2016-06-30": "8.15%", "2016-03-31": "8.25%", "2015-12-31": "8.13%", "2015-09-30": "8.03%", "2015-06-30": "7.96%", "2015-03-31": "7.85%", "2014-12-31": "7.91%", "2014-09-30": "7.66%", "2014-06-30": "7.59%", "2014-03-31": "7.65%", "2013-12-31": "7.69%", "2013-09-30": "7.83%", "2013-06-30": "7.97%", "2013-03-31": "8.12%", "2012-12-31": "8.12%", "2012-09-30": "8.18%", "2012-06-30": "8.10%", "2012-03-31": "7.91%", "2011-12-31": "7.76%", "2011-09-30": "7.66%", "2011-06-30": "7.28%", "2011-03-31": "7.01%", "2010-12-31": "6.83%", "2010-09-30": "6.61%", "2010-06-30": "6.83%", "2010-03-31": "6.80%", "2009-12-31": "6.82%", "2009-09-30": "7.21%", "2009-06-30": "7.39%", "2009-03-31": "7.58%", "2008-12-31": "7.82%", "2008-09-30": "8.00%", "2008-06-30": "8.08%", "2008-03-31": "8.24%", "2007-12-31": "8.15%", "2007-09-30": "8.21%", "2007-06-30": "8.24%", "2007-03-31": "8.17%", "2006-12-31": "8.26%", "2006-09-30": "8.46%", "2006-06-30": "8.60%", "2006-03-31": "8.52%", "2005-12-31": "8.33%"}, "pre tax profit margin": {"2020-12-31": "6.00%", "2020-09-30": "6.02%", "2020-06-30": "5.85%", "2020-03-31": "6.75%", "2019-12-31": "7.24%", "2019-09-30": "7.37%", "2019-06-30": "7.41%", "2019-03-31": "7.25%", "2018-12-31": "7.10%", "2018-09-30": "6.95%", "2018-06-30": "6.76%", "2018-03-31": "6.72%", "2017-12-31": "6.58%", "2017-09-30": "6.71%", "2017-06-30": "6.96%", "2017-03-31": "6.92%", "2016-12-31": "6.94%", "2016-09-30": "7.01%", "2016-06-30": "7.05%", "2016-03-31": "7.24%", "2015-12-31": "7.16%", "2015-09-30": "7.07%", "2015-06-30": "7.00%", "2015-03-31": "6.90%", "2014-12-31": "6.93%", "2014-09-30": "6.63%", "2014-06-30": "6.51%", "2014-03-31": "6.48%", "2013-12-31": "6.53%", "2013-09-30": "6.77%", "2013-06-30": "6.96%", "2013-03-31": "7.17%", "2012-12-31": "7.14%", "2012-09-30": "7.21%", "2012-06-30": "7.12%", "2012-03-31": "6.91%", "2011-12-31": "6.77%", "2011-09-30": "6.55%", "2011-06-30": "6.14%", "2011-03-31": "5.85%", "2010-12-31": "5.66%", "2010-09-30": "5.42%", "2010-06-30": "5.58%", "2010-03-31": "5.51%", "2009-12-31": "5.52%", "2009-09-30": "5.95%", "2009-06-30": "6.26%", "2009-03-31": "6.50%", "2008-12-31": "6.76%", "2008-09-30": "6.92%", "2008-06-30": "6.99%", "2008-03-31": "7.17%", "2007-12-31": "7.10%", "2007-09-30": "7.23%", "2007-06-30": "7.27%", "2007-03-31": "7.24%", "2006-12-31": "7.35%", "2006-09-30": "7.61%", "2006-06-30": "7.76%", "2006-03-31": "7.65%", "2005-12-31": "7.50%"}, "net profit margin": {"2020-12-31": "4.64%", "2020-09-30": "4.62%", "2020-06-30": "4.47%", "2020-03-31": "5.15%", "2019-12-31": "5.55%", "2019-09-30": "5.73%", "2019-06-30": "5.80%", "2019-03-31": "5.67%", "2018-12-31": "5.54%", "2018-09-30": "5.64%", "2018-06-30": "5.39%", "2018-03-31": "5.18%", "2017-12-31": "4.85%", "2017-09-30": "4.36%", "2017-06-30": "4.38%", "2017-03-31": "4.32%", "2016-12-31": "4.32%", "2016-09-30": "4.32%", "2016-06-30": "4.34%", "2016-03-31": "4.46%", "2015-12-31": "4.42%", "2015-09-30": "4.41%", "2015-06-30": "4.37%", "2015-03-31": "4.32%", "2014-12-31": "4.36%", "2014-09-30": "5.34%", "2014-06-30": "5.33%", "2014-03-31": "5.38%", "2013-12-31": "5.48%", "2013-09-30": "4.54%", "2013-06-30": "4.62%", "2013-03-31": "4.73%", "2012-12-31": "4.69%", "2012-09-30": "4.61%", "2012-06-30": "4.56%", "2012-03-31": "4.43%", "2011-12-31": "4.33%", "2011-09-30": "4.17%", "2011-06-30": "3.94%", "2011-03-31": "3.75%", "2010-12-31": "3.62%", "2010-09-30": "3.47%", "2010-06-30": "3.57%", "2010-03-31": "3.54%", "2009-12-31": "3.53%", "2009-09-30": "3.73%", "2009-06-30": "3.91%", "2009-03-31": "4.07%", "2008-12-31": "4.23%", "2008-09-30": "4.32%", "2008-06-30": "4.33%", "2008-03-31": "4.44%", "2007-12-31": "4.41%", "2007-09-30": "4.47%", "2007-06-30": "4.52%", "2007-03-31": "4.47%", "2006-12-31": "4.49%", "2006-09-30": "4.66%", "2006-06-30": "4.76%", "2006-03-31": "4.68%", "2005-12-31": "4.60%"}, "pe ratio": {"current": "26.30", "2021-02-05": "45.23", "2020-12-31": "40.49", "2020-09-30": "27.16", "2020-06-30": "25.74", "2020-03-31": "18.12", "2019-12-31": "19.13", "2019-09-30": "17.62", "2019-06-30": "16.14", "2019-03-31": "16.40", "2018-12-31": "14.81", "2018-09-30": "19.29", "2018-06-30": "19.21", "2018-03-31": "21.74", "2017-12-31": "23.23", "2017-09-30": "25.91", "2017-06-30": "23.19", "2017-03-31": "24.08", "2016-12-31": "24.55", "2016-09-30": "19.94", "2016-06-30": "19.83", "2016-03-31": "17.76", "2015-12-31": "16.20", "2015-09-30": "17.61", "2015-06-30": "18.99", "2015-03-31": "19.52", "2014-12-31": "21.44", "2014-09-30": "18.66", "2014-06-30": "17.41", "2014-03-31": "16.80", "2013-12-31": "16.49", "2013-09-30": "19.47", "2013-06-30": "17.44", "2013-03-31": "18.63", "2012-12-31": "17.12", "2012-09-30": "15.42", "2012-06-30": "17.29", "2012-03-31": "20.35", "2011-12-31": "17.86", "2011-09-30": "16.07", "2011-06-30": "20.75", "2011-03-31": "21.80", "2010-12-31": "20.51", "2010-09-30": "20.85", "2010-06-30": "21.69", "2010-03-31": "25.58", "2009-12-31": "24.79", "2009-09-30": "22.66", "2009-06-30": "18.52", "2009-03-31": "15.33", "2008-12-31": "16.07", "2008-09-30": "17.81", "2008-06-30": "23.16", "2008-03-31": "22.18", "2007-12-31": "18.54", "2007-09-30": "18.82", "2007-06-30": "21.73", "2007-03-31": "20.95", "2006-12-31": "17.17"}, "price sales": {"2021-02-05": "1.38", "2020-12-31": "1.24", "2020-09-30": "1.25", "2020-06-30": "1.15", "2020-03-31": "0.94", "2019-12-31": "1.07", "2019-09-30": "1.02", "2019-06-30": "0.94", "2019-03-31": "0.94", "2018-12-31": "0.82", "2018-09-30": "1.08", "2018-06-30": "1.03", "2018-03-31": "1.12", "2017-12-31": "1.13", "2017-09-30": "1.13", "2017-06-30": "1.01", "2017-03-31": "1.04", "2016-12-31": "1.07", "2016-09-30": "0.87", "2016-06-30": "0.87", "2016-03-31": "0.80", "2015-12-31": "0.72", "2015-09-30": "0.78", "2015-06-30": "0.84", "2015-03-31": "0.85", "2014-12-31": "0.94", "2014-09-30": "0.99", "2014-06-30": "0.93", "2014-03-31": "0.91", "2013-12-31": "0.91", "2013-09-30": "0.89", "2013-06-30": "0.81", "2013-03-31": "0.88", "2012-12-31": "0.80", "2012-09-30": "0.71", "2012-06-30": "0.79", "2012-03-31": "0.90", "2011-12-31": "0.77", "2011-09-30": "0.67", "2011-06-30": "0.82", "2011-03-31": "0.82", "2010-12-31": "0.75", "2010-09-30": "0.73", "2010-06-30": "0.78", "2010-03-31": "0.91", "2009-12-31": "0.88", "2009-09-30": "0.84", "2009-06-30": "0.72", "2009-03-31": "0.62", "2008-12-31": "0.68", "2008-09-30": "0.77", "2008-06-30": "1.01", "2008-03-31": "0.99", "2007-12-31": "0.82", "2007-09-30": "0.84", "2007-06-30": "0.98", "2007-03-31": "0.94", "2006-12-31": "0.78"}, "price book": {"current": "8.23", "2021-02-05": "8.07", "2020-09-30": "6.72", "2020-06-30": "6.53", "2020-03-31": "5.76", "2019-12-31": "6.00", "2019-09-30": "5.65", "2019-06-30": "5.64", "2019-03-31": "5.79", "2018-12-31": "5.34", "2018-09-30": "6.61", "2018-06-30": "6.48", "2018-03-31": "6.23", "2017-12-31": "6.28", "2017-09-30": "6.00", "2017-06-30": "5.52", "2017-03-31": "5.86", "2016-12-31": "6.15", "2016-09-30": "5.24", "2016-06-30": "5.42", "2016-03-31": "5.28", "2015-12-31": "4.97", "2015-09-30": "5.32", "2015-06-30": "5.76", "2015-03-31": "5.64", "2014-12-31": "6.08", "2014-09-30": "5.94", "2014-06-30": "5.67", "2014-03-31": "5.47", "2013-12-31": "5.23", "2013-09-30": "5.47", "2013-06-30": "5.42", "2013-03-31": "5.89", "2012-12-31": "5.81", "2012-09-30": "5.29", "2012-06-30": "6.19", "2012-03-31": "7.36", "2011-12-31": "6.64", "2011-09-30": "5.93", "2011-06-30": "6.98", "2011-03-31": "7.40", "2010-12-31": "6.92", "2010-09-30": "6.07", "2010-06-30": "6.03", "2010-03-31": "6.64", "2009-12-31": "6.41", "2009-09-30": "6.20", "2009-06-30": "5.99", "2009-03-31": "5.93", "2008-12-31": "6.89", "2008-09-30": "8.04", "2008-06-30": "10.34", "2008-03-31": "11.44", "2007-12-31": "10.71", "2007-09-30": "9.79", "2007-06-30": "10.06", "2007-03-31": "9.63", "2006-12-31": "8.10", "2006-09-30": "8.81", "2006-06-30": "9.01", "2006-03-31": "8.26"}, "price fcf": {"2021-02-05": "", "2020-09-30": "$5.40", "2020-06-30": "$7.72", "2020-03-31": "$6.82", "2019-12-31": "$7.35", "2019-09-30": "$8.50", "2019-06-30": "$8.83", "2019-03-31": "$8.36", "2018-12-31": "$7.07", "2018-09-30": "$4.88", "2018-06-30": "$3.92", "2018-03-31": "$3.31", "2017-12-31": "$3.03", "2017-09-30": "$3.39", "2017-06-30": "$3.63", "2017-03-31": "$3.88", "2016-12-31": "$4.21", "2016-09-30": "$5.36", "2016-06-30": "$5.42", "2016-03-31": "$5.53", "2015-12-31": "$4.86", "2015-09-30": "$3.98", "2015-06-30": "$3.68", "2015-03-31": "$2.96", "2014-12-31": "$2.19", "2014-09-30": "$2.11", "2014-06-30": "$1.88", "2014-03-31": "$2.53", "2013-12-31": "$3.38", "2013-09-30": "$3.17", "2013-06-30": "$3.24", "2013-03-31": "$3.37", "2012-12-31": "$2.66", "2012-09-30": "$2.97", "2012-06-30": "$3.21", "2012-03-31": "$2.53", "2011-12-31": "$2.42", "2011-09-30": "$2.55", "2011-06-30": "$2.08", "2011-03-31": "$1.95", "2010-12-31": "$1.67", "2010-09-30": "$1.21", "2010-06-30": "$0.80", "2010-03-31": "$1.27", "2009-12-31": "$2.79", "2009-09-30": "$3.72", "2009-06-30": "$3.57", "2009-03-31": "$3.02", "2008-12-31": "$2.11", "2008-09-30": "$1.34", "2008-06-30": "$1.77", "2008-03-31": "$2.22", "2007-12-31": "$2.50", "2007-09-30": "$3.03", "2007-06-30": "$3.31", "2007-03-31": "$4.25", "2006-12-31": "$4.95"}, "net worth": {"value": "$5.69B"}, "current ratio": {"2020-12-31": "1.50", "2020-09-30": "1.77", "2020-06-30": "1.78", "2020-03-31": "1.76", "2019-12-31": "1.81", "2019-09-30": "2.01", "2019-06-30": "1.98", "2019-03-31": "2.00", "2018-12-31": "1.81", "2018-09-30": "1.94", "2018-06-30": "1.82", "2018-03-31": "1.96", "2017-12-31": "1.75", "2017-09-30": "1.96", "2017-06-30": "2.05", "2017-03-31": "2.03", "2016-12-31": "1.94", "2016-09-30": "1.91", "2016-06-30": "1.96", "2016-03-31": "1.98", "2015-12-31": "1.78", "2015-09-30": "1.91", "2015-06-30": "1.90", "2015-03-31": "1.97", "2014-12-31": "1.78", "2014-09-30": "1.94", "2014-06-30": "1.81", "2014-03-31": "1.75", "2013-12-31": "1.82", "2013-09-30": "1.68", "2013-06-30": "1.68", "2013-03-31": "1.78", "2012-12-31": "1.72", "2012-09-30": "1.66", "2012-06-30": "1.67", "2012-03-31": "1.68", "2011-12-31": "1.67", "2011-09-30": "1.54", "2011-06-30": "1.59", "2011-03-31": "1.55", "2010-12-31": "1.51", "2010-09-30": "1.58", "2010-06-30": "1.56", "2010-03-31": "1.63", "2009-12-31": "1.65", "2009-09-30": "1.69", "2009-06-30": "1.86", "2009-03-31": "2.05", "2008-12-31": "2.01", "2008-09-30": "1.90", "2008-06-30": "1.87", "2008-03-31": "1.81", "2007-12-31": "1.74", "2007-09-30": "1.66", "2007-06-30": "1.69", "2007-03-31": "1.77", "2006-12-31": "1.88", "2006-09-30": "1.88", "2006-06-30": "2.03", "2006-03-31": "1.97", "2005-12-31": "2.06", "2005-09-30": "1.67", "2005-06-30": "1.83", "2005-03-31": "1.93"}, "quick ratio": {"2020-12-31": "0.00", "2020-09-30": "0.00", "2020-06-30": "0.00", "2020-03-31": "0.00", "2019-12-31": "0.00", "2019-09-30": "0.00", "2019-06-30": "0.00", "2019-03-31": "0.00", "2018-12-31": "0.00", "2018-09-30": "0.00", "2018-06-30": "0.00", "2018-03-31": "0.00", "2017-12-31": "0.00", "2017-09-30": "0.00", "2017-06-30": "0.00", "2017-03-31": "0.00", "2016-12-31": "0.00", "2016-09-30": "0.00", "2016-06-30": "0.00", "2016-03-31": "0.00", "2015-12-31": "0.00", "2015-09-30": "0.00", "2015-06-30": "0.00", "2015-03-31": "0.00", "2014-12-31": "0.00", "2014-09-30": "0.00", "2014-06-30": "0.00", "2014-03-31": "0.00", "2013-12-31": "0.00", "2013-09-30": "0.00", "2013-06-30": "0.00", "2013-03-31": "0.00", "2012-12-31": "0.00", "2012-09-30": "0.00", "2012-06-30": "0.00", "2012-03-31": "0.00", "2011-12-31": "0.00", "2011-09-30": "0.00", "2011-06-30": "0.00", "2011-03-31": "0.00", "2010-12-31": "0.00", "2010-09-30": "0.00", "2010-06-30": "0.00", "2010-03-31": "0.00", "2009-12-31": "0.00", "2009-09-30": "0.00", "2009-06-30": "0.00", "2009-03-31": "0.00", "2008-12-31": "0.00", "2008-09-30": "0.00", "2008-06-30": "0.00", "2008-03-31": "0.00", "2007-12-31": "0.00", "2007-09-30": "0.00", "2007-06-30": "0.00", "2007-03-31": "0.00", "2006-12-31": "0.00", "2006-09-30": "0.00", "2006-06-30": "0.00", "2006-03-31": "0.00", "2005-12-31": "0.00", "2005-09-30": "0.00", "2005-06-30": "0.00", "2005-03-31": "0.00"}, "debt equity ratio": {"current": "0.09", "2020-12-31": "1.39", "2020-09-30": "0.97", "2020-06-30": "0.96", "2020-03-31": "0.97", "2019-12-31": "0.98", "2019-09-30": "0.83", "2019-06-30": "0.85", "2019-03-31": "0.86", "2018-12-31": "1.00", "2018-09-30": "0.92", "2018-06-30": "0.98", "2018-03-31": "0.87", "2017-12-31": "1.07", "2017-09-30": "0.93", "2017-06-30": "0.90", "2017-03-31": "0.93", "2016-12-31": "1.02", "2016-09-30": "1.03", "2016-06-30": "0.98", "2016-03-31": "0.99", "2015-12-31": "1.13", "2015-09-30": "0.99", "2015-06-30": "1.02", "2015-03-31": "0.96", "2014-12-31": "1.14", "2014-09-30": "0.98", "2014-06-30": "1.09", "2014-03-31": "1.13", "2013-12-31": "1.14", "2013-09-30": "1.25", "2013-06-30": "1.28", "2013-03-31": "1.17", "2012-12-31": "1.32", "2012-09-30": "1.45", "2012-06-30": "1.54", "2012-03-31": "1.47", "2011-12-31": "1.69", "2011-09-30": "1.88", "2011-06-30": "1.64", "2011-03-31": "1.72", "2010-12-31": "1.73", "2010-09-30": "1.58", "2010-06-30": "1.56", "2010-03-31": "1.45", "2009-12-31": "1.42", "2009-09-30": "1.25", "2009-06-30": "1.15", "2009-03-31": "1.42", "2008-12-31": "1.62", "2008-09-30": "1.89", "2008-06-30": "1.80", "2008-03-31": "2.03", "2007-12-31": "2.48", "2007-09-30": "2.14", "2007-06-30": "1.77", "2007-03-31": "1.69", "2006-12-31": "1.81", "2006-09-30": "1.82", "2006-06-30": "1.52", "2006-03-31": "1.53", "2005-12-31": "2.00", "2005-09-30": "2.19", "2005-06-30": "2.02", "2005-03-31": "1.78"}, "return on equity": {"2020-12-31": "28.72%", "2020-09-30": "26.19%", "2020-06-30": "24.41%", "2020-03-31": "28.95%", "2019-12-31": "30.96%", "2019-09-30": "33.78%", "2019-06-30": "36.08%", "2019-03-31": "37.23%", "2018-12-31": "36.81%", "2018-09-30": "36.84%", "2018-06-30": "34.09%", "2018-03-31": "30.96%", "2017-12-31": "28.42%", "2017-09-30": "25.55%", "2017-06-30": "26.15%", "2017-03-31": "26.40%", "2016-12-31": "27.01%", "2016-09-30": "27.66%", "2016-06-30": "28.69%", "2016-03-31": "30.79%", "2015-12-31": "30.96%", "2015-09-30": "30.61%", "2015-06-30": "29.93%", "2015-03-31": "29.25%", "2014-12-31": "29.46%", "2014-09-30": "34.75%", "2014-06-30": "34.38%", "2014-03-31": "34.35%", "2013-12-31": "34.82%", "2013-09-30": "29.96%", "2013-06-30": "32.00%", "2013-03-31": "34.53%", "2012-12-31": "36.47%", "2012-09-30": "38.28%", "2012-06-30": "40.13%", "2012-03-31": "40.34%", "2011-12-31": "40.57%", "2011-09-30": "39.11%", "2011-06-30": "36.19%", "2011-03-31": "33.86%", "2010-12-31": "31.84%", "2010-09-30": "29.55%", "2010-06-30": "28.88%", "2010-03-31": "27.06%", "2009-12-31": "26.57%", "2009-09-30": "29.22%", "2009-06-30": "34.92%", "2009-03-31": "40.48%", "2008-12-31": "46.47%", "2008-09-30": "52.02%", "2008-06-30": "53.27%", "2008-03-31": "54.70%", "2007-12-31": "52.44%", "2007-09-30": "49.55%", "2007-06-30": "48.33%", "2007-03-31": "45.96%", "2006-12-31": "44.80%", "2006-09-30": "48.70%", "2006-06-30": "52.21%", "2006-03-31": "54.01%", "2005-12-31": "55.37%"}, "return on assets": {"2020-12-31": "13.83%", "2020-09-30": "13.29%", "2020-06-30": "12.63%", "2020-03-31": "15.19%", "2019-12-31": "16.47%", "2019-09-30": "17.93%", "2019-06-30": "18.93%", "2019-03-31": "19.22%", "2018-12-31": "18.96%", "2018-09-30": "18.84%", "2018-06-30": "17.39%", "2018-03-31": "15.94%", "2017-12-31": "14.51%", "2017-09-30": "13.15%", "2017-06-30": "13.30%", "2017-03-31": "13.28%", "2016-12-31": "13.47%", "2016-09-30": "13.63%", "2016-06-30": "14.20%", "2016-03-31": "15.17%", "2015-12-31": "15.31%", "2015-09-30": "15.11%", "2015-06-30": "14.80%", "2015-03-31": "14.33%", "2014-12-31": "14.14%", "2014-09-30": "16.69%", "2014-06-30": "15.98%", "2014-03-31": "15.65%", "2013-12-31": "15.79%", "2013-09-30": "13.31%", "2013-06-30": "13.91%", "2013-03-31": "14.62%", "2012-12-31": "14.93%", "2012-09-30": "15.12%", "2012-06-30": "15.25%", "2012-03-31": "15.16%", "2011-12-31": "14.86%", "2011-09-30": "14.26%", "2011-06-30": "13.59%", "2011-03-31": "12.81%", "2010-12-31": "12.37%", "2010-09-30": "11.81%", "2010-06-30": "11.93%", "2010-03-31": "11.67%", "2009-12-31": "11.51%", "2009-09-30": "12.41%", "2009-06-30": "13.88%", "2009-03-31": "15.08%", "2008-12-31": "16.43%", "2008-09-30": "17.24%", "2008-06-30": "17.28%", "2008-03-31": "17.74%", "2007-12-31": "17.54%", "2007-09-30": "17.42%", "2007-06-30": "17.41%", "2007-03-31": "16.97%", "2006-12-31": "16.81%", "2006-09-30": "17.95%", "2006-06-30": "18.76%", "2006-03-31": "18.60%", "2005-12-31": "18.49%"}, "return on investments": {"2020-12-31": "34.60%", "2020-09-30": "31.89%", "2020-06-30": "29.80%", "2020-03-31": "35.32%", "2019-12-31": "37.42%", "2019-09-30": "40.01%", "2019-06-30": "42.26%", "2019-03-31": "43.44%", "2018-12-31": "43.00%", "2018-09-30": "41.42%", "2018-06-30": "38.87%", "2018-03-31": "36.39%", "2017-12-31": "34.71%", "2017-09-30": "35.12%", "2017-06-30": "36.46%", "2017-03-31": "36.84%", "2016-12-31": "37.61%", "2016-09-30": "38.88%", "2016-06-30": "40.99%", "2016-03-31": "44.22%", "2015-12-31": "44.65%", "2015-09-30": "43.94%", "2015-06-30": "42.48%", "2015-03-31": "41.34%", "2014-12-31": "41.49%", "2014-09-30": "38.27%", "2014-06-30": "36.91%", "2014-03-31": "35.42%", "2013-12-31": "35.08%", "2013-09-30": "36.84%", "2013-06-30": "39.13%", "2013-03-31": "42.07%", "2012-12-31": "43.72%", "2012-09-30": "46.30%", "2012-06-30": "47.60%", "2012-03-31": "47.48%", "2011-12-31": "47.30%", "2011-09-30": "45.89%", "2011-06-30": "42.35%", "2011-03-31": "39.81%", "2010-12-31": "38.04%", "2010-09-30": "36.21%", "2010-06-30": "36.80%", "2010-03-31": "35.74%", "2009-12-31": "34.98%", "2009-09-30": "38.10%", "2009-06-30": "42.70%", "2009-03-31": "46.54%", "2008-12-31": "51.59%", "2008-09-30": "55.44%", "2008-06-30": "57.14%", "2008-03-31": "59.98%", "2007-12-31": "59.95%", "2007-09-30": "59.05%", "2007-06-30": "57.71%", "2007-03-31": "54.96%", "2006-12-31": "54.20%", "2006-09-30": "57.30%", "2006-06-30": "61.09%", "2006-03-31": "61.72%", "2005-12-31": "61.05%"}, "return on tangible equity": {"2020-09-30": "27.80%", "2020-06-30": "25.85%", "2020-03-31": "30.59%", "2019-12-31": "32.65%", "2019-09-30": "35.65%", "2019-06-30": "38.10%", "2019-03-31": "39.38%", "2018-12-31": "38.96%", "2018-09-30": "39.04%", "2018-06-30": "36.22%", "2018-03-31": "32.82%", "2017-12-31": "30.13%", "2017-09-30": "27.07%", "2017-06-30": "27.70%", "2017-03-31": "28.06%", "2016-12-31": "28.78%", "2016-09-30": "29.54%", "2016-06-30": "30.67%", "2016-03-31": "32.96%", "2015-12-31": "33.15%", "2015-09-30": "32.74%", "2015-06-30": "31.99%", "2015-03-31": "31.26%", "2014-12-31": "31.54%", "2014-09-30": "37.25%", "2014-06-30": "37.55%", "2014-03-31": "38.28%", "2013-12-31": "39.62%", "2013-09-30": "34.96%", "2013-06-30": "37.55%", "2013-03-31": "40.75%", "2012-12-31": "43.44%", "2012-09-30": "46.15%", "2012-06-30": "49.17%", "2012-03-31": "50.00%", "2011-12-31": "51.01%", "2011-09-30": "49.76%", "2011-06-30": "46.08%", "2011-03-31": "43.13%", "2010-12-31": "40.42%", "2010-09-30": "37.32%", "2010-06-30": "36.45%", "2010-03-31": "33.22%", "2009-12-31": "31.80%", "2009-09-30": "34.07%", "2009-06-30": "39.69%", "2009-03-31": "46.15%", "2008-12-31": "53.40%", "2008-09-30": "60.50%", "2008-06-30": "62.57%", "2008-03-31": "64.55%", "2007-12-31": "61.54%", "2007-09-30": "57.59%", "2007-06-30": "55.79%", "2007-03-31": "52.73%", "2006-12-31": "51.07%", "2006-09-30": "55.32%", "2006-06-30": "59.63%", "2006-03-31": "62.52%", "2005-12-31": "64.99%"}, "dividend yield history": {"last payout": "$0.84", "last yield": "0.57%"}}