{"ticker": "LAZ", "price": {"title": "Lazard Historical Annual Stock Price Data", "value": 42.31, "historical": {"2020": {"Average Stock Price": "33.1681", "Year Open": "40.7600", "Year High": "44.5500", "Year Low": "21.0600", "Year Close": "42.3000", "Annual % Change": "5.86%"}, "2019": {"Average Stock Price": "36.6473", "Year Open": "37.6700", "Year High": "41.1600", "Year Low": "31.1600", "Year Close": "39.9600", "Annual % Change": "8.26%"}, "2018": {"Average Stock Price": "49.4751", "Year Open": "52.6000", "Year High": "59.4000", "Year Low": "33.9800", "Year Close": "36.9100", "Annual % Change": "-29.70%"}, "2017": {"Average Stock Price": "45.0630", "Year Open": "41.6400", "Year High": "52.5000", "Year Low": "40.6100", "Year Close": "52.5000", "Annual % Change": "27.77%"}, "2016": {"Average Stock Price": "36.0821", "Year Open": "44.5100", "Year High": "44.5100", "Year Low": "27.0000", "Year Close": "41.0900", "Annual % Change": "-8.71%"}, "2015": {"Average Stock Price": "50.5513", "Year Open": "50.1300", "Year High": "58.7800", "Year Low": "41.4700", "Year Close": "45.0100", "Annual % Change": "-10.03%"}, "2014": {"Average Stock Price": "49.1186", "Year Open": "44.7700", "Year High": "54.9600", "Year Low": "41.3700", "Year Close": "50.0300", "Annual % Change": "10.39%"}, "2013": {"Average Stock Price": "36.1685", "Year Open": "31.2700", "Year High": "45.3200", "Year Low": "31.0300", "Year Close": "45.3200", "Annual % Change": "51.88%"}, "2012": {"Average Stock Price": "27.7506", "Year Open": "27.0300", "Year High": "31.4900", "Year Low": "22.3300", "Year Close": "29.8400", "Annual % Change": "14.29%"}, "2011": {"Average Stock Price": "33.9676", "Year Open": "39.6700", "Year High": "45.9500", "Year Low": "19.6500", "Year Close": "26.1100", "Annual % Change": "-33.88%"}, "2010": {"Average Stock Price": "35.2262", "Year Open": "40.0600", "Year High": "41.0200", "Year Low": "26.4300", "Year Close": "39.4900", "Annual % Change": "4.00%"}, "2009": {"Average Stock Price": "32.7222", "Year Open": "29.7200", "Year High": "43.5500", "Year Low": "21.1800", "Year Close": "37.9700", "Annual % Change": "27.67%"}, "2008": {"Average Stock Price": "35.4476", "Year Open": "39.1200", "Year High": "43.9600", "Year Low": "20.6100", "Year Close": "29.7400", "Annual % Change": "-26.89%"}, "2007": {"Average Stock Price": "47.2841", "Year Open": "47.6400", "Year High": "55.7500", "Year Low": "36.1500", "Year Close": "40.6800", "Annual % Change": "-14.07%"}, "2006": {"Average Stock Price": "40.6606", "Year Open": "32.0000", "Year High": "48.7800", "Year Low": "31.8500", "Year Close": "47.3400", "Annual % Change": "48.40%"}, "2005": {"Average Stock Price": "25.4450", "Year Open": "24.0000", "Year High": "32.3300", "Year Low": "20.7000", "Year Close": "31.9000", "Annual % Change": "0.00%"}}}, "market cap": {"value": "$4.44B"}, "income statement": {"Revenue": {"2019-12-31": "2586.77300", "2018-12-31": "2826.35200", "2017-12-31": "2644.31100", "2016-12-31": "2333.37100", "2015-12-31": "2353.60800", "2014-12-31": "2300.44700", "2013-12-31": "1985.35200", "2012-12-31": "1912.44800", "2011-12-31": "1829.51200", "2010-12-31": "1905.36800", "2009-12-31": "1530.51800", "2008-12-31": "1557.20700", "2007-12-31": "1917.68900", "2006-12-31": "1493.55500", "2005-12-31": "1301.44200"}, "Cost Of Goods Sold": {"2019-12-31": "", "2018-12-31": "", "2017-12-31": "", "2016-12-31": "", "2015-12-31": "", "2014-12-31": "", "2013-12-31": "", "2012-12-31": "", "2011-12-31": "", "2010-12-31": "", "2009-12-31": "", "2008-12-31": "", "2007-12-31": "", "2006-12-31": "", "2005-12-31": ""}, "Gross Profit": {"2019-12-31": "2586.77300", "2018-12-31": "2826.35200", "2017-12-31": "2644.31100", "2016-12-31": "2333.37100", "2015-12-31": "2353.60800", "2014-12-31": "2300.44700", "2013-12-31": "1985.35200", "2012-12-31": "1912.44800", "2011-12-31": "1829.51200", "2010-12-31": "1905.36800", "2009-12-31": "1530.51800", "2008-12-31": "1557.20700", "2007-12-31": "1917.68900", "2006-12-31": "1493.55500", "2005-12-31": "1301.44200"}, "Research And Development Expenses": {"2019-12-31": "143.73900", "2018-12-31": "139.69300", "2017-12-31": "121.67100", "2016-12-31": "97.46100", "2015-12-31": "95.52800", "2014-12-31": "91.12000", "2013-12-31": "89.28900", "2012-12-31": "86.89200", "2011-12-31": "83.21200", "2010-12-31": "73.74400", "2009-12-31": "69.62000", "2008-12-31": "67.89200", "2007-12-31": "59.40900", "2006-12-31": "49.15800", "2005-12-31": "49.25100"}, "SG&A Expenses": {"2019-12-31": "1987.47800", "2018-12-31": "1938.79900", "2017-12-31": "1846.15700", "2016-12-31": "1641.98300", "2015-12-31": "1622.04600", "2014-12-31": "1625.18500", "2013-12-31": "1587.63500", "2012-12-31": "1655.21300", "2011-12-31": "1459.17100", "2010-12-31": "1450.62900", "2009-12-31": "1544.23600", "2008-12-31": "1390.75800", "2007-12-31": "1359.23200", "2006-12-31": "1085.17900", "2005-12-31": "871.72700"}, "Other Operating Income Or Expenses": {"2019-12-31": "-43.44800", "2018-12-31": "-82.99100", "2017-12-31": "158.47700", "2016-12-31": "-41.21900", "2015-12-31": "-646.83300", "2014-12-31": "-58.29000", "2013-12-31": "-81.50700", "2012-12-31": "-38.09900", "2011-12-31": "-39.71500", "2010-12-31": "-42.37000", "2009-12-31": "-31.35600", "2008-12-31": "-68.82100", "2007-12-31": "-59.23000", "2006-12-31": "-32.00900", "2005-12-31": "-38.10200"}, "Operating Expenses": {"2019-12-31": "2194.07500", "2018-12-31": "2145.58600", "2017-12-31": "1818.86500", "2016-12-31": "1815.91000", "2015-12-31": "2370.22800", "2014-12-31": "1780.98200", "2013-12-31": "1768.54500", "2012-12-31": "1788.56300", "2011-12-31": "1594.01300", "2010-12-31": "1661.71800", "2009-12-31": "1712.75200", "2008-12-31": "1532.06700", "2007-12-31": "1499.39400", "2006-12-31": "1166.34600", "2005-12-31": "959.08000"}, "Operating Income": {"2019-12-31": "392.69780", "2018-12-31": "680.76610", "2017-12-31": "825.44600", "2016-12-31": "517.46110", "2015-12-31": "-16.62010", "2014-12-31": "519.46500", "2013-12-31": "216.80700", "2012-12-31": "123.88500", "2011-12-31": "235.49900", "2010-12-31": "243.65000", "2009-12-31": "-182.23400", "2008-12-31": "25.14000", "2007-12-31": "418.29490", "2006-12-31": "327.20900", "2005-12-31": "342.36200"}, "Total Non-Operating Income/Expense": {"2019-12-31": "", "2018-12-31": "", "2017-12-31": "", "2016-12-31": "", "2015-12-31": "", "2014-12-31": "", "2013-12-31": "", "2012-12-31": "", "2011-12-31": "", "2010-12-31": "", "2009-12-31": "", "2008-12-31": "", "2007-12-31": "", "2006-12-31": "", "2005-12-31": ""}, "Pre-Tax Income": {"2019-12-31": "392.69780", "2018-12-31": "680.76610", "2017-12-31": "825.44600", "2016-12-31": "517.46110", "2015-12-31": "-16.62010", "2014-12-31": "519.46500", "2013-12-31": "216.80700", "2012-12-31": "123.88500", "2011-12-31": "235.49900", "2010-12-31": "243.65000", "2009-12-31": "-182.23400", "2008-12-31": "25.14000", "2007-12-31": "418.29500", "2006-12-31": "327.20900", "2005-12-31": "342.36200"}, "Income Taxes": {"2019-12-31": "94.98200", "2018-12-31": "148.31700", "2017-12-31": "565.59900", "2016-12-31": "123.76900", "2015-12-31": "-1009.55200", "2014-12-31": "85.40200", "2013-12-31": "51.69300", "2012-12-31": "31.10000", "2011-12-31": "44.94000", "2010-12-31": "49.22700", "2009-12-31": "6.01100", "2008-12-31": "25.37900", "2007-12-31": "80.61600", "2006-12-31": "68.81200", "2005-12-31": "58.98500"}, "Income After Taxes": {"2019-12-31": "297.71580", "2018-12-31": "532.44910", "2017-12-31": "259.84700", "2016-12-31": "393.69210", "2015-12-31": "992.93190", "2014-12-31": "434.06300", "2013-12-31": "165.11400", "2012-12-31": "92.78500", "2011-12-31": "190.55900", "2010-12-31": "194.42300", "2009-12-31": "-188.24500", "2008-12-31": "-0.23900", "2007-12-31": "337.67900", "2006-12-31": "258.39700", "2005-12-31": "283.37700"}, "Other Income": {"2019-12-31": "", "2018-12-31": "", "2017-12-31": "", "2016-12-31": "", "2015-12-31": "", "2014-12-31": "", "2013-12-31": "", "2012-12-31": "", "2011-12-31": "", "2010-12-31": "", "2009-12-31": "", "2008-12-31": "", "2007-12-31": "", "2006-12-31": "", "2005-12-31": ""}, "Income From Continuous Operations": {"2019-12-31": "297.71580", "2018-12-31": "532.44910", "2017-12-31": "259.84700", "2016-12-31": "393.69210", "2015-12-31": "992.93190", "2014-12-31": "434.06300", "2013-12-31": "165.11400", "2012-12-31": "92.78500", "2011-12-31": "190.55900", "2010-12-31": "194.42300", "2009-12-31": "-188.24500", "2008-12-31": "-0.23900", "2007-12-31": "337.67900", "2006-12-31": "92.98500", "2005-12-31": "161.06200"}, "Income From Discontinued Operations": {"2019-12-31": "", "2018-12-31": "", "2017-12-31": "", "2016-12-31": "", "2015-12-31": "", "2014-12-31": "", "2013-12-31": "", "2012-12-31": "", "2011-12-31": "", "2010-12-31": "", "2009-12-31": "", "2008-12-31": "", "2007-12-31": "", "2006-12-31": "", "2005-12-31": "-17.57600"}, "Net Income": {"2019-12-31": "286.50000", "2018-12-31": "527.12500", "2017-12-31": "253.58300", "2016-12-31": "387.69800", "2015-12-31": "986.37300", "2014-12-31": "427.27700", "2013-12-31": "160.21200", "2012-12-31": "84.31600", "2011-12-31": "175.20100", "2010-12-31": "175.23000", "2009-12-31": "-131.53400", "2008-12-31": "3.13800", "2007-12-31": "155.72000", "2006-12-31": "92.98500", "2005-12-31": "54.31100"}, "EBITDA": {"2019-12-31": "813.50070", "2018-12-31": "1070.40600", "2017-12-31": "1225.83900", "2016-12-31": "927.79710", "2015-12-31": "342.45790", "2014-12-31": "856.14590", "2013-12-31": "571.70700", "2012-12-31": "523.85000", "2011-12-31": "572.28000", "2010-12-31": "590.46110", "2009-12-31": "217.76900", "2008-12-31": "297.46700", "2007-12-31": "567.54690", "2006-12-31": "367.80900", "2005-12-31": "360.60500"}, "EBIT": {"2019-12-31": "392.69780", "2018-12-31": "680.76610", "2017-12-31": "825.44600", "2016-12-31": "517.46110", "2015-12-31": "-16.62010", "2014-12-31": "519.46500", "2013-12-31": "216.80700", "2012-12-31": "123.88500", "2011-12-31": "235.49900", "2010-12-31": "243.65000", "2009-12-31": "-182.23400", "2008-12-31": "25.14000", "2007-12-31": "418.29490", "2006-12-31": "327.20900", "2005-12-31": "342.36200"}, "Basic Shares Outstanding": {"2019-12-31": "110.19000", "2018-12-31": "119.00700", "2017-12-31": "121.57300", "2016-12-31": "124.77000", "2015-12-31": "125.36600", "2014-12-31": "122.35200", "2013-12-31": "120.85400", "2012-12-31": "116.95400", "2011-12-31": "118.03200", "2010-12-31": "104.41100", "2009-12-31": "78.31200", "2008-12-31": "60.87500", "2007-12-31": "51.18600", "2006-12-31": "38.43300", "2005-12-31": "37.50000"}, "Shares Outstanding": {"2019-12-31": "116.08000", "2018-12-31": "129.76800", "2017-12-31": "132.48000", "2016-12-31": "132.63400", "2015-12-31": "133.24500", "2014-12-31": "133.81300", "2013-12-31": "133.73700", "2012-12-31": "129.32600", "2011-12-31": "137.63000", "2010-12-31": "138.47000", "2009-12-31": "78.31200", "2008-12-31": "60.87500", "2007-12-31": "62.21300", "2006-12-31": "44.16600", "2005-12-31": "37.56100"}, "Basic EPS": {"2019-12-31": "2.57000", "2018-12-31": "4.43000", "2017-12-31": "2.09000", "2016-12-31": "3.11000", "2015-12-31": "7.87000", "2014-12-31": "3.49000", "2013-12-31": "1.33000", "2012-12-31": "0.72000", "2011-12-31": "1.48000", "2010-12-31": "1.68000", "2009-12-31": "-1.68000", "2008-12-31": "0.06000", "2007-12-31": "3.04000", "2006-12-31": "2.42000", "2005-12-31": "1.45000"}, "EPS - Earnings Per Share": {"2019-12-31": "2.44000", "2018-12-31": "4.06000", "2017-12-31": "1.91000", "2016-12-31": "2.92000", "2015-12-31": "7.40000", "2014-12-31": "3.20000", "2013-12-31": "1.21000", "2012-12-31": "0.65000", "2011-12-31": "1.36000", "2010-12-31": "1.36000", "2009-12-31": "-1.68000", "2008-12-31": "0.06000", "2007-12-31": "2.79000", "2006-12-31": "2.31000", "2005-12-31": "1.45000"}}, "income statement, quarterly": {"Revenue": {"2020-09-30": "577.67800", "2020-06-30": "572.29200", "2020-03-31": "538.01400", "2019-12-31": "721.34090", "2019-09-30": "591.06800", "2019-06-30": "630.69000", "2019-03-31": "643.67400", "2018-12-31": "687.23510", "2018-09-30": "626.48100", "2018-06-30": "757.93800", "2018-03-31": "754.69800", "2017-12-31": "678.80800", "2017-09-30": "624.85900", "2017-06-30": "717.18000", "2017-03-31": "623.46400", "2016-12-31": "691.56520", "2016-09-30": "608.90800", "2016-06-30": "534.68000", "2016-03-31": "498.21800", "2015-12-31": "593.24880", "2015-09-30": "573.51800", "2015-06-30": "609.09200", "2015-03-31": "577.74900", "2014-12-31": "633.94010", "2014-09-30": "566.21100", "2014-06-30": "566.89600", "2014-03-31": "533.40000", "2013-12-31": "612.69000", "2013-09-30": "480.35400", "2013-06-30": "490.40500", "2013-03-31": "401.90300", "2012-12-31": "560.69290", "2012-09-30": "428.80600", "2012-06-30": "436.91000", "2012-03-31": "486.03900", "2011-12-31": "451.77800", "2011-09-30": "462.41900", "2011-06-30": "477.29200", "2011-03-31": "438.02300", "2010-12-31": "594.88510", "2010-09-30": "453.23700", "2010-06-30": "419.03500", "2010-03-31": "438.21100", "2009-12-31": "494.78300", "2009-09-30": "411.71500", "2009-06-30": "375.62500", "2009-03-31": "248.39500", "2008-12-31": "375.92000", "2008-09-30": "405.82000", "2008-06-30": "467.38800", "2008-03-31": "308.07900", "2007-12-31": "585.08300", "2007-09-30": "542.04800", "2007-06-30": "421.36000", "2007-03-31": "369.19800", "2006-12-31": "472.87710", "2006-09-30": "297.51200", "2006-06-30": "386.90800", "2006-03-31": "336.25800", "2005-12-31": "367.07700", "2005-09-30": "356.90300", "2005-06-30": "317.36300", "2005-03-31": "260.09900"}, "Cost Of Goods Sold": {"2020-09-30": "", "2020-06-30": "", "2020-03-31": "", "2019-12-31": "", "2019-09-30": "", "2019-06-30": "", "2019-03-31": "", "2018-12-31": "", "2018-09-30": "", "2018-06-30": "", "2018-03-31": "", "2017-12-31": "", "2017-09-30": "", "2017-06-30": "", "2017-03-31": "", "2016-12-31": "", "2016-09-30": "", "2016-06-30": "", "2016-03-31": "", "2015-12-31": "", "2015-09-30": "", "2015-06-30": "", "2015-03-31": "", "2014-12-31": "", "2014-09-30": "", "2014-06-30": "", "2014-03-31": "", "2013-12-31": "", "2013-09-30": "", "2013-06-30": "", "2013-03-31": "", "2012-12-31": "", "2012-09-30": "", "2012-06-30": "", "2012-03-31": "", "2011-12-31": "", "2011-09-30": "", "2011-06-30": "", "2011-03-31": "", "2010-12-31": "", "2010-09-30": "", "2010-06-30": "", "2010-03-31": "", "2009-12-31": "", "2009-09-30": "", "2009-06-30": "", "2009-03-31": "", "2008-12-31": "", "2008-09-30": "", "2008-06-30": "", "2008-03-31": "", "2007-12-31": "", "2007-09-30": "", "2007-06-30": "", "2007-03-31": "", "2006-12-31": "", "2006-09-30": "", "2006-06-30": "", "2006-03-31": "", "2005-12-31": "", "2005-09-30": "", "2005-06-30": "", "2005-03-31": ""}, "Gross Profit": {"2020-09-30": "577.67800", "2020-06-30": "572.29200", "2020-03-31": "538.01400", "2019-12-31": "721.34090", "2019-09-30": "591.06800", "2019-06-30": "630.69000", "2019-03-31": "643.67400", "2018-12-31": "687.23510", "2018-09-30": "626.48100", "2018-06-30": "757.93800", "2018-03-31": "754.69800", "2017-12-31": "678.80800", "2017-09-30": "624.85900", "2017-06-30": "717.18000", "2017-03-31": "623.46400", "2016-12-31": "691.56520", "2016-09-30": "608.90800", "2016-06-30": "534.68000", "2016-03-31": "498.21800", "2015-12-31": "593.24880", "2015-09-30": "573.51800", "2015-06-30": "609.09200", "2015-03-31": "577.74900", "2014-12-31": "633.94010", "2014-09-30": "566.21100", "2014-06-30": "566.89600", "2014-03-31": "533.40000", "2013-12-31": "612.69000", "2013-09-30": "480.35400", "2013-06-30": "490.40500", "2013-03-31": "401.90300", "2012-12-31": "560.69290", "2012-09-30": "428.80600", "2012-06-30": "436.91000", "2012-03-31": "486.03900", "2011-12-31": "451.77800", "2011-09-30": "462.41900", "2011-06-30": "477.29200", "2011-03-31": "438.02300", "2010-12-31": "594.88510", "2010-09-30": "453.23700", "2010-06-30": "419.03500", "2010-03-31": "438.21100", "2009-12-31": "494.78300", "2009-09-30": "411.71500", "2009-06-30": "375.62500", "2009-03-31": "248.39500", "2008-12-31": "375.92000", "2008-09-30": "405.82000", "2008-06-30": "467.38800", "2008-03-31": "308.07900", "2007-12-31": "585.08300", "2007-09-30": "542.04800", "2007-06-30": "421.36000", "2007-03-31": "369.19800", "2006-12-31": "472.87710", "2006-09-30": "297.51200", "2006-06-30": "386.90800", "2006-03-31": "336.25800", "2005-12-31": "367.07700", "2005-09-30": "356.90300", "2005-06-30": "317.36300", "2005-03-31": "260.09900"}, "Research And Development Expenses": {"2020-09-30": "33.45700", "2020-06-30": "32.62900", "2020-03-31": "31.35800", "2019-12-31": "38.78300", "2019-09-30": "34.07600", "2019-06-30": "38.82500", "2019-03-31": "32.05500", "2018-12-31": "37.52000", "2018-09-30": "36.39400", "2018-06-30": "32.52700", "2018-03-31": "33.25200", "2017-12-31": "34.24200", "2017-09-30": "31.37300", "2017-06-30": "32.03200", "2017-03-31": "24.02400", "2016-12-31": "26.05500", "2016-09-30": "24.17900", "2016-06-30": "24.29600", "2016-03-31": "22.93100", "2015-12-31": "26.67800", "2015-09-30": "22.92300", "2015-06-30": "23.03400", "2015-03-31": "22.89300", "2014-12-31": "22.65400", "2014-09-30": "23.02500", "2014-06-30": "21.95400", "2014-03-31": "23.48700", "2013-12-31": "23.95800", "2013-09-30": "22.21700", "2013-06-30": "20.13400", "2013-03-31": "22.98000", "2012-12-31": "23.75000", "2012-09-30": "21.47400", "2012-06-30": "21.27500", "2012-03-31": "20.39300", "2011-12-31": "22.64600", "2011-09-30": "20.41700", "2011-06-30": "20.58200", "2011-03-31": "19.56700", "2010-12-31": "20.19200", "2010-09-30": "18.90400", "2010-06-30": "16.99600", "2010-03-31": "17.65200", "2009-12-31": "19.95000", "2009-09-30": "17.59200", "2009-06-30": "16.15600", "2009-03-31": "15.92200", "2008-12-31": "16.87900", "2008-09-30": "17.68300", "2008-06-30": "17.08900", "2008-03-31": "16.24100", "2007-12-31": "17.43800", "2007-09-30": "15.20400", "2007-06-30": "14.16100", "2007-03-31": "12.60600", "2006-12-31": "25.45900", "2006-09-30": "11.94300", "2006-06-30": "11.75600", "2006-03-31": "", "2005-12-31": "", "2005-09-30": "", "2005-06-30": "", "2005-03-31": ""}, "SG&A Expenses": {"2020-09-30": "434.40200", "2020-06-30": "429.44000", "2020-03-31": "413.07400", "2019-12-31": "543.88700", "2019-09-30": "492.06700", "2019-06-30": "479.84400", "2019-03-31": "471.68000", "2018-12-31": "463.86800", "2018-09-30": "442.80400", "2018-06-30": "523.56800", "2018-03-31": "508.55900", "2017-12-31": "470.63520", "2017-09-30": "440.07100", "2017-06-30": "499.03900", "2017-03-31": "436.41200", "2016-12-31": "462.76810", "2016-09-30": "425.62300", "2016-06-30": "386.49000", "2016-03-31": "367.10200", "2015-12-31": "416.50500", "2015-09-30": "389.21200", "2015-06-30": "413.69100", "2015-03-31": "402.63800", "2014-12-31": "392.36600", "2014-09-30": "415.35700", "2014-06-30": "425.30700", "2014-03-31": "392.15500", "2013-12-31": "444.32390", "2013-09-30": "373.65800", "2013-06-30": "422.34000", "2013-03-31": "347.31300", "2012-12-31": "529.29310", "2012-09-30": "350.28700", "2012-06-30": "360.00500", "2012-03-31": "415.62800", "2011-12-31": "425.12390", "2011-09-30": "343.17400", "2011-06-30": "356.96300", "2011-03-31": "333.91000", "2010-12-31": "424.21790", "2010-09-30": "345.21300", "2010-06-30": "324.40300", "2010-03-31": "356.79500", "2009-12-31": "685.46790", "2009-09-30": "310.76900", "2009-06-30": "294.98500", "2009-03-31": "253.01400", "2008-12-31": "278.47100", "2008-09-30": "498.60300", "2008-06-30": "350.32800", "2008-03-31": "263.35600", "2007-12-31": "400.55900", "2007-09-30": "380.75200", "2007-06-30": "308.46500", "2007-03-31": "269.45600", "2006-12-31": "328.65400", "2006-09-30": "231.11000", "2006-06-30": "284.92100", "2006-03-31": "247.96600", "2005-12-31": "272.10700", "2005-09-30": "262.45500", "2005-06-30": "211.34200", "2005-03-31": "148.13900"}, "Other Operating Income Or Expenses": {"2020-09-30": "-4.68100", "2020-06-30": "-13.90300", "2020-03-31": "-9.03900", "2019-12-31": "-9.81800", "2019-09-30": "-11.53000", "2019-06-30": "-5.29400", "2019-03-31": "-16.80600", "2018-12-31": "-31.95900", "2018-09-30": "-14.45300", "2018-06-30": "-10.38600", "2018-03-31": "-26.19300", "2017-12-31": "189.11600", "2017-09-30": "-9.03100", "2017-06-30": "-12.35100", "2017-03-31": "-9.25700", "2016-12-31": "-12.47600", "2016-09-30": "-9.25100", "2016-06-30": "-10.32800", "2016-03-31": "-9.16400", "2015-12-31": "-8.29710", "2015-09-30": "409.87200", "2015-06-30": "-971.88600", "2015-03-31": "-76.52200", "2014-12-31": "-18.88600", "2014-09-30": "-10.09700", "2014-06-30": "-19.94900", "2014-03-31": "-9.35800", "2013-12-31": "-63.89800", "2013-09-30": "-2.48400", "2013-06-30": "-5.98900", "2013-03-31": "-9.13600", "2012-12-31": "-10.66000", "2012-09-30": "-7.82500", "2012-06-30": "-8.53700", "2012-03-31": "-11.07700", "2011-12-31": "-11.87600", "2011-09-30": "-9.37400", "2011-06-30": "-8.83900", "2011-03-31": "-9.62600", "2010-12-31": "-16.25300", "2010-09-30": "-7.93400", "2010-06-30": "-8.81600", "2010-03-31": "-9.36700", "2009-12-31": "-8.67100", "2009-09-30": "-8.15700", "2009-06-30": "-7.19400", "2009-03-31": "-7.33400", "2008-12-31": "-22.38800", "2008-09-30": "-23.74000", "2008-06-30": "-12.23300", "2008-03-31": "-10.46000", "2007-12-31": "-31.44100", "2007-09-30": "-9.35000", "2007-06-30": "-9.57100", "2007-03-31": "-8.86800", "2006-12-31": "-11.02900", "2006-09-30": "-5.26600", "2006-06-30": "-5.53800", "2006-03-31": "-10.17600", "2005-12-31": "9.04900", "2005-09-30": "-17.15900", "2005-06-30": "-16.30100", "2005-03-31": "-13.69100"}, "Operating Expenses": {"2020-09-30": "472.99800", "2020-06-30": "476.42700", "2020-03-31": "453.91700", "2019-12-31": "602.36410", "2019-09-30": "538.69500", "2019-06-30": "529.00500", "2019-03-31": "524.01100", "2018-12-31": "530.91780", "2018-09-30": "487.80000", "2018-06-30": "557.99800", "2018-03-31": "568.87000", "2017-12-31": "320.27200", "2017-09-30": "480.64700", "2017-06-30": "544.67900", "2017-03-31": "473.26700", "2016-12-31": "534.70910", "2016-09-30": "459.91600", "2016-06-30": "421.44400", "2016-03-31": "399.84100", "2015-12-31": "453.90010", "2015-09-30": "2.77400", "2015-06-30": "1410.46800", "2015-03-31": "503.08600", "2014-12-31": "434.34700", "2014-09-30": "452.49900", "2014-06-30": "467.91600", "2014-03-31": "426.22000", "2013-12-31": "539.53600", "2013-09-30": "399.23600", "2013-06-30": "449.46700", "2013-03-31": "380.30600", "2012-12-31": "565.89000", "2012-09-30": "382.08000", "2012-06-30": "392.37700", "2012-03-31": "448.21600", "2011-12-31": "466.66490", "2011-09-30": "374.68100", "2011-06-30": "388.09000", "2011-03-31": "364.57700", "2010-12-31": "463.27200", "2010-09-30": "373.77000", "2010-06-30": "351.98400", "2010-03-31": "472.69200", "2009-12-31": "716.35890", "2009-09-30": "338.55000", "2009-06-30": "318.67900", "2009-03-31": "339.16400", "2008-12-31": "321.82700", "2008-09-30": "540.53300", "2008-06-30": "379.65000", "2008-03-31": "290.05700", "2007-12-31": "452.80500", "2007-09-30": "423.46200", "2007-06-30": "332.19700", "2007-03-31": "290.93000", "2006-12-31": "357.67010", "2006-09-30": "248.31900", "2006-06-30": "302.21500", "2006-03-31": "258.14200", "2005-12-31": "289.99310", "2005-09-30": "279.61400", "2005-06-30": "227.64300", "2005-03-31": "161.83000"}, "Operating Income": {"2020-09-30": "104.68000", "2020-06-30": "95.86500", "2020-03-31": "84.09700", "2019-12-31": "118.97670", "2019-09-30": "52.37300", "2019-06-30": "101.68500", "2019-03-31": "119.66300", "2018-12-31": "156.31730", "2018-09-30": "138.68100", "2018-06-30": "199.94000", "2018-03-31": "185.82800", "2017-12-31": "358.53600", "2017-09-30": "144.21200", "2017-06-30": "172.50100", "2017-03-31": "150.19700", "2016-12-31": "156.85610", "2016-09-30": "148.99200", "2016-06-30": "113.23600", "2016-03-31": "98.37700", "2015-12-31": "139.34870", "2015-09-30": "570.74400", "2015-06-30": "-801.37600", "2015-03-31": "74.66300", "2014-12-31": "199.59310", "2014-09-30": "113.71200", "2014-06-30": "98.98000", "2014-03-31": "107.18000", "2013-12-31": "73.15400", "2013-09-30": "81.11800", "2013-06-30": "40.93800", "2013-03-31": "21.59700", "2012-12-31": "-5.19710", "2012-09-30": "46.72600", "2012-06-30": "44.53300", "2012-03-31": "37.82300", "2011-12-31": "-14.88690", "2011-09-30": "87.73800", "2011-06-30": "89.20200", "2011-03-31": "73.44600", "2010-12-31": "131.61310", "2010-09-30": "79.46700", "2010-06-30": "67.05100", "2010-03-31": "-34.48100", "2009-12-31": "-221.57600", "2009-09-30": "73.16500", "2009-06-30": "56.94600", "2009-03-31": "-90.76900", "2008-12-31": "54.09290", "2008-09-30": "-134.71300", "2008-06-30": "87.73800", "2008-03-31": "18.02200", "2007-12-31": "132.27800", "2007-09-30": "118.58600", "2007-06-30": "89.16300", "2007-03-31": "78.26800", "2006-12-31": "115.20710", "2006-09-30": "49.19300", "2006-06-30": "84.69300", "2006-03-31": "78.11600", "2005-12-31": "77.08400", "2005-09-30": "77.28900", "2005-06-30": "89.72000", "2005-03-31": "98.26900"}, "Total Non-Operating Income/Expense": {"2020-09-30": "", "2020-06-30": "", "2020-03-31": "", "2019-12-31": "", "2019-09-30": "", "2019-06-30": "", "2019-03-31": "", "2018-12-31": "", "2018-09-30": "", "2018-06-30": "", "2018-03-31": "", "2017-12-31": "", "2017-09-30": "", "2017-06-30": "", "2017-03-31": "", "2016-12-31": "", "2016-09-30": "", "2016-06-30": "", "2016-03-31": "", "2015-12-31": "", "2015-09-30": "", "2015-06-30": "", "2015-03-31": "", "2014-12-31": "", "2014-09-30": "", "2014-06-30": "", "2014-03-31": "", "2013-12-31": "", "2013-09-30": "", "2013-06-30": "", "2013-03-31": "", "2012-12-31": "", "2012-09-30": "", "2012-06-30": "", "2012-03-31": "", "2011-12-31": "", "2011-09-30": "", "2011-06-30": "", "2011-03-31": "", "2010-12-31": "", "2010-09-30": "", "2010-06-30": "", "2010-03-31": "", "2009-12-31": "", "2009-09-30": "", "2009-06-30": "", "2009-03-31": "", "2008-12-31": "", "2008-09-30": "", "2008-06-30": "", "2008-03-31": "", "2007-12-31": "", "2007-09-30": "", "2007-06-30": "", "2007-03-31": "", "2006-12-31": "", "2006-09-30": "", "2006-06-30": "", "2006-03-31": "", "2005-12-31": "", "2005-09-30": "", "2005-06-30": "", "2005-03-31": ""}, "Pre-Tax Income": {"2020-09-30": "104.68000", "2020-06-30": "95.86500", "2020-03-31": "84.09700", "2019-12-31": "118.97680", "2019-09-30": "52.37300", "2019-06-30": "101.68500", "2019-03-31": "119.66300", "2018-12-31": "156.31710", "2018-09-30": "138.68100", "2018-06-30": "199.94000", "2018-03-31": "185.82800", "2017-12-31": "358.53600", "2017-09-30": "144.21200", "2017-06-30": "172.50100", "2017-03-31": "150.19700", "2016-12-31": "156.85600", "2016-09-30": "148.99200", "2016-06-30": "113.23600", "2016-03-31": "98.37700", "2015-12-31": "139.34880", "2015-09-30": "570.74400", "2015-06-30": "-801.37600", "2015-03-31": "74.66300", "2014-12-31": "199.59300", "2014-09-30": "113.71200", "2014-06-30": "98.98000", "2014-03-31": "107.18000", "2013-12-31": "73.15410", "2013-09-30": "81.11800", "2013-06-30": "40.93800", "2013-03-31": "21.59700", "2012-12-31": "-5.19700", "2012-09-30": "46.72600", "2012-06-30": "44.53300", "2012-03-31": "37.82300", "2011-12-31": "-14.88700", "2011-09-30": "87.73800", "2011-06-30": "89.20200", "2011-03-31": "73.44600", "2010-12-31": "131.61300", "2010-09-30": "79.46700", "2010-06-30": "67.05100", "2010-03-31": "-34.48100", "2009-12-31": "-221.57600", "2009-09-30": "73.16500", "2009-06-30": "56.94600", "2009-03-31": "-90.76900", "2008-12-31": "54.09300", "2008-09-30": "-134.71300", "2008-06-30": "87.73800", "2008-03-31": "18.02200", "2007-12-31": "132.27800", "2007-09-30": "118.58600", "2007-06-30": "89.16300", "2007-03-31": "78.26800", "2006-12-31": "115.20700", "2006-09-30": "49.19300", "2006-06-30": "84.69300", "2006-03-31": "78.11600", "2005-12-31": "77.08400", "2005-09-30": "77.28900", "2005-06-30": "89.72000", "2005-03-31": "98.26900"}, "Income Taxes": {"2020-09-30": "28.16500", "2020-06-30": "22.78900", "2020-03-31": "25.76600", "2019-12-31": "39.44600", "2019-09-30": "4.17700", "2019-06-30": "28.17200", "2019-03-31": "23.18700", "2018-12-31": "42.63300", "2018-09-30": "29.95600", "2018-06-30": "51.56100", "2018-03-31": "24.16700", "2017-12-31": "441.49000", "2017-09-30": "32.74200", "2017-06-30": "51.60000", "2017-03-31": "39.76700", "2016-12-31": "27.86900", "2016-09-30": "36.37400", "2016-06-30": "31.87200", "2016-03-31": "27.65400", "2015-12-31": "-15.99200", "2015-09-30": "170.95400", "2015-06-30": "-1176.53100", "2015-03-31": "12.01700", "2014-12-31": "26.78800", "2014-09-30": "23.79200", "2014-06-30": "13.07100", "2014-03-31": "21.75100", "2013-12-31": "20.35800", "2013-09-30": "18.37000", "2013-06-30": "9.01700", "2013-03-31": "3.94800", "2012-12-31": "-1.09100", "2012-09-30": "13.05300", "2012-06-30": "10.37100", "2012-03-31": "8.76700", "2011-12-31": "-6.76400", "2011-09-30": "20.60500", "2011-06-30": "17.63600", "2011-03-31": "13.46300", "2010-12-31": "20.17800", "2010-09-30": "9.11300", "2010-06-30": "13.52300", "2010-03-31": "6.41300", "2009-12-31": "-23.30100", "2009-09-30": "19.96800", "2009-06-30": "13.51900", "2009-03-31": "-4.17500", "2008-12-31": "-5.87500", "2008-09-30": "8.30400", "2008-06-30": "18.11000", "2008-03-31": "4.84000", "2007-12-31": "14.95800", "2007-09-30": "28.28400", "2007-06-30": "20.31300", "2007-03-31": "17.06100", "2006-12-31": "23.98500", "2006-09-30": "10.15300", "2006-06-30": "18.73400", "2006-03-31": "15.94000", "2005-12-31": "8.54200", "2005-09-30": "17.17700", "2005-06-30": "25.46300", "2005-03-31": "7.80300"}, "Income After Taxes": {"2020-09-30": "76.51500", "2020-06-30": "73.07600", "2020-03-31": "58.33100", "2019-12-31": "79.53080", "2019-09-30": "48.19600", "2019-06-30": "73.51300", "2019-03-31": "96.47600", "2018-12-31": "113.68410", "2018-09-30": "108.72500", "2018-06-30": "148.37900", "2018-03-31": "161.66100", "2017-12-31": "-82.95400", "2017-09-30": "111.47000", "2017-06-30": "120.90100", "2017-03-31": "110.43000", "2016-12-31": "128.98700", "2016-09-30": "112.61800", "2016-06-30": "81.36400", "2016-03-31": "70.72300", "2015-12-31": "155.34080", "2015-09-30": "399.79000", "2015-06-30": "375.15500", "2015-03-31": "62.64600", "2014-12-31": "172.80500", "2014-09-30": "89.92000", "2014-06-30": "85.90900", "2014-03-31": "85.42900", "2013-12-31": "52.79610", "2013-09-30": "62.74800", "2013-06-30": "31.92100", "2013-03-31": "17.64900", "2012-12-31": "-4.10600", "2012-09-30": "33.67300", "2012-06-30": "34.16200", "2012-03-31": "29.05600", "2011-12-31": "-8.12300", "2011-09-30": "67.13300", "2011-06-30": "71.56600", "2011-03-31": "59.98300", "2010-12-31": "111.43500", "2010-09-30": "70.35400", "2010-06-30": "53.52800", "2010-03-31": "-40.89400", "2009-12-31": "-198.27500", "2009-09-30": "53.19700", "2009-06-30": "43.42700", "2009-03-31": "-86.59400", "2008-12-31": "59.96800", "2008-09-30": "-143.01700", "2008-06-30": "69.62800", "2008-03-31": "13.18200", "2007-12-31": "117.32000", "2007-09-30": "90.30200", "2007-06-30": "68.85000", "2007-03-31": "61.20700", "2006-12-31": "91.22200", "2006-09-30": "39.04000", "2006-06-30": "65.95900", "2006-03-31": "62.17600", "2005-12-31": "68.54200", "2005-09-30": "60.11200", "2005-06-30": "64.25700", "2005-03-31": "90.46600"}, "Other Income": {"2020-09-30": "", "2020-06-30": "", "2020-03-31": "", "2019-12-31": "", "2019-09-30": "", "2019-06-30": "", "2019-03-31": "", "2018-12-31": "", "2018-09-30": "", "2018-06-30": "", "2018-03-31": "", "2017-12-31": "", "2017-09-30": "", "2017-06-30": "", "2017-03-31": "", "2016-12-31": "", "2016-09-30": "", "2016-06-30": "", "2016-03-31": "", "2015-12-31": "", "2015-09-30": "", "2015-06-30": "", "2015-03-31": "", "2014-12-31": "", "2014-09-30": "", "2014-06-30": "", "2014-03-31": "", "2013-12-31": "", "2013-09-30": "", "2013-06-30": "", "2013-03-31": "", "2012-12-31": "", "2012-09-30": "", "2012-06-30": "", "2012-03-31": "", "2011-12-31": "", "2011-09-30": "", "2011-06-30": "", "2011-03-31": "", "2010-12-31": "", "2010-09-30": "", "2010-06-30": "", "2010-03-31": "", "2009-12-31": "", "2009-09-30": "", "2009-06-30": "", "2009-03-31": "", "2008-12-31": "", "2008-09-30": "", "2008-06-30": "", "2008-03-31": "", "2007-12-31": "", "2007-09-30": "", "2007-06-30": "", "2007-03-31": "", "2006-12-31": "", "2006-09-30": "", "2006-06-30": "", "2006-03-31": "", "2005-12-31": "", "2005-09-30": "", "2005-06-30": "", "2005-03-31": ""}, "Income From Continuous Operations": {"2020-09-30": "76.51500", "2020-06-30": "73.07600", "2020-03-31": "58.33100", "2019-12-31": "79.53080", "2019-09-30": "48.19600", "2019-06-30": "73.51300", "2019-03-31": "96.47600", "2018-12-31": "113.68410", "2018-09-30": "108.72500", "2018-06-30": "148.37900", "2018-03-31": "161.66100", "2017-12-31": "-82.95400", "2017-09-30": "111.47000", "2017-06-30": "120.90100", "2017-03-31": "110.43000", "2016-12-31": "128.98700", "2016-09-30": "112.61800", "2016-06-30": "81.36400", "2016-03-31": "70.72300", "2015-12-31": "155.34080", "2015-09-30": "399.79000", "2015-06-30": "375.15500", "2015-03-31": "62.64600", "2014-12-31": "172.80500", "2014-09-30": "89.92000", "2014-06-30": "85.90900", "2014-03-31": "85.42900", "2013-12-31": "52.79610", "2013-09-30": "62.74800", "2013-06-30": "31.92100", "2013-03-31": "17.64900", "2012-12-31": "-4.10600", "2012-09-30": "33.67300", "2012-06-30": "34.16200", "2012-03-31": "29.05600", "2011-12-31": "-8.12300", "2011-09-30": "67.13300", "2011-06-30": "71.56600", "2011-03-31": "59.98300", "2010-12-31": "111.43500", "2010-09-30": "70.35400", "2010-06-30": "53.52800", "2010-03-31": "-40.89400", "2009-12-31": "-198.27500", "2009-09-30": "53.19700", "2009-06-30": "43.42700", "2009-03-31": "-86.59400", "2008-12-31": "100.66200", "2008-09-30": "-143.01700", "2008-06-30": "34.31700", "2008-03-31": "7.79900", "2007-12-31": "241.76200", "2007-09-30": "40.26700", "2007-06-30": "29.29600", "2007-03-31": "26.35400", "2006-12-31": "36.59600", "2006-09-30": "13.15800", "2006-06-30": "23.54500", "2006-03-31": "19.68600", "2005-12-31": "23.93400", "2005-09-30": "19.01100", "2005-06-30": "37.91100", "2005-03-31": "80.20600"}, "Income From Discontinued Operations": {"2020-09-30": "", "2020-06-30": "", "2020-03-31": "", "2019-12-31": "", "2019-09-30": "", "2019-06-30": "", "2019-03-31": "", "2018-12-31": "", "2018-09-30": "", "2018-06-30": "", "2018-03-31": "", "2017-12-31": "", "2017-09-30": "", "2017-06-30": "", "2017-03-31": "", "2016-12-31": "", "2016-09-30": "", "2016-06-30": "", "2016-03-31": "", "2015-12-31": "", "2015-09-30": "", "2015-06-30": "", "2015-03-31": "", "2014-12-31": "", "2014-09-30": "", "2014-06-30": "", "2014-03-31": "", "2013-12-31": "", "2013-09-30": "", "2013-06-30": "", "2013-03-31": "", "2012-12-31": "", "2012-09-30": "", "2012-06-30": "", "2012-03-31": "", "2011-12-31": "", "2011-09-30": "", "2011-06-30": "", "2011-03-31": "", "2010-12-31": "", "2010-09-30": "", "2010-06-30": "", "2010-03-31": "", "2009-12-31": "", "2009-09-30": "", "2009-06-30": "", "2009-03-31": "", "2008-12-31": "", "2008-09-30": "", "2008-06-30": "", "2008-03-31": "", "2007-12-31": "", "2007-09-30": "", "2007-06-30": "", "2007-03-31": "", "2006-12-31": "", "2006-09-30": "", "2006-06-30": "", "2006-03-31": "", "2005-12-31": "0.00000", "2005-09-30": "-0.40800", "2005-06-30": "-10.31800", "2005-03-31": "-6.85000"}, "Net Income": {"2020-09-30": "75.09200", "2020-06-30": "73.45800", "2020-03-31": "64.02200", "2019-12-31": "76.97700", "2019-09-30": "46.70400", "2019-06-30": "65.77700", "2019-03-31": "97.04200", "2018-12-31": "113.39600", "2018-09-30": "107.07400", "2018-06-30": "146.96300", "2018-03-31": "159.69200", "2017-12-31": "-83.55800", "2017-09-30": "109.21000", "2017-06-30": "120.37800", "2017-03-31": "107.55300", "2016-12-31": "127.98200", "2016-09-30": "112.53600", "2016-06-30": "80.35700", "2016-03-31": "66.82300", "2015-12-31": "157.78600", "2015-09-30": "398.52100", "2015-06-30": "374.11300", "2015-03-31": "55.95300", "2014-12-31": "172.38400", "2014-09-30": "88.85900", "2014-06-30": "85.19200", "2014-03-31": "80.84200", "2013-12-31": "53.21700", "2013-09-30": "60.28200", "2013-06-30": "31.35300", "2013-03-31": "15.36000", "2012-12-31": "-5.36300", "2012-09-30": "33.30400", "2012-06-30": "30.82300", "2012-03-31": "25.55200", "2011-12-31": "-4.59500", "2011-09-30": "62.78500", "2011-06-30": "62.00400", "2011-03-31": "55.00700", "2010-12-31": "100.10100", "2010-09-30": "64.09100", "2010-06-30": "44.57200", "2010-03-31": "-33.53400", "2009-12-31": "-143.64300", "2009-09-30": "37.41800", "2009-06-30": "28.18700", "2009-03-31": "-53.49600", "2008-12-31": "37.97900", "2008-09-30": "-76.95700", "2008-06-30": "34.31700", "2008-03-31": "7.79900", "2007-12-31": "59.80300", "2007-09-30": "40.26700", "2007-06-30": "29.29600", "2007-03-31": "26.35400", "2006-12-31": "36.59600", "2006-09-30": "13.15800", "2006-06-30": "23.54500", "2006-03-31": "19.68600", "2005-12-31": "-65.24100", "2005-09-30": "18.60300", "2005-06-30": "27.59300", "2005-03-31": "73.35600"}, "EBITDA": {"2020-09-30": "181.29100", "2020-06-30": "218.75500", "2020-03-31": "194.62600", "2019-12-31": "188.27780", "2019-09-30": "152.48700", "2019-06-30": "236.46400", "2019-03-31": "236.27200", "2018-12-31": "239.74220", "2018-09-30": "210.19010", "2018-06-30": "324.65400", "2018-03-31": "295.82000", "2017-12-31": "358.53600", "2017-09-30": "228.25700", "2017-06-30": "297.82800", "2017-03-31": "254.19900", "2016-12-31": "264.05510", "2016-09-30": "235.30800", "2016-06-30": "203.88400", "2016-03-31": "224.55000", "2015-12-31": "224.64570", "2015-09-30": "654.33800", "2015-06-30": "-726.47710", "2015-03-31": "189.95100", "2014-12-31": "276.10000", "2014-09-30": "196.26400", "2014-06-30": "183.50000", "2014-03-31": "200.28200", "2013-12-31": "160.47400", "2013-09-30": "163.31900", "2013-06-30": "129.30700", "2013-03-31": "118.60700", "2012-12-31": "113.31200", "2012-09-30": "136.62100", "2012-06-30": "134.06400", "2012-03-31": "139.85300", "2011-12-31": "70.60910", "2011-09-30": "159.31000", "2011-06-30": "161.41200", "2011-03-31": "180.94900", "2010-12-31": "199.19510", "2010-09-30": "137.24900", "2010-06-30": "127.64200", "2010-03-31": "126.37500", "2009-12-31": "-65.87100", "2009-09-30": "146.69000", "2009-06-30": "130.10700", "2009-03-31": "6.84300", "2008-12-31": "119.83590", "2008-09-30": "-61.39200", "2008-06-30": "156.71400", "2008-03-31": "82.30900", "2007-12-31": "172.99400", "2007-09-30": "169.71100", "2007-06-30": "118.37800", "2007-03-31": "106.46400", "2006-12-31": "126.95510", "2006-09-30": "59.90100", "2006-06-30": "94.51300", "2006-03-31": "86.44000", "2005-12-31": "82.92400", "2005-09-30": "81.45000", "2005-06-30": "94.02800", "2005-03-31": "102.20300"}, "EBIT": {"2020-09-30": "104.68000", "2020-06-30": "95.86500", "2020-03-31": "84.09700", "2019-12-31": "118.97670", "2019-09-30": "52.37300", "2019-06-30": "101.68500", "2019-03-31": "119.66300", "2018-12-31": "156.31710", "2018-09-30": "138.68100", "2018-06-30": "199.94000", "2018-03-31": "185.82800", "2017-12-31": "358.53600", "2017-09-30": "144.21200", "2017-06-30": "172.50100", "2017-03-31": "150.19700", "2016-12-31": "156.85600", "2016-09-30": "148.99200", "2016-06-30": "113.23600", "2016-03-31": "98.37700", "2015-12-31": "139.34890", "2015-09-30": "570.74400", "2015-06-30": "-801.37600", "2015-03-31": "74.66300", "2014-12-31": "199.59300", "2014-09-30": "113.71200", "2014-06-30": "98.98000", "2014-03-31": "107.18000", "2013-12-31": "73.15410", "2013-09-30": "81.11800", "2013-06-30": "40.93800", "2013-03-31": "21.59700", "2012-12-31": "-5.19700", "2012-09-30": "46.72600", "2012-06-30": "44.53300", "2012-03-31": "37.82300", "2011-12-31": "-14.88700", "2011-09-30": "87.73800", "2011-06-30": "89.20200", "2011-03-31": "73.44600", "2010-12-31": "131.61300", "2010-09-30": "79.46700", "2010-06-30": "67.05100", "2010-03-31": "-34.48100", "2009-12-31": "-221.57600", "2009-09-30": "73.16500", "2009-06-30": "56.94600", "2009-03-31": "-90.76900", "2008-12-31": "54.09300", "2008-09-30": "-134.71300", "2008-06-30": "87.73800", "2008-03-31": "18.02200", "2007-12-31": "132.27800", "2007-09-30": "118.58600", "2007-06-30": "89.16300", "2007-03-31": "78.26800", "2006-12-31": "115.20700", "2006-09-30": "49.19300", "2006-06-30": "84.69300", "2006-03-31": "78.11600", "2005-12-31": "77.08400", "2005-09-30": "77.28900", "2005-06-30": "89.72000", "2005-03-31": "98.26900"}, "Basic Shares Outstanding": {"2020-09-30": "107.16900", "2020-06-30": "106.66200", "2020-03-31": "106.30400", "2019-12-31": "110.19000", "2019-09-30": "109.28600", "2019-06-30": "111.98100", "2019-03-31": "111.94400", "2018-12-31": "119.00700", "2018-09-30": "119.45700", "2018-06-30": "120.30600", "2018-03-31": "119.93000", "2017-12-31": "121.57300", "2017-09-30": "121.24400", "2017-06-30": "122.36800", "2017-03-31": "122.81500", "2016-12-31": "124.77000", "2016-09-30": "124.40900", "2016-06-30": "125.46200", "2016-03-31": "126.04000", "2015-12-31": "125.36600", "2015-09-30": "125.92500", "2015-06-30": "126.21300", "2015-03-31": "123.65600", "2014-12-31": "122.35200", "2014-09-30": "122.20700", "2014-06-30": "123.11700", "2014-03-31": "121.77600", "2013-12-31": "120.85400", "2013-09-30": "122.20000", "2013-06-30": "121.76000", "2013-03-31": "117.70800", "2012-12-31": "116.95400", "2012-09-30": "115.60300", "2012-06-30": "118.23500", "2012-03-31": "119.23000", "2011-12-31": "118.03200", "2011-09-30": "118.31600", "2011-06-30": "119.10700", "2011-03-31": "115.33500", "2010-12-31": "104.41100", "2010-09-30": "111.05900", "2010-06-30": "103.52700", "2010-03-31": "89.73600", "2009-12-31": "78.31200", "2009-09-30": "80.75700", "2009-06-30": "74.93600", "2009-03-31": "70.14400", "2008-12-31": "60.87500", "2008-09-30": "66.00200", "2008-06-30": "56.41700", "2008-03-31": "49.98000", "2007-12-31": "51.18600", "2007-09-30": "51.07800", "2007-06-30": "51.43900", "2007-03-31": "51.43900", "2006-12-31": "38.43300", "2006-09-30": "37.38800", "2006-06-30": "37.48100", "2006-03-31": "37.50300", "2005-12-31": "37.50000", "2005-09-30": "37.50000", "2005-06-30": "37.50000", "2005-03-31": "0.00000"}, "Shares Outstanding": {"2020-09-30": "113.18200", "2020-06-30": "111.48800", "2020-03-31": "114.12000", "2019-12-31": "116.08000", "2019-09-30": "113.88200", "2019-06-30": "116.17500", "2019-03-31": "120.82000", "2018-12-31": "129.76800", "2018-09-30": "129.86000", "2018-06-30": "130.24900", "2018-03-31": "132.14200", "2017-12-31": "132.48000", "2017-09-30": "132.39400", "2017-06-30": "132.14000", "2017-03-31": "132.68900", "2016-12-31": "132.63400", "2016-09-30": "132.32100", "2016-06-30": "132.34200", "2016-03-31": "132.89100", "2015-12-31": "133.24500", "2015-09-30": "133.11500", "2015-06-30": "132.80600", "2015-03-31": "133.73600", "2014-12-31": "133.81300", "2014-09-30": "133.56700", "2014-06-30": "133.57600", "2014-03-31": "134.02600", "2013-12-31": "133.73700", "2013-09-30": "134.24200", "2013-06-30": "132.46400", "2013-03-31": "132.81600", "2012-12-31": "129.32600", "2012-09-30": "135.38000", "2012-06-30": "134.63700", "2012-03-31": "136.59400", "2011-12-31": "137.63000", "2011-09-30": "136.85800", "2011-06-30": "139.34800", "2011-03-31": "138.59100", "2010-12-31": "138.47000", "2010-09-30": "138.09400", "2010-06-30": "139.94400", "2010-03-31": "89.73600", "2009-12-31": "78.31200", "2009-09-30": "131.46800", "2009-06-30": "127.98500", "2009-03-31": "70.14400", "2008-12-31": "60.87500", "2008-09-30": "66.00200", "2008-06-30": "126.71200", "2008-03-31": "110.39700", "2007-12-31": "62.21300", "2007-09-30": "116.34500", "2007-06-30": "62.73800", "2007-03-31": "118.21600", "2006-12-31": "44.16600", "2006-09-30": "41.57800", "2006-06-30": "43.98000", "2006-03-31": "41.04300", "2005-12-31": "37.56100", "2005-09-30": "37.52900", "2005-06-30": "100.00000", "2005-03-31": "0.00000"}, "Basic EPS": {"2020-09-30": "0.69000", "2020-06-30": "0.68000", "2020-03-31": "0.59000", "2019-12-31": "0.71000", "2019-09-30": "0.42000", "2019-06-30": "0.57000", "2019-03-31": "0.87000", "2018-12-31": "0.98000", "2018-09-30": "0.90000", "2018-06-30": "1.22000", "2018-03-31": "1.33000", "2017-12-31": "-0.67000", "2017-09-30": "0.90000", "2017-06-30": "0.98000", "2017-03-31": "0.88000", "2016-12-31": "1.04000", "2016-09-30": "0.90000", "2016-06-30": "0.64000", "2016-03-31": "0.53000", "2015-12-31": "1.30000", "2015-09-30": "3.16000", "2015-06-30": "2.96000", "2015-03-31": "0.45000", "2014-12-31": "1.41000", "2014-09-30": "0.73000", "2014-06-30": "0.69000", "2014-03-31": "0.66000", "2013-12-31": "0.45000", "2013-09-30": "0.49000", "2013-06-30": "0.26000", "2013-03-31": "0.13000", "2012-12-31": "-0.04000", "2012-09-30": "0.29000", "2012-06-30": "0.26000", "2012-03-31": "0.21000", "2011-12-31": "-0.05000", "2011-09-30": "0.53000", "2011-06-30": "0.52000", "2011-03-31": "0.48000", "2010-12-31": "1.05000", "2010-09-30": "0.58000", "2010-06-30": "0.43000", "2010-03-31": "-0.38000", "2009-12-31": "-1.76000", "2009-09-30": "0.47000", "2009-06-30": "0.38000", "2009-03-31": "-0.77000", "2008-12-31": "0.46000", "2008-09-30": "-1.17000", "2008-06-30": "0.61000", "2008-03-31": "0.16000", "2007-12-31": "1.17000", "2007-09-30": "0.79000", "2007-06-30": "0.57000", "2007-03-31": "0.51000", "2006-12-31": "0.92000", "2006-09-30": "0.35000", "2006-06-30": "0.63000", "2006-03-31": "0.52000", "2005-12-31": "0.64000", "2005-09-30": "0.51000", "2005-06-30": "0.30000", "2005-03-31": "0.00000"}, "EPS - Earnings Per Share": {"2020-09-30": "0.66000", "2020-06-30": "0.66000", "2020-03-31": "0.56000", "2019-12-31": "0.69000", "2019-09-30": "0.40000", "2019-06-30": "0.55000", "2019-03-31": "0.80000", "2018-12-31": "0.90000", "2018-09-30": "0.82000", "2018-06-30": "1.13000", "2018-03-31": "1.21000", "2017-12-31": "-0.63000", "2017-09-30": "0.82000", "2017-06-30": "0.91000", "2017-03-31": "0.81000", "2016-12-31": "0.96000", "2016-09-30": "0.85000", "2016-06-30": "0.61000", "2016-03-31": "0.50000", "2015-12-31": "1.17000", "2015-09-30": "2.99000", "2015-06-30": "2.82000", "2015-03-31": "0.42000", "2014-12-31": "1.28000", "2014-09-30": "0.67000", "2014-06-30": "0.64000", "2014-03-31": "0.61000", "2013-12-31": "0.40000", "2013-09-30": "0.45000", "2013-06-30": "0.24000", "2013-03-31": "0.12000", "2012-12-31": "-0.05000", "2012-09-30": "0.26000", "2012-06-30": "0.24000", "2012-03-31": "0.20000", "2011-12-31": "-0.04000", "2011-09-30": "0.49000", "2011-06-30": "0.48000", "2011-03-31": "0.43000", "2010-12-31": "0.84000", "2010-09-30": "0.51000", "2010-06-30": "0.39000", "2010-03-31": "-0.38000", "2009-12-31": "-1.66000", "2009-09-30": "0.41000", "2009-06-30": "0.34000", "2009-03-31": "-0.77000", "2008-12-31": "0.55000", "2008-09-30": "-1.17000", "2008-06-30": "0.54000", "2008-03-31": "0.14000", "2007-12-31": "1.07000", "2007-09-30": "0.73000", "2007-06-30": "0.52000", "2007-03-31": "0.47000", "2006-12-31": "0.87000", "2006-09-30": "0.34000", "2006-06-30": "0.59000", "2006-03-31": "0.51000", "2005-12-31": "0.64000", "2005-09-30": "0.51000", "2005-06-30": "0.30000", "2005-03-31": "0.00000"}}, "balance sheet": {"Cash On Hand": {"2019-12-31": "2455.55900", "2018-12-31": "2291.88500", "2017-12-31": "2454.80600", "2016-12-31": "1607.48300", "2015-12-31": "1556.89200", "2014-12-31": "1317.63000", "2013-12-31": "1148.40700", "2012-12-31": "1207.91600", "2011-12-31": "1365.33400", "2010-12-31": "1659.14500", "2009-12-31": "1081.32400", "2008-12-31": "924.29000", "2007-12-31": "1080.42900", "2006-12-31": "985.50600", "2005-12-31": "785.08090"}, "Receivables": {"2019-12-31": "663.13800", "2018-12-31": "685.53400", "2017-12-31": "571.61600", "2016-12-31": "638.28200", "2015-12-31": "497.21300", "2014-12-31": "557.59600", "2013-12-31": "512.67500", "2012-12-31": "478.04300", "2011-12-31": "504.45500", "2010-12-31": "568.70400", "2009-12-31": "525.69700", "2008-12-31": "712.52600", "2007-12-31": "1097.17800", "2006-12-31": "1234.89600", "2005-12-31": "771.37800"}, "Inventory": {"2019-12-31": "", "2018-12-31": "", "2017-12-31": "", "2016-12-31": "", "2015-12-31": "", "2014-12-31": "", "2013-12-31": "", "2012-12-31": "", "2011-12-31": "", "2010-12-31": "", "2009-12-31": "", "2008-12-31": "", "2007-12-31": "", "2006-12-31": "", "2005-12-31": ""}, "Pre-Paid Expenses": {"2019-12-31": "", "2018-12-31": "", "2017-12-31": "", "2016-12-31": "", "2015-12-31": "", "2014-12-31": "", "2013-12-31": "", "2012-12-31": "", "2011-12-31": "", "2010-12-31": "", "2009-12-31": "", "2008-12-31": "", "2007-12-31": "", "2006-12-31": "", "2005-12-31": ""}, "Other Current Assets": {"2019-12-31": "", "2018-12-31": "", "2017-12-31": "", "2016-12-31": "", "2015-12-31": "", "2014-12-31": "", "2013-12-31": "", "2012-12-31": "", "2011-12-31": "", "2010-12-31": "", "2009-12-31": "", "2008-12-31": "", "2007-12-31": "", "2006-12-31": "", "2005-12-31": ""}, "Total Current Assets": {"2019-12-31": "3118.69700", "2018-12-31": "2977.41900", "2017-12-31": "3026.42200", "2016-12-31": "2245.76500", "2015-12-31": "2054.10500", "2014-12-31": "1875.22600", "2013-12-31": "1661.08200", "2012-12-31": "1685.95900", "2011-12-31": "1869.78900", "2010-12-31": "2227.84900", "2009-12-31": "1607.02100", "2008-12-31": "1636.81600", "2007-12-31": "2177.60700", "2006-12-31": "2220.40200", "2005-12-31": "1556.45900"}, "Property, Plant, And Equipment": {"2019-12-31": "219.84200", "2018-12-31": "212.94600", "2017-12-31": "205.30100", "2016-12-31": "209.02100", "2015-12-31": "207.16500", "2014-12-31": "222.56900", "2013-12-31": "248.79600", "2012-12-31": "225.03300", "2011-12-31": "168.42900", "2010-12-31": "150.52400", "2009-12-31": "166.91300", "2008-12-31": "171.44300", "2007-12-31": "185.50900", "2006-12-31": "168.31000", "2005-12-31": "156.63000"}, "Long-Term Investments": {"2019-12-31": "531.99500", "2018-12-31": "575.14800", "2017-12-31": "427.18600", "2016-12-31": "459.42200", "2015-12-31": "541.91100", "2014-12-31": "620.35200", "2013-12-31": "478.10500", "2012-12-31": "414.67300", "2011-12-31": "378.52100", "2010-12-31": "417.41000", "2009-12-31": "807.69300", "2008-12-31": "619.96700", "2007-12-31": "1088.84100", "2006-12-31": "678.39200", "2005-12-31": "85.31600"}, "Goodwill And Intangible Assets": {"2019-12-31": "373.59400", "2018-12-31": "375.31800", "2017-12-31": "391.36400", "2016-12-31": "382.02400", "2015-12-31": "326.97600", "2014-12-31": "347.43800", "2013-12-31": "363.87700", "2012-12-31": "392.82200", "2011-12-31": "393.09900", "2010-12-31": "361.43900", "2009-12-31": "317.78000", "2008-12-31": "175.14400", "2007-12-31": "187.90900", "2006-12-31": "16.94500", "2005-12-31": "15.99600"}, "Other Long-Term Assets": {"2019-12-31": "257.19900", "2018-12-31": "258.63400", "2017-12-31": "228.14400", "2016-12-31": "184.49900", "2015-12-31": "217.02200", "2014-12-31": "207.61000", "2013-12-31": "259.27700", "2012-12-31": "268.40600", "2011-12-31": "272.09800", "2010-12-31": "265.31000", "2009-12-31": "248.35500", "2008-12-31": "259.56100", "2007-12-31": "200.54700", "2006-12-31": "124.61600", "2005-12-31": "96.49600"}, "Total Long-Term Assets": {"2019-12-31": "1969.38000", "2018-12-31": "2019.82200", "2017-12-31": "1902.25500", "2016-12-31": "2310.74300", "2015-12-31": "2423.66900", "2014-12-31": "1457.01000", "2013-12-31": "1350.05500", "2012-12-31": "1300.93400", "2011-12-31": "1212.14700", "2010-12-31": "1194.68300", "2009-12-31": "1540.74100", "2008-12-31": "1226.11500", "2007-12-31": "1662.80600", "2006-12-31": "988.26310", "2005-12-31": "354.43800"}, "Total Assets": {"2019-12-31": "5639.58100", "2018-12-31": "4997.24100", "2017-12-31": "4928.67700", "2016-12-31": "4556.50800", "2015-12-31": "4477.77400", "2014-12-31": "3332.23600", "2013-12-31": "3011.13700", "2012-12-31": "2986.89300", "2011-12-31": "3081.93600", "2010-12-31": "3422.53200", "2009-12-31": "3147.76200", "2008-12-31": "2862.93100", "2007-12-31": "3840.41300", "2006-12-31": "3208.66500", "2005-12-31": "1910.89700"}, "Total Current Liabilities": {"2019-12-31": "1848.97700", "2018-12-31": "1739.69100", "2017-12-31": "1586.11900", "2016-12-31": "1013.87100", "2015-12-31": "1077.07400", "2014-12-31": "922.89100", "2013-12-31": "803.52800", "2012-12-31": "740.98900", "2011-12-31": "678.01500", "2010-12-31": "863.25200", "2009-12-31": "854.58400", "2008-12-31": "782.74500", "2007-12-31": "1383.49800", "2006-12-31": "1642.54600", "2005-12-31": "903.29500"}, "Long Term Debt": {"2019-12-31": "1679.56200", "2018-12-31": "1434.26000", "2017-12-31": "1190.38300", "2016-12-31": "1188.60000", "2015-12-31": "998.38600", "2014-12-31": "1060.36500", "2013-12-31": "1064.18400", "2012-12-31": "1094.71300", "2011-12-31": "1096.93400", "2010-12-31": "1249.75300", "2009-12-31": "1261.47800", "2008-12-31": "1264.57500", "2007-12-31": "1764.62200", "2006-12-31": "1308.94500", "2005-12-31": "1245.92600"}, "Other Non-Current Liabilities": {"2019-12-31": "781.61200", "2018-12-31": "847.62600", "2017-12-31": "883.86300", "2016-12-31": "1051.05600", "2015-12-31": "1023.90400", "2014-12-31": "548.99400", "2013-12-31": "513.42700", "2012-12-31": "499.65100", "2011-12-31": "440.13100", "2010-12-31": "513.41000", "2009-12-31": "508.60300", "2008-12-31": "503.85900", "2007-12-31": "569.17900", "2006-12-31": "442.03000", "2005-12-31": "520.61800"}, "Total Long Term Liabilities": {"2019-12-31": "3109.03000", "2018-12-31": "2287.45700", "2017-12-31": "2083.65300", "2016-12-31": "2248.82400", "2015-12-31": "2033.39400", "2014-12-31": "1639.28800", "2013-12-31": "1577.61100", "2012-12-31": "1594.36400", "2011-12-31": "1537.06500", "2010-12-31": "1763.16300", "2009-12-31": "1770.08100", "2008-12-31": "1768.43400", "2007-12-31": "2386.57600", "2006-12-31": "1806.47200", "2005-12-31": "1878.27300"}, "Total Liabilities": {"2019-12-31": "4958.00700", "2018-12-31": "4027.14800", "2017-12-31": "3669.77200", "2016-12-31": "3262.69500", "2015-12-31": "3110.46800", "2014-12-31": "2562.17900", "2013-12-31": "2381.13900", "2012-12-31": "2335.35300", "2011-12-31": "2215.08000", "2010-12-31": "2626.41500", "2009-12-31": "2624.66500", "2008-12-31": "2551.17900", "2007-12-31": "3770.07400", "2006-12-31": "3449.01800", "2005-12-31": "2781.56800"}, "Common Stock Net": {"2019-12-31": "1.12800", "2018-12-31": "1.29800", "2017-12-31": "1.29800", "2016-12-31": "1.29800", "2015-12-31": "1.29800", "2014-12-31": "1.29800", "2013-12-31": "1.29100", "2012-12-31": "1.28200", "2011-12-31": "1.23000", "2010-12-31": "1.19700", "2009-12-31": "0.92200", "2008-12-31": "0.76300", "2007-12-31": "0.51700", "2006-12-31": "0.51600", "2005-12-31": "0.37500"}, "Retained Earnings (Accumulated Deficit)": {"2019-12-31": "1193.57000", "2018-12-31": "1195.56300", "2017-12-31": "1080.41300", "2016-12-31": "1134.18600", "2015-12-31": "1123.72800", "2014-12-31": "464.65500", "2013-12-31": "203.23600", "2012-12-31": "182.64700", "2011-12-31": "258.64600", "2010-12-31": "166.46800", "2009-12-31": "52.72600", "2008-12-31": "221.41000", "2007-12-31": "248.55100", "2006-12-31": "127.60800", "2005-12-31": "48.98600"}, "Comprehensive Income": {"2019-12-31": "-293.64800", "2018-12-31": "-273.81800", "2017-12-31": "-232.51800", "2016-12-31": "-314.22200", "2015-12-31": "-234.35600", "2014-12-31": "-200.76600", "2013-12-31": "-133.00400", "2012-12-31": "-110.54100", "2011-12-31": "-88.36400", "2010-12-31": "-46.15800", "2009-12-31": "-57.04800", "2008-12-31": "-79.43500", "2007-12-31": "52.49100", "2006-12-31": "32.49400", "2005-12-31": "-34.34200"}, "Other Share Holders Equity": {"2019-12-31": "", "2018-12-31": "", "2017-12-31": "", "2016-12-31": "", "2015-12-31": "", "2014-12-31": "", "2013-12-31": "", "2012-12-31": "", "2011-12-31": "", "2010-12-31": "", "2009-12-31": "", "2008-12-31": "", "2007-12-31": "", "2006-12-31": "", "2005-12-31": ""}, "Share Holder Equity": {"2019-12-31": "681.57400", "2018-12-31": "970.09300", "2017-12-31": "1258.90500", "2016-12-31": "1293.81300", "2015-12-31": "1367.30600", "2014-12-31": "770.05700", "2013-12-31": "629.99800", "2012-12-31": "651.54000", "2011-12-31": "866.85600", "2010-12-31": "796.11700", "2009-12-31": "523.09700", "2008-12-31": "311.75200", "2007-12-31": "70.33900", "2006-12-31": "-240.35300", "2005-12-31": "-870.67100"}, "Total Liabilities And Share Holders Equity": {"2019-12-31": "5639.58100", "2018-12-31": "4997.24100", "2017-12-31": "4928.67700", "2016-12-31": "4556.50800", "2015-12-31": "4477.77400", "2014-12-31": "3332.23600", "2013-12-31": "3011.13700", "2012-12-31": "2986.89300", "2011-12-31": "3081.93600", "2010-12-31": "3422.53200", "2009-12-31": "3147.76200", "2008-12-31": "2862.93100", "2007-12-31": "3840.41300", "2006-12-31": "3208.66500", "2005-12-31": "1910.89700"}}, "balance sheet, quarterly": {"Cash On Hand": {"2020-09-30": "2879.96700", "2020-06-30": "2616.03100", "2020-03-31": "1915.61200", "2019-12-31": "2987.55400", "2019-09-30": "2824.41700", "2019-06-30": "2835.92600", "2019-03-31": "2188.66500", "2018-12-31": "2291.88500", "2018-09-30": "2186.25200", "2018-06-30": "1882.91800", "2018-03-31": "1863.78800", "2017-12-31": "2454.80600", "2017-09-30": "1941.86300", "2017-06-30": "1746.62600", "2017-03-31": "1497.63800", "2016-12-31": "1607.48300", "2016-09-30": "1423.92000", "2016-06-30": "1347.28900", "2016-03-31": "1122.90800", "2015-12-31": "1556.89200", "2015-09-30": "1171.42800", "2015-06-30": "1022.57500", "2015-03-31": "870.66200", "2014-12-31": "1317.63000", "2014-09-30": "1106.02200", "2014-06-30": "1074.43200", "2014-03-31": "1005.44000", "2013-12-31": "1148.40700", "2013-09-30": "1021.07600", "2013-06-30": "1007.09100", "2013-03-31": "900.73800", "2012-12-31": "1207.91600", "2012-09-30": "1161.48300", "2012-06-30": "1154.36700", "2012-03-31": "1097.87300", "2011-12-31": "1365.33400", "2011-09-30": "1324.01900", "2011-06-30": "1333.11800", "2011-03-31": "1422.64800", "2010-12-31": "1659.14500", "2010-09-30": "871.88000", "2010-06-30": "818.06300", "2010-03-31": "723.08000", "2009-12-31": "1081.32400", "2009-09-30": "814.75200", "2009-06-30": "903.88800", "2009-03-31": "838.99500", "2008-12-31": "924.29000", "2008-09-30": "785.59700", "2008-06-30": "775.65700", "2008-03-31": "744.01200", "2007-12-31": "1080.42900", "2007-09-30": "1754.23600", "2007-06-30": "1709.25700", "2007-03-31": "1323.37700", "2006-12-31": "985.50600", "2006-09-30": "959.97890", "2006-06-30": "869.23500", "2006-03-31": "773.86100", "2005-12-31": "785.08090", "2005-09-30": "692.06600", "2005-06-30": "697.61900", "2005-03-31": "2330.68200"}, "Receivables": {"2020-09-30": "575.09800", "2020-06-30": "652.11190", "2020-03-31": "588.65300", "2019-12-31": "663.13800", "2019-09-30": "668.16700", "2019-06-30": "705.11400", "2019-03-31": "695.41200", "2018-12-31": "685.53400", "2018-09-30": "640.78700", "2018-06-30": "714.39700", "2018-03-31": "674.68600", "2017-12-31": "571.61600", "2017-09-30": "551.88800", "2017-06-30": "654.73900", "2017-03-31": "527.61400", "2016-12-31": "638.28200", "2016-09-30": "537.69500", "2016-06-30": "495.31600", "2016-03-31": "514.52200", "2015-12-31": "497.21300", "2015-09-30": "502.40900", "2015-06-30": "501.53100", "2015-03-31": "593.84100", "2014-12-31": "557.59600", "2014-09-30": "507.91500", "2014-06-30": "544.32500", "2014-03-31": "523.08200", "2013-12-31": "512.67500", "2013-09-30": "536.15100", "2013-06-30": "524.90600", "2013-03-31": "459.88000", "2012-12-31": "478.04300", "2012-09-30": "484.31100", "2012-06-30": "483.48000", "2012-03-31": "522.58500", "2011-12-31": "504.45500", "2011-09-30": "595.35100", "2011-06-30": "532.14100", "2011-03-31": "530.87700", "2010-12-31": "568.70400", "2010-09-30": "787.47690", "2010-06-30": "623.42700", "2010-03-31": "727.35000", "2009-12-31": "525.69700", "2009-09-30": "525.73700", "2009-06-30": "529.12600", "2009-03-31": "399.02500", "2008-12-31": "712.52600", "2008-09-30": "1194.41800", "2008-06-30": "1310.85600", "2008-03-31": "1048.27800", "2007-12-31": "1097.17800", "2007-09-30": "1020.91500", "2007-06-30": "893.94700", "2007-03-31": "839.30500", "2006-12-31": "1234.89600", "2006-09-30": "690.80100", "2006-06-30": "859.26100", "2006-03-31": "638.97300", "2005-12-31": "771.37800", "2005-09-30": "753.05000", "2005-06-30": "1022.90500", "2005-03-31": "996.07900"}, "Inventory": {"2020-09-30": "", "2020-06-30": "", "2020-03-31": "", "2019-12-31": "", "2019-09-30": "", "2019-06-30": "", "2019-03-31": "", "2018-12-31": "", "2018-09-30": "", "2018-06-30": "", "2018-03-31": "", "2017-12-31": "", "2017-09-30": "", "2017-06-30": "", "2017-03-31": "", "2016-12-31": "", "2016-09-30": "", "2016-06-30": "", "2016-03-31": "", "2015-12-31": "", "2015-09-30": "", "2015-06-30": "", "2015-03-31": "", "2014-12-31": "", "2014-09-30": "", "2014-06-30": "", "2014-03-31": "", "2013-12-31": "", "2013-09-30": "", "2013-06-30": "", "2013-03-31": "", "2012-12-31": "", "2012-09-30": "", "2012-06-30": "", "2012-03-31": "", "2011-12-31": "", "2011-09-30": "", "2011-06-30": "", "2011-03-31": "", "2010-12-31": "", "2010-09-30": "", "2010-06-30": "", "2010-03-31": "", "2009-12-31": "", "2009-09-30": "", "2009-06-30": "", "2009-03-31": "", "2008-12-31": "", "2008-09-30": "", "2008-06-30": "", "2008-03-31": "", "2007-12-31": "", "2007-09-30": "", "2007-06-30": "", "2007-03-31": "", "2006-12-31": "", "2006-09-30": "", "2006-06-30": "", "2006-03-31": "", "2005-12-31": "", "2005-09-30": "", "2005-06-30": "", "2005-03-31": ""}, "Pre-Paid Expenses": {"2020-09-30": "", "2020-06-30": "", "2020-03-31": "", "2019-12-31": "", "2019-09-30": "", "2019-06-30": "", "2019-03-31": "", "2018-12-31": "", "2018-09-30": "", "2018-06-30": "", "2018-03-31": "", "2017-12-31": "", "2017-09-30": "", "2017-06-30": "", "2017-03-31": "", "2016-12-31": "", "2016-09-30": "", "2016-06-30": "", "2016-03-31": "", "2015-12-31": "", "2015-09-30": "", "2015-06-30": "", "2015-03-31": "", "2014-12-31": "", "2014-09-30": "", "2014-06-30": "", "2014-03-31": "", "2013-12-31": "", "2013-09-30": "", "2013-06-30": "", "2013-03-31": "", "2012-12-31": "", "2012-09-30": "", "2012-06-30": "", "2012-03-31": "", "2011-12-31": "", "2011-09-30": "", "2011-06-30": "", "2011-03-31": "", "2010-12-31": "", "2010-09-30": "", "2010-06-30": "", "2010-03-31": "", "2009-12-31": "", "2009-09-30": "", "2009-06-30": "", "2009-03-31": "", "2008-12-31": "", "2008-09-30": "", "2008-06-30": "", "2008-03-31": "", "2007-12-31": "", "2007-09-30": "", "2007-06-30": "", "2007-03-31": "", "2006-12-31": "", "2006-09-30": "", "2006-06-30": "", "2006-03-31": "", "2005-12-31": "", "2005-09-30": "", "2005-06-30": "", "2005-03-31": ""}, "Other Current Assets": {"2020-09-30": "", "2020-06-30": "", "2020-03-31": "", "2019-12-31": "", "2019-09-30": "", "2019-06-30": "", "2019-03-31": "", "2018-12-31": "", "2018-09-30": "", "2018-06-30": "", "2018-03-31": "", "2017-12-31": "", "2017-09-30": "", "2017-06-30": "", "2017-03-31": "", "2016-12-31": "", "2016-09-30": "", "2016-06-30": "", "2016-03-31": "", "2015-12-31": "", "2015-09-30": "", "2015-06-30": "", "2015-03-31": "", "2014-12-31": "", "2014-09-30": "", "2014-06-30": "", "2014-03-31": "", "2013-12-31": "", "2013-09-30": "", "2013-06-30": "", "2013-03-31": "", "2012-12-31": "", "2012-09-30": "", "2012-06-30": "", "2012-03-31": "", "2011-12-31": "", "2011-09-30": "", "2011-06-30": "", "2011-03-31": "", "2010-12-31": "", "2010-09-30": "", "2010-06-30": "", "2010-03-31": "", "2009-12-31": "", "2009-09-30": "", "2009-06-30": "", "2009-03-31": "", "2008-12-31": "", "2008-09-30": "", "2008-06-30": "", "2008-03-31": "", "2007-12-31": "", "2007-09-30": "", "2007-06-30": "", "2007-03-31": "", "2006-12-31": "", "2006-09-30": "0.11100", "2006-06-30": "1.30100", "2006-03-31": "0.16600", "2005-12-31": "", "2005-09-30": "0.22900", "2005-06-30": "0.26800", "2005-03-31": ""}, "Total Current Assets": {"2020-09-30": "3455.06500", "2020-06-30": "3268.14300", "2020-03-31": "2504.26500", "2019-12-31": "3650.69200", "2019-09-30": "3492.58400", "2019-06-30": "3541.04000", "2019-03-31": "2884.07700", "2018-12-31": "2977.41900", "2018-09-30": "2827.03900", "2018-06-30": "2597.31500", "2018-03-31": "2538.47400", "2017-12-31": "3026.42200", "2017-09-30": "2493.75100", "2017-06-30": "2401.36500", "2017-03-31": "2025.25200", "2016-12-31": "2245.76500", "2016-09-30": "1961.61500", "2016-06-30": "1842.60500", "2016-03-31": "1637.43000", "2015-12-31": "2054.10500", "2015-09-30": "1673.83700", "2015-06-30": "1524.10600", "2015-03-31": "1464.50300", "2014-12-31": "1875.22600", "2014-09-30": "1613.93700", "2014-06-30": "1618.75700", "2014-03-31": "1528.52200", "2013-12-31": "1661.08200", "2013-09-30": "1557.22700", "2013-06-30": "1531.99700", "2013-03-31": "1360.61800", "2012-12-31": "1685.95900", "2012-09-30": "1645.79400", "2012-06-30": "1637.84700", "2012-03-31": "1620.45800", "2011-12-31": "1869.78900", "2011-09-30": "1919.37000", "2011-06-30": "1865.25900", "2011-03-31": "1953.52500", "2010-12-31": "2227.84900", "2010-09-30": "1659.35700", "2010-06-30": "1441.49000", "2010-03-31": "1450.43000", "2009-12-31": "1607.02100", "2009-09-30": "1340.48900", "2009-06-30": "1433.01400", "2009-03-31": "1238.02000", "2008-12-31": "1636.81600", "2008-09-30": "1980.01500", "2008-06-30": "2086.51300", "2008-03-31": "1792.29000", "2007-12-31": "2177.60700", "2007-09-30": "2775.15100", "2007-06-30": "2603.20400", "2007-03-31": "2162.68200", "2006-12-31": "2220.40200", "2006-09-30": "1650.89100", "2006-06-30": "1729.79700", "2006-03-31": "1413.00000", "2005-12-31": "1556.45900", "2005-09-30": "1445.34500", "2005-06-30": "1720.79200", "2005-03-31": "3326.76100"}, "Property, Plant, And Equipment": {"2020-09-30": "233.48100", "2020-06-30": "228.62100", "2020-03-31": "220.31800", "2019-12-31": "219.84200", "2019-09-30": "216.96800", "2019-06-30": "206.45600", "2019-03-31": "209.61600", "2018-12-31": "212.94600", "2018-09-30": "214.27900", "2018-06-30": "216.18300", "2018-03-31": "213.92300", "2017-12-31": "205.30100", "2017-09-30": "200.80000", "2017-06-30": "200.30100", "2017-03-31": "206.14300", "2016-12-31": "209.02100", "2016-09-30": "204.30000", "2016-06-30": "201.92900", "2016-03-31": "206.85600", "2015-12-31": "207.16500", "2015-09-30": "209.81400", "2015-06-30": "213.74500", "2015-03-31": "209.21100", "2014-12-31": "222.56900", "2014-09-30": "227.35900", "2014-06-30": "236.28800", "2014-03-31": "242.97700", "2013-12-31": "248.79600", "2013-09-30": "249.78000", "2013-06-30": "241.94900", "2013-03-31": "239.57600", "2012-12-31": "225.03300", "2012-09-30": "216.41200", "2012-06-30": "198.28900", "2012-03-31": "190.08000", "2011-12-31": "168.42900", "2011-09-30": "150.70800", "2011-06-30": "153.00600", "2011-03-31": "153.57200", "2010-12-31": "150.52400", "2010-09-30": "154.17700", "2010-06-30": "143.61600", "2010-03-31": "155.25200", "2009-12-31": "166.91300", "2009-09-30": "170.91700", "2009-06-30": "168.09800", "2009-03-31": "161.74500", "2008-12-31": "171.44300", "2008-09-30": "179.98700", "2008-06-30": "197.72100", "2008-03-31": "197.13600", "2007-12-31": "185.50900", "2007-09-30": "180.37400", "2007-06-30": "169.90300", "2007-03-31": "169.37200", "2006-12-31": "168.31000", "2006-09-30": "161.52500", "2006-06-30": "163.09500", "2006-03-31": "157.88700", "2005-12-31": "156.63000", "2005-09-30": "161.78000", "2005-06-30": "173.93300", "2005-03-31": "188.58700"}, "Long-Term Investments": {"2020-09-30": "", "2020-06-30": "", "2020-03-31": "505.75300", "2019-12-31": "", "2019-09-30": "", "2019-06-30": "", "2019-03-31": "615.78100", "2018-12-31": "575.14800", "2018-09-30": "609.59500", "2018-06-30": "505.19400", "2018-03-31": "354.95200", "2017-12-31": "427.18600", "2017-09-30": "426.94800", "2017-06-30": "421.72700", "2017-03-31": "382.07400", "2016-12-31": "459.42200", "2016-09-30": "462.75800", "2016-06-30": "491.34600", "2016-03-31": "460.28100", "2015-12-31": "541.91100", "2015-09-30": "575.20400", "2015-06-30": "557.75100", "2015-03-31": "486.74600", "2014-12-31": "620.35200", "2014-09-30": "549.92200", "2014-06-30": "538.92400", "2014-03-31": "417.29500", "2013-12-31": "478.10500", "2013-09-30": "469.72200", "2013-06-30": "449.36400", "2013-03-31": "406.25600", "2012-12-31": "414.67300", "2012-09-30": "439.43500", "2012-06-30": "439.68300", "2012-03-31": "378.27300", "2011-12-31": "378.52100", "2011-09-30": "346.91200", "2011-06-30": "435.13900", "2011-03-31": "407.14700", "2010-12-31": "417.41000", "2010-09-30": "712.28300", "2010-06-30": "677.20300", "2010-03-31": "722.87900", "2009-12-31": "807.69300", "2009-09-30": "837.24600", "2009-06-30": "618.00500", "2009-03-31": "558.93100", "2008-12-31": "619.96700", "2008-09-30": "735.92500", "2008-06-30": "898.53500", "2008-03-31": "939.70200", "2007-12-31": "1088.84100", "2007-09-30": "188.62600", "2007-06-30": "154.46700", "2007-03-31": "127.00800", "2006-12-31": "678.39200", "2006-09-30": "89.53400", "2006-06-30": "86.11500", "2006-03-31": "88.29600", "2005-12-31": "85.31600", "2005-09-30": "97.69800", "2005-06-30": "95.91500", "2005-03-31": "209.96100"}, "Goodwill And Intangible Assets": {"2020-09-30": "373.84100", "2020-06-30": "369.15900", "2020-03-31": "357.24500", "2019-12-31": "373.59400", "2019-09-30": "368.99600", "2019-06-30": "374.43600", "2019-03-31": "375.68200", "2018-12-31": "375.31800", "2018-09-30": "379.24100", "2018-06-30": "382.36000", "2018-03-31": "388.32800", "2017-12-31": "391.36400", "2017-09-30": "392.06800", "2017-06-30": "389.21600", "2017-03-31": "387.90800", "2016-12-31": "382.02400", "2016-09-30": "353.85000", "2016-06-30": "328.18100", "2016-03-31": "332.62100", "2015-12-31": "326.97600", "2015-09-30": "325.62400", "2015-06-30": "335.96900", "2015-03-31": "335.96600", "2014-12-31": "347.43800", "2014-09-30": "356.25400", "2014-06-30": "368.54200", "2014-03-31": "366.92100", "2013-12-31": "363.87700", "2013-09-30": "376.40100", "2013-06-30": "375.20700", "2013-03-31": "393.31700", "2012-12-31": "392.82200", "2012-09-30": "395.44200", "2012-06-30": "394.16800", "2012-03-31": "395.96200", "2011-12-31": "393.09900", "2011-09-30": "394.38200", "2011-06-30": "365.44100", "2011-03-31": "362.83700", "2010-12-31": "361.43900", "2010-09-30": "318.54100", "2010-06-30": "306.83300", "2010-03-31": "316.29700", "2009-12-31": "317.78000", "2009-09-30": "311.70500", "2009-06-30": "189.61300", "2009-03-31": "177.71700", "2008-12-31": "175.14400", "2008-09-30": "186.23500", "2008-06-30": "201.97200", "2008-03-31": "200.21000", "2007-12-31": "187.90900", "2007-09-30": "184.29200", "2007-06-30": "17.13500", "2007-03-31": "16.96000", "2006-12-31": "16.94500", "2006-09-30": "16.58000", "2006-06-30": "16.52800", "2006-03-31": "16.14500", "2005-12-31": "15.99600", "2005-09-30": "16.25200", "2005-06-30": "16.28300", "2005-03-31": "16.78600"}, "Other Long-Term Assets": {"2020-09-30": "329.90700", "2020-06-30": "357.75900", "2020-03-31": "404.74400", "2019-12-31": "257.19900", "2019-09-30": "313.42500", "2019-06-30": "319.03300", "2019-03-31": "333.51800", "2018-12-31": "258.63400", "2018-09-30": "304.23500", "2018-06-30": "308.48500", "2018-03-31": "351.03700", "2017-12-31": "228.14400", "2017-09-30": "222.95100", "2017-06-30": "243.62500", "2017-03-31": "248.77400", "2016-12-31": "184.49900", "2016-09-30": "212.73400", "2016-06-30": "228.19100", "2016-03-31": "248.38400", "2015-12-31": "217.02200", "2015-09-30": "250.49800", "2015-06-30": "264.93000", "2015-03-31": "331.30500", "2014-12-31": "207.61000", "2014-09-30": "295.41800", "2014-06-30": "316.96500", "2014-03-31": "342.48800", "2013-12-31": "259.27700", "2013-09-30": "303.32600", "2013-06-30": "322.71200", "2013-03-31": "328.40000", "2012-12-31": "268.40600", "2012-09-30": "297.86300", "2012-06-30": "307.86700", "2012-03-31": "323.22500", "2011-12-31": "272.09800", "2011-09-30": "325.09700", "2011-06-30": "262.16900", "2011-03-31": "282.27900", "2010-12-31": "265.31000", "2010-09-30": "279.34000", "2010-06-30": "239.74200", "2010-03-31": "240.67200", "2009-12-31": "248.35500", "2009-09-30": "239.23100", "2009-06-30": "244.60000", "2009-03-31": "259.80200", "2008-12-31": "259.56100", "2008-09-30": "242.57700", "2008-06-30": "247.57000", "2008-03-31": "227.63800", "2007-12-31": "200.54700", "2007-09-30": "185.75100", "2007-06-30": "164.95300", "2007-03-31": "138.76800", "2006-12-31": "124.61600", "2006-09-30": "112.73100", "2006-06-30": "113.98300", "2006-03-31": "102.71600", "2005-12-31": "96.49600", "2005-09-30": "88.18400", "2005-06-30": "91.86700", "2005-03-31": "108.24600"}, "Total Long-Term Assets": {"2020-09-30": "1494.34900", "2020-06-30": "1518.78200", "2020-03-31": "2057.60600", "2019-12-31": "1437.38500", "2019-09-30": "1500.57200", "2019-06-30": "1489.00100", "2019-03-31": "2126.30100", "2018-12-31": "2019.82200", "2018-09-30": "2117.73900", "2018-06-30": "2030.67700", "2018-03-31": "1946.62100", "2017-12-31": "1902.25500", "2017-09-30": "2342.63700", "2017-06-30": "2368.39700", "2017-03-31": "2360.00600", "2016-12-31": "2310.74300", "2016-09-30": "2340.68800", "2016-06-30": "2373.01600", "2016-03-31": "2374.16100", "2015-12-31": "2423.66900", "2015-09-30": "2474.20000", "2015-06-30": "2627.83500", "2015-03-31": "1363.22800", "2014-12-31": "1457.01000", "2014-09-30": "1428.95300", "2014-06-30": "1460.71900", "2014-03-31": "1369.68100", "2013-12-31": "1350.05500", "2013-09-30": "1399.22900", "2013-06-30": "1389.23200", "2013-03-31": "1367.54900", "2012-12-31": "1300.93400", "2012-09-30": "1349.15200", "2012-06-30": "1340.00700", "2012-03-31": "1287.54000", "2011-12-31": "1212.14700", "2011-09-30": "1217.09900", "2011-06-30": "1215.75500", "2011-03-31": "1205.83500", "2010-12-31": "1194.68300", "2010-09-30": "1464.34100", "2010-06-30": "1367.39400", "2010-03-31": "1435.10000", "2009-12-31": "1540.74100", "2009-09-30": "1559.09900", "2009-06-30": "1220.31600", "2009-03-31": "1158.19500", "2008-12-31": "1226.11500", "2008-09-30": "1344.72400", "2008-06-30": "1545.79800", "2008-03-31": "1564.68600", "2007-12-31": "1662.80600", "2007-09-30": "739.04300", "2007-06-30": "506.45800", "2007-03-31": "452.10800", "2006-12-31": "988.26310", "2006-09-30": "380.37000", "2006-06-30": "379.72100", "2006-03-31": "365.04400", "2005-12-31": "354.43800", "2005-09-30": "363.91400", "2005-06-30": "377.99800", "2005-03-31": "523.58000"}, "Total Assets": {"2020-09-30": "5466.99700", "2020-06-30": "5312.11800", "2020-03-31": "5095.12300", "2019-12-31": "5639.58100", "2019-09-30": "5551.87900", "2019-06-30": "5507.47300", "2019-03-31": "5499.47700", "2018-12-31": "4997.24100", "2018-09-30": "4944.77800", "2018-06-30": "4627.99200", "2018-03-31": "4485.09500", "2017-12-31": "4928.67700", "2017-09-30": "4836.38800", "2017-06-30": "4769.76200", "2017-03-31": "4385.25800", "2016-12-31": "4556.50800", "2016-09-30": "4302.30300", "2016-06-30": "4215.62100", "2016-03-31": "4011.59100", "2015-12-31": "4477.77400", "2015-09-30": "4148.03700", "2015-06-30": "4151.94100", "2015-03-31": "2827.73100", "2014-12-31": "3332.23600", "2014-09-30": "3042.89000", "2014-06-30": "3079.47600", "2014-03-31": "2898.20300", "2013-12-31": "3011.13700", "2013-09-30": "2956.45600", "2013-06-30": "2921.22900", "2013-03-31": "2728.16700", "2012-12-31": "2986.89300", "2012-09-30": "2994.94600", "2012-06-30": "2977.85400", "2012-03-31": "2907.99800", "2011-12-31": "3081.93600", "2011-09-30": "3136.46900", "2011-06-30": "3081.01400", "2011-03-31": "3159.36000", "2010-12-31": "3422.53200", "2010-09-30": "3123.69800", "2010-06-30": "2808.88400", "2010-03-31": "2885.53000", "2009-12-31": "3147.76200", "2009-09-30": "2899.58800", "2009-06-30": "2653.33000", "2009-03-31": "2396.21500", "2008-12-31": "2862.93100", "2008-09-30": "3324.73900", "2008-06-30": "3632.31100", "2008-03-31": "3356.97600", "2007-12-31": "3840.41300", "2007-09-30": "3514.19400", "2007-06-30": "3109.66200", "2007-03-31": "2614.79000", "2006-12-31": "3208.66500", "2006-09-30": "2031.26100", "2006-06-30": "2109.51800", "2006-03-31": "1778.04400", "2005-12-31": "1910.89700", "2005-09-30": "1809.25900", "2005-06-30": "2098.79000", "2005-03-31": "3850.34100"}, "Total Current Liabilities": {"2020-09-30": "1695.74200", "2020-06-30": "1596.90900", "2020-03-31": "1483.90500", "2019-12-31": "1848.97700", "2019-09-30": "1824.61500", "2019-06-30": "1812.32000", "2019-03-31": "1625.66100", "2018-12-31": "1739.69100", "2018-09-30": "1545.43200", "2018-06-30": "1458.73900", "2018-03-31": "1287.45700", "2017-12-31": "1586.11900", "2017-09-30": "1192.85800", "2017-06-30": "1208.27200", "2017-03-31": "914.78400", "2016-12-31": "1013.87100", "2016-09-30": "962.57100", "2016-06-30": "991.63900", "2016-03-31": "760.18010", "2015-12-31": "1077.07400", "2015-09-30": "855.79000", "2015-06-30": "763.30200", "2015-03-31": "722.60800", "2014-12-31": "922.89100", "2014-09-30": "807.92600", "2014-06-30": "884.64310", "2014-03-31": "691.85800", "2013-12-31": "803.52800", "2013-09-30": "676.63100", "2013-06-30": "726.93800", "2013-03-31": "526.01600", "2012-12-31": "740.98900", "2012-09-30": "566.41700", "2012-06-30": "596.71400", "2012-03-31": "496.11700", "2011-12-31": "678.01500", "2011-09-30": "597.03800", "2011-06-30": "460.58900", "2011-03-31": "467.61800", "2010-12-31": "863.25200", "2010-09-30": "729.99500", "2010-06-30": "517.37810", "2010-03-31": "520.53900", "2009-12-31": "854.58400", "2009-09-30": "497.64000", "2009-06-30": "542.82600", "2009-03-31": "426.21500", "2008-12-31": "782.74500", "2008-09-30": "1032.87100", "2008-06-30": "1225.54700", "2008-03-31": "890.93900", "2007-12-31": "1383.49800", "2007-09-30": "1265.14100", "2007-06-30": "1008.65900", "2007-03-31": "996.66400", "2006-12-31": "1642.54600", "2006-09-30": "970.34900", "2006-06-30": "1073.68800", "2006-03-31": "739.01000", "2005-12-31": "903.29500", "2005-09-30": "848.82600", "2005-06-30": "1147.40200", "2005-03-31": "1159.29700"}, "Long Term Debt": {"2020-09-30": "1681.48700", "2020-06-30": "1680.84500", "2020-03-31": "1680.20400", "2019-12-31": "1679.56200", "2019-09-30": "1678.92100", "2019-06-30": "1678.13100", "2019-03-31": "1759.29700", "2018-12-31": "1434.26000", "2018-09-30": "1433.70200", "2018-06-30": "1191.27700", "2018-03-31": "1190.83000", "2017-12-31": "1190.38300", "2017-09-30": "1189.93600", "2017-06-30": "1189.48900", "2017-03-31": "1195.95600", "2016-12-31": "1188.60000", "2016-09-30": "998.52500", "2016-06-30": "998.50200", "2016-03-31": "998.74800", "2015-12-31": "998.38600", "2015-09-30": "1008.03500", "2015-06-30": "1008.43900", "2015-03-31": "1008.53400", "2014-12-31": "1060.36500", "2014-09-30": "1061.23900", "2014-06-30": "1062.88000", "2014-03-31": "1063.59600", "2013-12-31": "1064.18400", "2013-09-30": "1092.94400", "2013-06-30": "1093.01800", "2013-03-31": "1093.24500", "2012-12-31": "1094.71300", "2012-09-30": "1094.99800", "2012-06-30": "1095.14300", "2012-03-31": "1096.74100", "2011-12-31": "1096.93400", "2011-09-30": "1098.42600", "2011-06-30": "1249.95100", "2011-03-31": "1250.31400", "2010-12-31": "1249.75300", "2010-09-30": "1248.59900", "2010-06-30": "1247.01500", "2010-03-31": "1259.42200", "2009-12-31": "1261.47800", "2009-09-30": "1262.75500", "2009-06-30": "1262.32900", "2009-03-31": "1261.77600", "2008-12-31": "1264.57500", "2008-09-30": "1328.29800", "2008-06-30": "1331.55900", "2008-03-31": "1770.00500", "2007-12-31": "1764.62200", "2007-09-30": "1769.37600", "2007-06-30": "1766.39500", "2007-03-31": "1308.89500", "2006-12-31": "1308.94500", "2006-09-30": "1308.20200", "2006-06-30": "1314.20500", "2006-03-31": "1239.69500", "2005-12-31": "1245.92600", "2005-09-30": "1230.52500", "2005-06-30": "1256.23600", "2005-03-31": "1582.70300"}, "Other Non-Current Liabilities": {"2020-09-30": "698.63800", "2020-06-30": "729.11300", "2020-03-31": "746.50800", "2019-12-31": "781.61200", "2019-09-30": "707.44300", "2019-06-30": "741.10300", "2019-03-31": "774.08700", "2018-12-31": "847.62600", "2018-09-30": "837.57800", "2018-06-30": "857.68800", "2018-03-31": "941.10710", "2017-12-31": "883.86300", "2017-09-30": "1080.83800", "2017-06-30": "1060.32200", "2017-03-31": "1052.53000", "2016-12-31": "1051.05600", "2016-09-30": "1030.68800", "2016-06-30": "1011.09000", "2016-03-31": "1019.12100", "2015-12-31": "1023.90400", "2015-09-30": "1072.33900", "2015-06-30": "1510.83100", "2015-03-31": "559.28400", "2014-12-31": "548.99400", "2014-09-30": "536.06500", "2014-06-30": "565.25200", "2014-03-31": "587.10800", "2013-12-31": "513.42700", "2013-09-30": "529.82000", "2013-06-30": "509.06200", "2013-03-31": "531.80500", "2012-12-31": "499.65100", "2012-09-30": "499.70500", "2012-06-30": "459.58900", "2012-03-31": "454.36200", "2011-12-31": "440.13100", "2011-09-30": "523.02300", "2011-06-30": "512.68200", "2011-03-31": "600.96700", "2010-12-31": "513.41000", "2010-09-30": "509.11000", "2010-06-30": "459.55300", "2010-03-31": "536.64600", "2009-12-31": "508.60300", "2009-09-30": "514.60000", "2009-06-30": "472.19300", "2009-03-31": "462.30300", "2008-12-31": "503.85900", "2008-09-30": "571.25300", "2008-06-30": "501.74900", "2008-03-31": "613.98800", "2007-12-31": "569.17900", "2007-09-30": "505.24400", "2007-06-30": "430.22100", "2007-03-31": "460.37100", "2006-12-31": "442.03000", "2006-09-30": "422.65100", "2006-06-30": "424.12600", "2006-03-31": "514.55500", "2005-12-31": "520.61800", "2005-09-30": "542.92900", "2005-06-30": "554.02100", "2005-03-31": "579.76500"}, "Total Long Term Liabilities": {"2020-09-30": "2992.55700", "2020-06-30": "3031.24100", "2020-03-31": "3051.60100", "2019-12-31": "3109.03000", "2019-09-30": "3041.04300", "2019-06-30": "2977.27500", "2019-03-31": "3102.44400", "2018-12-31": "2287.45700", "2018-09-30": "2277.76100", "2018-06-30": "2056.14900", "2018-03-31": "2141.45700", "2017-12-31": "2083.65300", "2017-09-30": "2275.05500", "2017-06-30": "2258.77700", "2017-03-31": "2257.28700", "2016-12-31": "2248.82400", "2016-09-30": "2038.59000", "2016-06-30": "2019.63800", "2016-03-31": "2028.66300", "2015-12-31": "2033.39400", "2015-09-30": "2080.37400", "2015-06-30": "2519.27000", "2015-03-31": "1567.81800", "2014-12-31": "1639.28800", "2014-09-30": "1597.30400", "2014-06-30": "1628.13200", "2014-03-31": "1650.70400", "2013-12-31": "1577.61100", "2013-09-30": "1622.76400", "2013-06-30": "1602.08000", "2013-03-31": "1625.05000", "2012-12-31": "1594.36400", "2012-09-30": "1594.70300", "2012-06-30": "1554.73200", "2012-03-31": "1551.10300", "2011-12-31": "1537.06500", "2011-09-30": "1621.44900", "2011-06-30": "1762.63300", "2011-03-31": "1851.28100", "2010-12-31": "1763.16300", "2010-09-30": "1757.70900", "2010-06-30": "1706.56800", "2010-03-31": "1796.06800", "2009-12-31": "1770.08100", "2009-09-30": "1777.35500", "2009-06-30": "1734.52200", "2009-03-31": "1724.07900", "2008-12-31": "1768.43400", "2008-09-30": "1998.53600", "2008-06-30": "2053.93500", "2008-03-31": "2429.60700", "2007-12-31": "2386.57600", "2007-09-30": "2323.59200", "2007-06-30": "2244.92100", "2007-03-31": "1824.99200", "2006-12-31": "1806.47200", "2006-09-30": "1774.21400", "2006-06-30": "1780.91500", "2006-03-31": "1861.26800", "2005-12-31": "1878.27300", "2005-09-30": "1877.91400", "2005-06-30": "1910.13100", "2005-03-31": "2403.77600"}, "Total Liabilities": {"2020-09-30": "4688.29900", "2020-06-30": "4628.15000", "2020-03-31": "4535.50600", "2019-12-31": "4958.00700", "2019-09-30": "4865.65800", "2019-06-30": "4789.59500", "2019-03-31": "4728.10500", "2018-12-31": "4027.14800", "2018-09-30": "3823.19300", "2018-06-30": "3514.88800", "2018-03-31": "3428.91400", "2017-12-31": "3669.77200", "2017-09-30": "3467.91300", "2017-06-30": "3467.04900", "2017-03-31": "3172.07100", "2016-12-31": "3262.69500", "2016-09-30": "3001.16100", "2016-06-30": "3011.27700", "2016-03-31": "2788.84300", "2015-12-31": "3110.46800", "2015-09-30": "2936.16400", "2015-06-30": "3282.57200", "2015-03-31": "2290.42600", "2014-12-31": "2562.17900", "2014-09-30": "2405.23000", "2014-06-30": "2512.77500", "2014-03-31": "2342.56200", "2013-12-31": "2381.13900", "2013-09-30": "2299.39500", "2013-06-30": "2329.01800", "2013-03-31": "2151.06600", "2012-12-31": "2335.35300", "2012-09-30": "2161.12000", "2012-06-30": "2151.44600", "2012-03-31": "2047.22000", "2011-12-31": "2215.08000", "2011-09-30": "2218.48700", "2011-06-30": "2223.22200", "2011-03-31": "2318.89900", "2010-12-31": "2626.41500", "2010-09-30": "2487.70400", "2010-06-30": "2223.94600", "2010-03-31": "2316.60700", "2009-12-31": "2624.66500", "2009-09-30": "2274.99500", "2009-06-30": "2277.34800", "2009-03-31": "2150.29400", "2008-12-31": "2551.17900", "2008-09-30": "3031.40700", "2008-06-30": "3279.48200", "2008-03-31": "3320.54600", "2007-12-31": "3770.07400", "2007-09-30": "3588.73300", "2007-06-30": "3253.58000", "2007-03-31": "2821.65600", "2006-12-31": "3449.01800", "2006-09-30": "2744.56300", "2006-06-30": "2854.60300", "2006-03-31": "2600.27800", "2005-12-31": "2781.56800", "2005-09-30": "2726.74000", "2005-06-30": "3057.53300", "2005-03-31": "3563.07300"}, "Common Stock Net": {"2020-09-30": "1.12800", "2020-06-30": "1.12800", "2020-03-31": "1.12800", "2019-12-31": "1.12800", "2019-09-30": "1.29800", "2019-06-30": "1.29800", "2019-03-31": "1.29800", "2018-12-31": "1.29800", "2018-09-30": "1.29800", "2018-06-30": "1.29800", "2018-03-31": "1.29800", "2017-12-31": "1.29800", "2017-09-30": "1.29800", "2017-06-30": "1.29800", "2017-03-31": "1.29800", "2016-12-31": "1.29800", "2016-09-30": "1.29800", "2016-06-30": "1.29800", "2016-03-31": "1.29800", "2015-12-31": "1.29800", "2015-09-30": "1.29800", "2015-06-30": "1.29800", "2015-03-31": "1.29800", "2014-12-31": "1.29800", "2014-09-30": "1.29800", "2014-06-30": "1.29800", "2014-03-31": "1.29100", "2013-12-31": "1.29100", "2013-09-30": "1.29000", "2013-06-30": "1.29000", "2013-03-31": "1.28200", "2012-12-31": "1.28200", "2012-09-30": "1.23200", "2012-06-30": "1.23200", "2012-03-31": "1.23100", "2011-12-31": "1.23000", "2011-09-30": "1.22900", "2011-06-30": "1.20400", "2011-03-31": "1.19700", "2010-12-31": "1.19700", "2010-09-30": "1.16600", "2010-06-30": "1.12800", "2010-03-31": "1.01400", "2009-12-31": "0.92200", "2009-09-30": "0.92200", "2009-06-30": "0.87000", "2009-03-31": "0.76500", "2008-12-31": "0.76300", "2008-09-30": "0.76000", "2008-06-30": "0.68700", "2008-03-31": "0.51700", "2007-12-31": "0.51700", "2007-09-30": "0.51700", "2007-06-30": "0.51600", "2007-03-31": "0.51600", "2006-12-31": "0.51600", "2006-09-30": "0.37500", "2006-06-30": "0.37500", "2006-03-31": "0.37500", "2005-12-31": "0.37500", "2005-09-30": "0.37500", "2005-06-30": "0.37500", "2005-03-31": "287.26800"}, "Retained Earnings (Accumulated Deficit)": {"2020-09-30": "1160.31000", "2020-06-30": "1140.01500", "2020-03-31": "1119.17600", "2019-12-31": "1193.57000", "2019-09-30": "1168.38200", "2019-06-30": "1179.90100", "2019-03-31": "1171.75400", "2018-12-31": "1195.56300", "2018-09-30": "1140.61000", "2018-06-30": "1092.38100", "2018-03-31": "1005.54800", "2017-12-31": "1080.41300", "2017-09-30": "1219.30300", "2017-06-30": "1166.02600", "2017-03-31": "1101.98800", "2016-12-31": "1134.18600", "2016-09-30": "1058.18900", "2016-06-30": "998.13200", "2016-03-31": "970.80800", "2015-12-31": "1123.72800", "2015-09-30": "1014.14500", "2015-06-30": "664.00100", "2015-03-31": "338.16500", "2014-12-31": "464.65500", "2014-09-30": "333.29400", "2014-06-30": "285.47600", "2014-03-31": "242.81800", "2013-12-31": "203.23600", "2013-09-30": "219.31900", "2013-06-30": "193.95800", "2013-03-31": "197.29700", "2012-12-31": "182.64700", "2012-09-30": "270.24500", "2012-06-30": "264.68200", "2012-03-31": "262.10000", "2011-12-31": "258.64600", "2011-09-30": "285.57500", "2011-06-30": "244.63300", "2011-03-31": "204.66600", "2010-12-31": "166.46800", "2010-09-30": "83.34800", "2010-06-30": "35.48700", "2010-03-31": "6.16000", "2009-12-31": "52.72600", "2009-09-30": "205.48300", "2009-06-30": "179.14400", "2009-03-31": "159.44400", "2008-12-31": "221.41000", "2008-09-30": "192.36100", "2008-06-30": "277.11100", "2008-03-31": "249.40500", "2007-12-31": "248.55100", "2007-09-30": "194.56300", "2007-06-30": "159.48700", "2007-03-31": "135.44500", "2006-12-31": "127.60800", "2006-09-30": "94.53400", "2006-06-30": "84.99300", "2006-03-31": "65.05300", "2005-12-31": "48.98600", "2005-09-30": "28.42700", "2005-06-30": "11.36600", "2005-03-31": ""}, "Comprehensive Income": {"2020-09-30": "-279.78500", "2020-06-30": "-308.92100", "2020-03-31": "-333.41200", "2019-12-31": "-293.64800", "2019-09-30": "-288.62100", "2019-06-30": "-271.98400", "2019-03-31": "-268.85800", "2018-12-31": "-273.81800", "2018-09-30": "-260.36500", "2018-06-30": "-253.49900", "2018-03-31": "-219.12400", "2017-12-31": "-232.51800", "2017-09-30": "-261.67300", "2017-06-30": "-277.78500", "2017-03-31": "-296.69900", "2016-12-31": "-314.22200", "2016-09-30": "-236.08800", "2016-06-30": "-237.03000", "2016-03-31": "-221.57200", "2015-12-31": "-234.35600", "2015-09-30": "-252.52500", "2015-06-30": "-235.34900", "2015-03-31": "-233.49400", "2014-12-31": "-200.76600", "2014-09-30": "-152.18400", "2014-06-30": "-127.48000", "2014-03-31": "-126.38300", "2013-12-31": "-133.00400", "2013-09-30": "-127.85200", "2013-06-30": "-141.48900", "2013-03-31": "-124.75800", "2012-12-31": "-110.54100", "2012-09-30": "-81.40800", "2012-06-30": "-94.17100", "2012-03-31": "-71.90300", "2011-12-31": "-88.36400", "2011-09-30": "-57.71200", "2011-06-30": "-17.82700", "2011-03-31": "-26.56700", "2010-12-31": "-46.15800", "2010-09-30": "-70.51900", "2010-06-30": "-117.79400", "2010-03-31": "-75.17300", "2009-12-31": "-57.04800", "2009-09-30": "-26.50100", "2009-06-30": "-47.75900", "2009-03-31": "-97.53500", "2008-12-31": "-79.43500", "2008-09-30": "-11.71500", "2008-06-30": "41.04700", "2008-03-31": "69.41000", "2007-12-31": "52.49100", "2007-09-30": "52.18700", "2007-06-30": "38.78300", "2007-03-31": "32.59000", "2006-12-31": "32.49400", "2006-09-30": "-8.06600", "2006-06-30": "-7.73800", "2006-03-31": "-27.78500", "2005-12-31": "-34.34200", "2005-09-30": "-32.42300", "2005-06-30": "-20.20800", "2005-03-31": ""}, "Other Share Holders Equity": {"2020-09-30": "", "2020-06-30": "", "2020-03-31": "", "2019-12-31": "", "2019-09-30": "", "2019-06-30": "", "2019-03-31": "", "2018-12-31": "", "2018-09-30": "", "2018-06-30": "", "2018-03-31": "", "2017-12-31": "", "2017-09-30": "", "2017-06-30": "", "2017-03-31": "", "2016-12-31": "", "2016-09-30": "", "2016-06-30": "", "2016-03-31": "", "2015-12-31": "", "2015-09-30": "", "2015-06-30": "", "2015-03-31": "", "2014-12-31": "", "2014-09-30": "", "2014-06-30": "", "2014-03-31": "", "2013-12-31": "", "2013-09-30": "", "2013-06-30": "", "2013-03-31": "", "2012-12-31": "", "2012-09-30": "", "2012-06-30": "", "2012-03-31": "", "2011-12-31": "", "2011-09-30": "", "2011-06-30": "", "2011-03-31": "", "2010-12-31": "", "2010-09-30": "", "2010-06-30": "", "2010-03-31": "", "2009-12-31": "", "2009-09-30": "", "2009-06-30": "", "2009-03-31": "", "2008-12-31": "", "2008-09-30": "", "2008-06-30": "", "2008-03-31": "", "2007-12-31": "", "2007-09-30": "", "2007-06-30": "", "2007-03-31": "", "2006-12-31": "", "2006-09-30": "", "2006-06-30": "", "2006-03-31": "", "2005-12-31": "", "2005-09-30": "", "2005-06-30": "", "2005-03-31": ""}, "Share Holder Equity": {"2020-09-30": "778.69800", "2020-06-30": "683.96800", "2020-03-31": "559.61700", "2019-12-31": "681.57400", "2019-09-30": "686.22100", "2019-06-30": "717.87800", "2019-03-31": "771.37200", "2018-12-31": "970.09300", "2018-09-30": "1121.58500", "2018-06-30": "1113.10400", "2018-03-31": "1056.18100", "2017-12-31": "1258.90500", "2017-09-30": "1368.47500", "2017-06-30": "1302.71300", "2017-03-31": "1213.18700", "2016-12-31": "1293.81300", "2016-09-30": "1301.14200", "2016-06-30": "1204.34400", "2016-03-31": "1222.74800", "2015-12-31": "1367.30600", "2015-09-30": "1211.87300", "2015-06-30": "869.36900", "2015-03-31": "537.30500", "2014-12-31": "770.05700", "2014-09-30": "637.66000", "2014-06-30": "566.70100", "2014-03-31": "555.64100", "2013-12-31": "629.99800", "2013-09-30": "657.06100", "2013-06-30": "592.21100", "2013-03-31": "577.10100", "2012-12-31": "651.54000", "2012-09-30": "833.82600", "2012-06-30": "826.40800", "2012-03-31": "860.77800", "2011-12-31": "866.85600", "2011-09-30": "917.98200", "2011-06-30": "857.79200", "2011-03-31": "840.46100", "2010-12-31": "796.11700", "2010-09-30": "635.99400", "2010-06-30": "584.93800", "2010-03-31": "568.92300", "2009-12-31": "523.09700", "2009-09-30": "624.59300", "2009-06-30": "375.98200", "2009-03-31": "245.92100", "2008-12-31": "311.75200", "2008-09-30": "293.33200", "2008-06-30": "352.82900", "2008-03-31": "36.43000", "2007-12-31": "70.33900", "2007-09-30": "-74.53900", "2007-06-30": "-143.91800", "2007-03-31": "-206.86600", "2006-12-31": "-240.35300", "2006-09-30": "-713.30200", "2006-06-30": "-745.08500", "2006-03-31": "-822.23400", "2005-12-31": "-870.67100", "2005-09-30": "-917.48100", "2005-06-30": "-958.74300", "2005-03-31": "287.26800"}, "Total Liabilities And Share Holders Equity": {"2020-09-30": "5466.99700", "2020-06-30": "5312.11800", "2020-03-31": "5095.12300", "2019-12-31": "5639.58100", "2019-09-30": "5551.87900", "2019-06-30": "5507.47300", "2019-03-31": "5499.47700", "2018-12-31": "4997.24100", "2018-09-30": "4944.77800", "2018-06-30": "4627.99200", "2018-03-31": "4485.09500", "2017-12-31": "4928.67700", "2017-09-30": "4836.38800", "2017-06-30": "4769.76200", "2017-03-31": "4385.25800", "2016-12-31": "4556.50800", "2016-09-30": "4302.30300", "2016-06-30": "4215.62100", "2016-03-31": "4011.59100", "2015-12-31": "4477.77400", "2015-09-30": "4148.03700", "2015-06-30": "4151.94100", "2015-03-31": "2827.73100", "2014-12-31": "3332.23600", "2014-09-30": "3042.89000", "2014-06-30": "3079.47600", "2014-03-31": "2898.20300", "2013-12-31": "3011.13700", "2013-09-30": "2956.45600", "2013-06-30": "2921.22900", "2013-03-31": "2728.16700", "2012-12-31": "2986.89300", "2012-09-30": "2994.94600", "2012-06-30": "2977.85400", "2012-03-31": "2907.99800", "2011-12-31": "3081.93600", "2011-09-30": "3136.46900", "2011-06-30": "3081.01400", "2011-03-31": "3159.36000", "2010-12-31": "3422.53200", "2010-09-30": "3123.69800", "2010-06-30": "2808.88400", "2010-03-31": "2885.53000", "2009-12-31": "3147.76200", "2009-09-30": "2899.58800", "2009-06-30": "2653.33000", "2009-03-31": "2396.21500", "2008-12-31": "2862.93100", "2008-09-30": "3324.73900", "2008-06-30": "3632.31100", "2008-03-31": "3356.97600", "2007-12-31": "3840.41300", "2007-09-30": "3514.19400", "2007-06-30": "3109.66200", "2007-03-31": "2614.79000", "2006-12-31": "3208.66500", "2006-09-30": "2031.26100", "2006-06-30": "2109.51800", "2006-03-31": "1778.04400", "2005-12-31": "1910.89700", "2005-09-30": "1809.25900", "2005-06-30": "2098.79000", "2005-03-31": "3850.34100"}}, "cash flow statement": {"Net Income/Loss": {"2019-12-31": "297.71600", "2018-12-31": "532.44900", "2017-12-31": "259.84700", "2016-12-31": "393.69200", "2015-12-31": "992.93200", "2014-12-31": "434.06300", "2013-12-31": "165.11400", "2012-12-31": "92.78500", "2011-12-31": "190.55900", "2010-12-31": "194.42300", "2009-12-31": "-188.24500", "2008-12-31": "-0.23900", "2007-12-31": "337.67900", "2006-12-31": "92.98500", "2005-12-31": "143.48600"}, "Total Depreciation And Amortization - Cash Flow": {"2019-12-31": "420.80300", "2018-12-31": "389.64000", "2017-12-31": "400.39300", "2016-12-31": "410.33600", "2015-12-31": "359.07800", "2014-12-31": "336.68100", "2013-12-31": "354.90000", "2012-12-31": "399.96500", "2011-12-31": "336.78100", "2010-12-31": "346.81100", "2009-12-31": "400.00300", "2008-12-31": "272.32700", "2007-12-31": "149.25200", "2006-12-31": "40.60000", "2005-12-31": "18.24300"}, "Other Non-Cash Items": {"2019-12-31": "90.92700", "2018-12-31": "45.41400", "2017-12-31": "298.61700", "2016-12-31": "54.14000", "2015-12-31": "-517.26310", "2014-12-31": "33.93500", "2013-12-31": "66.46000", "2012-12-31": "-4.45700", "2011-12-31": "-10.95700", "2010-12-31": "17.39400", "2009-12-31": "-21.86700", "2008-12-31": "12.60700", "2007-12-31": "-16.39100", "2006-12-31": "147.42700", "2005-12-31": "376.86300"}, "Total Non-Cash Items": {"2019-12-31": "511.73000", "2018-12-31": "435.05400", "2017-12-31": "699.01000", "2016-12-31": "464.47600", "2015-12-31": "-158.18510", "2014-12-31": "370.61600", "2013-12-31": "421.36000", "2012-12-31": "395.50800", "2011-12-31": "325.82400", "2010-12-31": "364.20500", "2009-12-31": "378.13600", "2008-12-31": "284.93400", "2007-12-31": "132.86100", "2006-12-31": "188.02700", "2005-12-31": "395.10600"}, "Change In Accounts Receivable": {"2019-12-31": "35.69200", "2018-12-31": "-131.63700", "2017-12-31": "95.97600", "2016-12-31": "-156.12900", "2015-12-31": "33.14500", "2014-12-31": "-76.20000", "2013-12-31": "-30.12600", "2012-12-31": "31.15700", "2011-12-31": "61.15300", "2010-12-31": "-52.69000", "2009-12-31": "-26.35700", "2008-12-31": "99.97000", "2007-12-31": "229.50500", "2006-12-31": "-387.92200", "2005-12-31": "-108.61800"}, "Change In Inventories": {"2019-12-31": "", "2018-12-31": "", "2017-12-31": "", "2016-12-31": "", "2015-12-31": "", "2014-12-31": "", "2013-12-31": "", "2012-12-31": "", "2011-12-31": "", "2010-12-31": "", "2009-12-31": "", "2008-12-31": "", "2007-12-31": "", "2006-12-31": "", "2005-12-31": ""}, "Change In Accounts Payable": {"2019-12-31": "", "2018-12-31": "", "2017-12-31": "", "2016-12-31": "", "2015-12-31": "", "2014-12-31": "", "2013-12-31": "", "2012-12-31": "", "2011-12-31": "", "2010-12-31": "", "2009-12-31": "", "2008-12-31": "", "2007-12-31": "", "2006-12-31": "", "2005-12-31": ""}, "Change In Assets/Liabilities": {"2019-12-31": "-167.18500", "2018-12-31": "-136.82800", "2017-12-31": "-25.71800", "2016-12-31": "-69.43800", "2015-12-31": "19.40400", "2014-12-31": "7.53800", "2013-12-31": "-29.65100", "2012-12-31": "-37.54200", "2011-12-31": "-179.73400", "2010-12-31": "-337.14000", "2009-12-31": "81.24100", "2008-12-31": "121.23000", "2007-12-31": "-628.29800", "2006-12-31": "344.94900", "2005-12-31": "464.58800"}, "Total Change In Assets/Liabilities": {"2019-12-31": "-131.49300", "2018-12-31": "-268.46500", "2017-12-31": "70.25800", "2016-12-31": "-225.56700", "2015-12-31": "52.54900", "2014-12-31": "-68.66200", "2013-12-31": "-59.77700", "2012-12-31": "-6.38500", "2011-12-31": "-118.58100", "2010-12-31": "-389.83000", "2009-12-31": "54.88400", "2008-12-31": "221.20000", "2007-12-31": "-398.79300", "2006-12-31": "-42.97300", "2005-12-31": "355.97000"}, "Cash Flow From Operating Activities": {"2019-12-31": "677.95300", "2018-12-31": "699.03800", "2017-12-31": "1029.11500", "2016-12-31": "632.60100", "2015-12-31": "887.29600", "2014-12-31": "736.01700", "2013-12-31": "526.69700", "2012-12-31": "481.90800", "2011-12-31": "397.80200", "2010-12-31": "168.79800", "2009-12-31": "244.77500", "2008-12-31": "505.89500", "2007-12-31": "71.74700", "2006-12-31": "238.03900", "2005-12-31": "894.56200"}, "Net Change In Property, Plant, And Equipment": {"2019-12-31": "-42.24800", "2018-12-31": "-46.20900", "2017-12-31": "-26.92000", "2016-12-31": "-37.65300", "2015-12-31": "-25.95200", "2014-12-31": "-20.09900", "2013-12-31": "-54.55300", "2012-12-31": "-84.93300", "2011-12-31": "-45.27700", "2010-12-31": "-12.95000", "2009-12-31": "-11.33000", "2008-12-31": "-17.76600", "2007-12-31": "-14.52600", "2006-12-31": "-8.19200", "2005-12-31": "3.87900"}, "Net Change In Intangible Assets": {"2019-12-31": "", "2018-12-31": "", "2017-12-31": "", "2016-12-31": "", "2015-12-31": "", "2014-12-31": "", "2013-12-31": "", "2012-12-31": "", "2011-12-31": "", "2010-12-31": "", "2009-12-31": "", "2008-12-31": "", "2007-12-31": "", "2006-12-31": "", "2005-12-31": ""}, "Net Acquisitions/Divestitures": {"2019-12-31": "", "2018-12-31": "", "2017-12-31": "", "2016-12-31": "", "2015-12-31": "", "2014-12-31": "", "2013-12-31": "", "2012-12-31": "", "2011-12-31": "", "2010-12-31": "", "2009-12-31": "", "2008-12-31": "", "2007-12-31": "", "2006-12-31": "", "2005-12-31": ""}, "Net Change In Short-term Investments": {"2019-12-31": "", "2018-12-31": "", "2017-12-31": "", "2016-12-31": "", "2015-12-31": "", "2014-12-31": "", "2013-12-31": "", "2012-12-31": "", "2011-12-31": "", "2010-12-31": "", "2009-12-31": "", "2008-12-31": "", "2007-12-31": "", "2006-12-31": "", "2005-12-31": ""}, "Net Change In Long-Term Investments": {"2019-12-31": "", "2018-12-31": "", "2017-12-31": "", "2016-12-31": "", "2015-12-31": "", "2014-12-31": "", "2013-12-31": "", "2012-12-31": "", "2011-12-31": "", "2010-12-31": "424.67500", "2009-12-31": "-85.22800", "2008-12-31": "-134.16200", "2007-12-31": "-208.29500", "2006-12-31": "", "2005-12-31": ""}, "Net Change In Investments - Total": {"2019-12-31": "", "2018-12-31": "", "2017-12-31": "", "2016-12-31": "", "2015-12-31": "", "2014-12-31": "", "2013-12-31": "", "2012-12-31": "", "2011-12-31": "", "2010-12-31": "424.67500", "2009-12-31": "-85.22800", "2008-12-31": "-134.16200", "2007-12-31": "-208.29500", "2006-12-31": "", "2005-12-31": ""}, "Investing Activities - Other": {"2019-12-31": "", "2018-12-31": "", "2017-12-31": "", "2016-12-31": "", "2015-12-31": "", "2014-12-31": "", "2013-12-31": "", "2012-12-31": "", "2011-12-31": "", "2010-12-31": "", "2009-12-31": "", "2008-12-31": "", "2007-12-31": "", "2006-12-31": "", "2005-12-31": ""}, "Cash Flow From Investing Activities": {"2019-12-31": "-42.24800", "2018-12-31": "-46.20900", "2017-12-31": "-26.92000", "2016-12-31": "-37.65300", "2015-12-31": "-25.95200", "2014-12-31": "-20.09900", "2013-12-31": "-54.55300", "2012-12-31": "-84.93300", "2011-12-31": "-45.27700", "2010-12-31": "411.72500", "2009-12-31": "-96.55800", "2008-12-31": "-151.92800", "2007-12-31": "-222.82100", "2006-12-31": "-8.19200", "2005-12-31": "3.87900"}, "Net Long-Term Debt": {"2019-12-31": "236.28600", "2018-12-31": "235.42700", "2017-12-31": "", "2016-12-31": "193.69700", "2015-12-31": "-114.65200", "2014-12-31": "-2.17100", "2013-12-31": "-87.72500", "2012-12-31": "-2.51900", "2011-12-31": "-2.32200", "2010-12-31": "-2.40000", "2009-12-31": "-2.98000", "2008-12-31": "-3.09500", "2007-12-31": "542.06200", "2006-12-31": "-1.11500", "2005-12-31": "46.76000"}, "Net Current Debt": {"2019-12-31": "", "2018-12-31": "", "2017-12-31": "", "2016-12-31": "", "2015-12-31": "", "2014-12-31": "", "2013-12-31": "", "2012-12-31": "", "2011-12-31": "-131.82900", "2010-12-31": "-10.37500", "2009-12-31": "-0.63500", "2008-12-31": "-478.92500", "2007-12-31": "-96.00000", "2006-12-31": "-31.02500", "2005-12-31": "17.08500"}, "Debt Issuance/Retirement Net - Total": {"2019-12-31": "236.28600", "2018-12-31": "235.42700", "2017-12-31": "", "2016-12-31": "193.69700", "2015-12-31": "-114.65200", "2014-12-31": "-2.17100", "2013-12-31": "-87.72500", "2012-12-31": "-2.51900", "2011-12-31": "-134.15100", "2010-12-31": "-12.77500", "2009-12-31": "-3.61500", "2008-12-31": "-482.02000", "2007-12-31": "446.06200", "2006-12-31": "-32.14000", "2005-12-31": "63.84500"}, "Net Common Equity Issued/Repurchased": {"2019-12-31": "-494.68700", "2018-12-31": "-552.87200", "2017-12-31": "-306.74100", "2016-12-31": "-300.21700", "2015-12-31": "-172.77200", "2014-12-31": "-192.65700", "2013-12-31": "-132.47700", "2012-12-31": "-354.46400", "2011-12-31": "-205.62900", "2010-12-31": "-149.98100", "2009-12-31": "-50.47900", "2008-12-31": "160.43600", "2007-12-31": "-68.05200", "2006-12-31": "344.95800", "2005-12-31": "1287.20300"}, "Net Total Equity Issued/Repurchased": {"2019-12-31": "-494.68700", "2018-12-31": "-552.87200", "2017-12-31": "-306.74100", "2016-12-31": "-300.21700", "2015-12-31": "-172.77200", "2014-12-31": "-192.65700", "2013-12-31": "-132.47700", "2012-12-31": "-354.46400", "2011-12-31": "-205.62900", "2010-12-31": "-149.98100", "2009-12-31": "-50.47900", "2008-12-31": "160.43600", "2007-12-31": "-68.05200", "2006-12-31": "344.95800", "2005-12-31": "1287.20300"}, "Total Common And Preferred Stock Dividends Paid": {"2019-12-31": "-254.92400", "2018-12-31": "-359.63900", "2017-12-31": "-341.45000", "2016-12-31": "-336.13800", "2015-12-31": "-290.68400", "2014-12-31": "-146.24100", "2013-12-31": "-121.62000", "2012-12-31": "-135.10800", "2011-12-31": "-70.57200", "2010-12-31": "-50.58100", "2009-12-31": "-33.45100", "2008-12-31": "-23.05600", "2007-12-31": "-18.30800", "2006-12-31": "-13.48000", "2005-12-31": "-5.32500"}, "Financial Activities - Other": {"2019-12-31": "69.27500", "2018-12-31": "-49.02000", "2017-12-31": "329.68300", "2016-12-31": "-37.09700", "2015-12-31": "-168.69600", "2014-12-31": "-94.30000", "2013-12-31": "-145.25000", "2012-12-31": "-71.12900", "2011-12-31": "-142.00700", "2010-12-31": "-64.54900", "2009-12-31": "-78.01700", "2008-12-31": "-92.38000", "2007-12-31": "-116.44900", "2006-12-31": "-69.44900", "2005-12-31": "-2044.38300"}, "Cash Flow From Financial Activities": {"2019-12-31": "-444.05000", "2018-12-31": "-726.10400", "2017-12-31": "-318.50800", "2016-12-31": "-479.75500", "2015-12-31": "-746.80400", "2014-12-31": "-435.36900", "2013-12-31": "-487.07200", "2012-12-31": "-563.22000", "2011-12-31": "-552.35900", "2010-12-31": "-277.88600", "2009-12-31": "-165.56200", "2008-12-31": "-437.02000", "2007-12-31": "243.25300", "2006-12-31": "229.88900", "2005-12-31": "-698.66000"}, "Net Cash Flow": {"2019-12-31": "163.67400", "2018-12-31": "-162.92100", "2017-12-31": "847.32300", "2016-12-31": "50.59100", "2015-12-31": "65.50300", "2014-12-31": "225.09800", "2013-12-31": "-8.70800", "2012-12-31": "-153.60100", "2011-12-31": "-205.90400", "2010-12-31": "292.36600", "2009-12-31": "7.62200", "2008-12-31": "-146.13700", "2007-12-31": "86.36100", "2006-12-31": "477.17400", "2005-12-31": "186.55600"}, "Stock-Based Compensation": {"2019-12-31": "", "2018-12-31": "", "2017-12-31": "", "2016-12-31": "", "2015-12-31": "", "2014-12-31": "", "2013-12-31": "", "2012-12-31": "", "2011-12-31": "", "2010-12-31": "", "2009-12-31": "", "2008-12-31": "", "2007-12-31": "", "2006-12-31": "", "2005-12-31": ""}, "Common Stock Dividends Paid": {"2019-12-31": "-254.92400", "2018-12-31": "-359.63900", "2017-12-31": "-341.45000", "2016-12-31": "-336.13800", "2015-12-31": "-290.68400", "2014-12-31": "-146.24100", "2013-12-31": "-121.62000", "2012-12-31": "-135.10800", "2011-12-31": "-70.57200", "2010-12-31": "-50.58100", "2009-12-31": "-33.45100", "2008-12-31": "-23.05600", "2007-12-31": "-18.30800", "2006-12-31": "-13.48000", "2005-12-31": "-5.32500"}}, "cash flow statement, quarterly": {"Net Income/Loss": {"2020-09-30": 76.515, "2020-06-30": 73.076, "2020-03-31": "58.33100", "2019-12-31": 79.531, "2019-09-30": 48.196, "2019-06-30": 73.513, "2019-03-31": "96.47600", "2018-12-31": 113.684, "2018-09-30": 108.725, "2018-06-30": 148.379, "2018-03-31": "161.66100", "2017-12-31": 0, "2017-09-30": 111.47, "2017-06-30": 120.901, "2017-03-31": "110.43000", "2016-12-31": 128.987, "2016-09-30": 112.618, "2016-06-30": 81.364, "2016-03-31": "70.72300", "2015-12-31": 155.341, "2015-09-30": 399.79, "2015-06-30": 375.155, "2015-03-31": "62.64600", "2014-12-31": 172.805, "2014-09-30": 89.92, "2014-06-30": 85.909, "2014-03-31": "85.42900", "2013-12-31": 52.796, "2013-09-30": 62.748, "2013-06-30": 31.921, "2013-03-31": "17.64900", "2012-12-31": -4.106, "2012-09-30": 33.673, "2012-06-30": 34.162, "2012-03-31": "29.05600", "2011-12-31": -8.123, "2011-09-30": 67.133, "2011-06-30": 71.566, "2011-03-31": "59.98300", "2010-12-31": 111.435, "2010-09-30": 70.354, "2010-06-30": 53.528, "2010-03-31": "-40.89400", "2009-12-31": -198.275, "2009-09-30": 53.197, "2009-06-30": 43.427, "2009-03-31": "-86.59400", "2008-12-31": 59.968, "2008-09-30": -143.017, "2008-06-30": 69.628, "2008-03-31": "13.18200", "2007-12-31": 241.762, "2007-09-30": 40.267, "2007-06-30": 29.296, "2007-03-31": "26.35400", "2006-12-31": 36.596, "2006-09-30": 13.158, "2006-06-30": 23.545, "2006-03-31": "19.68600", "2005-12-31": 23.934, "2005-09-30": 18.603, "2005-06-30": 27.593, "2005-03-31": "73.35600"}, "Total Depreciation And Amortization - Cash Flow": {"2020-09-30": 76.611, "2020-06-30": 122.89, "2020-03-31": "110.52900", "2019-12-31": 69.301, "2019-09-30": 100.114, "2019-06-30": 134.779, "2019-03-31": "116.60900", "2018-12-31": 83.425, "2018-09-30": 71.509, "2018-06-30": 124.714, "2018-03-31": "109.99200", "2017-12-31": 0, "2017-09-30": 84.045, "2017-06-30": 125.327, "2017-03-31": "104.00200", "2016-12-31": 107.199, "2016-09-30": 86.316, "2016-06-30": 90.648, "2016-03-31": "126.17300", "2015-12-31": 85.297, "2015-09-30": 83.594, "2015-06-30": 74.899, "2015-03-31": "115.28800", "2014-12-31": 76.507, "2014-09-30": 82.552, "2014-06-30": 84.52, "2014-03-31": "93.10200", "2013-12-31": 87.32, "2013-09-30": 82.201, "2013-06-30": 88.369, "2013-03-31": "97.01000", "2012-12-31": 118.509, "2012-09-30": 89.895, "2012-06-30": 89.531, "2012-03-31": "102.03000", "2011-12-31": 85.496, "2011-09-30": 71.572, "2011-06-30": 72.21, "2011-03-31": "107.50300", "2010-12-31": 67.582, "2010-09-30": 57.782, "2010-06-30": 60.591, "2010-03-31": "160.85600", "2009-12-31": 155.705, "2009-09-30": 73.525, "2009-06-30": 73.161, "2009-03-31": "97.61200", "2008-12-31": 65.743, "2008-09-30": 73.321, "2008-06-30": 68.976, "2008-03-31": "64.28700", "2007-12-31": 40.716, "2007-09-30": 51.125, "2007-06-30": 29.215, "2007-03-31": "28.19600", "2006-12-31": 11.748, "2006-09-30": 10.708, "2006-06-30": 9.82, "2006-03-31": "8.32400", "2005-12-31": 5.84, "2005-09-30": 4.161, "2005-06-30": 4.308, "2005-03-31": "3.93400"}, "Other Non-Cash Items": {"2020-09-30": 21.792, "2020-06-30": 28.842, "2020-03-31": "27.01100", "2019-12-31": 50.567, "2019-09-30": -0.288, "2019-06-30": 20.562, "2019-03-31": "20.08600", "2018-12-31": 11.604, "2018-09-30": 13.011, "2018-06-30": 14.401, "2018-03-31": "6.39800", "2017-12-31": -202.546, "2017-09-30": 10.763, "2017-06-30": 22.416, "2017-03-31": "17.52000", "2016-12-31": 4.956, "2016-09-30": 24.025, "2016-06-30": 13.573, "2016-03-31": "11.58600", "2015-12-31": -44.126, "2015-09-30": -282.1321, "2015-06-30": -248.647, "2015-03-31": "57.64200", "2014-12-31": 15.028, "2014-09-30": 7.393, "2014-06-30": 11.514, "2014-03-31": "", "2013-12-31": 66.46, "2013-09-30": 0, "2013-06-30": 0, "2013-03-31": "", "2012-12-31": -4.457, "2012-09-30": 0, "2012-06-30": 0, "2012-03-31": "", "2011-12-31": 7.214, "2011-09-30": -18.171, "2011-06-30": 0, "2011-03-31": "", "2010-12-31": 16.97, "2010-09-30": 0, "2010-06-30": 0.424, "2010-03-31": "", "2009-12-31": -21.609, "2009-09-30": 0, "2009-06-30": 0, "2009-03-31": "-0.25800", "2008-12-31": -51.698, "2008-09-30": 64.305, "2008-06-30": 0, "2008-03-31": "", "2007-12-31": -140.833, "2007-09-30": 50.035, "2007-06-30": 39.554, "2007-03-31": "34.85300", "2006-12-31": 50.336, "2006-09-30": 25.882, "2006-06-30": 28.719, "2006-03-31": "42.49000", "2005-12-31": 37.05, "2005-09-30": 41.101, "2005-06-30": 256.432, "2005-03-31": "42.28000"}, "Total Non-Cash Items": {"2020-09-30": 98.403, "2020-06-30": 151.732, "2020-03-31": "137.54000", "2019-12-31": 119.868, "2019-09-30": 99.826, "2019-06-30": 155.341, "2019-03-31": "136.69500", "2018-12-31": 95.029, "2018-09-30": 84.52, "2018-06-30": 139.115, "2018-03-31": "116.39000", "2017-12-31": 0, "2017-09-30": 94.808, "2017-06-30": 147.743, "2017-03-31": "121.52200", "2016-12-31": 112.155, "2016-09-30": 110.341, "2016-06-30": 104.221, "2016-03-31": "137.75900", "2015-12-31": 41.171, "2015-09-30": -198.5381, "2015-06-30": -173.748, "2015-03-31": "172.93000", "2014-12-31": 91.535, "2014-09-30": 89.945, "2014-06-30": 96.034, "2014-03-31": "93.10200", "2013-12-31": 153.78, "2013-09-30": 82.201, "2013-06-30": 88.369, "2013-03-31": "97.01000", "2012-12-31": 114.052, "2012-09-30": 89.895, "2012-06-30": 89.531, "2012-03-31": "102.03000", "2011-12-31": 92.71, "2011-09-30": 53.401, "2011-06-30": 72.21, "2011-03-31": "107.50300", "2010-12-31": 84.552, "2010-09-30": 57.782, "2010-06-30": 61.015, "2010-03-31": "160.85600", "2009-12-31": 134.096, "2009-09-30": 73.525, "2009-06-30": 73.161, "2009-03-31": "97.35400", "2008-12-31": 14.045, "2008-09-30": 137.626, "2008-06-30": 68.976, "2008-03-31": "64.28700", "2007-12-31": -100.117, "2007-09-30": 101.16, "2007-06-30": 68.769, "2007-03-31": "63.04900", "2006-12-31": 62.084, "2006-09-30": 36.59, "2006-06-30": 38.539, "2006-03-31": "50.81400", "2005-12-31": 42.89, "2005-09-30": 45.262, "2005-06-30": 260.74, "2005-03-31": "46.21400"}, "Change In Accounts Receivable": {"2020-09-30": 84.147, "2020-06-30": -58.07, "2020-03-31": "59.96100", "2019-12-31": 28.826, "2019-09-30": 26.386, "2019-06-30": -5.531, "2019-03-31": "-13.98900", "2018-12-31": -49.476, "2018-09-30": 72.269, "2018-06-30": -59.122, "2018-03-31": "-95.30800", "2017-12-31": 0, "2017-09-30": 110.272, "2017-06-30": -112.816, "2017-03-31": "115.04300", "2016-12-31": -112.536, "2016-09-30": -43.713, "2016-06-30": 11.877, "2016-03-31": "-11.75700", "2015-12-31": -1.246, "2015-09-30": -4.632, "2015-06-30": 103.344, "2015-03-31": "-64.32100", "2014-12-31": -63.218, "2014-09-30": 16.501, "2014-06-30": -20.334, "2014-03-31": "-9.14900", "2013-12-31": 25.39, "2013-09-30": -0.644, "2013-06-30": -66.205, "2013-03-31": "11.33300", "2012-12-31": 8.042, "2012-09-30": 5.698, "2012-06-30": 28.871, "2012-03-31": "-11.45400", "2011-12-31": 89.834, "2011-09-30": -81.158, "2011-06-30": 5.352, "2011-03-31": "47.12500", "2010-12-31": 35.419, "2010-09-30": -133.941, "2010-06-30": 88.682, "2010-03-31": "-42.85000", "2009-12-31": -222.515, "2009-09-30": 13.119, "2009-06-30": -103.958, "2009-03-31": "286.99700", "2008-12-31": 229.832, "2008-09-30": 28.24, "2008-06-30": -254.493, "2008-03-31": "96.39100", "2007-12-31": -44.662, "2007-09-30": -85.049, "2007-06-30": -40.494, "2007-03-31": "399.71000", "2006-12-31": -493.684, "2006-09-30": 159.103, "2006-06-30": -196.581, "2006-03-31": "143.24000", "2005-12-31": -28.423, "2005-09-30": 286.77, "2005-06-30": -377.71, "2005-03-31": "10.74500"}, "Change In Inventories": {"2020-09-30": 0, "2020-06-30": 0, "2020-03-31": "", "2019-12-31": 0, "2019-09-30": 0, "2019-06-30": 0, "2019-03-31": "", "2018-12-31": 0, "2018-09-30": 0, "2018-06-30": 0, "2018-03-31": "", "2017-12-31": 0, "2017-09-30": 0, "2017-06-30": 0, "2017-03-31": "", "2016-12-31": 0, "2016-09-30": 0, "2016-06-30": 0, "2016-03-31": "", "2015-12-31": 0, "2015-09-30": 0, "2015-06-30": 0, "2015-03-31": "", "2014-12-31": 0, "2014-09-30": 0, "2014-06-30": 0, "2014-03-31": "", "2013-12-31": 0, "2013-09-30": 0, "2013-06-30": 0, "2013-03-31": "", "2012-12-31": 0, "2012-09-30": 0, "2012-06-30": 0, "2012-03-31": "", "2011-12-31": 0, "2011-09-30": 0, "2011-06-30": 0, "2011-03-31": "", "2010-12-31": 0, "2010-09-30": 0, "2010-06-30": 0, "2010-03-31": "", "2009-12-31": 0, "2009-09-30": 0, "2009-06-30": 0, "2009-03-31": "", "2008-12-31": 0, "2008-09-30": 0, "2008-06-30": 0, "2008-03-31": "", "2007-12-31": 0, "2007-09-30": 0, "2007-06-30": 0, "2007-03-31": "", "2006-12-31": 101.388, "2006-09-30": 9.452, "2006-06-30": -39.737, "2006-03-31": "-71.10300", "2005-12-31": -19.115, "2005-09-30": 48.201, "2005-06-30": -23.082, "2005-03-31": "-6.00400"}, "Change In Accounts Payable": {"2020-09-30": 0, "2020-06-30": 0, "2020-03-31": "", "2019-12-31": 0, "2019-09-30": 0, "2019-06-30": 0, "2019-03-31": "", "2018-12-31": 0, "2018-09-30": 0, "2018-06-30": 0, "2018-03-31": "", "2017-12-31": 0, "2017-09-30": 0, "2017-06-30": 0, "2017-03-31": "", "2016-12-31": 0, "2016-09-30": 0, "2016-06-30": 0, "2016-03-31": "", "2015-12-31": 0, "2015-09-30": 0, "2015-06-30": 0, "2015-03-31": "", "2014-12-31": 0, "2014-09-30": 0, "2014-06-30": 0, "2014-03-31": "", "2013-12-31": 0, "2013-09-30": 0, "2013-06-30": 0, "2013-03-31": "", "2012-12-31": 0, "2012-09-30": 0, "2012-06-30": 0, "2012-03-31": "", "2011-12-31": 0, "2011-09-30": 0, "2011-06-30": 0, "2011-03-31": "", "2010-12-31": 0, "2010-09-30": 0, "2010-06-30": 0, "2010-03-31": "", "2009-12-31": 0, "2009-09-30": 0, "2009-06-30": 0, "2009-03-31": "", "2008-12-31": 0, "2008-09-30": 0, "2008-06-30": 0, "2008-03-31": "", "2007-12-31": 0, "2007-09-30": 0, "2007-06-30": 0, "2007-03-31": "", "2006-12-31": 0, "2006-09-30": 0, "2006-06-30": 0, "2006-03-31": "", "2005-12-31": 0, "2005-09-30": 0, "2005-06-30": -125.562, "2005-03-31": "125.56200"}, "Change In Assets/Liabilities": {"2020-09-30": -3.355, "2020-06-30": -11.066, "2020-03-31": "-411.80800", "2019-12-31": 131.319, "2019-09-30": 61.436, "2019-06-30": 20.493, "2019-03-31": "-380.43300", "2018-12-31": 248.341, "2018-09-30": -38.83, "2018-06-30": -124.887, "2018-03-31": "-221.45200", "2017-12-31": 27.366, "2017-09-30": -11.058, "2017-06-30": 117.418, "2017-03-31": "-247.67100", "2016-12-31": 204.87, "2016-09-30": 101.608, "2016-06-30": -79.3, "2016-03-31": "-296.61600", "2015-12-31": 172.636, "2015-09-30": 111.472, "2015-06-30": -128.417, "2015-03-31": "-136.28700", "2014-12-31": 119.473, "2014-09-30": 89.414, "2014-06-30": -85.773, "2014-03-31": "-115.57600", "2013-12-31": 126.864, "2013-09-30": 10.004, "2013-06-30": 32.558, "2013-03-31": "-199.07700", "2012-12-31": 124.094, "2012-09-30": 76.071, "2012-06-30": -35.868, "2012-03-31": "-201.83900", "2011-12-31": -58.239, "2011-09-30": 227.377, "2011-06-30": -64.575, "2011-03-31": "-284.29700", "2010-12-31": -109.246, "2010-09-30": 143.853, "2010-06-30": -63.788, "2010-03-31": "-307.95900", "2009-12-31": 403.574, "2009-09-30": -64.823, "2009-06-30": 60.598, "2009-03-31": "-318.10800", "2008-12-31": 42.778, "2008-09-30": 77.597, "2008-06-30": 236.458, "2008-03-31": "-235.60300", "2007-12-31": 95.333, "2007-09-30": 119.433, "2007-06-30": -114.275, "2007-03-31": "-728.78900", "2006-12-31": 384.294, "2006-09-30": -110.094, "2006-06-30": 263.979, "2006-03-31": "-193.23000", "2005-12-31": 117.426, "2005-09-30": -325.7281, "2005-06-30": 812.8511, "2005-03-31": "-139.96100"}, "Total Change In Assets/Liabilities": {"2020-09-30": 80.792, "2020-06-30": -69.136, "2020-03-31": "-351.84700", "2019-12-31": 160.145, "2019-09-30": 87.822, "2019-06-30": 14.962, "2019-03-31": "-394.42200", "2018-12-31": 198.865, "2018-09-30": 33.439, "2018-06-30": -184.009, "2018-03-31": "-316.76000", "2017-12-31": 27.366, "2017-09-30": 99.214, "2017-06-30": 4.602, "2017-03-31": "-132.62800", "2016-12-31": 92.334, "2016-09-30": 57.895, "2016-06-30": -67.423, "2016-03-31": "-308.37300", "2015-12-31": 171.39, "2015-09-30": 106.84, "2015-06-30": -25.073, "2015-03-31": "-200.60800", "2014-12-31": 56.255, "2014-09-30": 105.915, "2014-06-30": -106.107, "2014-03-31": "-124.72500", "2013-12-31": 152.254, "2013-09-30": 9.36, "2013-06-30": -33.647, "2013-03-31": "-187.74400", "2012-12-31": 132.136, "2012-09-30": 81.769, "2012-06-30": -6.997, "2012-03-31": "-213.29300", "2011-12-31": 31.595, "2011-09-30": 146.219, "2011-06-30": -59.223, "2011-03-31": "-237.17200", "2010-12-31": -73.827, "2010-09-30": 9.912, "2010-06-30": 24.894, "2010-03-31": "-350.80900", "2009-12-31": 181.059, "2009-09-30": -51.704, "2009-06-30": -43.36, "2009-03-31": "-31.11100", "2008-12-31": 272.61, "2008-09-30": 105.837, "2008-06-30": -18.035, "2008-03-31": "-139.21200", "2007-12-31": 50.671, "2007-09-30": 34.384, "2007-06-30": -154.769, "2007-03-31": "-329.07900", "2006-12-31": -8.002, "2006-09-30": 58.461, "2006-06-30": 27.661, "2006-03-31": "-121.09300", "2005-12-31": 69.888, "2005-09-30": 9.2429, "2005-06-30": 286.4971, "2005-03-31": "-9.65800"}, "Cash Flow From Operating Activities": {"2020-09-30": 255.71, "2020-06-30": 155.672, "2020-03-31": "-155.97600", "2019-12-31": 359.544, "2019-09-30": 235.844, "2019-06-30": 243.816, "2019-03-31": "-161.25100", "2018-12-31": 407.578, "2018-09-30": 226.684, "2018-06-30": 103.485, "2018-03-31": "-38.70900", "2017-12-31": 27.366, "2017-09-30": 305.492, "2017-06-30": 273.246, "2017-03-31": "99.32400", "2016-12-31": 333.476, "2016-09-30": 280.854, "2016-06-30": 118.162, "2016-03-31": "-99.89100", "2015-12-31": 367.902, "2015-09-30": 308.092, "2015-06-30": 176.334, "2015-03-31": "34.96800", "2014-12-31": 320.595, "2014-09-30": 285.78, "2014-06-30": 75.836, "2014-03-31": "53.80600", "2013-12-31": 358.83, "2013-09-30": 154.309, "2013-06-30": 86.643, "2013-03-31": "-73.08500", "2012-12-31": 242.082, "2012-09-30": 205.337, "2012-06-30": 116.696, "2012-03-31": "-82.20700", "2011-12-31": 116.182, "2011-09-30": 266.753, "2011-06-30": 84.553, "2011-03-31": "-69.68600", "2010-12-31": 122.16, "2010-09-30": 138.048, "2010-06-30": 139.437, "2010-03-31": "-230.84700", "2009-12-31": 116.88, "2009-09-30": 75.018, "2009-06-30": 73.228, "2009-03-31": "-20.35100", "2008-12-31": 346.623, "2008-09-30": 100.446, "2008-06-30": 120.569, "2008-03-31": "-61.74300", "2007-12-31": 192.316, "2007-09-30": 175.811, "2007-06-30": -56.704, "2007-03-31": "-239.67600", "2006-12-31": 90.678, "2006-09-30": 108.209, "2006-06-30": 89.745, "2006-03-31": "-50.59300", "2005-12-31": 136.712, "2005-09-30": 73.108, "2005-06-30": 574.83, "2005-03-31": "109.91200"}, "Net Change In Property, Plant, And Equipment": {"2020-09-30": -9.297, "2020-06-30": -12.82, "2020-03-31": "-11.94200", "2019-12-31": -1.677, "2019-09-30": -22.592, "2019-06-30": -12.178, "2019-03-31": "-5.80100", "2018-12-31": -8.231, "2018-09-30": -7.262, "2018-06-30": -15.789, "2018-03-31": "-14.92700", "2017-12-31": 0, "2017-09-30": -5.965, "2017-06-30": -5.503, "2017-03-31": "-3.71200", "2016-12-31": -16.449, "2016-09-30": -10.245, "2016-06-30": -5.609, "2016-03-31": "-5.35000", "2015-12-31": -7.944, "2015-09-30": -4.906, "2015-06-30": -9.091, "2015-03-31": "-4.01100", "2014-12-31": -6.961, "2014-09-30": -7.658, "2014-06-30": -2.577, "2014-03-31": "-2.90300", "2013-12-31": -6.052, "2013-09-30": -12.893, "2013-06-30": -9.041, "2013-03-31": "-26.56700", "2012-12-31": -15.369, "2012-09-30": -22.676, "2012-06-30": -21.649, "2012-03-31": "-25.23900", "2011-12-31": -28.353, "2011-09-30": -11.447, "2011-06-30": -3.567, "2011-03-31": "-1.91000", "2010-12-31": -3.178, "2010-09-30": -4.561, "2010-06-30": -2.906, "2010-03-31": "-2.30500", "2009-12-31": -3.647, "2009-09-30": -4.357, "2009-06-30": -1.684, "2009-03-31": "-1.64200", "2008-12-31": -5.792, "2008-09-30": -2.809, "2008-06-30": -6.01, "2008-03-31": "-3.15500", "2007-12-31": -5.797, "2007-09-30": -3.318, "2007-06-30": -2.235, "2007-03-31": "-3.17600", "2006-12-31": -3.541, "2006-09-30": -1.926, "2006-06-30": -1.286, "2006-03-31": "-1.43900", "2005-12-31": -2.598, "2005-09-30": 7.481, "2005-06-30": -1.47, "2005-03-31": "0.46600"}, "Net Change In Intangible Assets": {"2020-09-30": 0, "2020-06-30": 0, "2020-03-31": "", "2019-12-31": 0, "2019-09-30": 0, "2019-06-30": 0, "2019-03-31": "", "2018-12-31": 0, "2018-09-30": 0, "2018-06-30": 0, "2018-03-31": "", "2017-12-31": 0, "2017-09-30": 0, "2017-06-30": 0, "2017-03-31": "", "2016-12-31": 0, "2016-09-30": 0, "2016-06-30": 0, "2016-03-31": "", "2015-12-31": 0, "2015-09-30": 0, "2015-06-30": 0, "2015-03-31": "", "2014-12-31": 0, "2014-09-30": 0, "2014-06-30": 0, "2014-03-31": "", "2013-12-31": 0, "2013-09-30": 0, "2013-06-30": 0, "2013-03-31": "", "2012-12-31": 0, "2012-09-30": 0, "2012-06-30": 0, "2012-03-31": "", "2011-12-31": 0, "2011-09-30": 0, "2011-06-30": 0, "2011-03-31": "", "2010-12-31": 0, "2010-09-30": 0, "2010-06-30": 0, "2010-03-31": "", "2009-12-31": 0, "2009-09-30": 0, "2009-06-30": 0, "2009-03-31": "", "2008-12-31": 0, "2008-09-30": 0, "2008-06-30": 0, "2008-03-31": "", "2007-12-31": 0, "2007-09-30": 0, "2007-06-30": 0, "2007-03-31": "", "2006-12-31": 0, "2006-09-30": 0, "2006-06-30": 0, "2006-03-31": "", "2005-12-31": 0, "2005-09-30": 0, "2005-06-30": 0, "2005-03-31": ""}, "Net Acquisitions/Divestitures": {"2020-09-30": 0, "2020-06-30": 0, "2020-03-31": "", "2019-12-31": 0, "2019-09-30": 0, "2019-06-30": 0, "2019-03-31": "", "2018-12-31": 0, "2018-09-30": 0, "2018-06-30": 0, "2018-03-31": "", "2017-12-31": 0, "2017-09-30": 0, "2017-06-30": 0, "2017-03-31": "", "2016-12-31": 0, "2016-09-30": 0, "2016-06-30": 0, "2016-03-31": "", "2015-12-31": 0, "2015-09-30": 0, "2015-06-30": 0, "2015-03-31": "", "2014-12-31": 0, "2014-09-30": 0, "2014-06-30": 0, "2014-03-31": "", "2013-12-31": 0, "2013-09-30": 0, "2013-06-30": 0, "2013-03-31": "", "2012-12-31": 0, "2012-09-30": 0, "2012-06-30": 0, "2012-03-31": "", "2011-12-31": 0, "2011-09-30": 0, "2011-06-30": 0, "2011-03-31": "", "2010-12-31": 0, "2010-09-30": 0, "2010-06-30": 0, "2010-03-31": "", "2009-12-31": 22.5, "2009-09-30": -22.5, "2009-06-30": 0, "2009-03-31": "", "2008-12-31": 74.855, "2008-09-30": 0, "2008-06-30": -0.035, "2008-03-31": "-74.82000", "2007-12-31": 0, "2007-09-30": 0, "2007-06-30": 0, "2007-03-31": "", "2006-12-31": 0, "2006-09-30": 0, "2006-06-30": 0, "2006-03-31": "", "2005-12-31": 0, "2005-09-30": 0, "2005-06-30": 0, "2005-03-31": ""}, "Net Change In Short-term Investments": {"2020-09-30": 0, "2020-06-30": 0, "2020-03-31": "", "2019-12-31": 0, "2019-09-30": 0, "2019-06-30": 0, "2019-03-31": "", "2018-12-31": 0, "2018-09-30": 0, "2018-06-30": 0, "2018-03-31": "", "2017-12-31": 0, "2017-09-30": 0, "2017-06-30": 0, "2017-03-31": "", "2016-12-31": 0, "2016-09-30": 0, "2016-06-30": 0, "2016-03-31": "", "2015-12-31": 0, "2015-09-30": 0, "2015-06-30": 0, "2015-03-31": "", "2014-12-31": 0, "2014-09-30": 0, "2014-06-30": 0, "2014-03-31": "", "2013-12-31": 0, "2013-09-30": 0, "2013-06-30": 0, "2013-03-31": "", "2012-12-31": 0, "2012-09-30": 0, "2012-06-30": 0, "2012-03-31": "", "2011-12-31": 0, "2011-09-30": 0, "2011-06-30": 0, "2011-03-31": "", "2010-12-31": 0, "2010-09-30": 0, "2010-06-30": 0, "2010-03-31": "", "2009-12-31": 0, "2009-09-30": 0, "2009-06-30": 0, "2009-03-31": "", "2008-12-31": 0, "2008-09-30": 0, "2008-06-30": 0, "2008-03-31": "", "2007-12-31": 0, "2007-09-30": 0, "2007-06-30": 0, "2007-03-31": "", "2006-12-31": 0, "2006-09-30": 0, "2006-06-30": 0, "2006-03-31": "", "2005-12-31": 0, "2005-09-30": 0, "2005-06-30": 0, "2005-03-31": ""}, "Net Change In Long-Term Investments": {"2020-09-30": 0, "2020-06-30": 0, "2020-03-31": "", "2019-12-31": 0, "2019-09-30": 0, "2019-06-30": 0, "2019-03-31": "", "2018-12-31": 0, "2018-09-30": 0, "2018-06-30": 0, "2018-03-31": "", "2017-12-31": 0, "2017-09-30": 0, "2017-06-30": 0, "2017-03-31": "", "2016-12-31": 0, "2016-09-30": 0, "2016-06-30": 0, "2016-03-31": "", "2015-12-31": 0, "2015-09-30": 0, "2015-06-30": 0, "2015-03-31": "", "2014-12-31": 0, "2014-09-30": 0, "2014-06-30": 0, "2014-03-31": "", "2013-12-31": 0, "2013-09-30": 0, "2013-06-30": 0, "2013-03-31": "", "2012-12-31": 0, "2012-09-30": 0, "2012-06-30": 0, "2012-03-31": "", "2011-12-31": 0, "2011-09-30": 0, "2011-06-30": 0, "2011-03-31": "", "2010-12-31": 301.659, "2010-09-30": 18.793, "2010-06-30": 24.883, "2010-03-31": "79.34000", "2009-12-31": -0.346, "2009-09-30": -113.008, "2009-06-30": 32.725, "2009-03-31": "-4.59900", "2008-12-31": -78.633, "2008-09-30": 1.758, "2008-06-30": 1.056, "2008-03-31": "-58.34300", "2007-12-31": -72.91, "2007-09-30": -135.385, "2007-06-30": 0, "2007-03-31": "", "2006-12-31": 0, "2006-09-30": 0, "2006-06-30": 0, "2006-03-31": "", "2005-12-31": 0, "2005-09-30": 0, "2005-06-30": 0, "2005-03-31": ""}, "Net Change In Investments - Total": {"2020-09-30": 0, "2020-06-30": 0, "2020-03-31": "", "2019-12-31": 0, "2019-09-30": 0, "2019-06-30": 0, "2019-03-31": "", "2018-12-31": 0, "2018-09-30": 0, "2018-06-30": 0, "2018-03-31": "", "2017-12-31": 0, "2017-09-30": 0, "2017-06-30": 0, "2017-03-31": "", "2016-12-31": 0, "2016-09-30": 0, "2016-06-30": 0, "2016-03-31": "", "2015-12-31": 0, "2015-09-30": 0, "2015-06-30": 0, "2015-03-31": "", "2014-12-31": 0, "2014-09-30": 0, "2014-06-30": 0, "2014-03-31": "", "2013-12-31": 0, "2013-09-30": 0, "2013-06-30": 0, "2013-03-31": "", "2012-12-31": 0, "2012-09-30": 0, "2012-06-30": 0, "2012-03-31": "", "2011-12-31": 0, "2011-09-30": 0, "2011-06-30": 0, "2011-03-31": "", "2010-12-31": 301.659, "2010-09-30": 18.793, "2010-06-30": 24.883, "2010-03-31": "79.34000", "2009-12-31": -0.346, "2009-09-30": -113.008, "2009-06-30": 32.725, "2009-03-31": "-4.59900", "2008-12-31": -78.633, "2008-09-30": 1.758, "2008-06-30": 1.056, "2008-03-31": "-58.34300", "2007-12-31": -72.91, "2007-09-30": -135.385, "2007-06-30": 0, "2007-03-31": "", "2006-12-31": 0, "2006-09-30": 0, "2006-06-30": 0, "2006-03-31": "", "2005-12-31": 0, "2005-09-30": 0, "2005-06-30": 0, "2005-03-31": ""}, "Investing Activities - Other": {"2020-09-30": 0, "2020-06-30": 0, "2020-03-31": "", "2019-12-31": 0, "2019-09-30": 0, "2019-06-30": 0, "2019-03-31": "", "2018-12-31": 0, "2018-09-30": 0, "2018-06-30": 0, "2018-03-31": "", "2017-12-31": 0, "2017-09-30": 0, "2017-06-30": 0, "2017-03-31": "", "2016-12-31": 0, "2016-09-30": 0, "2016-06-30": 0, "2016-03-31": "", "2015-12-31": 0, "2015-09-30": 0, "2015-06-30": 0, "2015-03-31": "", "2014-12-31": 0, "2014-09-30": 0, "2014-06-30": 0, "2014-03-31": "", "2013-12-31": 0, "2013-09-30": 0, "2013-06-30": 0, "2013-03-31": "", "2012-12-31": 0, "2012-09-30": 0, "2012-06-30": 0, "2012-03-31": "", "2011-12-31": 0, "2011-09-30": 0, "2011-06-30": 0, "2011-03-31": "", "2010-12-31": 0, "2010-09-30": 0, "2010-06-30": 0, "2010-03-31": "", "2009-12-31": 0, "2009-09-30": 0, "2009-06-30": 0, "2009-03-31": "", "2008-12-31": 0, "2008-09-30": 0, "2008-06-30": 0, "2008-03-31": "", "2007-12-31": 0, "2007-09-30": 0, "2007-06-30": 0, "2007-03-31": "", "2006-12-31": 0, "2006-09-30": 0, "2006-06-30": 0, "2006-03-31": "", "2005-12-31": 0, "2005-09-30": 0, "2005-06-30": 0, "2005-03-31": ""}, "Cash Flow From Investing Activities": {"2020-09-30": -9.297, "2020-06-30": -12.82, "2020-03-31": "-11.94200", "2019-12-31": -1.677, "2019-09-30": -22.592, "2019-06-30": -12.178, "2019-03-31": "-5.80100", "2018-12-31": -8.231, "2018-09-30": -7.262, "2018-06-30": -15.789, "2018-03-31": "-14.92700", "2017-12-31": 0, "2017-09-30": -5.965, "2017-06-30": -5.503, "2017-03-31": "-3.71200", "2016-12-31": -16.449, "2016-09-30": -10.245, "2016-06-30": -5.609, "2016-03-31": "-5.35000", "2015-12-31": -7.944, "2015-09-30": -4.906, "2015-06-30": -9.091, "2015-03-31": "-4.01100", "2014-12-31": -6.961, "2014-09-30": -7.658, "2014-06-30": -2.577, "2014-03-31": "-2.90300", "2013-12-31": -6.052, "2013-09-30": -12.893, "2013-06-30": -9.041, "2013-03-31": "-26.56700", "2012-12-31": -15.369, "2012-09-30": -22.676, "2012-06-30": -21.649, "2012-03-31": "-25.23900", "2011-12-31": -28.353, "2011-09-30": -11.447, "2011-06-30": -3.567, "2011-03-31": "-1.91000", "2010-12-31": 298.481, "2010-09-30": 14.232, "2010-06-30": 21.977, "2010-03-31": "77.03500", "2009-12-31": 18.507, "2009-09-30": -139.865, "2009-06-30": 31.041, "2009-03-31": "-6.24100", "2008-12-31": -9.57, "2008-09-30": -1.051, "2008-06-30": -4.989, "2008-03-31": "-136.31800", "2007-12-31": -78.707, "2007-09-30": -138.703, "2007-06-30": -2.235, "2007-03-31": "-3.17600", "2006-12-31": -3.541, "2006-09-30": -1.926, "2006-06-30": -1.286, "2006-03-31": "-1.43900", "2005-12-31": -2.598, "2005-09-30": 7.481, "2005-06-30": -1.47, "2005-03-31": "0.46600"}, "Net Long-Term Debt": {"2020-09-30": 0, "2020-06-30": 0, "2020-03-31": "", "2019-12-31": 0, "2019-09-30": 0.157, "2019-06-30": -84.078, "2019-03-31": "320.20700", "2018-12-31": 0, "2018-09-30": 235.427, "2018-06-30": 0, "2018-03-31": "", "2017-12-31": 0, "2017-09-30": -0.009, "2017-06-30": -6.924, "2017-03-31": "-0.39600", "2016-12-31": 194.931, "2016-09-30": -0.399, "2016-06-30": -0.418, "2016-03-31": "-0.41700", "2015-12-31": -0.391, "2015-09-30": -0.416, "2015-06-30": -0.48, "2015-03-31": "-113.36500", "2014-12-31": -0.433, "2014-09-30": -0.57, "2014-06-30": -0.585, "2014-03-31": "-0.58300", "2013-12-31": -85.633, "2013-09-30": -0.55, "2013-06-30": -0.538, "2013-03-31": "-1.00400", "2012-12-31": -0.641, "2012-09-30": -0.542, "2012-06-30": -0.596, "2012-03-31": "-0.74000", "2011-12-31": 131.107, "2011-09-30": -132.032, "2011-06-30": -0.722, "2011-03-31": "-0.67500", "2010-12-31": -0.774, "2010-09-30": -0.53, "2010-06-30": -0.521, "2010-03-31": "-0.57500", "2009-12-31": -0.896, "2009-09-30": 0.216, "2009-06-30": -0.827, "2009-03-31": "-1.47300", "2008-12-31": 436.71, "2008-09-30": -0.696, "2008-06-30": -438.331, "2008-03-31": "-0.77800", "2007-12-31": 95.614, "2007-09-30": -0.385, "2007-06-30": 447.171, "2007-03-31": "-0.33800", "2006-12-31": 34.337, "2006-09-30": -5.9, "2006-06-30": -22.702, "2006-03-31": "-6.85000", "2005-12-31": -2.233, "2005-09-30": -22.999, "2005-06-30": 249.197, "2005-03-31": "-177.20500"}, "Net Current Debt": {"2020-09-30": 0, "2020-06-30": 0, "2020-03-31": "", "2019-12-31": 0, "2019-09-30": 0, "2019-06-30": 0, "2019-03-31": "", "2018-12-31": 0, "2018-09-30": 0, "2018-06-30": 0, "2018-03-31": "", "2017-12-31": 0, "2017-09-30": 0, "2017-06-30": 0, "2017-03-31": "", "2016-12-31": 0, "2016-09-30": 0, "2016-06-30": 0, "2016-03-31": "", "2015-12-31": 0, "2015-09-30": 0, "2015-06-30": 0, "2015-03-31": "", "2014-12-31": 0, "2014-09-30": 0, "2014-06-30": 0, "2014-03-31": "", "2013-12-31": 0, "2013-09-30": 0, "2013-06-30": 0, "2013-03-31": "", "2012-12-31": 0, "2012-09-30": 0, "2012-06-30": 0, "2012-03-31": "", "2011-12-31": -131.829, "2011-09-30": 0, "2011-06-30": 0, "2011-03-31": "", "2010-12-31": 0, "2010-09-30": 0, "2010-06-30": -10.375, "2010-03-31": "", "2009-12-31": 0, "2009-09-30": -0.635, "2009-06-30": 0, "2009-03-31": "", "2008-12-31": -478.925, "2008-09-30": 0, "2008-06-30": -10.298, "2008-03-31": "10.29800", "2007-12-31": -97.794, "2007-09-30": 1.891, "2007-06-30": 3.452, "2007-03-31": "-3.54900", "2006-12-31": -31.025, "2006-09-30": 0, "2006-06-30": 0, "2006-03-31": "", "2005-12-31": 17.085, "2005-09-30": 0, "2005-06-30": 0, "2005-03-31": ""}, "Debt Issuance/Retirement Net - Total": {"2020-09-30": 0, "2020-06-30": 0, "2020-03-31": "", "2019-12-31": 0, "2019-09-30": 0.157, "2019-06-30": -84.078, "2019-03-31": "320.20700", "2018-12-31": 0, "2018-09-30": 235.427, "2018-06-30": 0, "2018-03-31": "", "2017-12-31": 0, "2017-09-30": -0.009, "2017-06-30": -6.924, "2017-03-31": "-0.39600", "2016-12-31": 194.931, "2016-09-30": -0.399, "2016-06-30": -0.418, "2016-03-31": "-0.41700", "2015-12-31": -0.391, "2015-09-30": -0.416, "2015-06-30": -0.48, "2015-03-31": "-113.36500", "2014-12-31": -0.433, "2014-09-30": -0.57, "2014-06-30": -0.585, "2014-03-31": "-0.58300", "2013-12-31": -85.633, "2013-09-30": -0.55, "2013-06-30": -0.538, "2013-03-31": "-1.00400", "2012-12-31": -0.641, "2012-09-30": -0.542, "2012-06-30": -0.596, "2012-03-31": "-0.74000", "2011-12-31": -0.722, "2011-09-30": -132.032, "2011-06-30": -0.722, "2011-03-31": "-0.67500", "2010-12-31": -0.774, "2010-09-30": -0.53, "2010-06-30": -10.896, "2010-03-31": "-0.57500", "2009-12-31": -0.896, "2009-09-30": -0.419, "2009-06-30": -0.827, "2009-03-31": "-1.47300", "2008-12-31": -42.215, "2008-09-30": -0.696, "2008-06-30": -448.629, "2008-03-31": "9.52000", "2007-12-31": -2.18, "2007-09-30": 1.506, "2007-06-30": 450.623, "2007-03-31": "-3.88700", "2006-12-31": 3.312, "2006-09-30": -5.9, "2006-06-30": -22.702, "2006-03-31": "-6.85000", "2005-12-31": 14.852, "2005-09-30": -22.999, "2005-06-30": 249.197, "2005-03-31": "-177.20500"}, "Net Common Equity Issued/Repurchased": {"2020-09-30": 0, "2020-06-30": 0, "2020-03-31": "-95.22700", "2019-12-31": -64.406, "2019-09-30": -78.569, "2019-06-30": -159.615, "2019-03-31": "-192.09700", "2018-12-31": -246.281, "2018-09-30": -82.796, "2018-06-30": -77.846, "2018-03-31": "-145.94900", "2017-12-31": 0, "2017-09-30": -67.646, "2017-06-30": -78.844, "2017-03-31": "-106.04800", "2016-12-31": -71.352, "2016-09-30": -34.136, "2016-06-30": -111.589, "2016-03-31": "-83.14000", "2015-12-31": -13.301, "2015-09-30": -41.738, "2015-06-30": -34.77, "2015-03-31": "-82.96300", "2014-12-31": 0, "2014-09-30": -50.34, "2014-06-30": -35.382, "2014-03-31": "-106.93500", "2013-12-31": -54.543, "2013-09-30": -27.487, "2013-06-30": -20.279, "2013-03-31": "-30.16800", "2012-12-31": -131.785, "2012-09-30": -70.266, "2012-06-30": -81.873, "2012-03-31": "-70.54000", "2011-12-31": -46.218, "2011-09-30": -33.174, "2011-06-30": -92.754, "2011-03-31": "-33.48300", "2010-12-31": -38.593, "2010-09-30": -88.655, "2010-06-30": -21.753, "2010-03-31": "-0.98000", "2009-12-31": 13.285, "2009-09-30": -12.125, "2009-06-30": -46.01, "2009-03-31": "-5.62900", "2008-12-31": -65.152, "2008-09-30": -49.077, "2008-06-30": 391.516, "2008-03-31": "-116.85100", "2007-12-31": 21.84, "2007-09-30": -86.119, "2007-06-30": -3.773, "2007-03-31": "", "2006-12-31": 349.137, "2006-09-30": 0, "2006-06-30": -4.179, "2006-03-31": "", "2005-12-31": 4.507, "2005-09-30": -4.507, "2005-06-30": 1287.203, "2005-03-31": ""}, "Net Total Equity Issued/Repurchased": {"2020-09-30": 0, "2020-06-30": 0, "2020-03-31": "-95.22700", "2019-12-31": -64.406, "2019-09-30": -78.569, "2019-06-30": -159.615, "2019-03-31": "-192.09700", "2018-12-31": -246.281, "2018-09-30": -82.796, "2018-06-30": -77.846, "2018-03-31": "-145.94900", "2017-12-31": 0, "2017-09-30": -67.646, "2017-06-30": -78.844, "2017-03-31": "-106.04800", "2016-12-31": -71.352, "2016-09-30": -34.136, "2016-06-30": -111.589, "2016-03-31": "-83.14000", "2015-12-31": -13.301, "2015-09-30": -41.738, "2015-06-30": -34.77, "2015-03-31": "-82.96300", "2014-12-31": 0, "2014-09-30": -50.34, "2014-06-30": -35.382, "2014-03-31": "-106.93500", "2013-12-31": -54.543, "2013-09-30": -27.487, "2013-06-30": -20.279, "2013-03-31": "-30.16800", "2012-12-31": -131.785, "2012-09-30": -70.266, "2012-06-30": -81.873, "2012-03-31": "-70.54000", "2011-12-31": -46.218, "2011-09-30": -33.174, "2011-06-30": -92.754, "2011-03-31": "-33.48300", "2010-12-31": -38.593, "2010-09-30": -88.655, "2010-06-30": -21.753, "2010-03-31": "-0.98000", "2009-12-31": 13.285, "2009-09-30": -12.125, "2009-06-30": -46.01, "2009-03-31": "-5.62900", "2008-12-31": -65.152, "2008-09-30": -49.077, "2008-06-30": 391.516, "2008-03-31": "-116.85100", "2007-12-31": 21.84, "2007-09-30": -86.119, "2007-06-30": -3.773, "2007-03-31": "", "2006-12-31": 349.137, "2006-09-30": 0, "2006-06-30": -4.179, "2006-03-31": "", "2005-12-31": 4.507, "2005-09-30": -4.507, "2005-06-30": 1287.203, "2005-03-31": ""}, "Total Common And Preferred Stock Dividends Paid": {"2020-09-30": -49.341, "2020-06-30": -49.133, "2020-03-31": "-48.75900", "2019-12-31": -49.365, "2019-09-30": -50.235, "2019-06-30": -51.922, "2019-03-31": "-103.40200", "2018-12-31": -51.789, "2018-09-30": -52.622, "2018-06-30": -52.844, "2018-03-31": "-202.38400", "2017-12-31": 0, "2017-09-30": -49.866, "2017-06-30": -50.163, "2017-03-31": "-192.26400", "2016-12-31": -46.812, "2016-09-30": -47.241, "2016-06-30": -47.703, "2016-03-31": "-194.38200", "2015-12-31": -43.925, "2015-09-30": -44.124, "2015-06-30": -44.245, "2015-03-31": "-158.39000", "2014-12-31": -36.649, "2014-09-30": -36.611, "2014-06-30": -37.064, "2014-03-31": "-35.91700", "2013-12-31": -60.689, "2013-09-30": -30.593, "2013-06-30": -30.338, "2013-03-31": "", "2012-12-31": -68.889, "2012-09-30": -23.208, "2012-06-30": -23.847, "2012-03-31": "-19.16400", "2011-12-31": -19.163, "2011-09-30": -18.554, "2011-06-30": -18.74, "2011-03-31": "-14.11500", "2010-12-31": -13.867, "2010-09-30": -13.692, "2010-06-30": -12.231, "2010-03-31": "-10.79100", "2009-12-31": -10.235, "2009-09-30": -9.777, "2009-06-30": -6.744, "2009-03-31": "-6.69500", "2008-12-31": -6.872, "2008-09-30": -6.321, "2008-06-30": -4.885, "2008-03-31": "-4.97800", "2007-12-31": -4.496, "2007-09-30": -4.553, "2007-06-30": -4.63, "2007-03-31": "-4.62900", "2006-12-31": -3.365, "2006-09-30": -3.365, "2006-06-30": -3.375, "2006-03-31": "-3.37500", "2005-12-31": -3.375, "2005-09-30": -1.95, "2005-06-30": 0, "2005-03-31": ""}, "Financial Activities - Other": {"2020-09-30": -21.12, "2020-06-30": 45.354, "2020-03-31": "-166.19200", "2019-12-31": -141.612, "2019-09-30": 27.248, "2019-06-30": 114.775, "2019-03-31": "68.86400", "2018-12-31": 27.647, "2018-09-30": 3.496, "2018-06-30": 158.292, "2018-03-31": "-238.45500", "2017-12-31": 149.506, "2017-09-30": -200.678, "2017-06-30": 44.692, "2017-03-31": "74.68100", "2016-12-31": -0.357, "2016-09-30": 20.108, "2016-06-30": 2.918, "2016-03-31": "-59.76600", "2015-12-31": -12.61, "2015-09-30": -49.461, "2015-06-30": -7.317, "2015-03-31": "-99.30800", "2014-12-31": -2.191, "2014-09-30": -24.612, "2014-06-30": 16.859, "2014-03-31": "-84.35600", "2013-12-31": -12.327, "2013-09-30": -7.968, "2013-06-30": -7.595, "2013-03-31": "-117.36000", "2012-12-31": -14.489, "2012-09-30": -14.492, "2012-06-30": 6.062, "2012-03-31": "-48.21000", "2011-12-31": -1.522, "2011-09-30": -46.492, "2011-06-30": -10.33, "2011-03-31": "-83.66300", "2010-12-31": 1.123, "2010-09-30": -19.165, "2010-06-30": -11.153, "2010-03-31": "-35.35400", "2009-12-31": -19.722, "2009-09-30": -19.816, "2009-06-30": -1.25, "2009-03-31": "-37.22900", "2008-12-31": -33.479, "2008-09-30": -18.738, "2008-06-30": -24.868, "2008-03-31": "-15.29500", "2007-12-31": -29.676, "2007-09-30": -17.267, "2007-06-30": -35.137, "2007-03-31": "-34.36900", "2006-12-31": -6.632, "2006-09-30": -9.285, "2006-06-30": -25.423, "2006-03-31": "-28.10900", "2005-12-31": -21.072, "2005-09-30": -2.983, "2005-06-30": -1975.826, "2005-03-31": "-44.50200"}, "Cash Flow From Financial Activities": {"2020-09-30": -70.461, "2020-06-30": -3.779, "2020-03-31": "-310.17800", "2019-12-31": -255.383, "2019-09-30": -101.399, "2019-06-30": -180.84, "2019-03-31": "93.57200", "2018-12-31": -270.423, "2018-09-30": 103.505, "2018-06-30": 27.602, "2018-03-31": "-586.78800", "2017-12-31": 149.506, "2017-09-30": -318.199, "2017-06-30": -91.239, "2017-03-31": "-224.02700", "2016-12-31": 76.41, "2016-09-30": -61.668, "2016-06-30": -156.792, "2016-03-31": "-337.70500", "2015-12-31": -70.227, "2015-09-30": -135.739, "2015-06-30": -86.812, "2015-03-31": "-454.02600", "2014-12-31": -39.273, "2014-09-30": -112.133, "2014-06-30": -56.172, "2014-03-31": "-227.79100", "2013-12-31": -213.192, "2013-09-30": -66.598, "2013-06-30": -58.75, "2013-03-31": "-148.53200", "2012-12-31": -215.804, "2012-09-30": -108.508, "2012-06-30": -100.254, "2012-03-31": "-138.65400", "2011-12-31": -67.625, "2011-09-30": -230.252, "2011-06-30": -122.546, "2011-03-31": "-131.93600", "2010-12-31": -52.111, "2010-09-30": -122.042, "2010-06-30": -56.033, "2010-03-31": "-47.70000", "2009-12-31": -17.568, "2009-09-30": -42.137, "2009-06-30": -54.831, "2009-03-31": "-51.02600", "2008-12-31": -147.718, "2008-09-30": -74.832, "2008-06-30": -86.866, "2008-03-31": "-127.60400", "2007-12-31": -14.512, "2007-09-30": -106.433, "2007-06-30": 407.083, "2007-03-31": "-42.88500", "2006-12-31": 342.452, "2006-09-30": -18.55, "2006-06-30": -55.679, "2006-03-31": "-38.33400", "2005-12-31": -5.088, "2005-09-30": -32.439, "2005-06-30": -439.426, "2005-03-31": "-221.70700"}, "Net Cash Flow": {"2020-09-30": 252.057, "2020-06-30": 177.053, "2020-03-31": "-539.94700", "2019-12-31": 166.99, "2019-09-30": 28.067, "2019-06-30": 71.837, "2019-03-31": "-103.22000", "2018-12-31": 105.633, "2018-09-30": 303.334, "2018-06-30": 19.13, "2018-03-31": "-591.01800", "2017-12-31": 239.155, "2017-09-30": -43.918, "2017-06-30": 248.988, "2017-03-31": "-109.84500", "2016-12-31": 328.787, "2016-09-30": 207.433, "2016-06-30": -54.87, "2016-03-31": "-430.75900", "2015-12-31": 272.099, "2015-09-30": 158.812, "2015-06-30": 94.836, "2015-03-31": "-460.24400", "2014-12-31": 245.996, "2014-09-30": 136.093, "2014-06-30": 17.902, "2014-03-31": "-174.89300", "2013-12-31": 153.115, "2013-09-30": 86.882, "2013-06-30": 15.374, "2013-03-31": "-264.07900", "2012-12-31": 17.25, "2012-09-30": 81.702, "2012-06-30": -14.448, "2012-03-31": "-238.10500", "2011-12-31": 13.897, "2011-09-30": 5.882, "2011-06-30": -31.922, "2011-03-31": "-193.76100", "2010-12-31": 362.264, "2010-09-30": 49.999, "2010-06-30": 93.325, "2010-03-31": "-213.22200", "2009-12-31": 122.255, "2009-09-30": -100.91, "2009-06-30": 69.385, "2009-03-31": "-83.10800", "2008-12-31": 134.759, "2008-09-30": 16.284, "2008-06-30": 29.566, "2008-03-31": "-326.74600", "2007-12-31": 96.722, "2007-09-30": -69.914, "2007-06-30": 346.809, "2007-03-31": "-287.25600", "2006-12-31": 439.191, "2006-09-30": 87.937, "2006-06-30": 38.183, "2006-03-31": "-88.13700", "2005-12-31": 120.326, "2005-09-30": 51.199, "2005-06-30": 130.517, "2005-03-31": "-115.48600"}, "Stock-Based Compensation": {"2020-09-30": 0, "2020-06-30": 0, "2020-03-31": "", "2019-12-31": 0, "2019-09-30": 0, "2019-06-30": 0, "2019-03-31": "", "2018-12-31": 0, "2018-09-30": 0, "2018-06-30": 0, "2018-03-31": "", "2017-12-31": 0, "2017-09-30": 0, "2017-06-30": 0, "2017-03-31": "", "2016-12-31": 0, "2016-09-30": 0, "2016-06-30": 0, "2016-03-31": "", "2015-12-31": 0, "2015-09-30": 0, "2015-06-30": 0, "2015-03-31": "", "2014-12-31": 0, "2014-09-30": 0, "2014-06-30": 0, "2014-03-31": "", "2013-12-31": 0, "2013-09-30": 0, "2013-06-30": 0, "2013-03-31": "", "2012-12-31": 0, "2012-09-30": 0, "2012-06-30": 0, "2012-03-31": "", "2011-12-31": 0, "2011-09-30": 0, "2011-06-30": 0, "2011-03-31": "", "2010-12-31": 0, "2010-09-30": 0, "2010-06-30": 0, "2010-03-31": "", "2009-12-31": 0, "2009-09-30": 0, "2009-06-30": 0, "2009-03-31": "", "2008-12-31": 0, "2008-09-30": 0, "2008-06-30": 0, "2008-03-31": "", "2007-12-31": 0, "2007-09-30": 0, "2007-06-30": 0, "2007-03-31": "", "2006-12-31": 0, "2006-09-30": 0, "2006-06-30": 0, "2006-03-31": "", "2005-12-31": 0, "2005-09-30": 0, "2005-06-30": 0, "2005-03-31": ""}, "Common Stock Dividends Paid": {"2020-09-30": -49.341, "2020-06-30": -49.133, "2020-03-31": "-48.75900", "2019-12-31": -49.365, "2019-09-30": -50.235, "2019-06-30": -51.922, "2019-03-31": "-103.40200", "2018-12-31": -51.789, "2018-09-30": -52.622, "2018-06-30": -52.844, "2018-03-31": "-202.38400", "2017-12-31": 0, "2017-09-30": -49.866, "2017-06-30": -50.163, "2017-03-31": "-192.26400", "2016-12-31": -46.812, "2016-09-30": -47.241, "2016-06-30": -47.703, "2016-03-31": "-194.38200", "2015-12-31": -43.925, "2015-09-30": -44.124, "2015-06-30": -44.245, "2015-03-31": "-158.39000", "2014-12-31": -36.649, "2014-09-30": -36.611, "2014-06-30": -37.064, "2014-03-31": "-35.91700", "2013-12-31": -60.689, "2013-09-30": -30.593, "2013-06-30": -30.338, "2013-03-31": "0.00000", "2012-12-31": -68.889, "2012-09-30": -23.208, "2012-06-30": -23.847, "2012-03-31": "-19.16400", "2011-12-31": -19.163, "2011-09-30": -18.554, "2011-06-30": -18.74, "2011-03-31": "-14.11500", "2010-12-31": -13.867, "2010-09-30": -13.692, "2010-06-30": -12.231, "2010-03-31": "-10.79100", "2009-12-31": -10.235, "2009-09-30": -9.777, "2009-06-30": -6.744, "2009-03-31": "-6.69500", "2008-12-31": -6.872, "2008-09-30": -6.321, "2008-06-30": -4.885, "2008-03-31": "-4.97800", "2007-12-31": -4.496, "2007-09-30": -4.553, "2007-06-30": -4.63, "2007-03-31": "-4.62900", "2006-12-31": -3.365, "2006-09-30": -3.365, "2006-06-30": -3.375, "2006-03-31": "-3.37500", "2005-12-31": -3.375, "2005-09-30": -1.95, "2005-06-30": 0, "2005-03-31": ""}}, "financial ratios": {"Current Ratio": {"2019-12-31": "1.68670", "2018-12-31": "1.71150", "2017-12-31": "1.90810", "2016-12-31": "2.21500", "2015-12-31": "1.90710", "2014-12-31": "2.03190", "2013-12-31": "2.06720", "2012-12-31": "2.27530", "2011-12-31": "2.75770", "2010-12-31": "2.58080", "2009-12-31": "1.88050", "2008-12-31": "2.09110", "2007-12-31": "1.57400", "2006-12-31": "1.35180", "2005-12-31": "1.72310"}, "Long-term Debt / Capital": {"2019-12-31": "0.71130", "2018-12-31": "0.59650", "2017-12-31": "0.48600", "2016-12-31": "0.47880", "2015-12-31": "0.42200", "2014-12-31": "0.57930", "2013-12-31": "0.62810", "2012-12-31": "0.62690", "2011-12-31": "0.55860", "2010-12-31": "0.61090", "2009-12-31": "0.70690", "2008-12-31": "0.80220", "2007-12-31": "0.96170", "2006-12-31": "1.22490", "2005-12-31": "3.32020"}, "Debt/Equity Ratio": {"2019-12-31": "2.46420", "2018-12-31": "1.47850", "2017-12-31": "0.94560", "2016-12-31": "0.91870", "2015-12-31": "0.73020", "2014-12-31": "1.37700", "2013-12-31": "1.68920", "2012-12-31": "1.68020", "2011-12-31": "1.26540", "2010-12-31": "1.56980", "2009-12-31": "2.41160", "2008-12-31": "4.05630", "2007-12-31": "25.08740", "2006-12-31": "-5.44590", "2005-12-31": "-1.43100"}, "Gross Margin": {"2019-12-31": "100.00000", "2018-12-31": "100.00000", "2017-12-31": "100.00000", "2016-12-31": "100.00000", "2015-12-31": "100.00000", "2014-12-31": "100.00000", "2013-12-31": "100.00000", "2012-12-31": "100.00000", "2011-12-31": "100.00000", "2010-12-31": "100.00000", "2009-12-31": "100.00000", "2008-12-31": "100.00000", "2007-12-31": "100.00000", "2006-12-31": "100.00000", "2005-12-31": "100.00000"}, "Operating Margin": {"2019-12-31": "15.18100", "2018-12-31": "24.08640", "2017-12-31": "31.21590", "2016-12-31": "22.17650", "2015-12-31": "-0.70620", "2014-12-31": "22.58100", "2013-12-31": "10.92030", "2012-12-31": "6.47780", "2011-12-31": "12.87220", "2010-12-31": "12.78760", "2009-12-31": "-11.90670", "2008-12-31": "1.61440", "2007-12-31": "21.81250", "2006-12-31": "21.90810", "2005-12-31": "26.30640"}, "EBIT Margin": {"2019-12-31": "15.18100", "2018-12-31": "24.08640", "2017-12-31": "31.21590", "2016-12-31": "22.17650", "2015-12-31": "-0.70620", "2014-12-31": "22.58100", "2013-12-31": "10.92030", "2012-12-31": "6.47780", "2011-12-31": "12.87220", "2010-12-31": "12.78760", "2009-12-31": "-11.90670", "2008-12-31": "1.61440", "2007-12-31": "21.81250", "2006-12-31": "21.90810", "2005-12-31": "26.30640"}, "EBITDA Margin": {"2019-12-31": "31.44850", "2018-12-31": "37.87240", "2017-12-31": "46.35760", "2016-12-31": "39.76210", "2015-12-31": "14.55030", "2014-12-31": "37.21650", "2013-12-31": "28.79630", "2012-12-31": "27.39160", "2011-12-31": "31.28050", "2010-12-31": "30.98930", "2009-12-31": "14.22850", "2008-12-31": "19.10260", "2007-12-31": "29.59540", "2006-12-31": "24.62640", "2005-12-31": "27.70810"}, "Pre-Tax Profit Margin": {"2019-12-31": "15.18100", "2018-12-31": "24.08640", "2017-12-31": "31.21590", "2016-12-31": "22.17650", "2015-12-31": "-0.70620", "2014-12-31": "22.58110", "2013-12-31": "10.92030", "2012-12-31": "6.47780", "2011-12-31": "12.87220", "2010-12-31": "12.78760", "2009-12-31": "-11.90670", "2008-12-31": "1.61440", "2007-12-31": "21.81250", "2006-12-31": "21.90810", "2005-12-31": "26.30640"}, "Net Profit Margin": {"2019-12-31": "11.07560", "2018-12-31": "18.65040", "2017-12-31": "9.58980", "2016-12-31": "16.61540", "2015-12-31": "41.90900", "2014-12-31": "18.57370", "2013-12-31": "8.06970", "2012-12-31": "4.40880", "2011-12-31": "9.57640", "2010-12-31": "9.19660", "2009-12-31": "-8.59410", "2008-12-31": "0.20150", "2007-12-31": "8.12020", "2006-12-31": "6.22580", "2005-12-31": "4.17310"}, "Asset Turnover": {"2019-12-31": "0.45870", "2018-12-31": "0.56560", "2017-12-31": "0.53650", "2016-12-31": "0.51210", "2015-12-31": "0.52560", "2014-12-31": "0.69040", "2013-12-31": "0.65930", "2012-12-31": "0.64030", "2011-12-31": "0.59360", "2010-12-31": "0.55670", "2009-12-31": "0.48620", "2008-12-31": "0.54390", "2007-12-31": "0.49930", "2006-12-31": "0.46550", "2005-12-31": "0.68110"}, "Inventory Turnover Ratio": {"2019-12-31": "", "2018-12-31": "", "2017-12-31": "", "2016-12-31": "", "2015-12-31": "", "2014-12-31": "", "2013-12-31": "", "2012-12-31": "", "2011-12-31": "", "2010-12-31": "", "2009-12-31": "", "2008-12-31": "", "2007-12-31": "", "2006-12-31": "", "2005-12-31": ""}, "Receiveable Turnover": {"2019-12-31": "3.90080", "2018-12-31": "4.12280", "2017-12-31": "4.62600", "2016-12-31": "3.65570", "2015-12-31": "4.73360", "2014-12-31": "4.12570", "2013-12-31": "3.87250", "2012-12-31": "4.00060", "2011-12-31": "3.62670", "2010-12-31": "3.35040", "2009-12-31": "2.91140", "2008-12-31": "2.18550", "2007-12-31": "1.74780", "2006-12-31": "1.20950", "2005-12-31": "1.68720"}, "Days Sales In Receivables": {"2019-12-31": "93.57040", "2018-12-31": "88.53100", "2017-12-31": "78.90140", "2016-12-31": "99.84390", "2015-12-31": "77.10830", "2014-12-31": "88.47090", "2013-12-31": "94.25350", "2012-12-31": "91.23680", "2011-12-31": "100.64220", "2010-12-31": "108.94320", "2009-12-31": "125.36890", "2008-12-31": "167.01180", "2007-12-31": "208.82950", "2006-12-31": "301.78810", "2005-12-31": "216.33920"}, "ROE - Return On Equity": {"2019-12-31": "43.68060", "2018-12-31": "54.88640", "2017-12-31": "20.64070", "2016-12-31": "30.42880", "2015-12-31": "72.61960", "2014-12-31": "56.36770", "2013-12-31": "26.20870", "2012-12-31": "14.24090", "2011-12-31": "21.98280", "2010-12-31": "24.42140", "2009-12-31": "-35.98660", "2008-12-31": "-0.07670", "2007-12-31": "480.07360", "2006-12-31": "-38.68690", "2005-12-31": "-18.49860"}, "Return On Tangible Equity": {"2019-12-31": "96.66720", "2018-12-31": "89.52110", "2017-12-31": "29.95210", "2016-12-31": "43.17800", "2015-12-31": "95.44400", "2014-12-31": "102.70780", "2013-12-31": "62.04470", "2012-12-31": "35.86340", "2011-12-31": "40.22290", "2010-12-31": "44.72810", "2009-12-31": "-91.68510", "2008-12-31": "-0.17500", "2007-12-31": "-287.21560", "2006-12-31": "-36.13900", "2005-12-31": "-18.16490"}, "ROA - Return On Assets": {"2019-12-31": "5.27900", "2018-12-31": "10.65490", "2017-12-31": "5.27210", "2016-12-31": "8.64020", "2015-12-31": "22.17470", "2014-12-31": "13.02620", "2013-12-31": "5.48340", "2012-12-31": "3.10640", "2011-12-31": "6.18310", "2010-12-31": "5.68070", "2009-12-31": "-5.98030", "2008-12-31": "-0.00830", "2007-12-31": "8.79280", "2006-12-31": "2.89790", "2005-12-31": "8.42860"}, "ROI - Return On Investment": {"2019-12-31": "12.60900", "2018-12-31": "22.14520", "2017-12-31": "10.60910", "2016-12-31": "15.85930", "2015-12-31": "41.97220", "2014-12-31": "23.71380", "2013-12-31": "9.74590", "2012-12-31": "5.31340", "2011-12-31": "9.70360", "2010-12-31": "9.50320", "2009-12-31": "-10.54850", "2008-12-31": "-0.01520", "2007-12-31": "18.40250", "2006-12-31": "8.70160", "2005-12-31": "42.92070"}, "Book Value Per Share": {"2019-12-31": "6.53770", "2018-12-31": "8.64680", "2017-12-31": "10.57730", "2016-12-31": "10.59310", "2015-12-31": "10.89370", "2014-12-31": "6.52250", "2013-12-31": "5.21790", "2012-12-31": "5.64530", "2011-12-31": "7.25300", "2010-12-31": "7.05460", "2009-12-31": "6.06050", "2008-12-31": "4.65860", "2007-12-31": "1.40590", "2006-12-31": "-4.67260", "2005-12-31": "-23.28930"}, "Operating Cash Flow Per Share": {"2019-12-31": 0.4536, "2018-12-31": -2.3813, "2017-12-31": 2.9986, "2016-12-31": -1.8896, "2015-12-31": 1.1588, "2014-12-31": 1.562, "2013-12-31": 0.212, "2012-12-31": 0.8359, "2011-12-31": 1.6714, "2010-12-31": -1.9066, "2009-12-31": -5.1848, "2008-12-31": 7.1572, "2007-12-31": -4.2364, "2006-12-31": -18.4267, "2005-12-31": 23.8163}, "Free Cash Flow Per Share": {"2019-12-31": 0.4457, "2018-12-31": -2.5342, "2017-12-31": 3.0793, "2016-12-31": -1.9788, "2015-12-31": 1.1143, "2014-12-31": 1.8197, "2013-12-31": 0.4608, "2012-12-31": 0.5082, "2011-12-31": 1.4359, "2010-12-31": -1.8555, "2009-12-31": -5.0375, "2008-12-31": 7.0987, "2007-12-31": -4.2844, "2006-12-31": -18.7153, "2005-12-31": 23.9195}}, "financial ratios, quarterly": {"Current Ratio": {"2020-09-30": "2.03750", "2020-06-30": "2.04650", "2020-03-31": "1.68760", "2019-12-31": "1.97440", "2019-09-30": "1.91410", "2019-06-30": "1.95390", "2019-03-31": "1.77410", "2018-12-31": "1.71150", "2018-09-30": "1.82930", "2018-06-30": "1.78050", "2018-03-31": "1.97170", "2017-12-31": "1.90810", "2017-09-30": "2.09060", "2017-06-30": "1.98740", "2017-03-31": "2.21390", "2016-12-31": "2.21500", "2016-09-30": "2.03790", "2016-06-30": "1.85810", "2016-03-31": "2.15400", "2015-12-31": "1.90710", "2015-09-30": "1.95590", "2015-06-30": "1.99670", "2015-03-31": "2.02670", "2014-12-31": "2.03190", "2014-09-30": "1.99760", "2014-06-30": "1.82980", "2014-03-31": "2.20930", "2013-12-31": "2.06720", "2013-09-30": "2.30140", "2013-06-30": "2.10750", "2013-03-31": "2.58660", "2012-12-31": "2.27530", "2012-09-30": "2.90560", "2012-06-30": "2.74480", "2012-03-31": "3.26630", "2011-12-31": "2.75770", "2011-09-30": "3.21480", "2011-06-30": "4.04970", "2011-03-31": "4.17760", "2010-12-31": "2.58080", "2010-09-30": "2.27310", "2010-06-30": "2.78610", "2010-03-31": "2.78640", "2009-12-31": "1.88050", "2009-09-30": "2.69370", "2009-06-30": "2.63990", "2009-03-31": "2.90470", "2008-12-31": "2.09110", "2008-09-30": "1.91700", "2008-06-30": "1.70250", "2008-03-31": "2.01170", "2007-12-31": "1.57400", "2007-09-30": "2.19360", "2007-06-30": "2.58090", "2007-03-31": "2.16990", "2006-12-31": "1.35180", "2006-09-30": "1.70130", "2006-06-30": "1.61110", "2006-03-31": "1.91200", "2005-12-31": "1.72310", "2005-09-30": "1.70280", "2005-06-30": "1.49970", "2005-03-31": "2.86960"}, "Long-term Debt / Capital": {"2020-09-30": "0.68350", "2020-06-30": "0.71080", "2020-03-31": "0.75020", "2019-12-31": "0.71130", "2019-09-30": "0.70990", "2019-06-30": "0.70040", "2019-03-31": "0.69520", "2018-12-31": "0.59650", "2018-09-30": "0.56110", "2018-06-30": "0.51700", "2018-03-31": "0.53000", "2017-12-31": "0.48600", "2017-09-30": "0.46510", "2017-06-30": "0.47730", "2017-03-31": "0.49640", "2016-12-31": "0.47880", "2016-09-30": "0.43420", "2016-06-30": "0.45330", "2016-03-31": "0.44960", "2015-12-31": "0.42200", "2015-09-30": "0.45410", "2015-06-30": "0.53700", "2015-03-31": "0.65240", "2014-12-31": "0.57930", "2014-09-30": "0.62470", "2014-06-30": "0.65220", "2014-03-31": "0.65690", "2013-12-31": "0.62810", "2013-09-30": "0.62450", "2013-06-30": "0.64860", "2013-03-31": "0.65450", "2012-12-31": "0.62690", "2012-09-30": "0.56770", "2012-06-30": "0.56990", "2012-03-31": "0.56030", "2011-12-31": "0.55860", "2011-09-30": "0.54470", "2011-06-30": "0.59300", "2011-03-31": "0.59800", "2010-12-31": "0.61090", "2010-09-30": "0.66250", "2010-06-30": "0.68070", "2010-03-31": "0.68880", "2009-12-31": "0.70690", "2009-09-30": "0.66910", "2009-06-30": "0.77050", "2009-03-31": "0.83690", "2008-12-31": "0.80220", "2008-09-30": "0.81910", "2008-06-30": "0.79050", "2008-03-31": "0.97980", "2007-12-31": "0.96170", "2007-09-30": "1.04400", "2007-06-30": "1.08870", "2007-03-31": "1.18770", "2006-12-31": "1.22490", "2006-09-30": "2.19900", "2006-06-30": "2.30920", "2006-03-31": "2.96960", "2005-12-31": "3.32020", "2005-09-30": "3.93080", "2005-06-30": "4.22270", "2005-03-31": "0.84640"}, "Debt/Equity Ratio": {"2020-09-30": "2.15940", "2020-06-30": "2.45750", "2020-03-31": "3.00240", "2019-12-31": "2.46420", "2019-09-30": "2.44660", "2019-06-30": "2.33760", "2019-03-31": "2.28070", "2018-12-31": "1.47850", "2018-09-30": "1.27830", "2018-06-30": "1.07020", "2018-03-31": "1.12750", "2017-12-31": "0.94560", "2017-09-30": "0.86950", "2017-06-30": "0.91310", "2017-03-31": "0.98580", "2016-12-31": "0.91870", "2016-09-30": "0.76740", "2016-06-30": "0.82910", "2016-03-31": "0.81680", "2015-12-31": "0.73020", "2015-09-30": "0.83180", "2015-06-30": "1.16000", "2015-03-31": "1.87700", "2014-12-31": "1.37700", "2014-09-30": "1.66430", "2014-06-30": "1.87560", "2014-03-31": "1.91420", "2013-12-31": "1.68920", "2013-09-30": "1.66340", "2013-06-30": "1.84570", "2013-03-31": "1.89440", "2012-12-31": "1.68020", "2012-09-30": "1.31320", "2012-06-30": "1.32520", "2012-03-31": "1.27410", "2011-12-31": "1.26540", "2011-09-30": "1.19660", "2011-06-30": "1.45720", "2011-03-31": "1.48770", "2010-12-31": "1.56980", "2010-09-30": "1.96320", "2010-06-30": "2.13190", "2010-03-31": "2.21370", "2009-12-31": "2.41160", "2009-09-30": "2.02170", "2009-06-30": "3.35740", "2009-03-31": "5.13080", "2008-12-31": "4.05630", "2008-09-30": "4.52830", "2008-06-30": "3.77400", "2008-03-31": "48.58650", "2007-12-31": "25.08740", "2007-09-30": "-23.73760", "2007-06-30": "-12.27360", "2007-03-31": "-6.32730", "2006-12-31": "-5.44590", "2006-09-30": "-1.84320", "2006-06-30": "-1.79350", "2006-03-31": "-1.52040", "2005-12-31": "-1.43100", "2005-09-30": "-1.36160", "2005-06-30": "-1.32600", "2005-03-31": "6.44900"}, "Gross Margin": {"2020-09-30": "100.00000", "2020-06-30": "100.00000", "2020-03-31": "100.00000", "2019-12-31": "100.00000", "2019-09-30": "100.00000", "2019-06-30": "100.00000", "2019-03-31": "100.00000", "2018-12-31": "100.00000", "2018-09-30": "100.00000", "2018-06-30": "100.00000", "2018-03-31": "100.00000", "2017-12-31": "100.00000", "2017-09-30": "100.00000", "2017-06-30": "100.00000", "2017-03-31": "100.00000", "2016-12-31": "100.00000", "2016-09-30": "100.00000", "2016-06-30": "100.00000", "2016-03-31": "100.00000", "2015-12-31": "100.00000", "2015-09-30": "100.00000", "2015-06-30": "100.00000", "2015-03-31": "100.00000", "2014-12-31": "100.00000", "2014-09-30": "100.00000", "2014-06-30": "100.00000", "2014-03-31": "100.00000", "2013-12-31": "100.00000", "2013-09-30": "100.00000", "2013-06-30": "100.00000", "2013-03-31": "100.00000", "2012-12-31": "100.00000", "2012-09-30": "100.00000", "2012-06-30": "100.00000", "2012-03-31": "100.00000", "2011-12-31": "100.00000", "2011-09-30": "100.00000", "2011-06-30": "100.00000", "2011-03-31": "100.00000", "2010-12-31": "100.00000", "2010-09-30": "100.00000", "2010-06-30": "100.00000", "2010-03-31": "100.00000", "2009-12-31": "100.00000", "2009-09-30": "100.00000", "2009-06-30": "100.00000", "2009-03-31": "100.00000", "2008-12-31": "100.00000", "2008-09-30": "100.00000", "2008-06-30": "100.00000", "2008-03-31": "100.00000", "2007-12-31": "100.00000", "2007-09-30": "100.00000", "2007-06-30": "100.00000", "2007-03-31": "100.00000", "2006-12-31": "100.00000", "2006-09-30": "100.00000", "2006-06-30": "100.00000", "2006-03-31": "100.00000", "2005-12-31": "100.00000", "2005-09-30": "100.00000", "2005-06-30": "100.00000", "2005-03-31": "100.00000"}, "Operating Margin": {"2020-09-30": "18.12080", "2020-06-30": "16.75110", "2020-03-31": "15.63100", "2019-12-31": "16.49380", "2019-09-30": "8.86070", "2019-06-30": "16.12280", "2019-03-31": "18.59060", "2018-12-31": "22.74580", "2018-09-30": "22.13650", "2018-06-30": "26.37950", "2018-03-31": "24.62280", "2017-12-31": "52.81850", "2017-09-30": "23.07910", "2017-06-30": "24.05270", "2017-03-31": "24.09070", "2016-12-31": "22.68130", "2016-09-30": "24.46870", "2016-06-30": "21.17830", "2016-03-31": "19.74580", "2015-12-31": "23.48910", "2015-09-30": "99.51630", "2015-06-30": "-131.56900", "2015-03-31": "12.92310", "2014-12-31": "31.48450", "2014-09-30": "20.08300", "2014-06-30": "17.46000", "2014-03-31": "20.09370", "2013-12-31": "11.93980", "2013-09-30": "16.88710", "2013-06-30": "8.34780", "2013-03-31": "5.37370", "2012-12-31": "-0.92690", "2012-09-30": "10.89680", "2012-06-30": "10.19270", "2012-03-31": "7.78190", "2011-12-31": "-3.29520", "2011-09-30": "18.97370", "2011-06-30": "18.68920", "2011-03-31": "16.76760", "2010-12-31": "22.12410", "2010-09-30": "17.53320", "2010-06-30": "16.00130", "2010-03-31": "-7.86860", "2009-12-31": "-44.78250", "2009-09-30": "17.77080", "2009-06-30": "15.16030", "2009-03-31": "-36.54220", "2008-12-31": "14.38950", "2008-09-30": "-33.19530", "2008-06-30": "18.77200", "2008-03-31": "5.84980", "2007-12-31": "22.60840", "2007-09-30": "21.87740", "2007-06-30": "21.16080", "2007-03-31": "21.19950", "2006-12-31": "24.36300", "2006-09-30": "16.53480", "2006-06-30": "21.88970", "2006-03-31": "23.23100", "2005-12-31": "20.99940", "2005-09-30": "21.65550", "2005-06-30": "28.27050", "2005-03-31": "37.78140"}, "EBIT Margin": {"2020-09-30": "18.12080", "2020-06-30": "16.75110", "2020-03-31": "15.63100", "2019-12-31": "16.49380", "2019-09-30": "8.86070", "2019-06-30": "16.12280", "2019-03-31": "18.59060", "2018-12-31": "22.74580", "2018-09-30": "22.13650", "2018-06-30": "26.37950", "2018-03-31": "24.62280", "2017-12-31": "52.81850", "2017-09-30": "23.07910", "2017-06-30": "24.05270", "2017-03-31": "24.09070", "2016-12-31": "22.68130", "2016-09-30": "24.46870", "2016-06-30": "21.17830", "2016-03-31": "19.74580", "2015-12-31": "23.48910", "2015-09-30": "99.51630", "2015-06-30": "-131.56900", "2015-03-31": "12.92310", "2014-12-31": "31.48450", "2014-09-30": "20.08300", "2014-06-30": "17.46000", "2014-03-31": "20.09370", "2013-12-31": "11.93980", "2013-09-30": "16.88710", "2013-06-30": "8.34780", "2013-03-31": "5.37370", "2012-12-31": "-0.92690", "2012-09-30": "10.89680", "2012-06-30": "10.19270", "2012-03-31": "7.78190", "2011-12-31": "-3.29520", "2011-09-30": "18.97370", "2011-06-30": "18.68920", "2011-03-31": "16.76760", "2010-12-31": "22.12410", "2010-09-30": "17.53320", "2010-06-30": "16.00130", "2010-03-31": "-7.86860", "2009-12-31": "-44.78250", "2009-09-30": "17.77080", "2009-06-30": "15.16030", "2009-03-31": "-36.54220", "2008-12-31": "14.38950", "2008-09-30": "-33.19530", "2008-06-30": "18.77200", "2008-03-31": "5.84980", "2007-12-31": "22.60840", "2007-09-30": "21.87740", "2007-06-30": "21.16080", "2007-03-31": "21.19950", "2006-12-31": "24.36300", "2006-09-30": "16.53480", "2006-06-30": "21.88970", "2006-03-31": "23.23100", "2005-12-31": "20.99940", "2005-09-30": "21.65550", "2005-06-30": "28.27050", "2005-03-31": "37.78140"}, "EBITDA Margin": {"2020-09-30": "", "2020-06-30": "", "2020-03-31": "", "2019-12-31": "", "2019-09-30": "", "2019-06-30": "", "2019-03-31": "", "2018-12-31": "", "2018-09-30": "", "2018-06-30": "", "2018-03-31": "", "2017-12-31": "", "2017-09-30": "", "2017-06-30": "", "2017-03-31": "", "2016-12-31": "", "2016-09-30": "", "2016-06-30": "", "2016-03-31": "", "2015-12-31": "", "2015-09-30": "", "2015-06-30": "", "2015-03-31": "", "2014-12-31": "", "2014-09-30": "", "2014-06-30": "", "2014-03-31": "", "2013-12-31": "", "2013-09-30": "", "2013-06-30": "", "2013-03-31": "", "2012-12-31": "", "2012-09-30": "", "2012-06-30": "", "2012-03-31": "", "2011-12-31": "", "2011-09-30": "", "2011-06-30": "", "2011-03-31": "", "2010-12-31": "", "2010-09-30": "", "2010-06-30": "", "2010-03-31": "", "2009-12-31": "", "2009-09-30": "", "2009-06-30": "", "2009-03-31": "", "2008-12-31": "", "2008-09-30": "", "2008-06-30": "", "2008-03-31": "", "2007-12-31": "", "2007-09-30": "", "2007-06-30": "", "2007-03-31": "", "2006-12-31": "", "2006-09-30": "", "2006-06-30": "", "2006-03-31": "", "2005-12-31": "", "2005-09-30": "", "2005-06-30": "", "2005-03-31": ""}, "Pre-Tax Profit Margin": {"2020-09-30": "18.12080", "2020-06-30": "16.75110", "2020-03-31": "15.63100", "2019-12-31": "16.49380", "2019-09-30": "8.86070", "2019-06-30": "16.12280", "2019-03-31": "18.59060", "2018-12-31": "22.74580", "2018-09-30": "22.13650", "2018-06-30": "26.37950", "2018-03-31": "24.62280", "2017-12-31": "52.81850", "2017-09-30": "23.07910", "2017-06-30": "24.05270", "2017-03-31": "24.09070", "2016-12-31": "22.68130", "2016-09-30": "24.46870", "2016-06-30": "21.17830", "2016-03-31": "19.74580", "2015-12-31": "23.48910", "2015-09-30": "99.51630", "2015-06-30": "-131.56900", "2015-03-31": "12.92310", "2014-12-31": "31.48450", "2014-09-30": "20.08300", "2014-06-30": "17.46000", "2014-03-31": "20.09370", "2013-12-31": "11.93980", "2013-09-30": "16.88710", "2013-06-30": "8.34780", "2013-03-31": "5.37370", "2012-12-31": "-0.92690", "2012-09-30": "10.89680", "2012-06-30": "10.19270", "2012-03-31": "7.78190", "2011-12-31": "-3.29520", "2011-09-30": "18.97370", "2011-06-30": "18.68920", "2011-03-31": "16.76760", "2010-12-31": "22.12410", "2010-09-30": "17.53320", "2010-06-30": "16.00130", "2010-03-31": "-7.86860", "2009-12-31": "-44.78250", "2009-09-30": "17.77080", "2009-06-30": "15.16030", "2009-03-31": "-36.54220", "2008-12-31": "14.38950", "2008-09-30": "-33.19530", "2008-06-30": "18.77200", "2008-03-31": "5.84980", "2007-12-31": "22.60840", "2007-09-30": "21.87740", "2007-06-30": "21.16080", "2007-03-31": "21.19950", "2006-12-31": "24.36300", "2006-09-30": "16.53480", "2006-06-30": "21.88970", "2006-03-31": "23.23100", "2005-12-31": "20.99940", "2005-09-30": "21.65550", "2005-06-30": "28.27050", "2005-03-31": "37.78140"}, "Net Profit Margin": {"2020-09-30": "12.99890", "2020-06-30": "12.83580", "2020-03-31": "11.89970", "2019-12-31": "10.67140", "2019-09-30": "7.90160", "2019-06-30": "10.42940", "2019-03-31": "15.07630", "2018-12-31": "16.50030", "2018-09-30": "17.09130", "2018-06-30": "19.38980", "2018-03-31": "21.15970", "2017-12-31": "-12.30950", "2017-09-30": "17.47750", "2017-06-30": "16.78490", "2017-03-31": "17.25090", "2016-12-31": "18.50610", "2016-09-30": "18.48160", "2016-06-30": "15.02900", "2016-03-31": "13.41240", "2015-12-31": "26.59690", "2015-09-30": "69.48710", "2015-06-30": "61.42140", "2015-03-31": "9.68470", "2014-12-31": "27.19250", "2014-09-30": "15.69360", "2014-06-30": "15.02780", "2014-03-31": "15.15600", "2013-12-31": "8.68580", "2013-09-30": "12.54950", "2013-06-30": "6.39330", "2013-03-31": "3.82180", "2012-12-31": "-0.95650", "2012-09-30": "7.76670", "2012-06-30": "7.05480", "2012-03-31": "5.25720", "2011-12-31": "-1.01710", "2011-09-30": "13.57750", "2011-06-30": "12.99080", "2011-03-31": "12.55800", "2010-12-31": "16.82700", "2010-09-30": "14.14070", "2010-06-30": "10.63680", "2010-03-31": "-7.65250", "2009-12-31": "-29.03150", "2009-09-30": "9.08830", "2009-06-30": "7.50400", "2009-03-31": "-21.53670", "2008-12-31": "10.10300", "2008-09-30": "-18.96330", "2008-06-30": "7.34230", "2008-03-31": "2.53150", "2007-12-31": "10.22130", "2007-09-30": "7.42870", "2007-06-30": "6.95270", "2007-03-31": "7.13820", "2006-12-31": "7.73900", "2006-09-30": "4.42270", "2006-06-30": "6.08540", "2006-03-31": "5.85440", "2005-12-31": "-17.77310", "2005-09-30": "5.21230", "2005-06-30": "8.69450", "2005-03-31": "28.20310"}, "Asset Turnover": {"2020-09-30": "0.10570", "2020-06-30": "0.10770", "2020-03-31": "0.10560", "2019-12-31": "0.12790", "2019-09-30": "0.10650", "2019-06-30": "0.11450", "2019-03-31": "0.11700", "2018-12-31": "0.13750", "2018-09-30": "0.12670", "2018-06-30": "0.16380", "2018-03-31": "0.16830", "2017-12-31": "0.13770", "2017-09-30": "0.12920", "2017-06-30": "0.15040", "2017-03-31": "0.14220", "2016-12-31": "0.15180", "2016-09-30": "0.14150", "2016-06-30": "0.12680", "2016-03-31": "0.12420", "2015-12-31": "0.13250", "2015-09-30": "0.13830", "2015-06-30": "0.14670", "2015-03-31": "0.20430", "2014-12-31": "0.19020", "2014-09-30": "0.18610", "2014-06-30": "0.18410", "2014-03-31": "0.18400", "2013-12-31": "0.20350", "2013-09-30": "0.16250", "2013-06-30": "0.16790", "2013-03-31": "0.14730", "2012-12-31": "0.18770", "2012-09-30": "0.14320", "2012-06-30": "0.14670", "2012-03-31": "0.16710", "2011-12-31": "0.14660", "2011-09-30": "0.14740", "2011-06-30": "0.15490", "2011-03-31": "0.13860", "2010-12-31": "0.17380", "2010-09-30": "0.14510", "2010-06-30": "0.14920", "2010-03-31": "0.15190", "2009-12-31": "0.15720", "2009-09-30": "0.14200", "2009-06-30": "0.14160", "2009-03-31": "0.10370", "2008-12-31": "0.13130", "2008-09-30": "0.12210", "2008-06-30": "0.12870", "2008-03-31": "0.09180", "2007-12-31": "0.15230", "2007-09-30": "0.15420", "2007-06-30": "0.13550", "2007-03-31": "0.14120", "2006-12-31": "0.14740", "2006-09-30": "0.14650", "2006-06-30": "0.18340", "2006-03-31": "0.18910", "2005-12-31": "0.19210", "2005-09-30": "0.19730", "2005-06-30": "0.15120", "2005-03-31": "0.06760"}, "Inventory Turnover Ratio": {"2020-09-30": "", "2020-06-30": "", "2020-03-31": "", "2019-12-31": "", "2019-09-30": "", "2019-06-30": "", "2019-03-31": "", "2018-12-31": "", "2018-09-30": "", "2018-06-30": "", "2018-03-31": "", "2017-12-31": "", "2017-09-30": "", "2017-06-30": "", "2017-03-31": "", "2016-12-31": "", "2016-09-30": "", "2016-06-30": "", "2016-03-31": "", "2015-12-31": "", "2015-09-30": "", "2015-06-30": "", "2015-03-31": "", "2014-12-31": "", "2014-09-30": "", "2014-06-30": "", "2014-03-31": "", "2013-12-31": "", "2013-09-30": "", "2013-06-30": "", "2013-03-31": "", "2012-12-31": "", "2012-09-30": "", "2012-06-30": "", "2012-03-31": "", "2011-12-31": "", "2011-09-30": "", "2011-06-30": "", "2011-03-31": "", "2010-12-31": "", "2010-09-30": "", "2010-06-30": "", "2010-03-31": "", "2009-12-31": "", "2009-09-30": "", "2009-06-30": "", "2009-03-31": "", "2008-12-31": "", "2008-09-30": "", "2008-06-30": "", "2008-03-31": "", "2007-12-31": "", "2007-09-30": "", "2007-06-30": "", "2007-03-31": "", "2006-12-31": "", "2006-09-30": "", "2006-06-30": "", "2006-03-31": "", "2005-12-31": "", "2005-09-30": "", "2005-06-30": "", "2005-03-31": ""}, "Receiveable Turnover": {"2020-09-30": "1.00450", "2020-06-30": "0.87760", "2020-03-31": "0.91400", "2019-12-31": "1.08780", "2019-09-30": "0.88460", "2019-06-30": "0.89450", "2019-03-31": "0.92560", "2018-12-31": "1.00250", "2018-09-30": "0.97770", "2018-06-30": "1.06090", "2018-03-31": "1.11860", "2017-12-31": "1.18750", "2017-09-30": "1.13220", "2017-06-30": "1.09540", "2017-03-31": "1.18170", "2016-12-31": "1.08350", "2016-09-30": "1.13240", "2016-06-30": "1.07950", "2016-03-31": "0.96830", "2015-12-31": "1.19310", "2015-09-30": "1.14150", "2015-06-30": "1.21450", "2015-03-31": "0.97290", "2014-12-31": "1.13690", "2014-09-30": "1.11480", "2014-06-30": "1.04150", "2014-03-31": "1.01970", "2013-12-31": "1.19510", "2013-09-30": "0.89590", "2013-06-30": "0.93430", "2013-03-31": "0.87390", "2012-12-31": "1.17290", "2012-09-30": "0.88540", "2012-06-30": "0.90370", "2012-03-31": "0.93010", "2011-12-31": "0.89560", "2011-09-30": "0.77670", "2011-06-30": "0.89690", "2011-03-31": "0.82510", "2010-12-31": "1.04600", "2010-09-30": "0.57560", "2010-06-30": "0.67210", "2010-03-31": "0.60250", "2009-12-31": "0.94120", "2009-09-30": "0.78310", "2009-06-30": "0.70990", "2009-03-31": "0.62250", "2008-12-31": "0.52760", "2008-09-30": "0.33980", "2008-06-30": "0.35660", "2008-03-31": "0.29390", "2007-12-31": "0.53330", "2007-09-30": "0.53090", "2007-06-30": "0.47130", "2007-03-31": "0.43990", "2006-12-31": "0.38290", "2006-09-30": "0.43070", "2006-06-30": "0.45030", "2006-03-31": "0.52620", "2005-12-31": "0.47590", "2005-09-30": "0.47390", "2005-06-30": "0.31030", "2005-03-31": "0.26110"}, "Days Sales In Receivables": {"2020-09-30": "89.59810", "2020-06-30": "102.55270", "2020-03-31": "98.47100", "2019-12-31": "82.73820", "2019-09-30": "101.73960", "2019-06-30": "100.62040", "2019-03-31": "97.23410", "2018-12-31": "89.77720", "2018-09-30": "92.05520", "2018-06-30": "84.82980", "2018-03-31": "80.45830", "2017-12-31": "75.78790", "2017-09-30": "79.48980", "2017-06-30": "82.16420", "2017-03-31": "76.16360", "2016-12-31": "83.06580", "2016-09-30": "79.47430", "2016-06-30": "83.37410", "2016-03-31": "92.94520", "2015-12-31": "75.43070", "2015-09-30": "78.84110", "2015-06-30": "74.10670", "2015-03-31": "92.50680", "2014-12-31": "79.16150", "2014-09-30": "80.73380", "2014-06-30": "86.41670", "2014-03-31": "88.25910", "2013-12-31": "75.30850", "2013-09-30": "100.45420", "2013-06-30": "96.33170", "2013-03-31": "102.98310", "2012-12-31": "76.73340", "2012-09-30": "101.64970", "2012-06-30": "99.59310", "2012-03-31": "96.76720", "2011-12-31": "100.49390", "2011-09-30": "115.87240", "2011-06-30": "100.34250", "2011-03-31": "109.07860", "2010-12-31": "86.03910", "2010-09-30": "156.37060", "2010-06-30": "133.89910", "2010-03-31": "149.38350", "2009-12-31": "95.62320", "2009-09-30": "114.92500", "2009-06-30": "126.77890", "2009-03-31": "144.57720", "2008-12-31": "170.58780", "2008-09-30": "264.88990", "2008-06-30": "252.41780", "2008-03-31": "306.23650", "2007-12-31": "168.77270", "2007-09-30": "169.50960", "2007-06-30": "190.94180", "2007-03-31": "204.59880", "2006-12-31": "235.03070", "2006-09-30": "208.97340", "2006-06-30": "199.87570", "2006-03-31": "171.02220", "2005-12-31": "189.12660", "2005-09-30": "189.89610", "2005-06-30": "290.08250", "2005-03-31": "344.66530"}, "ROE - Return On Equity": {"2020-09-30": "9.82600", "2020-06-30": "10.68410", "2020-03-31": "10.42340", "2019-12-31": "11.66870", "2019-09-30": "7.02340", "2019-06-30": "10.24030", "2019-03-31": "12.50710", "2018-12-31": "11.71890", "2018-09-30": "9.69390", "2018-06-30": "13.33020", "2018-03-31": "15.30620", "2017-12-31": "-6.58940", "2017-09-30": "8.14560", "2017-06-30": "9.28070", "2017-03-31": "9.10250", "2016-12-31": "9.96950", "2016-09-30": "8.65530", "2016-06-30": "6.75590", "2016-03-31": "5.78390", "2015-12-31": "11.36110", "2015-09-30": "32.98940", "2015-06-30": "43.15260", "2015-03-31": "11.65930", "2014-12-31": "22.44060", "2014-09-30": "14.10160", "2014-06-30": "15.15950", "2014-03-31": "15.37490", "2013-12-31": "8.38040", "2013-09-30": "9.54980", "2013-06-30": "5.39010", "2013-03-31": "3.05820", "2012-12-31": "-0.63020", "2012-09-30": "4.03840", "2012-06-30": "4.13380", "2012-03-31": "3.37560", "2011-12-31": "-0.93710", "2011-09-30": "7.31310", "2011-06-30": "8.34300", "2011-03-31": "7.13690", "2010-12-31": "13.99730", "2010-09-30": "11.06210", "2010-06-30": "9.15110", "2010-03-31": "-7.18800", "2009-12-31": "-37.90410", "2009-09-30": "8.51710", "2009-06-30": "11.55030", "2009-03-31": "-35.21210", "2008-12-31": "32.28910", "2008-09-30": "-48.75600", "2008-06-30": "9.72620", "2008-03-31": "21.40820", "2007-12-31": "343.70970", "2007-09-30": "-54.02140", "2007-06-30": "-20.35600", "2007-03-31": "-12.73970", "2006-12-31": "-15.22600", "2006-09-30": "-1.84470", "2006-06-30": "-3.16000", "2006-03-31": "-2.39420", "2005-12-31": "-2.74890", "2005-09-30": "-2.07210", "2005-06-30": "-3.95420", "2005-03-31": "27.92030"}, "Return On Tangible Equity": {"2020-09-30": "18.89930", "2020-06-30": "23.21280", "2020-03-31": "28.82360", "2019-12-31": "25.82330", "2019-09-30": "15.19300", "2019-06-30": "21.40480", "2019-03-31": "24.38170", "2018-12-31": "19.11380", "2018-09-30": "14.64620", "2018-06-30": "20.30520", "2018-03-31": "24.20610", "2017-12-31": "-9.56200", "2017-09-30": "11.41630", "2017-06-30": "13.23500", "2017-03-31": "13.38090", "2016-12-31": "14.14660", "2016-09-30": "11.88840", "2016-06-30": "9.28640", "2016-03-31": "7.94530", "2015-12-31": "14.93190", "2015-09-30": "45.11040", "2015-06-30": "70.33280", "2015-03-31": "31.11470", "2014-12-31": "40.88910", "2014-09-30": "31.95380", "2014-06-30": "43.35350", "2014-03-31": "45.26760", "2013-12-31": "19.83910", "2013-09-30": "22.35730", "2013-06-30": "14.70990", "2013-03-31": "9.60310", "2012-12-31": "-1.58710", "2012-09-30": "7.68120", "2012-06-30": "7.90350", "2012-03-31": "6.25110", "2011-12-31": "-1.71460", "2011-09-30": "12.82140", "2011-06-30": "14.53560", "2011-03-31": "12.55860", "2010-12-31": "25.63620", "2010-09-30": "22.16200", "2010-06-30": "19.24740", "2010-03-31": "-16.18760", "2009-12-31": "-96.57020", "2009-09-30": "17.00190", "2009-06-30": "23.30160", "2009-03-31": "-126.96300", "2008-12-31": "73.68680", "2008-09-30": "-133.53970", "2008-06-30": "22.74800", "2008-03-31": "-4.76190", "2007-12-31": "-205.63260", "2007-09-30": "-15.55730", "2007-06-30": "-18.19030", "2007-03-31": "-11.77430", "2006-12-31": "-14.22320", "2006-09-30": "-1.80280", "2006-06-30": "-3.09150", "2006-03-31": "-2.34810", "2005-12-31": "-2.69930", "2005-09-30": "-2.03600", "2005-06-30": "-3.88820", "2005-03-31": "29.65300"}, "ROA - Return On Assets": {"2020-09-30": "1.39960", "2020-06-30": "1.37560", "2020-03-31": "1.14480", "2019-12-31": "1.41020", "2019-09-30": "0.86810", "2019-06-30": "1.33480", "2019-03-31": "1.75430", "2018-12-31": "2.27490", "2018-09-30": "2.19880", "2018-06-30": "3.20610", "2018-03-31": "3.60440", "2017-12-31": "-1.68310", "2017-09-30": "2.30480", "2017-06-30": "2.53470", "2017-03-31": "2.51820", "2016-12-31": "2.83080", "2016-09-30": "2.61760", "2016-06-30": "1.93010", "2016-03-31": "1.76300", "2015-12-31": "3.46920", "2015-09-30": "9.63810", "2015-06-30": "9.03570", "2015-03-31": "2.21540", "2014-12-31": "5.18590", "2014-09-30": "2.95510", "2014-06-30": "2.78970", "2014-03-31": "2.94770", "2013-12-31": "1.75340", "2013-09-30": "2.12240", "2013-06-30": "1.09270", "2013-03-31": "0.64690", "2012-12-31": "-0.13750", "2012-09-30": "1.12430", "2012-06-30": "1.14720", "2012-03-31": "0.99920", "2011-12-31": "-0.26360", "2011-09-30": "2.14040", "2011-06-30": "2.32280", "2011-03-31": "1.89860", "2010-12-31": "3.25590", "2010-09-30": "2.25230", "2010-06-30": "1.90570", "2010-03-31": "-1.41720", "2009-12-31": "-6.29890", "2009-09-30": "1.83460", "2009-06-30": "1.63670", "2009-03-31": "-3.61380", "2008-12-31": "3.51600", "2008-09-30": "-4.30160", "2008-06-30": "0.94480", "2008-03-31": "0.23230", "2007-12-31": "6.29520", "2007-09-30": "1.14580", "2007-06-30": "0.94210", "2007-03-31": "1.00790", "2006-12-31": "1.14050", "2006-09-30": "0.64780", "2006-06-30": "1.11610", "2006-03-31": "1.10720", "2005-12-31": "1.25250", "2005-09-30": "1.05080", "2005-06-30": "1.80630", "2005-03-31": "2.08310"}, "ROI - Return On Investment": {"2020-09-30": "3.11010", "2020-06-30": "3.09010", "2020-03-31": "2.60430", "2019-12-31": "3.36830", "2019-09-30": "2.03780", "2019-06-30": "3.06810", "2019-03-31": "3.81230", "2018-12-31": "4.72830", "2018-09-30": "4.25490", "2018-06-30": "6.43900", "2018-03-31": "7.19450", "2017-12-31": "-3.38690", "2017-09-30": "4.35700", "2017-06-30": "4.85120", "2017-03-31": "4.58380", "2016-12-31": "5.19600", "2016-09-30": "4.89710", "2016-06-30": "3.69360", "2016-03-31": "3.18360", "2015-12-31": "6.56640", "2015-09-30": "18.00930", "2015-06-30": "19.97840", "2015-03-31": "4.05260", "2014-12-31": "9.44070", "2014-09-30": "5.29280", "2014-06-30": "5.27180", "2014-03-31": "5.27590", "2013-12-31": "3.11630", "2013-09-30": "3.58560", "2013-06-30": "1.89420", "2013-03-31": "1.05660", "2012-12-31": "-0.23510", "2012-09-30": "1.74580", "2012-06-30": "1.77780", "2012-03-31": "1.48430", "2011-12-31": "-0.41360", "2011-09-30": "3.32930", "2011-06-30": "3.39540", "2011-03-31": "2.86890", "2010-12-31": "5.44680", "2010-09-30": "3.73310", "2010-06-30": "2.92190", "2010-03-31": "-2.23670", "2009-12-31": "-11.11050", "2009-09-30": "2.81860", "2009-06-30": "2.65070", "2009-03-31": "-5.74350", "2008-12-31": "6.38590", "2008-09-30": "-8.81930", "2008-06-30": "2.03740", "2008-03-31": "0.43170", "2007-12-31": "13.17530", "2007-09-30": "2.37590", "2007-06-30": "1.80560", "2007-03-31": "2.39140", "2006-12-31": "3.42470", "2006-09-30": "2.21180", "2006-06-30": "4.13710", "2006-03-31": "4.71570", "2005-12-31": "6.37810", "2005-09-30": "6.07290", "2005-06-30": "12.74350", "2005-03-31": "4.28920"}, "Book Value Per Share": {"2020-09-30": "7.41570", "2020-06-30": "6.51520", "2020-03-31": "5.35360", "2019-12-31": "6.53770", "2019-09-30": "6.48500", "2019-06-30": "6.64670", "2019-03-31": "6.89220", "2018-12-31": "8.64680", "2018-09-30": "9.46700", "2018-06-30": "9.27230", "2018-03-31": "8.77180", "2017-12-31": "10.57730", "2017-09-30": "11.39280", "2017-06-30": "10.71270", "2017-03-31": "9.87240", "2016-12-31": "10.59310", "2016-09-30": "10.49410", "2016-06-30": "9.66920", "2016-03-31": "9.64590", "2015-12-31": "10.89370", "2015-09-30": "9.65620", "2015-06-30": "6.89500", "2015-03-31": "4.26410", "2014-12-31": "6.52250", "2014-09-30": "4.94100", "2014-06-30": "4.64360", "2014-03-31": "4.51760", "2013-12-31": "5.21790", "2013-09-30": "5.09130", "2013-06-30": "4.58880", "2013-03-31": "4.50100", "2012-12-31": "5.64530", "2012-09-30": "7.27150", "2012-06-30": "7.07500", "2012-03-31": "7.18350", "2011-12-31": "7.25300", "2011-09-30": "7.72890", "2011-06-30": "7.38930", "2011-03-31": "7.18510", "2010-12-31": "7.05460", "2010-09-30": "5.74320", "2010-06-30": "5.36700", "2010-03-31": "5.84220", "2009-12-31": "6.06050", "2009-09-30": "7.63330", "2009-06-30": "4.92360", "2009-03-31": "3.67020", "2008-12-31": "4.65860", "2008-09-30": "4.23970", "2008-06-30": "5.61280", "2008-03-31": "0.77700", "2007-12-31": "1.40590", "2007-09-30": "-1.49220", "2007-06-30": "-2.79780", "2007-03-31": "-4.02160", "2006-12-31": "-4.67260", "2006-09-30": "-19.07790", "2006-06-30": "-19.92850", "2006-03-31": "-21.92450", "2005-12-31": "-23.28930", "2005-09-30": "-24.46620", "2005-06-30": "-25.56650", "2005-03-31": ""}, "Operating Cash Flow Per Share": {"2020-09-30": 2.2593, "2020-06-30": 1.3641, "2020-03-31": "-1.36680", "2019-12-31": 3.0444, "2019-09-30": 2.0853, "2019-06-30": 2.0453, "2019-03-31": "-1.33460", "2018-12-31": 3.1424, "2018-09-30": 1.7471, "2018-06-30": 0.7902, "2018-03-31": "-0.29290", "2017-12-31": 0.2033, "2017-09-30": 2.302, "2017-06-30": 2.071, "2017-03-31": "0.74850", "2016-12-31": 2.5089, "2016-09-30": 2.1225, "2016-06-30": 0.8898, "2016-03-31": "-0.75170", "2015-12-31": 2.7573, "2015-09-30": 2.3107, "2015-06-30": 1.3296, "2015-03-31": "0.26150", "2014-12-31": 2.3901, "2014-09-30": 2.1397, "2014-06-30": 0.569, "2014-03-31": "0.40150", "2013-12-31": 2.6878, "2013-09-30": 1.1481, "2013-06-30": 0.6527, "2013-03-31": "-0.55030", "2012-12-31": 1.9548, "2012-09-30": 1.5153, "2012-06-30": 0.858, "2012-03-31": "-0.60180", "2011-12-31": 0.8326, "2011-09-30": 1.9511, "2011-06-30": 0.6095, "2011-03-31": "-0.50280", "2010-12-31": 0.8813, "2010-09-30": 0.9909, "2010-06-30": 1.9193, "2010-03-31": "-2.57250", "2009-12-31": 2.1528, "2009-09-30": 0.5596, "2009-06-30": 0.7033, "2009-03-31": "-0.29010", "2008-12-31": 5.8973, "2008-09-30": 1.9489, "2008-06-30": 1.0235, "2008-03-31": "-0.55930", "2007-12-31": 2.1895, "2007-09-30": 3.6878, "2007-06-30": -2.6967, "2007-03-31": "-2.02740", "2006-12-31": 1.8454, "2006-09-30": 2.654, "2006-06-30": 2.1229, "2006-03-31": "-1.23270", "2005-12-31": 3.6226, "2005-09-30": 13.3463, "2005-06-30": 6.8474, "2005-03-31": ""}, "Free Cash Flow Per Share": {"2020-09-30": 2.1805, "2020-06-30": 1.2466, "2020-03-31": "-1.47140", "2019-12-31": 3.0367, "2019-09-30": 1.8838, "2019-06-30": 1.9386, "2019-03-31": "-1.38270", "2018-12-31": 3.0787, "2018-09-30": 1.6905, "2018-06-30": 0.6674, "2018-03-31": "-0.40590", "2017-12-31": 0.2033, "2017-09-30": 2.2571, "2017-06-30": 2.0292, "2017-03-31": "0.72060", "2016-12-31": 2.3852, "2016-09-30": 2.0451, "2016-06-30": 0.8472, "2016-03-31": "-0.79190", "2015-12-31": 2.6978, "2015-09-30": 2.2742, "2015-06-30": 1.2609, "2015-03-31": "0.23150", "2014-12-31": 2.3382, "2014-09-30": 2.0824, "2014-06-30": 0.5497, "2014-03-31": "0.37980", "2013-12-31": 2.6412, "2013-09-30": 1.0557, "2013-06-30": 0.5838, "2013-03-31": "-0.75030", "2012-12-31": 1.8119, "2012-09-30": 1.3498, "2012-06-30": 0.6945, "2012-03-31": "-0.78660", "2011-12-31": 0.6273, "2011-09-30": 1.8667, "2011-06-30": 0.584, "2011-03-31": "-0.51660", "2010-12-31": 0.8585, "2010-09-30": 0.9574, "2010-06-30": 1.9078, "2010-03-31": "-2.59820", "2009-12-31": 2.0666, "2009-09-30": 0.5272, "2009-06-30": 0.7007, "2009-03-31": "-0.31350", "2008-12-31": 5.7868, "2008-09-30": 1.8398, "2008-06-30": 0.9798, "2008-03-31": "-0.58790", "2007-12-31": 2.0311, "2007-09-30": 3.699, "2007-06-30": -2.756, "2007-03-31": "-2.05430", "2006-12-31": 1.7719, "2006-09-30": 2.604, "2006-06-30": 2.096, "2006-03-31": "-1.26770", "2005-12-31": 3.5532, "2005-09-30": 13.5289, "2005-06-30": 6.8374, "2005-03-31": ""}}, "revenue": {"Lazard Annual Revenue (Millions of US $)": {"2019": "$2,587", "2018": "$2,826", "2017": "$2,644", "2016": "$2,333", "2015": "$2,354", "2014": "$2,300", "2013": "$1,985", "2012": "$1,912", "2011": "$1,830", "2010": "$1,905", "2009": "$1,531", "2008": "$1,557", "2007": "$1,918", "2006": "$1,494", "2005": "$1,301"}, "Lazard Quarterly Revenue (Millions of US $)": {"2020-09-30": "$578", "2020-06-30": "$572", "2020-03-31": "$538", "2019-12-31": "$721", "2019-09-30": "$591", "2019-06-30": "$631", "2019-03-31": "$644", "2018-12-31": "$687", "2018-09-30": "$626", "2018-06-30": "$758", "2018-03-31": "$755", "2017-12-31": "$679", "2017-09-30": "$625", "2017-06-30": "$717", "2017-03-31": "$623", "2016-12-31": "$692", "2016-09-30": "$609", "2016-06-30": "$535", "2016-03-31": "$498", "2015-12-31": "$593", "2015-09-30": "$574", "2015-06-30": "$609", "2015-03-31": "$578", "2014-12-31": "$634", "2014-09-30": "$566", "2014-06-30": "$567", "2014-03-31": "$533", "2013-12-31": "$613", "2013-09-30": "$480", "2013-06-30": "$490", "2013-03-31": "$402", "2012-12-31": "$561", "2012-09-30": "$429", "2012-06-30": "$437", "2012-03-31": "$486", "2011-12-31": "$452", "2011-09-30": "$462", "2011-06-30": "$477", "2011-03-31": "$438", "2010-12-31": "$595", "2010-09-30": "$453", "2010-06-30": "$419", "2010-03-31": "$438", "2009-12-31": "$495", "2009-09-30": "$412", "2009-06-30": "$376", "2009-03-31": "$248", "2008-12-31": "$376", "2008-09-30": "$406", "2008-06-30": "$467", "2008-03-31": "$308", "2007-12-31": "$585", "2007-09-30": "$542", "2007-06-30": "$421", "2007-03-31": "$369", "2006-12-31": "$473", "2006-09-30": "$298", "2006-06-30": "$387", "2006-03-31": "$336", "2005-12-31": "$367", "2005-09-30": "$357", "2005-06-30": "$317", "2005-03-31": "$260"}}, "gross-profit": {"Lazard Annual Gross Profit (Millions of US $)": {"2019": "$2,587", "2018": "$2,826", "2017": "$2,644", "2016": "$2,333", "2015": "$2,354", "2014": "$2,300", "2013": "$1,985", "2012": "$1,912", "2011": "$1,830", "2010": "$1,905", "2009": "$1,531", "2008": "$1,557", "2007": "$1,918", "2006": "$1,494", "2005": "$1,301"}, "Lazard Quarterly Gross Profit (Millions of US $)": {"2020-09-30": "$578", "2020-06-30": "$572", "2020-03-31": "$538", "2019-12-31": "$721", "2019-09-30": "$591", "2019-06-30": "$631", "2019-03-31": "$644", "2018-12-31": "$687", "2018-09-30": "$626", "2018-06-30": "$758", "2018-03-31": "$755", "2017-12-31": "$679", "2017-09-30": "$625", "2017-06-30": "$717", "2017-03-31": "$623", "2016-12-31": "$692", "2016-09-30": "$609", "2016-06-30": "$535", "2016-03-31": "$498", "2015-12-31": "$593", "2015-09-30": "$574", "2015-06-30": "$609", "2015-03-31": "$578", "2014-12-31": "$634", "2014-09-30": "$566", "2014-06-30": "$567", "2014-03-31": "$533", "2013-12-31": "$613", "2013-09-30": "$480", "2013-06-30": "$490", "2013-03-31": "$402", "2012-12-31": "$561", "2012-09-30": "$429", "2012-06-30": "$437", "2012-03-31": "$486", "2011-12-31": "$452", "2011-09-30": "$462", "2011-06-30": "$477", "2011-03-31": "$438", "2010-12-31": "$595", "2010-09-30": "$453", "2010-06-30": "$419", "2010-03-31": "$438", "2009-12-31": "$495", "2009-09-30": "$412", "2009-06-30": "$376", "2009-03-31": "$248", "2008-12-31": "$376", "2008-09-30": "$406", "2008-06-30": "$467", "2008-03-31": "$308", "2007-12-31": "$585", "2007-09-30": "$542", "2007-06-30": "$421", "2007-03-31": "$369", "2006-12-31": "$473", "2006-09-30": "$298", "2006-06-30": "$387", "2006-03-31": "$336", "2005-12-31": "$367", "2005-09-30": "$357", "2005-06-30": "$317", "2005-03-31": "$260"}}, "operating-income": {"Lazard Annual Operating Income (Millions of US $)": {"2019": "$393", "2018": "$681", "2017": "$825", "2016": "$517", "2015": "$-17", "2014": "$519", "2013": "$217", "2012": "$124", "2011": "$235", "2010": "$244", "2009": "$-182", "2008": "$25", "2007": "$418", "2006": "$327", "2005": "$342"}, "Lazard Quarterly Operating Income (Millions of US $)": {"2020-09-30": "$105", "2020-06-30": "$96", "2020-03-31": "$84", "2019-12-31": "$119", "2019-09-30": "$52", "2019-06-30": "$102", "2019-03-31": "$120", "2018-12-31": "$156", "2018-09-30": "$139", "2018-06-30": "$200", "2018-03-31": "$186", "2017-12-31": "$359", "2017-09-30": "$144", "2017-06-30": "$173", "2017-03-31": "$150", "2016-12-31": "$157", "2016-09-30": "$149", "2016-06-30": "$113", "2016-03-31": "$98", "2015-12-31": "$139", "2015-09-30": "$571", "2015-06-30": "$-801", "2015-03-31": "$75", "2014-12-31": "$200", "2014-09-30": "$114", "2014-06-30": "$99", "2014-03-31": "$107", "2013-12-31": "$73", "2013-09-30": "$81", "2013-06-30": "$41", "2013-03-31": "$22", "2012-12-31": "$-5", "2012-09-30": "$47", "2012-06-30": "$45", "2012-03-31": "$38", "2011-12-31": "$-15", "2011-09-30": "$88", "2011-06-30": "$89", "2011-03-31": "$73", "2010-12-31": "$132", "2010-09-30": "$79", "2010-06-30": "$67", "2010-03-31": "$-34", "2009-12-31": "$-222", "2009-09-30": "$73", "2009-06-30": "$57", "2009-03-31": "$-91", "2008-12-31": "$54", "2008-09-30": "$-135", "2008-06-30": "$88", "2008-03-31": "$18", "2007-12-31": "$132", "2007-09-30": "$119", "2007-06-30": "$89", "2007-03-31": "$78", "2006-12-31": "$115", "2006-09-30": "$49", "2006-06-30": "$85", "2006-03-31": "$78", "2005-12-31": "$77", "2005-09-30": "$77", "2005-06-30": "$90", "2005-03-31": "$98"}}, "ebitda": {"Lazard Annual EBITDA (Millions of US $)": {"2019": "$814", "2018": "$1,070", "2017": "$1,226", "2016": "$928", "2015": "$342", "2014": "$856", "2013": "$572", "2012": "$524", "2011": "$572", "2010": "$590", "2009": "$218", "2008": "$297", "2007": "$568", "2006": "$368", "2005": "$361"}, "Lazard Quarterly EBITDA (Millions of US $)": {"2020-09-30": "$181", "2020-06-30": "$219", "2020-03-31": "$195", "2019-12-31": "$188", "2019-09-30": "$152", "2019-06-30": "$236", "2019-03-31": "$236", "2018-12-31": "$240", "2018-09-30": "$210", "2018-06-30": "$325", "2018-03-31": "$296", "2017-12-31": "$359", "2017-09-30": "$228", "2017-06-30": "$298", "2017-03-31": "$254", "2016-12-31": "$264", "2016-09-30": "$235", "2016-06-30": "$204", "2016-03-31": "$225", "2015-12-31": "$225", "2015-09-30": "$654", "2015-06-30": "$-726", "2015-03-31": "$190", "2014-12-31": "$276", "2014-09-30": "$196", "2014-06-30": "$184", "2014-03-31": "$200", "2013-12-31": "$160", "2013-09-30": "$163", "2013-06-30": "$129", "2013-03-31": "$119", "2012-12-31": "$113", "2012-09-30": "$137", "2012-06-30": "$134", "2012-03-31": "$140", "2011-12-31": "$71", "2011-09-30": "$159", "2011-06-30": "$161", "2011-03-31": "$181", "2010-12-31": "$199", "2010-09-30": "$137", "2010-06-30": "$128", "2010-03-31": "$126", "2009-12-31": "$-66", "2009-09-30": "$147", "2009-06-30": "$130", "2009-03-31": "$7", "2008-12-31": "$120", "2008-09-30": "$-61", "2008-06-30": "$157", "2008-03-31": "$82", "2007-12-31": "$173", "2007-09-30": "$170", "2007-06-30": "$118", "2007-03-31": "$106", "2006-12-31": "$127", "2006-09-30": "$60", "2006-06-30": "$95", "2006-03-31": "$86", "2005-12-31": "$83", "2005-09-30": "$81", "2005-06-30": "$94", "2005-03-31": "$102"}}, "net-income": {"Lazard Annual Net Income (Millions of US $)": {"2019": "$287", "2018": "$527", "2017": "$254", "2016": "$388", "2015": "$986", "2014": "$427", "2013": "$160", "2012": "$84", "2011": "$175", "2010": "$175", "2009": "$-132", "2008": "$3", "2007": "$156", "2006": "$93", "2005": "$54"}, "Lazard Quarterly Net Income (Millions of US $)": {"2020-09-30": "$75", "2020-06-30": "$73", "2020-03-31": "$64", "2019-12-31": "$77", "2019-09-30": "$47", "2019-06-30": "$66", "2019-03-31": "$97", "2018-12-31": "$113", "2018-09-30": "$107", "2018-06-30": "$147", "2018-03-31": "$160", "2017-12-31": "$-84", "2017-09-30": "$109", "2017-06-30": "$120", "2017-03-31": "$108", "2016-12-31": "$128", "2016-09-30": "$113", "2016-06-30": "$80", "2016-03-31": "$67", "2015-12-31": "$158", "2015-09-30": "$399", "2015-06-30": "$374", "2015-03-31": "$56", "2014-12-31": "$172", "2014-09-30": "$89", "2014-06-30": "$85", "2014-03-31": "$81", "2013-12-31": "$53", "2013-09-30": "$60", "2013-06-30": "$31", "2013-03-31": "$15", "2012-12-31": "$-5", "2012-09-30": "$33", "2012-06-30": "$31", "2012-03-31": "$26", "2011-12-31": "$-5", "2011-09-30": "$63", "2011-06-30": "$62", "2011-03-31": "$55", "2010-12-31": "$100", "2010-09-30": "$64", "2010-06-30": "$45", "2010-03-31": "$-34", "2009-12-31": "$-144", "2009-09-30": "$37", "2009-06-30": "$28", "2009-03-31": "$-53", "2008-12-31": "$38", "2008-09-30": "$-77", "2008-06-30": "$34", "2008-03-31": "$8", "2007-12-31": "$60", "2007-09-30": "$40", "2007-06-30": "$29", "2007-03-31": "$26", "2006-12-31": "$37", "2006-09-30": "$13", "2006-06-30": "$24", "2006-03-31": "$20", "2005-12-31": "$-65", "2005-09-30": "$19", "2005-06-30": "$28", "2005-03-31": "$73"}}, "eps-earnings-per-share-diluted": {"Lazard Annual EPS": {"2019": "$2.44", "2018": "$4.06", "2017": "$1.91", "2016": "$2.92", "2015": "$7.40", "2014": "$3.20", "2013": "$1.21", "2012": "$0.65", "2011": "$1.36", "2010": "$1.36", "2009": "$-1.68", "2008": "$0.06", "2007": "$2.79", "2006": "$2.31", "2005": "$1.45"}, "Lazard Quarterly EPS": {"2020-09-30": "$0.66", "2020-06-30": "$0.66", "2020-03-31": "$0.56", "2019-12-31": "$0.69", "2019-09-30": "$0.40", "2019-06-30": "$0.55", "2019-03-31": "$0.80", "2018-12-31": "$0.90", "2018-09-30": "$0.82", "2018-06-30": "$1.13", "2018-03-31": "$1.21", "2017-12-31": "$-0.63", "2017-09-30": "$0.82", "2017-06-30": "$0.91", "2017-03-31": "$0.81", "2016-12-31": "$0.96", "2016-09-30": "$0.85", "2016-06-30": "$0.61", "2016-03-31": "$0.50", "2015-12-31": "$1.17", "2015-09-30": "$2.99", "2015-06-30": "$2.82", "2015-03-31": "$0.42", "2014-12-31": "$1.28", "2014-09-30": "$0.67", "2014-06-30": "$0.64", "2014-03-31": "$0.61", "2013-12-31": "$0.40", "2013-09-30": "$0.45", "2013-06-30": "$0.24", "2013-03-31": "$0.12", "2012-12-31": "$-0.05", "2012-09-30": "$0.26", "2012-06-30": "$0.24", "2012-03-31": "$0.20", "2011-12-31": "$-0.04", "2011-09-30": "$0.49", "2011-06-30": "$0.48", "2011-03-31": "$0.43", "2010-12-31": "$0.84", "2010-09-30": "$0.51", "2010-06-30": "$0.39", "2010-03-31": "$-0.38", "2009-12-31": "$-1.66", "2009-09-30": "$0.41", "2009-06-30": "$0.34", "2009-03-31": "$-0.77", "2008-12-31": "$0.55", "2008-09-30": "$-1.17", "2008-06-30": "$0.54", "2008-03-31": "$0.14", "2007-12-31": "$1.07", "2007-09-30": "$0.73", "2007-06-30": "$0.52", "2007-03-31": "$0.47", "2006-12-31": "$0.87", "2006-09-30": "$0.34", "2006-06-30": "$0.59", "2006-03-31": "$0.51", "2005-12-31": "$0.64", "2005-09-30": "$0.51", "2005-06-30": "$0.30", "2005-03-31": "$0.00"}}, "shares-outstanding": {"Lazard Annual Shares Outstanding (Millions of Shares)": {"2019": "116", "2018": "130", "2017": "132", "2016": "133", "2015": "133", "2014": "134", "2013": "134", "2012": "129", "2011": "138", "2010": "138", "2009": "78", "2008": "61", "2007": "62", "2006": "44", "2005": "38"}, "Lazard Quarterly Shares Outstanding (Millions of Shares)": {"2020-09-30": "113", "2020-06-30": "111", "2020-03-31": "114", "2019-12-31": "116", "2019-09-30": "114", "2019-06-30": "116", "2019-03-31": "121", "2018-12-31": "130", "2018-09-30": "130", "2018-06-30": "130", "2018-03-31": "132", "2017-12-31": "132", "2017-09-30": "132", "2017-06-30": "132", "2017-03-31": "133", "2016-12-31": "133", "2016-09-30": "132", "2016-06-30": "132", "2016-03-31": "133", "2015-12-31": "133", "2015-09-30": "133", "2015-06-30": "133", "2015-03-31": "134", "2014-12-31": "134", "2014-09-30": "134", "2014-06-30": "134", "2014-03-31": "134", "2013-12-31": "134", "2013-09-30": "134", "2013-06-30": "132", "2013-03-31": "133", "2012-12-31": "129", "2012-09-30": "135", "2012-06-30": "135", "2012-03-31": "137", "2011-12-31": "138", "2011-09-30": "137", "2011-06-30": "139", "2011-03-31": "139", "2010-12-31": "138", "2010-09-30": "138", "2010-06-30": "140", "2010-03-31": "90", "2009-12-31": "78", "2009-09-30": "131", "2009-06-30": "128", "2009-03-31": "70", "2008-12-31": "61", "2008-09-30": "66", "2008-06-30": "127", "2008-03-31": "110", "2007-12-31": "62", "2007-09-30": "116", "2007-06-30": "63", "2007-03-31": "118", "2006-12-31": "44", "2006-09-30": "42", "2006-06-30": "44", "2006-03-31": "41", "2005-12-31": "38", "2005-09-30": "38", "2005-06-30": "100", "2005-03-31": "0"}}, "total-assets": {"Lazard Annual Total Assets (Millions of US $)": {"2019": "$5,640", "2018": "$4,997", "2017": "$4,929", "2016": "$4,557", "2015": "$4,478", "2014": "$3,332", "2013": "$3,011", "2012": "$2,987", "2011": "$3,082", "2010": "$3,423", "2009": "$3,148", "2008": "$2,863", "2007": "$3,840", "2006": "$3,209", "2005": "$1,911"}, "Lazard Quarterly Total Assets (Millions of US $)": {"2020-09-30": "$5,467", "2020-06-30": "$5,312", "2020-03-31": "$5,095", "2019-12-31": "$5,640", "2019-09-30": "$5,552", "2019-06-30": "$5,507", "2019-03-31": "$5,499", "2018-12-31": "$4,997", "2018-09-30": "$4,945", "2018-06-30": "$4,628", "2018-03-31": "$4,485", "2017-12-31": "$4,929", "2017-09-30": "$4,836", "2017-06-30": "$4,770", "2017-03-31": "$4,385", "2016-12-31": "$4,557", "2016-09-30": "$4,302", "2016-06-30": "$4,216", "2016-03-31": "$4,012", "2015-12-31": "$4,478", "2015-09-30": "$4,148", "2015-06-30": "$4,152", "2015-03-31": "$2,828", "2014-12-31": "$3,332", "2014-09-30": "$3,043", "2014-06-30": "$3,079", "2014-03-31": "$2,898", "2013-12-31": "$3,011", "2013-09-30": "$2,956", "2013-06-30": "$2,921", "2013-03-31": "$2,728", "2012-12-31": "$2,987", "2012-09-30": "$2,995", "2012-06-30": "$2,978", "2012-03-31": "$2,908", "2011-12-31": "$3,082", "2011-09-30": "$3,136", "2011-06-30": "$3,081", "2011-03-31": "$3,159", "2010-12-31": "$3,423", "2010-09-30": "$3,124", "2010-06-30": "$2,809", "2010-03-31": "$2,886", "2009-12-31": "$3,148", "2009-09-30": "$2,900", "2009-06-30": "$2,653", "2009-03-31": "$2,396", "2008-12-31": "$2,863", "2008-09-30": "$3,325", "2008-06-30": "$3,632", "2008-03-31": "$3,357", "2007-12-31": "$3,840", "2007-09-30": "$3,514", "2007-06-30": "$3,110", "2007-03-31": "$2,615", "2006-12-31": "$3,209", "2006-09-30": "$2,031", "2006-06-30": "$2,110", "2006-03-31": "$1,778", "2005-12-31": "$1,911", "2005-09-30": "$1,809", "2005-06-30": "$2,099", "2005-03-31": "$3,850"}}, "cash-on-hand": {"Lazard Annual Cash on Hand (Millions of US $)": {"2019": "$2,456", "2018": "$2,292", "2017": "$2,455", "2016": "$1,607", "2015": "$1,557", "2014": "$1,318", "2013": "$1,148", "2012": "$1,208", "2011": "$1,365", "2010": "$1,659", "2009": "$1,081", "2008": "$924", "2007": "$1,080", "2006": "$986", "2005": "$785"}, "Lazard Quarterly Cash on Hand (Millions of US $)": {"2020-09-30": "$2,880", "2020-06-30": "$2,616", "2020-03-31": "$1,916", "2019-12-31": "$2,988", "2019-09-30": "$2,824", "2019-06-30": "$2,836", "2019-03-31": "$2,189", "2018-12-31": "$2,292", "2018-09-30": "$2,186", "2018-06-30": "$1,883", "2018-03-31": "$1,864", "2017-12-31": "$2,455", "2017-09-30": "$1,942", "2017-06-30": "$1,747", "2017-03-31": "$1,498", "2016-12-31": "$1,607", "2016-09-30": "$1,424", "2016-06-30": "$1,347", "2016-03-31": "$1,123", "2015-12-31": "$1,557", "2015-09-30": "$1,171", "2015-06-30": "$1,023", "2015-03-31": "$871", "2014-12-31": "$1,318", "2014-09-30": "$1,106", "2014-06-30": "$1,074", "2014-03-31": "$1,005", "2013-12-31": "$1,148", "2013-09-30": "$1,021", "2013-06-30": "$1,007", "2013-03-31": "$901", "2012-12-31": "$1,208", "2012-09-30": "$1,161", "2012-06-30": "$1,154", "2012-03-31": "$1,098", "2011-12-31": "$1,365", "2011-09-30": "$1,324", "2011-06-30": "$1,333", "2011-03-31": "$1,423", "2010-12-31": "$1,659", "2010-09-30": "$872", "2010-06-30": "$818", "2010-03-31": "$723", "2009-12-31": "$1,081", "2009-09-30": "$815", "2009-06-30": "$904", "2009-03-31": "$839", "2008-12-31": "$924", "2008-09-30": "$786", "2008-06-30": "$776", "2008-03-31": "$744", "2007-12-31": "$1,080", "2007-09-30": "$1,754", "2007-06-30": "$1,709", "2007-03-31": "$1,323", "2006-12-31": "$986", "2006-09-30": "$960", "2006-06-30": "$869", "2006-03-31": "$774", "2005-12-31": "$785", "2005-09-30": "$692", "2005-06-30": "$698", "2005-03-31": "$2,331"}}, "long-term-debt": {"Lazard Annual Long Term Debt (Millions of US $)": {"2019": "$1,680", "2018": "$1,434", "2017": "$1,190", "2016": "$1,189", "2015": "$998", "2014": "$1,060", "2013": "$1,064", "2012": "$1,095", "2011": "$1,097", "2010": "$1,250", "2009": "$1,261", "2008": "$1,265", "2007": "$1,765", "2006": "$1,309", "2005": "$1,246"}, "Lazard Quarterly Long Term Debt (Millions of US $)": {"2020-09-30": "$1,681", "2020-06-30": "$1,681", "2020-03-31": "$1,680", "2019-12-31": "$1,680", "2019-09-30": "$1,679", "2019-06-30": "$1,678", "2019-03-31": "$1,759", "2018-12-31": "$1,434", "2018-09-30": "$1,434", "2018-06-30": "$1,191", "2018-03-31": "$1,191", "2017-12-31": "$1,190", "2017-09-30": "$1,190", "2017-06-30": "$1,189", "2017-03-31": "$1,196", "2016-12-31": "$1,189", "2016-09-30": "$999", "2016-06-30": "$999", "2016-03-31": "$999", "2015-12-31": "$998", "2015-09-30": "$1,008", "2015-06-30": "$1,008", "2015-03-31": "$1,009", "2014-12-31": "$1,060", "2014-09-30": "$1,061", "2014-06-30": "$1,063", "2014-03-31": "$1,064", "2013-12-31": "$1,064", "2013-09-30": "$1,093", "2013-06-30": "$1,093", "2013-03-31": "$1,093", "2012-12-31": "$1,095", "2012-09-30": "$1,095", "2012-06-30": "$1,095", "2012-03-31": "$1,097", "2011-12-31": "$1,097", "2011-09-30": "$1,098", "2011-06-30": "$1,250", "2011-03-31": "$1,250", "2010-12-31": "$1,250", "2010-09-30": "$1,249", "2010-06-30": "$1,247", "2010-03-31": "$1,259", "2009-12-31": "$1,261", "2009-09-30": "$1,263", "2009-06-30": "$1,262", "2009-03-31": "$1,262", "2008-12-31": "$1,265", "2008-09-30": "$1,328", "2008-06-30": "$1,332", "2008-03-31": "$1,770", "2007-12-31": "$1,765", "2007-09-30": "$1,769", "2007-06-30": "$1,766", "2007-03-31": "$1,309", "2006-12-31": "$1,309", "2006-09-30": "$1,308", "2006-06-30": "$1,314", "2006-03-31": "$1,240", "2005-12-31": "$1,246", "2005-09-30": "$1,231", "2005-06-30": "$1,256", "2005-03-31": "$1,583"}}, "total-liabilities": {"Lazard Annual Total Liabilities (Millions of US $)": {"2019": "$4,958", "2018": "$4,027", "2017": "$3,670", "2016": "$3,263", "2015": "$3,110", "2014": "$2,562", "2013": "$2,381", "2012": "$2,335", "2011": "$2,215", "2010": "$2,626", "2009": "$2,625", "2008": "$2,551", "2007": "$3,770", "2006": "$3,449", "2005": "$2,782"}, "Lazard Quarterly Total Liabilities (Millions of US $)": {"2020-09-30": "$4,688", "2020-06-30": "$4,628", "2020-03-31": "$4,536", "2019-12-31": "$4,958", "2019-09-30": "$4,866", "2019-06-30": "$4,790", "2019-03-31": "$4,728", "2018-12-31": "$4,027", "2018-09-30": "$3,823", "2018-06-30": "$3,515", "2018-03-31": "$3,429", "2017-12-31": "$3,670", "2017-09-30": "$3,468", "2017-06-30": "$3,467", "2017-03-31": "$3,172", "2016-12-31": "$3,263", "2016-09-30": "$3,001", "2016-06-30": "$3,011", "2016-03-31": "$2,789", "2015-12-31": "$3,110", "2015-09-30": "$2,936", "2015-06-30": "$3,283", "2015-03-31": "$2,290", "2014-12-31": "$2,562", "2014-09-30": "$2,405", "2014-06-30": "$2,513", "2014-03-31": "$2,343", "2013-12-31": "$2,381", "2013-09-30": "$2,299", "2013-06-30": "$2,329", "2013-03-31": "$2,151", "2012-12-31": "$2,335", "2012-09-30": "$2,161", "2012-06-30": "$2,151", "2012-03-31": "$2,047", "2011-12-31": "$2,215", "2011-09-30": "$2,218", "2011-06-30": "$2,223", "2011-03-31": "$2,319", "2010-12-31": "$2,626", "2010-09-30": "$2,488", "2010-06-30": "$2,224", "2010-03-31": "$2,317", "2009-12-31": "$2,625", "2009-09-30": "$2,275", "2009-06-30": "$2,277", "2009-03-31": "$2,150", "2008-12-31": "$2,551", "2008-09-30": "$3,031", "2008-06-30": "$3,279", "2008-03-31": "$3,321", "2007-12-31": "$3,770", "2007-09-30": "$3,589", "2007-06-30": "$3,254", "2007-03-31": "$2,822", "2006-12-31": "$3,449", "2006-09-30": "$2,745", "2006-06-30": "$2,855", "2006-03-31": "$2,600", "2005-12-31": "$2,782", "2005-09-30": "$2,727", "2005-06-30": "$3,058", "2005-03-31": "$3,563"}}, "total-share-holder-equity": {"Lazard Annual Share Holder Equity (Millions of US $)": {"2019": "$682", "2018": "$970", "2017": "$1,259", "2016": "$1,294", "2015": "$1,367", "2014": "$770", "2013": "$630", "2012": "$652", "2011": "$867", "2010": "$796", "2009": "$523", "2008": "$312", "2007": "$70", "2006": "$-240", "2005": "$-871"}, "Lazard Quarterly Share Holder Equity (Millions of US $)": {"2020-09-30": "$779", "2020-06-30": "$684", "2020-03-31": "$560", "2019-12-31": "$682", "2019-09-30": "$686", "2019-06-30": "$718", "2019-03-31": "$771", "2018-12-31": "$970", "2018-09-30": "$1,122", "2018-06-30": "$1,113", "2018-03-31": "$1,056", "2017-12-31": "$1,259", "2017-09-30": "$1,368", "2017-06-30": "$1,303", "2017-03-31": "$1,213", "2016-12-31": "$1,294", "2016-09-30": "$1,301", "2016-06-30": "$1,204", "2016-03-31": "$1,223", "2015-12-31": "$1,367", "2015-09-30": "$1,212", "2015-06-30": "$869", "2015-03-31": "$537", "2014-12-31": "$770", "2014-09-30": "$638", "2014-06-30": "$567", "2014-03-31": "$556", "2013-12-31": "$630", "2013-09-30": "$657", "2013-06-30": "$592", "2013-03-31": "$577", "2012-12-31": "$652", "2012-09-30": "$834", "2012-06-30": "$826", "2012-03-31": "$861", "2011-12-31": "$867", "2011-09-30": "$918", "2011-06-30": "$858", "2011-03-31": "$840", "2010-12-31": "$796", "2010-09-30": "$636", "2010-06-30": "$585", "2010-03-31": "$569", "2009-12-31": "$523", "2009-09-30": "$625", "2009-06-30": "$376", "2009-03-31": "$246", "2008-12-31": "$312", "2008-09-30": "$293", "2008-06-30": "$353", "2008-03-31": "$36", "2007-12-31": "$70", "2007-09-30": "$-75", "2007-06-30": "$-144", "2007-03-31": "$-207", "2006-12-31": "$-240", "2006-09-30": "$-713", "2006-06-30": "$-745", "2006-03-31": "$-822", "2005-12-31": "$-871", "2005-09-30": "$-917", "2005-06-30": "$-959", "2005-03-31": "$287"}}, "profit-margins": {"current": "11.62%"}, "gross margin": {"2020-09-30": "100.00%", "2020-06-30": "100.00%", "2020-03-31": "100.00%", "2019-12-31": "100.00%", "2019-09-30": "100.00%", "2019-06-30": "100.00%", "2019-03-31": "100.00%", "2018-12-31": "100.00%", "2018-09-30": "100.00%", "2018-06-30": "100.00%", "2018-03-31": "100.00%", "2017-12-31": "100.00%", "2017-09-30": "100.00%", "2017-06-30": "100.00%", "2017-03-31": "100.00%", "2016-12-31": "100.00%", "2016-09-30": "100.00%", "2016-06-30": "100.00%", "2016-03-31": "100.00%", "2015-12-31": "100.00%", "2015-09-30": "100.00%", "2015-06-30": "100.00%", "2015-03-31": "100.00%", "2014-12-31": "100.00%", "2014-09-30": "100.00%", "2014-06-30": "100.00%", "2014-03-31": "100.00%", "2013-12-31": "100.00%", "2013-09-30": "100.00%", "2013-06-30": "100.00%", "2013-03-31": "100.00%", "2012-12-31": "100.00%", "2012-09-30": "100.00%", "2012-06-30": "100.00%", "2012-03-31": "100.00%", "2011-12-31": "100.00%", "2011-09-30": "100.00%", "2011-06-30": "100.00%", "2011-03-31": "100.00%", "2010-12-31": "100.00%", "2010-09-30": "100.00%", "2010-06-30": "100.00%", "2010-03-31": "100.00%", "2009-12-31": "100.00%", "2009-09-30": "100.00%", "2009-06-30": "100.00%", "2009-03-31": "100.00%", "2008-12-31": "100.00%", "2008-09-30": "100.00%", "2008-06-30": "100.00%", "2008-03-31": "100.00%", "2007-12-31": "100.00%", "2007-09-30": "100.00%", "2007-06-30": "100.00%", "2007-03-31": "100.00%", "2006-12-31": "100.00%", "2006-09-30": "100.00%", "2006-06-30": "100.00%", "2006-03-31": "100.00%", "2005-12-31": "100.00%"}, "operating margin": {"2020-09-30": "16.77%", "2020-06-30": "14.49%", "2020-03-31": "14.39%", "2019-12-31": "15.19%", "2019-09-30": "16.84%", "2019-06-30": "19.98%", "2019-03-31": "22.65%", "2018-12-31": "24.10%", "2018-09-30": "31.37%", "2018-06-30": "31.56%", "2018-03-31": "31.05%", "2017-12-31": "31.24%", "2017-09-30": "23.49%", "2017-06-30": "23.82%", "2017-03-31": "23.14%", "2016-12-31": "22.15%", "2016-09-30": "22.33%", "2016-06-30": "41.86%", "2016-03-31": "0.31%", "2015-12-31": "-0.68%", "2015-09-30": "1.88%", "2015-06-30": "-17.26%", "2015-03-31": "20.81%", "2014-12-31": "22.61%", "2014-09-30": "17.24%", "2014-06-30": "16.42%", "2014-03-31": "14.27%", "2013-12-31": "10.93%", "2013-09-30": "7.19%", "2013-06-30": "5.58%", "2013-03-31": "5.96%", "2012-12-31": "6.53%", "2012-09-30": "6.37%", "2012-06-30": "8.49%", "2012-03-31": "10.66%", "2011-12-31": "12.85%", "2011-09-30": "19.37%", "2011-06-30": "19.00%", "2011-03-31": "18.43%", "2010-12-31": "12.81%", "2010-09-30": "-6.09%", "2010-06-30": "-6.58%", "2010-03-31": "-7.32%", "2009-12-31": "-11.95%", "2009-09-30": "6.59%", "2009-06-30": "-8.18%", "2009-03-31": "-5.61%", "2008-12-31": "1.61%", "2008-09-30": "5.83%", "2008-06-30": "18.77%", "2008-03-31": "19.29%", "2007-12-31": "21.80%", "2007-09-30": "22.22%", "2007-06-30": "21.20%", "2007-03-31": "21.41%", "2006-12-31": "21.89%", "2006-09-30": "20.82%", "2006-06-30": "21.91%", "2006-03-31": "23.38%", "2005-12-31": "26.29%"}, "ebitda margin": {"2020-09-30": "32.50%", "2020-06-30": "31.13%", "2020-03-31": "31.08%", "2019-12-31": "31.39%", "2019-09-30": "33.84%", "2019-06-30": "35.63%", "2019-03-31": "37.24%", "2018-12-31": "37.90%", "2018-09-30": "42.23%", "2018-06-30": "42.88%", "2018-03-31": "42.54%", "2017-12-31": "43.08%", "2017-09-30": "39.29%", "2017-06-30": "39.80%", "2017-03-31": "38.92%", "2016-12-31": "39.76%", "2016-09-30": "39.78%", "2016-06-30": "59.45%", "2016-03-31": "16.62%", "2015-12-31": "14.57%", "2015-09-30": "16.45%", "2015-06-30": "-2.68%", "2015-03-31": "36.08%", "2014-12-31": "37.22%", "2014-09-30": "32.47%", "2014-06-30": "32.24%", "2014-03-31": "30.81%", "2013-12-31": "28.77%", "2013-09-30": "27.11%", "2013-06-30": "26.46%", "2013-03-31": "27.50%", "2012-12-31": "27.39%", "2012-09-30": "26.72%", "2012-06-30": "27.44%", "2012-03-31": "28.29%", "2011-12-31": "31.27%", "2011-09-30": "35.50%", "2011-06-30": "34.54%", "2011-03-31": "33.86%", "2010-12-31": "30.97%", "2010-09-30": "18.01%", "2010-06-30": "18.99%", "2010-03-31": "19.58%", "2009-12-31": "14.24%", "2009-09-30": "28.61%", "2009-06-30": "13.94%", "2009-03-31": "14.90%", "2008-12-31": "19.14%", "2008-09-30": "19.88%", "2008-06-30": "30.60%", "2008-03-31": "29.26%", "2007-12-31": "29.58%", "2007-09-30": "28.86%", "2007-06-30": "26.33%", "2007-03-31": "25.41%", "2006-12-31": "24.63%", "2006-09-30": "23.34%", "2006-06-30": "23.84%", "2006-03-31": "24.98%", "2005-12-31": "27.67%"}, "pre tax profit margin": {"2020-09-30": "16.77%", "2020-06-30": "14.49%", "2020-03-31": "14.39%", "2019-12-31": "15.19%", "2019-09-30": "16.84%", "2019-06-30": "19.98%", "2019-03-31": "22.65%", "2018-12-31": "24.10%", "2018-09-30": "31.37%", "2018-06-30": "31.56%", "2018-03-31": "31.05%", "2017-12-31": "31.24%", "2017-09-30": "23.49%", "2017-06-30": "23.82%", "2017-03-31": "23.14%", "2016-12-31": "22.15%", "2016-09-30": "22.33%", "2016-06-30": "41.86%", "2016-03-31": "0.31%", "2015-12-31": "-0.68%", "2015-09-30": "1.88%", "2015-06-30": "-17.26%", "2015-03-31": "20.81%", "2014-12-31": "22.61%", "2014-09-30": "17.24%", "2014-06-30": "16.42%", "2014-03-31": "14.27%", "2013-12-31": "10.93%", "2013-09-30": "7.19%", "2013-06-30": "5.58%", "2013-03-31": "5.96%", "2012-12-31": "6.53%", "2012-09-30": "6.37%", "2012-06-30": "8.49%", "2012-03-31": "10.66%", "2011-12-31": "12.85%", "2011-09-30": "19.37%", "2011-06-30": "19.00%", "2011-03-31": "18.43%", "2010-12-31": "12.81%", "2010-09-30": "-6.09%", "2010-06-30": "-6.58%", "2010-03-31": "-7.32%", "2009-12-31": "-11.95%", "2009-09-30": "6.59%", "2009-06-30": "-8.18%", "2009-03-31": "-5.61%", "2008-12-31": "1.61%", "2008-09-30": "5.83%", "2008-06-30": "18.77%", "2008-03-31": "19.29%", "2007-12-31": "21.80%", "2007-09-30": "22.22%", "2007-06-30": "21.20%", "2007-03-31": "21.41%", "2006-12-31": "21.89%", "2006-09-30": "20.82%", "2006-06-30": "21.91%", "2006-03-31": "23.38%", "2005-12-31": "26.29%"}, "net profit margin": {"2020-09-30": "12.00%", "2020-06-30": "10.78%", "2020-03-31": "10.24%", "2019-12-31": "11.09%", "2019-09-30": "12.65%", "2019-06-30": "14.80%", "2019-03-31": "17.09%", "2018-12-31": "18.65%", "2018-09-30": "11.71%", "2018-06-30": "11.79%", "2018-03-31": "10.99%", "2017-12-31": "9.57%", "2017-09-30": "17.50%", "2017-06-30": "17.76%", "2017-03-31": "17.45%", "2016-12-31": "16.62%", "2016-09-30": "18.70%", "2016-06-30": "32.00%", "2016-03-31": "43.89%", "2015-12-31": "41.93%", "2015-09-30": "41.80%", "2015-06-30": "28.95%", "2015-03-31": "17.14%", "2014-12-31": "18.57%", "2014-09-30": "13.51%", "2014-06-30": "12.72%", "2014-03-31": "10.63%", "2013-12-31": "8.01%", "2013-09-30": "5.23%", "2013-06-30": "3.93%", "2013-03-31": "4.05%", "2012-12-31": "4.44%", "2012-09-30": "4.71%", "2012-06-30": "6.26%", "2012-03-31": "7.78%", "2011-12-31": "9.57%", "2011-09-30": "14.20%", "2011-06-30": "14.31%", "2011-03-31": "13.86%", "2010-12-31": "9.19%", "2010-09-30": "-3.82%", "2010-06-30": "-5.44%", "2010-03-31": "-6.57%", "2009-12-31": "-8.62%", "2009-09-30": "3.54%", "2009-06-30": "-4.55%", "2009-03-31": "-3.87%", "2008-12-31": "0.19%", "2008-09-30": "1.42%", "2008-06-30": "7.47%", "2008-03-31": "7.38%", "2007-12-31": "8.09%", "2007-09-30": "7.31%", "2007-06-30": "6.73%", "2007-03-31": "6.55%", "2006-12-31": "6.29%", "2006-09-30": "-0.58%", "2006-06-30": "-0.14%", "2006-03-31": "0.15%", "2005-12-31": "4.23%"}, "pe ratio": {"current": "11.82", "2021-02-05": "16.59", "2020-09-30": "12.79", "2020-06-30": "12.16", "2020-03-31": "10.33", "2019-12-31": "15.60", "2019-09-30": "12.38", "2019-06-30": "10.36", "2019-03-31": "9.15", "2018-12-31": "8.19", "2018-09-30": "17.39", "2018-06-30": "17.53", "2018-03-31": "20.51", "2017-12-31": "24.18", "2017-09-30": "10.85", "2017-06-30": "10.93", "2017-03-31": "11.74", "2016-12-31": "11.19", "2016-09-30": "9.12", "2016-06-30": "4.39", "2016-03-31": "3.99", "2015-12-31": "4.46", "2015-09-30": "4.19", "2015-06-30": "7.82", "2015-03-31": "12.52", "2014-12-31": "10.92", "2014-09-30": "15.21", "2014-06-30": "17.00", "2014-03-31": "19.06", "2013-12-31": "25.59", "2013-09-30": "31.99", "2013-06-30": "37.81", "2013-03-31": "39.84", "2012-12-31": "30.54", "2012-09-30": "28.90", "2012-06-30": "18.92", "2012-03-31": "16.25", "2011-12-31": "12.55", "2011-09-30": "6.42", "2011-06-30": "11.39", "2011-03-31": "13.79", "2010-12-31": "21.96", "2010-09-30": "0.00", "2010-06-30": "0.00", "2010-03-31": "0.00", "2009-12-31": "0.00", "2009-09-30": "72.88", "2009-06-30": "0.00", "2009-03-31": "0.00", "2008-12-31": "1818.13", "2008-09-30": "47.37", "2008-06-30": "8.47", "2008-03-31": "9.53", "2007-12-31": "8.91", "2007-09-30": "10.23", "2007-06-30": "14.27", "2007-03-31": "15.30", "2006-12-31": "16.80"}, "price sales": {"2021-02-05": "2.00", "2020-09-30": "1.54", "2020-06-30": "1.31", "2020-03-31": "1.04", "2019-12-31": "1.70", "2019-09-30": "1.54", "2019-06-30": "1.52", "2019-03-31": "1.57", "2018-12-31": "1.53", "2018-09-30": "1.99", "2018-06-30": "2.02", "2018-03-31": "2.19", "2017-12-31": "2.23", "2017-09-30": "1.89", "2017-06-30": "1.93", "2017-03-31": "2.04", "2016-12-31": "1.86", "2016-09-30": "1.70", "2016-06-30": "1.40", "2016-03-31": "1.75", "2015-12-31": "1.87", "2015-09-30": "1.76", "2015-06-30": "2.28", "2015-03-31": "2.15", "2014-12-31": "2.04", "2014-09-30": "2.07", "2014-06-30": "2.18", "2014-03-31": "2.05", "2013-12-31": "2.08", "2013-09-30": "1.66", "2013-06-30": "1.51", "2013-03-31": "1.65", "2012-12-31": "1.39", "2012-09-30": "1.44", "2012-06-30": "1.25", "2012-03-31": "1.35", "2011-12-31": "1.26", "2011-09-30": "0.94", "2011-06-30": "1.66", "2011-03-31": "1.91", "2010-12-31": "1.61", "2010-09-30": "1.26", "2010-06-30": "0.96", "2010-03-31": "1.29", "2009-12-31": "1.48", "2009-09-30": "1.62", "2009-06-30": "0.88", "2009-03-31": "0.92", "2008-12-31": "0.97", "2008-09-30": "1.18", "2008-06-30": "1.01", "2008-03-31": "0.98", "2007-12-31": "1.03", "2007-09-30": "1.01", "2007-06-30": "0.98", "2007-03-31": "1.01", "2006-12-31": "0.81"}, "price book": {"current": "5.71", "2021-02-05": "5.71", "2020-09-30": "4.40", "2020-06-30": "4.27", "2020-03-31": "4.20", "2019-12-31": "5.78", "2019-09-30": "5.04", "2019-06-30": "4.77", "2019-03-31": "4.83", "2018-12-31": "3.84", "2018-09-30": "4.52", "2018-06-30": "4.65", "2018-03-31": "5.24", "2017-12-31": "4.21", "2017-09-30": "3.33", "2017-06-30": "3.60", "2017-03-31": "3.84", "2016-12-31": "3.09", "2016-09-30": "2.73", "2016-06-30": "2.40", "2016-03-31": "3.10", "2015-12-31": "3.03", "2015-09-30": "3.26", "2015-06-30": "5.90", "2015-03-31": "8.86", "2014-12-31": "5.37", "2014-09-30": "7.14", "2014-06-30": "7.69", "2014-03-31": "7.17", "2013-12-31": "5.93", "2013-09-30": "4.78", "2013-06-30": "4.70", "2013-03-31": "5.04", "2012-12-31": "3.52", "2012-09-30": "2.62", "2012-06-30": "2.38", "2012-03-31": "2.56", "2011-12-31": "2.30", "2011-09-30": "1.74", "2011-06-30": "3.18", "2011-03-31": "3.65", "2010-12-31": "3.52", "2010-09-30": "3.82", "2010-06-30": "3.10", "2010-03-31": "3.80", "2009-12-31": "3.88", "2009-09-30": "3.34", "2009-06-30": "3.36", "2009-03-31": "4.91", "2008-12-31": "3.90", "2008-09-30": "6.14", "2008-06-30": "3.70", "2008-03-31": "29.80", "2007-12-31": "17.49", "2007-09-30": "-17.14", "2007-06-30": "-9.69", "2007-03-31": "-7.50", "2006-12-31": "-6.08", "2006-09-30": "-1.25", "2006-06-30": "-1.21", "2006-03-31": "-1.20"}, "price fcf": {"2021-02-05": "", "2020-09-30": "$4.99", "2020-06-30": "$4.70", "2020-03-31": "$5.39", "2019-12-31": "$5.48", "2019-09-30": "$5.52", "2019-06-30": "$5.33", "2019-03-31": "$4.05", "2018-12-31": "$5.03", "2018-09-30": "$2.16", "2018-06-30": "$2.72", "2018-03-31": "$4.08", "2017-12-31": "$5.21", "2017-09-30": "$7.39", "2017-06-30": "$7.18", "2017-03-31": "$6.00", "2016-12-31": "$4.49", "2016-09-30": "$4.80", "2016-06-30": "$5.03", "2016-03-31": "$5.44", "2015-12-31": "$6.46", "2015-09-30": "$6.10", "2015-06-30": "$5.91", "2015-03-31": "$5.20", "2014-12-31": "$5.35", "2014-09-30": "$5.65", "2014-06-30": "$4.63", "2014-03-31": "$4.66", "2013-12-31": "$3.53", "2013-09-30": "$2.70", "2013-06-30": "$3.00", "2013-03-31": "$3.11", "2012-12-31": "$3.07", "2012-09-30": "$1.89", "2012-06-30": "$2.40", "2012-03-31": "$2.29", "2011-12-31": "$2.56", "2011-09-30": "$2.79", "2011-06-30": "$1.88", "2011-03-31": "$3.21", "2010-12-31": "$1.13", "2010-09-30": "$2.33", "2010-06-30": "$1.90", "2010-03-31": "$0.70", "2009-12-31": "$2.98", "2009-09-30": "$6.70", "2009-06-30": "$8.01", "2009-03-31": "$8.29", "2008-12-31": "$8.02", "2008-09-30": "$4.26", "2008-06-30": "$6.12", "2008-03-31": "$2.39", "2007-12-31": "$0.92", "2007-09-30": "$0.66", "2007-06-30": "$-0.43", "2007-03-31": "$4.42", "2006-12-31": "$5.20"}, "net worth": {"value": "$4.44B"}, "current ratio": {"2020-09-30": "2.04", "2020-06-30": "2.05", "2020-03-31": "1.69", "2019-12-31": "1.97", "2019-09-30": "1.91", "2019-06-30": "1.95", "2019-03-31": "1.77", "2018-12-31": "1.71", "2018-09-30": "1.83", "2018-06-30": "1.78", "2018-03-31": "1.97", "2017-12-31": "1.91", "2017-09-30": "2.09", "2017-06-30": "1.99", "2017-03-31": "2.21", "2016-12-31": "2.22", "2016-09-30": "2.04", "2016-06-30": "1.86", "2016-03-31": "2.15", "2015-12-31": "1.91", "2015-09-30": "1.96", "2015-06-30": "2.00", "2015-03-31": "2.03", "2014-12-31": "2.03", "2014-09-30": "2.00", "2014-06-30": "1.83", "2014-03-31": "2.21", "2013-12-31": "2.07", "2013-09-30": "2.30", "2013-06-30": "2.11", "2013-03-31": "2.59", "2012-12-31": "2.28", "2012-09-30": "2.91", "2012-06-30": "2.75", "2012-03-31": "3.27", "2011-12-31": "2.76", "2011-09-30": "3.22", "2011-06-30": "4.05", "2011-03-31": "4.18", "2010-12-31": "2.58", "2010-09-30": "2.27", "2010-06-30": "2.79", "2010-03-31": "2.79", "2009-12-31": "1.88", "2009-09-30": "2.69", "2009-06-30": "2.64", "2009-03-31": "2.91", "2008-12-31": "2.09", "2008-09-30": "1.92", "2008-06-30": "1.70", "2008-03-31": "2.01", "2007-12-31": "1.57", "2007-09-30": "2.19", "2007-06-30": "2.58", "2007-03-31": "2.17", "2006-12-31": "1.35", "2006-09-30": "1.70", "2006-06-30": "1.61", "2006-03-31": "1.91", "2005-12-31": "1.72", "2005-09-30": "1.70", "2005-06-30": "1.50", "2005-03-31": "2.87"}, "quick ratio": {"2020-09-30": "0.00", "2020-06-30": "0.00", "2020-03-31": "0.00", "2019-12-31": "0.00", "2019-09-30": "0.00", "2019-06-30": "0.00", "2019-03-31": "0.00", "2018-12-31": "0.00", "2018-09-30": "0.00", "2018-06-30": "0.00", "2018-03-31": "0.00", "2017-12-31": "0.00", "2017-09-30": "0.00", "2017-06-30": "0.00", "2017-03-31": "0.00", "2016-12-31": "0.00", "2016-09-30": "0.00", "2016-06-30": "0.00", "2016-03-31": "0.00", "2015-12-31": "0.00", "2015-09-30": "0.00", "2015-06-30": "0.00", "2015-03-31": "0.00", "2014-12-31": "0.00", "2014-09-30": "0.00", "2014-06-30": "0.00", "2014-03-31": "0.00", "2013-12-31": "0.00", "2013-09-30": "0.00", "2013-06-30": "0.00", "2013-03-31": "0.00", "2012-12-31": "0.00", "2012-09-30": "0.00", "2012-06-30": "0.00", "2012-03-31": "0.00", "2011-12-31": "0.00", "2011-09-30": "0.00", "2011-06-30": "0.00", "2011-03-31": "0.00", "2010-12-31": "0.00", "2010-09-30": "0.00", "2010-06-30": "0.00", "2010-03-31": "0.00", "2009-12-31": "0.00", "2009-09-30": "0.00", "2009-06-30": "0.00", "2009-03-31": "0.00", "2008-12-31": "0.00", "2008-09-30": "0.00", "2008-06-30": "0.00", "2008-03-31": "0.00", "2007-12-31": "0.00", "2007-09-30": "0.00", "2007-06-30": "0.00", "2007-03-31": "0.00", "2006-12-31": "0.00", "2006-09-30": "0.00", "2006-06-30": "0.00", "2006-03-31": "0.00", "2005-12-31": "0.00", "2005-09-30": "0.00", "2005-06-30": "0.00", "2005-03-31": "0.00"}, "debt equity ratio": {"current": "2.16", "2020-09-30": "6.02", "2020-06-30": "6.77", "2020-03-31": "8.11", "2019-12-31": "7.27", "2019-09-30": "7.09", "2019-06-30": "6.67", "2019-03-31": "6.13", "2018-12-31": "4.15", "2018-09-30": "3.41", "2018-06-30": "3.16", "2018-03-31": "3.25", "2017-12-31": "2.92", "2017-09-30": "2.53", "2017-06-30": "2.66", "2017-03-31": "2.62", "2016-12-31": "2.52", "2016-09-30": "2.31", "2016-06-30": "2.50", "2016-03-31": "2.28", "2015-12-31": "2.28", "2015-09-30": "2.42", "2015-06-30": "3.78", "2015-03-31": "4.26", "2014-12-31": "3.33", "2014-09-30": "3.77", "2014-06-30": "4.43", "2014-03-31": "4.22", "2013-12-31": "3.78", "2013-09-30": "3.50", "2013-06-30": "3.93", "2013-03-31": "3.73", "2012-12-31": "3.58", "2012-09-30": "2.59", "2012-06-30": "2.60", "2012-03-31": "2.38", "2011-12-31": "2.56", "2011-09-30": "2.42", "2011-06-30": "2.59", "2011-03-31": "2.76", "2010-12-31": "3.30", "2010-09-30": "3.91", "2010-06-30": "3.80", "2010-03-31": "4.07", "2009-12-31": "5.02", "2009-09-30": "3.64", "2009-06-30": "6.06", "2009-03-31": "8.74", "2008-12-31": "8.18", "2008-09-30": "10.33", "2008-06-30": "9.30", "2008-03-31": "91.15", "2007-12-31": "53.60", "2007-09-30": "-48.15", "2007-06-30": "-22.61", "2007-03-31": "-13.64", "2006-12-31": "-14.35", "2006-09-30": "-3.85", "2006-06-30": "-3.83", "2006-03-31": "-3.16", "2005-12-31": "-3.20", "2005-09-30": "-2.97", "2005-06-30": "-3.19", "2005-03-31": "12.40"}, "return on equity": {"2020-09-30": "42.74%", "2020-06-30": "39.97%", "2020-03-31": "38.40%", "2019-12-31": "40.18%", "2019-09-30": "41.08%", "2019-06-30": "42.78%", "2019-03-31": "46.68%", "2018-12-31": "49.47%", "2018-09-30": "29.01%", "2018-06-30": "27.69%", "2018-03-31": "24.47%", "2017-12-31": "19.68%", "2017-09-30": "35.92%", "2017-06-30": "36.71%", "2017-03-31": "34.24%", "2016-12-31": "30.90%", "2016-09-30": "32.82%", "2016-06-30": "56.25%", "2016-03-31": "85.46%", "2015-12-31": "99.07%", "2015-09-30": "118.18%", "2015-06-30": "98.22%", "2015-03-31": "64.01%", "2014-12-31": "67.48%", "2014-09-30": "51.53%", "2014-06-30": "46.31%", "2014-03-31": "36.96%", "2013-12-31": "25.90%", "2013-09-30": "16.30%", "2013-06-30": "11.15%", "2013-03-31": "10.25%", "2012-12-31": "10.72%", "2012-09-30": "10.04%", "2012-06-30": "13.25%", "2012-03-31": "16.67%", "2011-12-31": "20.10%", "2011-09-30": "32.83%", "2011-06-30": "35.91%", "2011-03-31": "36.96%", "2010-12-31": "27.07%", "2010-09-30": "-11.93%", "2010-06-30": "-16.68%", "2010-03-31": "-21.60%", "2009-12-31": "-29.83%", "2009-09-30": "12.83%", "2009-06-30": "-20.86%", "2009-03-31": "-19.27%", "2008-12-31": "1.21%", "2008-09-30": "13.30%", "2008-06-30": "147.92%", "2008-03-31": "-484.96%", "2007-12-31": "-174.16%", "2007-09-30": "-79.28%", "2007-06-30": "-32.21%", "2007-03-31": "-21.00%", "2006-12-31": "-14.92%", "2006-09-30": "1.02%", "2006-06-30": "0.24%", "2006-03-31": "-0.22%", "2005-12-31": "-8.94%"}, "return on assets": {"2020-09-30": "5.37%", "2020-06-30": "4.83%", "2020-03-31": "4.66%", "2019-12-31": "5.17%", "2019-09-30": "5.99%", "2019-06-30": "7.31%", "2019-03-31": "9.25%", "2018-12-31": "11.06%", "2018-09-30": "6.95%", "2018-06-30": "7.03%", "2018-03-31": "6.41%", "2017-12-31": "5.35%", "2017-09-30": "10.03%", "2017-06-30": "10.41%", "2017-03-31": "9.83%", "2016-12-31": "9.08%", "2016-09-30": "9.83%", "2016-06-30": "16.71%", "2016-03-31": "23.78%", "2015-12-31": "25.30%", "2015-09-30": "27.69%", "2015-06-30": "20.70%", "2015-03-31": "13.09%", "2014-12-31": "13.83%", "2014-09-30": "10.24%", "2014-06-30": "9.34%", "2014-03-31": "7.64%", "2013-12-31": "5.48%", "2013-09-30": "3.49%", "2013-06-30": "2.54%", "2013-03-31": "2.53%", "2012-12-31": "2.86%", "2012-09-30": "2.84%", "2012-06-30": "3.80%", "2012-03-31": "4.78%", "2011-12-31": "5.62%", "2011-09-30": "8.75%", "2011-06-30": "8.79%", "2011-03-31": "8.44%", "2010-12-31": "5.72%", "2010-09-30": "-2.31%", "2010-06-30": "-3.27%", "2010-03-31": "-3.90%", "2009-12-31": "-4.76%", "2009-09-30": "1.85%", "2009-06-30": "-2.28%", "2009-03-31": "-1.90%", "2008-12-31": "0.09%", "2008-09-30": "0.71%", "2008-06-30": "3.96%", "2008-03-31": "3.96%", "2007-12-31": "4.74%", "2007-09-30": "4.24%", "2007-06-30": "3.83%", "2007-03-31": "4.01%", "2006-12-31": "4.12%", "2006-09-30": "-0.41%", "2006-06-30": "-0.11%", "2006-03-31": "0.11%", "2005-12-31": "2.28%"}, "return on investments": {"2020-09-30": "17.14%", "2020-06-30": "15.05%", "2020-03-31": "15.25%", "2019-12-31": "16.29%", "2019-09-30": "17.74%", "2019-06-30": "20.92%", "2019-03-31": "25.12%", "2018-12-31": "28.64%", "2018-09-30": "37.01%", "2018-06-30": "37.20%", "2018-03-31": "35.38%", "2017-12-31": "33.35%", "2017-09-30": "25.11%", "2017-06-30": "25.98%", "2017-03-31": "24.23%", "2016-12-31": "22.46%", "2016-09-30": "21.96%", "2016-06-30": "40.89%", "2016-03-31": "0.32%", "2015-12-31": "-0.80%", "2015-09-30": "2.41%", "2015-06-30": "-23.70%", "2015-03-31": "29.11%", "2014-12-31": "30.69%", "2014-09-30": "23.67%", "2014-06-30": "21.52%", "2014-03-31": "17.90%", "2013-12-31": "12.77%", "2013-09-30": "8.12%", "2013-06-30": "5.97%", "2013-03-31": "6.00%", "2012-12-31": "6.62%", "2012-09-30": "5.92%", "2012-06-30": "7.94%", "2012-03-31": "9.94%", "2011-12-31": "11.49%", "2011-09-30": "18.50%", "2011-06-30": "18.35%", "2011-03-31": "17.88%", "2010-12-31": "12.86%", "2010-09-30": "-6.00%", "2010-06-30": "-6.33%", "2010-03-31": "-7.06%", "2009-12-31": "-10.74%", "2009-09-30": "5.63%", "2009-06-30": "-7.25%", "2009-03-31": "-5.26%", "2008-12-31": "1.50%", "2008-09-30": "5.93%", "2008-06-30": "20.34%", "2008-03-31": "20.58%", "2007-12-31": "26.73%", "2007-09-30": "29.23%", "2007-06-30": "30.17%", "2007-03-31": "39.22%", "2006-12-31": "49.36%", "2006-09-30": "59.10%", "2006-06-30": "75.75%", "2006-03-31": "91.87%", "2005-12-31": "47.92%"}, "return on tangible equity": {"2020-09-30": "93.98%", "2020-06-30": "91.42%", "2020-03-31": "86.84%", "2019-12-31": "84.16%", "2019-09-30": "78.26%", "2019-06-30": "73.80%", "2019-03-31": "75.32%", "2018-12-31": "77.05%", "2018-09-30": "43.87%", "2018-06-30": "40.95%", "2018-03-31": "35.62%", "2017-12-31": "28.25%", "2017-09-30": "51.30%", "2017-06-30": "52.15%", "2017-03-31": "48.20%", "2016-12-31": "42.81%", "2016-09-30": "44.55%", "2016-06-30": "76.27%", "2016-03-31": "119.20%", "2015-12-31": "148.42%", "2015-09-30": "195.99%", "2015-06-30": "192.21%", "2015-03-31": "145.78%", "2014-12-31": "156.55%", "2014-09-30": "131.91%", "2014-06-30": "119.49%", "2014-03-31": "94.44%", "2013-12-31": "67.09%", "2013-09-30": "42.93%", "2013-06-30": "26.96%", "2013-03-31": "22.54%", "2012-12-31": "21.33%", "2012-09-30": "18.79%", "2012-06-30": "24.27%", "2012-03-31": "29.87%", "2011-12-31": "35.57%", "2011-09-30": "58.06%", "2011-06-30": "65.27%", "2011-03-31": "70.03%", "2010-12-31": "54.56%", "2010-09-30": "-26.21%", "2010-06-30": "-36.61%", "2010-03-31": "-47.23%", "2009-12-31": "-68.39%", "2009-09-30": "28.41%", "2009-06-30": "-51.41%", "2009-03-31": "-50.11%", "2008-12-31": "5.19%", "2008-09-30": "-416.67%", "2008-06-30": "-145.64%", "2008-03-31": "-78.06%", "2007-12-31": "-81.36%", "2007-09-30": "-58.60%", "2007-06-30": "-30.61%", "2007-03-31": "-20.27%", "2006-12-31": "-14.53%", "2006-09-30": "0.99%", "2006-06-30": "0.23%", "2006-03-31": "-0.22%", "2005-12-31": "-8.71%"}, "dividend yield history": {"last payout": "$1.88", "last yield": "4.44%"}}