{"ticker": "LB", "price": {"title": "L Brands Historical Annual Stock Price Data", "value": 48.25, "historical": {"2021": {"Average Stock Price": "44.9986", "Year Open": "39.6000", "Year High": "50.7800", "Year Low": "37.5400", "Year Close": "48.2500", "Annual % Change": "29.74%"}, "2020": {"Average Stock Price": "23.7250", "Year Open": "17.4900", "Year High": "41.5800", "Year Low": "9.1700", "Year Close": "37.1900", "Annual % Change": "105.24%"}, "2019": {"Average Stock Price": "22.7765", "Year Open": "26.3100", "Year High": "28.8700", "Year Low": "15.8600", "Year Close": "18.1200", "Annual % Change": "-29.41%"}, "2018": {"Average Stock Price": "36.0659", "Year Open": "59.8900", "Year High": "59.8900", "Year Low": "24.5900", "Year Close": "25.6700", "Annual % Change": "-57.37%"}, "2017": {"Average Stock Price": "49.4713", "Year Open": "66.5800", "Year High": "67.3400", "Year Low": "36.0600", "Year Close": "60.2200", "Annual % Change": "-8.54%"}, "2016": {"Average Stock Price": "75.9669", "Year Open": "94.0000", "Year High": "96.5600", "Year Low": "60.6200", "Year Close": "65.8400", "Annual % Change": "-31.29%"}, "2015": {"Average Stock Price": "89.8610", "Year Open": "86.0500", "Year High": "100.2200", "Year Low": "77.8700", "Year Close": "95.8200", "Annual % Change": "10.71%"}, "2014": {"Average Stock Price": "62.8752", "Year Open": "61.5900", "Year High": "86.5500", "Year Low": "50.8700", "Year Close": "86.5500", "Annual % Change": "39.94%"}, "2013": {"Average Stock Price": "53.5629", "Year Open": "47.4000", "Year High": "65.6000", "Year Low": "42.8500", "Year Close": "61.8500", "Annual % Change": "31.43%"}, "2012": {"Average Stock Price": "46.8669", "Year Open": "39.1500", "Year High": "52.1500", "Year Low": "38.8700", "Year Close": "47.0600", "Annual % Change": "16.63%"}, "2011": {"Average Stock Price": "37.1761", "Year Open": "30.6900", "Year High": "45.2200", "Year Low": "28.4200", "Year Close": "40.3500", "Annual % Change": "31.30%"}, "2010": {"Average Stock Price": "25.8895", "Year Open": "19.3100", "Year High": "34.9000", "Year Low": "18.3800", "Year Close": "30.7300", "Annual % Change": "59.72%"}, "2009": {"Average Stock Price": "13.1754", "Year Open": "10.7300", "Year High": "19.8200", "Year Low": "6.2600", "Year Close": "19.2400", "Annual % Change": "91.63%"}, "2008": {"Average Stock Price": "15.9842", "Year Open": "18.1700", "Year High": "22.0600", "Year Low": "7.1300", "Year Close": "10.0400", "Annual % Change": "-46.96%"}, "2007": {"Average Stock Price": "24.6965", "Year Open": "29.5800", "Year High": "29.6700", "Year Low": "17.5300", "Year Close": "18.9300", "Annual % Change": "-34.59%"}, "2006": {"Average Stock Price": "26.2460", "Year Open": "22.3000", "Year High": "32.1000", "Year Low": "22.0500", "Year Close": "28.9400", "Annual % Change": "29.49%"}, "2005": {"Average Stock Price": "22.2324", "Year Open": "22.5500", "Year High": "25.1200", "Year Low": "18.8100", "Year Close": "22.3500", "Annual % Change": "-2.91%"}, "2004": {"Average Stock Price": "20.8468", "Year Open": "17.7500", "Year High": "27.8300", "Year Low": "17.5800", "Year Close": "23.0200", "Annual % Change": "27.68%"}, "2003": {"Average Stock Price": "15.2262", "Year Open": "14.0000", "Year High": "18.1800", "Year Low": "11.0500", "Year Close": "18.0300", "Annual % Change": "29.43%"}, "2002": {"Average Stock Price": "17.2302", "Year Open": "15.5200", "Year High": "22.2500", "Year Low": "12.9000", "Year Close": "13.9300", "Annual % Change": "-5.37%"}, "2001": {"Average Stock Price": "15.2907", "Year Open": "16.4400", "Year High": "20.7400", "Year Low": "9.4200", "Year Close": "14.7200", "Annual % Change": "-13.72%"}, "2000": {"Average Stock Price": "21.0407", "Year Open": "20.2800", "Year High": "27.7500", "Year Low": "14.5950", "Year Close": "17.0600", "Annual % Change": "-21.22%"}, "1999": {"Average Stock Price": "20.4323", "Year Open": "13.8750", "Year High": "25.0000", "Year Low": "13.8750", "Year Close": "21.6550", "Annual % Change": "48.73%"}, "1998": {"Average Stock Price": "14.2467", "Year Open": "12.6250", "Year High": "18.1250", "Year Low": "10.5000", "Year Close": "14.5600", "Annual % Change": "14.20%"}, "1997": {"Average Stock Price": "10.4873", "Year Open": "9.1250", "Year High": "12.7500", "Year Low": "8.3100", "Year Close": "12.7500", "Annual % Change": "38.74%"}, "1996": {"Average Stock Price": "9.4674", "Year Open": "8.6250", "Year High": "11.0000", "Year Low": "7.6900", "Year Close": "9.1900", "Annual % Change": "7.36%"}, "1995": {"Average Stock Price": "9.7774", "Year Open": "8.8100", "Year High": "11.5000", "Year Low": "8.0600", "Year Close": "8.5600", "Annual % Change": "-5.52%"}, "1994": {"Average Stock Price": "9.4901", "Year Open": "8.5600", "Year High": "11.1250", "Year Low": "8.4400", "Year Close": "9.0600", "Annual % Change": "6.59%"}, "1993": {"Average Stock Price": "11.4494", "Year Open": "13.3100", "Year High": "14.9400", "Year Low": "8.3750", "Year Close": "8.5000", "Annual % Change": "-37.04%"}, "1992": {"Average Stock Price": "12.3394", "Year Open": "14.5000", "Year High": "16.1900", "Year Low": "10.0000", "Year Close": "13.5000", "Annual % Change": "-6.09%"}, "1991": {"Average Stock Price": "13.1256", "Year Open": "9.1900", "Year High": "15.8100", "Year Low": "9.1250", "Year Close": "14.3750", "Annual % Change": "59.72%"}, "1990": {"Average Stock Price": "9.3099", "Year Open": "9.0625", "Year High": "12.6250", "Year Low": "6.0000", "Year Close": "9.0000", "Annual % Change": "3.21%"}, "1989": {"Average Stock Price": "8.1770", "Year Open": "6.7200", "Year High": "9.8125", "Year Low": "6.5000", "Year Close": "8.7200", "Annual % Change": "28.00%"}, "1988": {"Average Stock Price": "5.4261", "Year Open": "4.5000", "Year High": "6.9375", "Year Low": "4.1550", "Year Close": "6.8125", "Annual % Change": "57.97%"}, "1987": {"Average Stock Price": "9.3605", "Year Open": "8.2500", "Year High": "13.0000", "Year Low": "4.0625", "Year Close": "4.3125", "Annual % Change": "-45.67%"}, "1986": {"Average Stock Price": "7.1883", "Year Open": "5.2083", "Year High": "8.5000", "Year Low": "5.1250", "Year Close": "7.9375", "Annual % Change": "52.40%"}}}, "market cap": {"value": "$13.62B"}, "income statement": {"Revenue": {"2020-01-31": "12914.00000", "2019-01-31": "13237.00000", "2018-01-31": "12632.00000", "2017-01-31": "12574.00000", "2016-01-31": "12154.00000", "2015-01-31": "11454.00000", "2014-01-31": "10773.00000", "2013-01-31": "10459.00000", "2012-01-31": "10364.00000", "2011-01-31": "9613.00000", "2010-01-31": "8632.00000", "2009-01-31": "9043.00000", "2008-01-31": "10134.00000", "2007-01-31": "10671.00000", "2006-01-31": "9699.00000", "2005-01-31": "9408.00000"}, "Cost Of Goods Sold": {"2020-01-31": "8464.00000", "2019-01-31": "8338.00000", "2018-01-31": "7673.00000", "2017-01-31": "7449.00000", "2016-01-31": "6950.00000", "2015-01-31": "6646.00000", "2014-01-31": "6344.00000", "2013-01-31": "6073.00000", "2012-01-31": "6307.00000", "2011-01-31": "5982.00000", "2010-01-31": "5604.00000", "2009-01-31": "6037.00000", "2008-01-31": "6625.00000", "2007-01-31": "6658.00000", "2006-01-31": "6219.00000", "2005-01-31": "6014.00000"}, "Gross Profit": {"2020-01-31": "4450.00000", "2019-01-31": "4899.00000", "2018-01-31": "4959.00000", "2017-01-31": "5125.00000", "2016-01-31": "5204.00000", "2015-01-31": "4808.00000", "2014-01-31": "4429.00000", "2013-01-31": "4386.00000", "2012-01-31": "4057.00000", "2011-01-31": "3631.00000", "2010-01-31": "3028.00000", "2009-01-31": "3006.00000", "2008-01-31": "3509.00000", "2007-01-31": "4013.00000", "2006-01-31": "3480.00000", "2005-01-31": "3394.00000"}, "Research And Development Expenses": {"2020-01-31": "", "2019-01-31": "", "2018-01-31": "", "2017-01-31": "", "2016-01-31": "", "2015-01-31": "", "2014-01-31": "", "2013-01-31": "", "2012-01-31": "", "2011-01-31": "", "2010-01-31": "", "2009-01-31": "", "2008-01-31": "", "2007-01-31": "", "2006-01-31": "", "2005-01-31": ""}, "SG&A Expenses": {"2020-01-31": "3472.00000", "2019-01-31": "3563.00000", "2018-01-31": "3231.00000", "2017-01-31": "3122.00000", "2016-01-31": "3012.00000", "2015-01-31": "2855.00000", "2014-01-31": "2686.00000", "2013-01-31": "2720.00000", "2012-01-31": "2698.00000", "2011-01-31": "2341.00000", "2010-01-31": "2166.00000", "2009-01-31": "2311.00000", "2008-01-31": "2616.00000", "2007-01-31": "2837.00000", "2006-01-31": "2494.00000", "2005-01-31": "2367.00000"}, "Other Operating Income Or Expenses": {"2020-01-31": "", "2019-01-31": "-99.00000", "2018-01-31": "", "2017-01-31": "", "2016-01-31": "", "2015-01-31": "", "2014-01-31": "", "2013-01-31": "", "2012-01-31": "", "2011-01-31": "", "2010-01-31": "9.00000", "2009-01-31": "109.00000", "2008-01-31": "-72.00000", "2007-01-31": "", "2006-01-31": "", "2005-01-31": ""}, "Operating Expenses": {"2020-01-31": "12656.00000", "2019-01-31": "12000.00000", "2018-01-31": "10904.00000", "2017-01-31": "10571.00000", "2016-01-31": "9962.00000", "2015-01-31": "9501.00000", "2014-01-31": "9030.00000", "2013-01-31": "8886.00000", "2012-01-31": "9126.00000", "2011-01-31": "8329.00000", "2010-01-31": "7764.00000", "2009-01-31": "8454.00000", "2008-01-31": "9024.00000", "2007-01-31": "9495.00000", "2006-01-31": "8713.00000", "2005-01-31": "8381.00000"}, "Operating Income": {"2020-01-31": "258.00000", "2019-01-31": "1237.00000", "2018-01-31": "1728.00000", "2017-01-31": "2003.00000", "2016-01-31": "2192.00000", "2015-01-31": "1953.00000", "2014-01-31": "1743.00000", "2013-01-31": "1573.00000", "2012-01-31": "1238.00000", "2011-01-31": "1284.00000", "2010-01-31": "868.00000", "2009-01-31": "589.00000", "2008-01-31": "1110.00000", "2007-01-31": "1176.00000", "2006-01-31": "986.00000", "2005-01-31": "1027.00000"}, "Total Non-Operating Income/Expense": {"2020-01-31": "-439.00000", "2019-01-31": "-380.00000", "2018-01-31": "-416.00000", "2017-01-31": "-307.00000", "2016-01-31": "-258.00000", "2015-01-31": "-317.00000", "2014-01-31": "-297.00000", "2013-01-31": "-292.00000", "2012-01-31": "-11.00000", "2011-01-31": "-33.00000", "2010-01-31": "-218.00000", "2009-01-31": "-140.00000", "2008-01-31": "-3.00000", "2007-01-31": "-79.00000", "2006-01-31": "-29.00000", "2005-01-31": "89.00000"}, "Pre-Tax Income": {"2020-01-31": "-181.00000", "2019-01-31": "857.00000", "2018-01-31": "1312.00000", "2017-01-31": "1696.00000", "2016-01-31": "1934.00000", "2015-01-31": "1636.00000", "2014-01-31": "1446.00000", "2013-01-31": "1281.00000", "2012-01-31": "1227.00000", "2011-01-31": "1251.00000", "2010-01-31": "650.00000", "2009-01-31": "449.00000", "2008-01-31": "1107.00000", "2007-01-31": "1097.00000", "2006-01-31": "957.00000", "2005-01-31": "1116.00000"}, "Income Taxes": {"2020-01-31": "185.00000", "2019-01-31": "213.00000", "2018-01-31": "329.00000", "2017-01-31": "538.00000", "2016-01-31": "681.00000", "2015-01-31": "594.00000", "2014-01-31": "543.00000", "2013-01-31": "528.00000", "2012-01-31": "377.00000", "2011-01-31": "446.00000", "2010-01-31": "202.00000", "2009-01-31": "233.00000", "2008-01-31": "411.00000", "2007-01-31": "422.00000", "2006-01-31": "291.00000", "2005-01-31": "411.00000"}, "Income After Taxes": {"2020-01-31": "-366.00000", "2019-01-31": "644.00000", "2018-01-31": "983.00000", "2017-01-31": "1158.00000", "2016-01-31": "1253.00000", "2015-01-31": "1042.00000", "2014-01-31": "903.00000", "2013-01-31": "753.00000", "2012-01-31": "850.00000", "2011-01-31": "805.00000", "2010-01-31": "448.00000", "2009-01-31": "216.00000", "2008-01-31": "696.00000", "2007-01-31": "675.00000", "2006-01-31": "666.00000", "2005-01-31": "705.00000"}, "Other Income": {"2020-01-31": "", "2019-01-31": "", "2018-01-31": "", "2017-01-31": "", "2016-01-31": "", "2015-01-31": "", "2014-01-31": "", "2013-01-31": "", "2012-01-31": "", "2011-01-31": "", "2010-01-31": "", "2009-01-31": "", "2008-01-31": "", "2007-01-31": "", "2006-01-31": "", "2005-01-31": ""}, "Income From Continuous Operations": {"2020-01-31": "-366.00000", "2019-01-31": "644.00000", "2018-01-31": "983.00000", "2017-01-31": "1158.00000", "2016-01-31": "1253.00000", "2015-01-31": "1042.00000", "2014-01-31": "903.00000", "2013-01-31": "753.00000", "2012-01-31": "850.00000", "2011-01-31": "805.00000", "2010-01-31": "448.00000", "2009-01-31": "216.00000", "2008-01-31": "696.00000", "2007-01-31": "675.00000", "2006-01-31": "666.00000", "2005-01-31": "705.00000"}, "Income From Discontinued Operations": {"2020-01-31": "", "2019-01-31": "", "2018-01-31": "", "2017-01-31": "", "2016-01-31": "", "2015-01-31": "", "2014-01-31": "", "2013-01-31": "", "2012-01-31": "", "2011-01-31": "", "2010-01-31": "", "2009-01-31": "", "2008-01-31": "", "2007-01-31": "", "2006-01-31": "", "2005-01-31": ""}, "Net Income": {"2020-01-31": "-366.00000", "2019-01-31": "644.00000", "2018-01-31": "983.00000", "2017-01-31": "1158.00000", "2016-01-31": "1253.00000", "2015-01-31": "1042.00000", "2014-01-31": "903.00000", "2013-01-31": "753.00000", "2012-01-31": "850.00000", "2011-01-31": "805.00000", "2010-01-31": "448.00000", "2009-01-31": "220.00000", "2008-01-31": "718.00000", "2007-01-31": "676.00000", "2006-01-31": "683.00000", "2005-01-31": "705.00000"}, "EBITDA": {"2020-01-31": "1566.00000", "2019-01-31": "1784.00000", "2018-01-31": "2252.00000", "2017-01-31": "2475.00000", "2016-01-31": "2607.00000", "2015-01-31": "2351.00000", "2014-01-31": "2111.00000", "2013-01-31": "2020.00000", "2012-01-31": "1826.00000", "2011-01-31": "1649.00000", "2010-01-31": "1228.00000", "2009-01-31": "1147.00000", "2008-01-31": "1475.00000", "2007-01-31": "1492.00000", "2006-01-31": "1285.00000", "2005-01-31": "1360.00000"}, "EBIT": {"2020-01-31": "258.00000", "2019-01-31": "1237.00000", "2018-01-31": "1728.00000", "2017-01-31": "2003.00000", "2016-01-31": "2192.00000", "2015-01-31": "1953.00000", "2014-01-31": "1743.00000", "2013-01-31": "1573.00000", "2012-01-31": "1238.00000", "2011-01-31": "1284.00000", "2010-01-31": "868.00000", "2009-01-31": "589.00000", "2008-01-31": "1110.00000", "2007-01-31": "1176.00000", "2006-01-31": "986.00000", "2005-01-31": "1027.00000"}, "Basic Shares Outstanding": {"2020-01-31": "276.00000", "2019-01-31": "276.00000", "2018-01-31": "284.00000", "2017-01-31": "287.00000", "2016-01-31": "291.00000", "2015-01-31": "292.00000", "2014-01-31": "290.00000", "2013-01-31": "290.00000", "2012-01-31": "304.00000", "2011-01-31": "323.00000", "2010-01-31": "322.00000", "2009-01-31": "335.00000", "2008-01-31": "375.00000", "2007-01-31": "396.00000", "2006-01-31": "403.00000", "2005-01-31": "470.00000"}, "Shares Outstanding": {"2020-01-31": "276.00000", "2019-01-31": "279.00000", "2018-01-31": "287.00000", "2017-01-31": "291.00000", "2016-01-31": "297.00000", "2015-01-31": "298.00000", "2014-01-31": "296.00000", "2013-01-31": "297.00000", "2012-01-31": "314.00000", "2011-01-31": "333.00000", "2010-01-31": "327.00000", "2009-01-31": "337.00000", "2008-01-31": "380.00000", "2007-01-31": "403.00000", "2006-01-31": "411.00000", "2005-01-31": "479.00000"}, "Basic EPS": {"2020-01-31": "-1.33000", "2019-01-31": "2.33000", "2018-01-31": "3.46000", "2017-01-31": "4.04000", "2016-01-31": "4.30000", "2015-01-31": "3.57000", "2014-01-31": "3.12000", "2013-01-31": "2.60000", "2012-01-31": "2.80000", "2011-01-31": "2.49000", "2010-01-31": "1.39000", "2009-01-31": "0.66000", "2008-01-31": "1.91000", "2007-01-31": "1.71000", "2006-01-31": "1.70000", "2005-01-31": "1.50000"}, "EPS - Earnings Per Share": {"2020-01-31": "-1.33000", "2019-01-31": "2.31000", "2018-01-31": "3.42000", "2017-01-31": "3.98000", "2016-01-31": "4.22000", "2015-01-31": "3.50000", "2014-01-31": "3.05000", "2013-01-31": "2.54000", "2012-01-31": "2.70000", "2011-01-31": "2.42000", "2010-01-31": "1.37000", "2009-01-31": "0.65000", "2008-01-31": "1.89000", "2007-01-31": "1.68000", "2006-01-31": "1.66000", "2005-01-31": "1.47000"}}, "income statement, quarterly": {"Revenue": {"2020-10-31": "3055.00000", "2020-07-31": "2319.00000", "2020-04-30": "1654.00000", "2020-01-31": "4706.00000", "2019-10-31": "2677.00000", "2019-07-31": "2902.00000", "2019-04-30": "2629.00000", "2019-01-31": "4852.00000", "2018-10-31": "2775.00000", "2018-07-31": "2984.00000", "2018-04-30": "2626.00000", "2018-01-31": "4822.00000", "2017-10-31": "2618.00000", "2017-07-31": "2755.00000", "2017-04-30": "2437.00000", "2017-01-31": "4489.00000", "2016-10-31": "2581.00000", "2016-07-31": "2890.00000", "2016-04-30": "2614.00000", "2016-01-31": "4395.00000", "2015-10-31": "2482.00000", "2015-07-31": "2765.00000", "2015-04-30": "2512.00000", "2015-01-31": "4069.00000", "2014-10-31": "2319.00000", "2014-07-31": "2675.00000", "2014-04-30": "2391.00000", "2014-01-31": "3818.00000", "2013-10-31": "2171.00000", "2013-07-31": "2516.00000", "2013-04-30": "2268.00000", "2013-01-31": "3856.00000", "2012-10-31": "2050.00000", "2012-07-31": "2399.00000", "2012-04-30": "2154.00000", "2012-01-31": "3515.00000", "2011-10-31": "2174.00000", "2011-07-31": "2458.00000", "2011-04-30": "2217.00000", "2011-01-31": "3456.00000", "2010-10-31": "1983.00000", "2010-07-31": "2242.00000", "2010-04-30": "1932.00000", "2010-01-31": "3063.00000", "2009-10-31": "1777.00000", "2009-07-31": "2067.00000", "2009-04-30": "1725.00000", "2009-01-31": "2991.00000", "2008-10-31": "1843.00000", "2008-07-31": "2284.00000", "2008-04-30": "1925.00000", "2008-01-31": "3276.00000", "2007-10-31": "1923.00000", "2007-07-31": "2624.00000", "2007-04-30": "2311.00000", "2007-01-31": "4025.00000", "2006-10-31": "2115.00000", "2006-07-31": "2454.00000", "2006-04-30": "2077.00000", "2006-01-31": "3542.06800", "2005-10-31": "1892.00000", "2005-07-31": "2290.00000", "2005-04-30": "1974.93200", "2005-01-31": "3328.11000"}, "Cost Of Goods Sold": {"2020-10-31": "1696.00000", "2020-07-31": "1608.00000", "2020-04-30": "1366.00000", "2020-01-31": "2914.00000", "2019-10-31": "1936.00000", "2019-07-31": "1919.00000", "2019-04-30": "1695.00000", "2019-01-31": "2884.00000", "2018-10-31": "1847.00000", "2018-07-31": "1925.00000", "2018-04-30": "1682.00000", "2018-01-31": "2783.00000", "2017-10-31": "1629.00000", "2017-07-31": "1727.00000", "2017-04-30": "1534.00000", "2017-01-31": "2545.00000", "2016-10-31": "1556.00000", "2016-07-31": "1777.00000", "2016-04-30": "1571.00000", "2016-01-31": "2392.00000", "2015-10-31": "1451.00000", "2015-07-31": "1651.00000", "2015-04-30": "1456.00000", "2015-01-31": "2234.00000", "2014-10-31": "1372.00000", "2014-07-31": "1631.00000", "2014-04-30": "1409.00000", "2014-01-31": "2176.00000", "2013-10-31": "1314.00000", "2013-07-31": "1527.00000", "2013-04-30": "1327.00000", "2013-01-31": "2139.00000", "2012-10-31": "1225.00000", "2012-07-31": "1457.00000", "2012-04-30": "1252.00000", "2012-01-31": "1987.00000", "2011-10-31": "1389.00000", "2011-07-31": "1556.00000", "2011-04-30": "1375.00000", "2011-01-31": "2011.00000", "2010-10-31": "1269.00000", "2010-07-31": "1464.00000", "2010-04-30": "1238.00000", "2010-01-31": "1814.00000", "2009-10-31": "1214.00000", "2009-07-31": "1399.00000", "2009-04-30": "1177.00000", "2009-01-31": "1967.00000", "2008-10-31": "1263.00000", "2008-07-31": "1523.00000", "2008-04-30": "1284.00000", "2008-01-31": "1980.00000", "2007-10-31": "1315.00000", "2007-07-31": "1813.00000", "2007-04-30": "1517.00000", "2007-01-31": "2413.00000", "2006-10-31": "1356.00000", "2006-07-31": "1601.00000", "2006-04-30": "1288.00000", "2006-01-31": "2097.72100", "2005-10-31": "1286.00000", "2005-07-31": "1545.00000", "2005-04-30": "1290.27900", "2005-01-31": "2019.13700"}, "Gross Profit": {"2020-10-31": "1359.00000", "2020-07-31": "711.00000", "2020-04-30": "288.00000", "2020-01-31": "1792.00000", "2019-10-31": "741.00000", "2019-07-31": "983.00000", "2019-04-30": "934.00000", "2019-01-31": "1968.00000", "2018-10-31": "928.00000", "2018-07-31": "1059.00000", "2018-04-30": "944.00000", "2018-01-31": "2039.00000", "2017-10-31": "989.00000", "2017-07-31": "1028.00000", "2017-04-30": "903.00000", "2017-01-31": "1944.00000", "2016-10-31": "1025.00000", "2016-07-31": "1113.00000", "2016-04-30": "1043.00000", "2016-01-31": "2003.00000", "2015-10-31": "1031.00000", "2015-07-31": "1114.00000", "2015-04-30": "1056.00000", "2015-01-31": "1835.00000", "2014-10-31": "947.00000", "2014-07-31": "1044.00000", "2014-04-30": "982.00000", "2014-01-31": "1642.00000", "2013-10-31": "857.00000", "2013-07-31": "989.00000", "2013-04-30": "941.00000", "2013-01-31": "1717.00000", "2012-10-31": "825.00000", "2012-07-31": "942.00000", "2012-04-30": "902.00000", "2012-01-31": "1528.00000", "2011-10-31": "785.00000", "2011-07-31": "902.00000", "2011-04-30": "842.00000", "2011-01-31": "1445.00000", "2010-10-31": "714.00000", "2010-07-31": "778.00000", "2010-04-30": "694.00000", "2010-01-31": "1249.00000", "2009-10-31": "563.00000", "2009-07-31": "668.00000", "2009-04-30": "548.00000", "2009-01-31": "1024.00000", "2008-10-31": "580.00000", "2008-07-31": "761.00000", "2008-04-30": "641.00000", "2008-01-31": "1296.00000", "2007-10-31": "608.00000", "2007-07-31": "811.00000", "2007-04-30": "794.00000", "2007-01-31": "1612.00000", "2006-10-31": "759.00000", "2006-07-31": "853.00000", "2006-04-30": "789.00000", "2006-01-31": "1444.34700", "2005-10-31": "606.00000", "2005-07-31": "745.00000", "2005-04-30": "684.65300", "2005-01-31": "1308.97300"}, "Research And Development Expenses": {"2020-10-31": "", "2020-07-31": "", "2020-04-30": "", "2020-01-31": "", "2019-10-31": "", "2019-07-31": "", "2019-04-30": "", "2019-01-31": "", "2018-10-31": "", "2018-07-31": "", "2018-04-30": "", "2018-01-31": "", "2017-10-31": "", "2017-07-31": "", "2017-04-30": "", "2017-01-31": "", "2016-10-31": "", "2016-07-31": "", "2016-04-30": "", "2016-01-31": "", "2015-10-31": "", "2015-07-31": "", "2015-04-30": "", "2015-01-31": "", "2014-10-31": "", "2014-07-31": "", "2014-04-30": "", "2014-01-31": "", "2013-10-31": "", "2013-07-31": "", "2013-04-30": "", "2013-01-31": "", "2012-10-31": "", "2012-07-31": "", "2012-04-30": "", "2012-01-31": "", "2011-10-31": "", "2011-07-31": "", "2011-04-30": "", "2011-01-31": "", "2010-10-31": "", "2010-07-31": "", "2010-04-30": "", "2010-01-31": "", "2009-10-31": "", "2009-07-31": "", "2009-04-30": "", "2009-01-31": "", "2008-10-31": "", "2008-07-31": "", "2008-04-30": "", "2008-01-31": "", "2007-10-31": "", "2007-07-31": "", "2007-04-30": "", "2007-01-31": "", "2006-10-31": "", "2006-07-31": "", "2006-04-30": "", "2006-01-31": "", "2005-10-31": "", "2005-07-31": "", "2005-04-30": "", "2005-01-31": ""}, "SG&A Expenses": {"2020-10-31": "778.00000", "2020-07-31": "667.00000", "2020-04-30": "606.00000", "2020-01-31": "991.00000", "2019-10-31": "892.00000", "2019-07-31": "808.00000", "2019-04-30": "781.00000", "2019-01-31": "1069.00000", "2018-10-31": "874.00000", "2018-07-31": "831.00000", "2018-04-30": "789.00000", "2018-01-31": "1053.00000", "2017-10-31": "757.00000", "2017-07-31": "727.00000", "2017-04-30": "694.00000", "2017-01-31": "956.00000", "2016-10-31": "741.00000", "2016-07-31": "705.00000", "2016-04-30": "720.00000", "2016-01-31": "925.00000", "2015-10-31": "692.00000", "2015-07-31": "711.00000", "2015-04-30": "684.00000", "2015-01-31": "878.00000", "2014-10-31": "663.00000", "2014-07-31": "668.00000", "2014-04-30": "646.00000", "2014-01-31": "779.00000", "2013-10-31": "646.00000", "2013-07-31": "631.00000", "2013-04-30": "630.00000", "2013-01-31": "836.00000", "2012-10-31": "638.00000", "2012-07-31": "637.00000", "2012-04-30": "609.00000", "2012-01-31": "766.00000", "2011-10-31": "599.00000", "2011-07-31": "708.00000", "2011-04-30": "625.00000", "2011-01-31": "725.00000", "2010-10-31": "565.00000", "2010-07-31": "542.00000", "2010-04-30": "509.00000", "2010-01-31": "660.00000", "2009-10-31": "504.00000", "2009-07-31": "519.00000", "2009-04-30": "483.00000", "2009-01-31": "656.00000", "2008-10-31": "539.00000", "2008-07-31": "575.00000", "2008-04-30": "541.00000", "2008-01-31": "662.00000", "2007-10-31": "546.00000", "2007-07-31": "722.00000", "2007-04-30": "686.00000", "2007-01-31": "886.00000", "2006-10-31": "692.00000", "2006-07-31": "656.00000", "2006-04-30": "603.00000", "2006-01-31": "749.88100", "2005-10-31": "586.00000", "2005-07-31": "592.00000", "2005-04-30": "566.11900", "2005-01-31": "681.43300"}, "Other Operating Income Or Expenses": {"2020-10-31": "", "2020-07-31": "", "2020-04-30": "", "2020-01-31": "", "2019-10-31": "", "2019-07-31": "", "2019-04-30": "", "2019-01-31": "", "2018-10-31": "", "2018-07-31": "", "2018-04-30": "", "2018-01-31": "", "2017-10-31": "", "2017-07-31": "", "2017-04-30": "", "2017-01-31": "", "2016-10-31": "", "2016-07-31": "", "2016-04-30": "", "2016-01-31": "", "2015-10-31": "", "2015-07-31": "", "2015-04-30": "", "2015-01-31": "", "2014-10-31": "", "2014-07-31": "", "2014-04-30": "", "2014-01-31": "", "2013-10-31": "", "2013-07-31": "", "2013-04-30": "", "2013-01-31": "", "2012-10-31": "", "2012-07-31": "", "2012-04-30": "", "2012-01-31": "", "2011-10-31": "", "2011-07-31": "", "2011-04-30": "", "2011-01-31": "", "2010-10-31": "", "2010-07-31": "", "2010-04-30": "", "2010-01-31": "", "2009-10-31": "", "2009-07-31": "9.00000", "2009-04-30": "", "2009-01-31": "", "2008-10-31": "", "2008-07-31": "", "2008-04-30": "109.00000", "2008-01-31": "", "2007-10-31": "", "2007-07-31": "-72.00000", "2007-04-30": "", "2007-01-31": "", "2006-10-31": "", "2006-07-31": "", "2006-04-30": "", "2006-01-31": "", "2005-10-31": "", "2005-07-31": "", "2005-04-30": "", "2005-01-31": ""}, "Operating Expenses": {"2020-10-31": "2474.00000", "2020-07-31": "2275.00000", "2020-04-30": "1972.00000", "2020-01-31": "4625.00000", "2019-10-31": "2828.00000", "2019-07-31": "2727.00000", "2019-04-30": "2476.00000", "2019-01-31": "4052.00000", "2018-10-31": "2721.00000", "2018-07-31": "2756.00000", "2018-04-30": "2471.00000", "2018-01-31": "3836.00000", "2017-10-31": "2386.00000", "2017-07-31": "2454.00000", "2017-04-30": "2228.00000", "2017-01-31": "3501.00000", "2016-10-31": "2297.00000", "2016-07-31": "2482.00000", "2016-04-30": "2291.00000", "2016-01-31": "3317.00000", "2015-10-31": "2143.00000", "2015-07-31": "2362.00000", "2015-04-30": "2140.00000", "2015-01-31": "3112.00000", "2014-10-31": "2035.00000", "2014-07-31": "2299.00000", "2014-04-30": "2055.00000", "2014-01-31": "2955.00000", "2013-10-31": "1960.00000", "2013-07-31": "2158.00000", "2013-04-30": "1957.00000", "2013-01-31": "3068.00000", "2012-10-31": "1863.00000", "2012-07-31": "2094.00000", "2012-04-30": "1861.00000", "2012-01-31": "2874.00000", "2011-10-31": "1988.00000", "2011-07-31": "2264.00000", "2011-04-30": "2000.00000", "2011-01-31": "2742.00000", "2010-10-31": "1834.00000", "2010-07-31": "2006.00000", "2010-04-30": "1747.00000", "2010-01-31": "2477.00000", "2009-10-31": "1718.00000", "2009-07-31": "1909.00000", "2009-04-30": "1660.00000", "2009-01-31": "2838.00000", "2008-10-31": "1802.00000", "2008-07-31": "2098.00000", "2008-04-30": "1716.00000", "2008-01-31": "2655.00000", "2007-10-31": "1861.00000", "2007-07-31": "2305.00000", "2007-04-30": "2203.00000", "2007-01-31": "3299.00000", "2006-10-31": "2048.00000", "2006-07-31": "2257.00000", "2006-04-30": "1891.00000", "2006-01-31": "2847.60200", "2005-10-31": "1872.00000", "2005-07-31": "2137.00000", "2005-04-30": "1856.39800", "2005-01-31": "2700.57000"}, "Operating Income": {"2020-10-31": "581.00000", "2020-07-31": "44.00000", "2020-04-30": "-318.00000", "2020-01-31": "81.00000", "2019-10-31": "-151.00000", "2019-07-31": "175.00000", "2019-04-30": "153.00000", "2019-01-31": "800.00000", "2018-10-31": "54.00000", "2018-07-31": "228.00000", "2018-04-30": "155.00000", "2018-01-31": "986.00000", "2017-10-31": "232.00000", "2017-07-31": "301.00000", "2017-04-30": "209.00000", "2017-01-31": "988.00000", "2016-10-31": "284.00000", "2016-07-31": "408.00000", "2016-04-30": "323.00000", "2016-01-31": "1078.00000", "2015-10-31": "339.00000", "2015-07-31": "403.00000", "2015-04-30": "372.00000", "2015-01-31": "957.00000", "2014-10-31": "284.00000", "2014-07-31": "376.00000", "2014-04-30": "336.00000", "2014-01-31": "863.00000", "2013-10-31": "211.00000", "2013-07-31": "358.00000", "2013-04-30": "311.00000", "2013-01-31": "788.00000", "2012-10-31": "187.00000", "2012-07-31": "305.00000", "2012-04-30": "293.00000", "2012-01-31": "641.00000", "2011-10-31": "186.00000", "2011-07-31": "194.00000", "2011-04-30": "217.00000", "2011-01-31": "714.00000", "2010-10-31": "149.00000", "2010-07-31": "236.00000", "2010-04-30": "185.00000", "2010-01-31": "586.00000", "2009-10-31": "59.00000", "2009-07-31": "158.00000", "2009-04-30": "65.00000", "2009-01-31": "153.00000", "2008-10-31": "41.00000", "2008-07-31": "186.00000", "2008-04-30": "209.00000", "2008-01-31": "621.00000", "2007-10-31": "62.00000", "2007-07-31": "319.00000", "2007-04-30": "108.00000", "2007-01-31": "726.00000", "2006-10-31": "67.00000", "2006-07-31": "197.00000", "2006-04-30": "186.00000", "2006-01-31": "694.46580", "2005-10-31": "20.00000", "2005-07-31": "153.00000", "2005-04-30": "118.53390", "2005-01-31": "627.54000"}, "Total Non-Operating Income/Expense": {"2020-10-31": "-171.00000", "2020-07-31": "-104.00000", "2020-04-30": "-94.00000", "2020-01-31": "-87.00000", "2019-10-31": "-126.00000", "2019-07-31": "-133.00000", "2019-04-30": "-93.00000", "2019-01-31": "-90.00000", "2018-10-31": "-95.00000", "2018-07-31": "-99.00000", "2018-04-30": "-96.00000", "2018-01-31": "-144.00000", "2017-10-31": "-97.00000", "2017-07-31": "-84.00000", "2017-04-30": "-91.00000", "2017-01-31": "-95.00000", "2016-10-31": "-94.00000", "2016-07-31": "-28.00000", "2016-04-30": "-90.00000", "2016-01-31": "-96.00000", "2015-10-31": "-79.00000", "2015-07-31": "-80.00000", "2015-04-30": "-3.00000", "2015-01-31": "-77.00000", "2014-10-31": "-79.00000", "2014-07-31": "-80.00000", "2014-04-30": "-81.00000", "2014-01-31": "-76.00000", "2013-10-31": "-69.00000", "2013-07-31": "-76.00000", "2013-04-30": "-76.00000", "2013-01-31": "-77.00000", "2012-10-31": "-59.00000", "2012-07-31": "-76.00000", "2012-04-30": "-80.00000", "2012-01-31": "-61.00000", "2011-10-31": "-64.00000", "2011-07-31": "82.00000", "2011-04-30": "32.00000", "2011-01-31": "5.00000", "2010-10-31": "-48.00000", "2010-07-31": "8.00000", "2010-04-30": "2.00000", "2010-01-31": "-50.00000", "2009-10-31": "-47.00000", "2009-07-31": "-59.00000", "2009-04-30": "-62.00000", "2009-01-31": "-43.00000", "2008-10-31": "-38.00000", "2008-07-31": "-25.00000", "2008-04-30": "-34.00000", "2008-01-31": "-52.00000", "2007-10-31": "-39.00000", "2007-07-31": "104.00000", "2007-04-30": "-16.00000", "2007-01-31": "-20.00000", "2006-10-31": "-25.00000", "2006-07-31": "-17.00000", "2006-04-30": "-17.00000", "2006-01-31": "26.11300", "2005-10-31": "-22.00000", "2005-07-31": "-18.00000", "2005-04-30": "-15.11300", "2005-01-31": "-10.47400"}, "Pre-Tax Income": {"2020-10-31": "410.00000", "2020-07-31": "-60.00000", "2020-04-30": "-412.00000", "2020-01-31": "-6.00000", "2019-10-31": "-277.00000", "2019-07-31": "42.00000", "2019-04-30": "60.00000", "2019-01-31": "710.00000", "2018-10-31": "-41.00000", "2018-07-31": "129.00000", "2018-04-30": "59.00000", "2018-01-31": "842.00000", "2017-10-31": "135.00000", "2017-07-31": "217.00000", "2017-04-30": "118.00000", "2017-01-31": "893.00000", "2016-10-31": "190.00000", "2016-07-31": "380.00000", "2016-04-30": "233.00000", "2016-01-31": "982.00000", "2015-10-31": "260.00000", "2015-07-31": "323.00000", "2015-04-30": "369.00000", "2015-01-31": "880.00000", "2014-10-31": "205.00000", "2014-07-31": "296.00000", "2014-04-30": "255.00000", "2014-01-31": "787.00000", "2013-10-31": "142.00000", "2013-07-31": "282.00000", "2013-04-30": "235.00000", "2013-01-31": "711.00000", "2012-10-31": "128.00000", "2012-07-31": "229.00000", "2012-04-30": "213.00000", "2012-01-31": "580.00000", "2011-10-31": "122.00000", "2011-07-31": "276.00000", "2011-04-30": "249.00000", "2011-01-31": "719.00000", "2010-10-31": "101.00000", "2010-07-31": "244.00000", "2010-04-30": "187.00000", "2010-01-31": "536.00000", "2009-10-31": "12.00000", "2009-07-31": "99.00000", "2009-04-30": "3.00000", "2009-01-31": "110.00000", "2008-10-31": "3.00000", "2008-07-31": "161.00000", "2008-04-30": "175.00000", "2008-01-31": "569.00000", "2007-10-31": "23.00000", "2007-07-31": "423.00000", "2007-04-30": "92.00000", "2007-01-31": "706.00000", "2006-10-31": "42.00000", "2006-07-31": "180.00000", "2006-04-30": "169.00000", "2006-01-31": "720.57900", "2005-10-31": "-2.00000", "2005-07-31": "135.00000", "2005-04-30": "103.42100", "2005-01-31": "617.06600"}, "Income Taxes": {"2020-10-31": "79.00000", "2020-07-31": "-11.00000", "2020-04-30": "-115.00000", "2020-01-31": "186.00000", "2019-10-31": "-25.00000", "2019-07-31": "4.00000", "2019-04-30": "20.00000", "2019-01-31": "170.00000", "2018-10-31": "2.00000", "2018-07-31": "30.00000", "2018-04-30": "11.00000", "2018-01-31": "178.00000", "2017-10-31": "49.00000", "2017-07-31": "78.00000", "2017-04-30": "24.00000", "2017-01-31": "261.00000", "2016-10-31": "68.00000", "2016-07-31": "128.00000", "2016-04-30": "81.00000", "2016-01-31": "345.00000", "2015-10-31": "96.00000", "2015-07-31": "121.00000", "2015-04-30": "119.00000", "2015-01-31": "315.00000", "2014-10-31": "73.00000", "2014-07-31": "108.00000", "2014-04-30": "98.00000", "2014-01-31": "297.00000", "2013-10-31": "50.00000", "2013-07-31": "104.00000", "2013-04-30": "92.00000", "2013-01-31": "300.00000", "2012-10-31": "54.00000", "2012-07-31": "86.00000", "2012-04-30": "88.00000", "2012-01-31": "220.00000", "2011-10-31": "28.00000", "2011-07-31": "45.00000", "2011-04-30": "84.00000", "2011-01-31": "266.00000", "2010-10-31": "40.00000", "2010-07-31": "66.00000", "2010-04-30": "74.00000", "2010-01-31": "180.00000", "2009-10-31": "-3.00000", "2009-07-31": "25.00000", "2009-04-30": "0.00000", "2009-01-31": "94.00000", "2008-10-31": "-1.00000", "2008-07-31": "62.00000", "2008-04-30": "78.00000", "2008-01-31": "202.00000", "2007-10-31": "11.00000", "2007-07-31": "159.00000", "2007-04-30": "39.00000", "2007-01-31": "266.00000", "2006-10-31": "18.00000", "2006-07-31": "67.00000", "2006-04-30": "71.00000", "2006-01-31": "202.00000", "2005-10-31": "-1.00000", "2005-07-31": "53.00000", "2005-04-30": "37.00000", "2005-01-31": "235.00000"}, "Income After Taxes": {"2020-10-31": "331.00000", "2020-07-31": "-49.00000", "2020-04-30": "-297.00000", "2020-01-31": "-192.00000", "2019-10-31": "-252.00000", "2019-07-31": "38.00000", "2019-04-30": "40.00000", "2019-01-31": "540.00000", "2018-10-31": "-43.00000", "2018-07-31": "99.00000", "2018-04-30": "48.00000", "2018-01-31": "664.00000", "2017-10-31": "86.00000", "2017-07-31": "139.00000", "2017-04-30": "94.00000", "2017-01-31": "632.00000", "2016-10-31": "122.00000", "2016-07-31": "252.00000", "2016-04-30": "152.00000", "2016-01-31": "637.00000", "2015-10-31": "164.00000", "2015-07-31": "202.00000", "2015-04-30": "250.00000", "2015-01-31": "565.00000", "2014-10-31": "132.00000", "2014-07-31": "188.00000", "2014-04-30": "157.00000", "2014-01-31": "490.00000", "2013-10-31": "92.00000", "2013-07-31": "178.00000", "2013-04-30": "143.00000", "2013-01-31": "411.00000", "2012-10-31": "74.00000", "2012-07-31": "143.00000", "2012-04-30": "125.00000", "2012-01-31": "360.00000", "2011-10-31": "94.00000", "2011-07-31": "231.00000", "2011-04-30": "165.00000", "2011-01-31": "453.00000", "2010-10-31": "61.00000", "2010-07-31": "178.00000", "2010-04-30": "113.00000", "2010-01-31": "356.00000", "2009-10-31": "15.00000", "2009-07-31": "74.00000", "2009-04-30": "3.00000", "2009-01-31": "16.00000", "2008-10-31": "4.00000", "2008-07-31": "99.00000", "2008-04-30": "97.00000", "2008-01-31": "367.00000", "2007-10-31": "12.00000", "2007-07-31": "264.00000", "2007-04-30": "53.00000", "2007-01-31": "440.00000", "2006-10-31": "24.00000", "2006-07-31": "113.00000", "2006-04-30": "98.00000", "2006-01-31": "518.57900", "2005-10-31": "-1.00000", "2005-07-31": "82.00000", "2005-04-30": "66.42100", "2005-01-31": "382.06600"}, "Other Income": {"2020-10-31": "", "2020-07-31": "", "2020-04-30": "", "2020-01-31": "", "2019-10-31": "", "2019-07-31": "", "2019-04-30": "", "2019-01-31": "", "2018-10-31": "", "2018-07-31": "", "2018-04-30": "", "2018-01-31": "", "2017-10-31": "", "2017-07-31": "", "2017-04-30": "", "2017-01-31": "", "2016-10-31": "", "2016-07-31": "", "2016-04-30": "", "2016-01-31": "", "2015-10-31": "", "2015-07-31": "", "2015-04-30": "", "2015-01-31": "", "2014-10-31": "", "2014-07-31": "", "2014-04-30": "", "2014-01-31": "", "2013-10-31": "", "2013-07-31": "", "2013-04-30": "", "2013-01-31": "", "2012-10-31": "", "2012-07-31": "", "2012-04-30": "", "2012-01-31": "", "2011-10-31": "", "2011-07-31": "", "2011-04-30": "", "2011-01-31": "", "2010-10-31": "", "2010-07-31": "", "2010-04-30": "", "2010-01-31": "", "2009-10-31": "", "2009-07-31": "", "2009-04-30": "", "2009-01-31": "", "2008-10-31": "", "2008-07-31": "", "2008-04-30": "", "2008-01-31": "", "2007-10-31": "", "2007-07-31": "", "2007-04-30": "", "2007-01-31": "", "2006-10-31": "", "2006-07-31": "", "2006-04-30": "", "2006-01-31": "", "2005-10-31": "", "2005-07-31": "", "2005-04-30": "", "2005-01-31": ""}, "Income From Continuous Operations": {"2020-10-31": "331.00000", "2020-07-31": "-49.00000", "2020-04-30": "-297.00000", "2020-01-31": "-192.00000", "2019-10-31": "-252.00000", "2019-07-31": "38.00000", "2019-04-30": "40.00000", "2019-01-31": "540.00000", "2018-10-31": "-43.00000", "2018-07-31": "99.00000", "2018-04-30": "48.00000", "2018-01-31": "664.00000", "2017-10-31": "86.00000", "2017-07-31": "139.00000", "2017-04-30": "94.00000", "2017-01-31": "632.00000", "2016-10-31": "122.00000", "2016-07-31": "252.00000", "2016-04-30": "152.00000", "2016-01-31": "637.00000", "2015-10-31": "164.00000", "2015-07-31": "202.00000", "2015-04-30": "250.00000", "2015-01-31": "565.00000", "2014-10-31": "132.00000", "2014-07-31": "188.00000", "2014-04-30": "157.00000", "2014-01-31": "490.00000", "2013-10-31": "92.00000", "2013-07-31": "178.00000", "2013-04-30": "143.00000", "2013-01-31": "411.00000", "2012-10-31": "74.00000", "2012-07-31": "143.00000", "2012-04-30": "125.00000", "2012-01-31": "360.00000", "2011-10-31": "94.00000", "2011-07-31": "231.00000", "2011-04-30": "165.00000", "2011-01-31": "453.00000", "2010-10-31": "61.00000", "2010-07-31": "178.00000", "2010-04-30": "113.00000", "2010-01-31": "356.00000", "2009-10-31": "15.00000", "2009-07-31": "74.00000", "2009-04-30": "3.00000", "2009-01-31": "16.00000", "2008-10-31": "4.00000", "2008-07-31": "99.00000", "2008-04-30": "97.00000", "2008-01-31": "367.00000", "2007-10-31": "12.00000", "2007-07-31": "264.00000", "2007-04-30": "53.00000", "2007-01-31": "440.00000", "2006-10-31": "24.00000", "2006-07-31": "113.00000", "2006-04-30": "98.00000", "2006-01-31": "518.57900", "2005-10-31": "-1.00000", "2005-07-31": "82.00000", "2005-04-30": "66.42100", "2005-01-31": "382.06600"}, "Income From Discontinued Operations": {"2020-10-31": "", "2020-07-31": "", "2020-04-30": "", "2020-01-31": "", "2019-10-31": "", "2019-07-31": "", "2019-04-30": "", "2019-01-31": "", "2018-10-31": "", "2018-07-31": "", "2018-04-30": "", "2018-01-31": "", "2017-10-31": "", "2017-07-31": "", "2017-04-30": "", "2017-01-31": "", "2016-10-31": "", "2016-07-31": "", "2016-04-30": "", "2016-01-31": "", "2015-10-31": "", "2015-07-31": "", "2015-04-30": "", "2015-01-31": "", "2014-10-31": "", "2014-07-31": "", "2014-04-30": "", "2014-01-31": "", "2013-10-31": "", "2013-07-31": "", "2013-04-30": "", "2013-01-31": "", "2012-10-31": "", "2012-07-31": "", "2012-04-30": "", "2012-01-31": "", "2011-10-31": "", "2011-07-31": "", "2011-04-30": "", "2011-01-31": "", "2010-10-31": "", "2010-07-31": "", "2010-04-30": "", "2010-01-31": "", "2009-10-31": "", "2009-07-31": "", "2009-04-30": "", "2009-01-31": "", "2008-10-31": "", "2008-07-31": "", "2008-04-30": "", "2008-01-31": "", "2007-10-31": "", "2007-07-31": "", "2007-04-30": "", "2007-01-31": "", "2006-10-31": "", "2006-07-31": "", "2006-04-30": "", "2006-01-31": "", "2005-10-31": "", "2005-07-31": "", "2005-04-30": "", "2005-01-31": ""}, "Net Income": {"2020-10-31": "331.00000", "2020-07-31": "-49.00000", "2020-04-30": "-297.00000", "2020-01-31": "-192.00000", "2019-10-31": "-252.00000", "2019-07-31": "38.00000", "2019-04-30": "40.00000", "2019-01-31": "540.00000", "2018-10-31": "-43.00000", "2018-07-31": "99.00000", "2018-04-30": "48.00000", "2018-01-31": "664.00000", "2017-10-31": "86.00000", "2017-07-31": "139.00000", "2017-04-30": "94.00000", "2017-01-31": "632.00000", "2016-10-31": "122.00000", "2016-07-31": "252.00000", "2016-04-30": "152.00000", "2016-01-31": "637.00000", "2015-10-31": "164.00000", "2015-07-31": "202.00000", "2015-04-30": "250.00000", "2015-01-31": "565.00000", "2014-10-31": "132.00000", "2014-07-31": "188.00000", "2014-04-30": "157.00000", "2014-01-31": "490.00000", "2013-10-31": "92.00000", "2013-07-31": "178.00000", "2013-04-30": "143.00000", "2013-01-31": "411.00000", "2012-10-31": "74.00000", "2012-07-31": "143.00000", "2012-04-30": "125.00000", "2012-01-31": "360.00000", "2011-10-31": "94.00000", "2011-07-31": "231.00000", "2011-04-30": "165.00000", "2011-01-31": "453.00000", "2010-10-31": "61.00000", "2010-07-31": "178.00000", "2010-04-30": "113.00000", "2010-01-31": "356.00000", "2009-10-31": "15.00000", "2009-07-31": "74.00000", "2009-04-30": "3.00000", "2009-01-31": "16.00000", "2008-10-31": "4.00000", "2008-07-31": "102.00000", "2008-04-30": "98.00000", "2008-01-31": "389.00000", "2007-10-31": "12.00000", "2007-07-31": "264.00000", "2007-04-30": "53.00000", "2007-01-31": "440.00000", "2006-10-31": "24.00000", "2006-07-31": "113.00000", "2006-04-30": "99.00000", "2006-01-31": "518.73500", "2005-10-31": "-1.00000", "2005-07-31": "82.00000", "2005-04-30": "83.26500", "2005-01-31": "382.06600"}, "EBITDA": {"2020-10-31": "708.00000", "2020-07-31": "171.00000", "2020-04-30": "-179.00000", "2020-01-31": "946.00000", "2019-10-31": "-3.00000", "2019-07-31": "325.00000", "2019-04-30": "298.00000", "2019-01-31": "935.00000", "2018-10-31": "192.00000", "2018-07-31": "365.00000", "2018-04-30": "292.00000", "2018-01-31": "1119.00000", "2017-10-31": "365.00000", "2017-07-31": "429.00000", "2017-04-30": "339.00000", "2017-01-31": "1117.00000", "2016-10-31": "405.00000", "2016-07-31": "520.00000", "2016-04-30": "433.00000", "2016-01-31": "1189.00000", "2015-10-31": "439.00000", "2015-07-31": "506.00000", "2015-04-30": "473.00000", "2015-01-31": "1058.00000", "2014-10-31": "382.00000", "2014-07-31": "475.00000", "2014-04-30": "436.00000", "2014-01-31": "961.00000", "2013-10-31": "298.00000", "2013-07-31": "450.00000", "2013-04-30": "402.00000", "2013-01-31": "974.00000", "2012-10-31": "274.00000", "2012-07-31": "393.00000", "2012-04-30": "379.00000", "2012-01-31": "965.00000", "2011-10-31": "270.00000", "2011-07-31": "284.00000", "2011-04-30": "307.00000", "2011-01-31": "813.00000", "2010-10-31": "238.00000", "2010-07-31": "324.00000", "2010-04-30": "274.00000", "2010-01-31": "684.00000", "2009-10-31": "148.00000", "2009-07-31": "246.00000", "2009-04-30": "150.00000", "2009-01-31": "461.00000", "2008-10-31": "123.00000", "2008-07-31": "270.00000", "2008-04-30": "293.00000", "2008-01-31": "709.00000", "2007-10-31": "143.00000", "2007-07-31": "420.00000", "2007-04-30": "203.00000", "2007-01-31": "812.00000", "2006-10-31": "145.00000", "2006-07-31": "275.00000", "2006-04-30": "260.00000", "2006-01-31": "772.46580", "2005-10-31": "90.00000", "2005-07-31": "226.24700", "2005-04-30": "196.28690", "2005-01-31": "733.32310"}, "EBIT": {"2020-10-31": "581.00000", "2020-07-31": "44.00000", "2020-04-30": "-318.00000", "2020-01-31": "81.00000", "2019-10-31": "-151.00000", "2019-07-31": "175.00000", "2019-04-30": "153.00000", "2019-01-31": "800.00000", "2018-10-31": "54.00000", "2018-07-31": "228.00000", "2018-04-30": "155.00000", "2018-01-31": "986.00000", "2017-10-31": "232.00000", "2017-07-31": "301.00000", "2017-04-30": "209.00000", "2017-01-31": "988.00000", "2016-10-31": "284.00000", "2016-07-31": "408.00000", "2016-04-30": "323.00000", "2016-01-31": "1078.00000", "2015-10-31": "339.00000", "2015-07-31": "403.00000", "2015-04-30": "372.00000", "2015-01-31": "957.00000", "2014-10-31": "284.00000", "2014-07-31": "376.00000", "2014-04-30": "336.00000", "2014-01-31": "863.00000", "2013-10-31": "211.00000", "2013-07-31": "358.00000", "2013-04-30": "311.00000", "2013-01-31": "788.00000", "2012-10-31": "187.00000", "2012-07-31": "305.00000", "2012-04-30": "293.00000", "2012-01-31": "641.00000", "2011-10-31": "186.00000", "2011-07-31": "194.00000", "2011-04-30": "217.00000", "2011-01-31": "714.00000", "2010-10-31": "149.00000", "2010-07-31": "236.00000", "2010-04-30": "185.00000", "2010-01-31": "586.00000", "2009-10-31": "59.00000", "2009-07-31": "158.00000", "2009-04-30": "65.00000", "2009-01-31": "153.00000", "2008-10-31": "41.00000", "2008-07-31": "186.00000", "2008-04-30": "209.00000", "2008-01-31": "621.00000", "2007-10-31": "62.00000", "2007-07-31": "319.00000", "2007-04-30": "108.00000", "2007-01-31": "726.00000", "2006-10-31": "67.00000", "2006-07-31": "197.00000", "2006-04-30": "186.00000", "2006-01-31": "694.46610", "2005-10-31": "20.00000", "2005-07-31": "153.00000", "2005-04-30": "118.53390", "2005-01-31": "627.53990"}, "Basic Shares Outstanding": {"2020-10-31": "279.00000", "2020-07-31": "278.00000", "2020-04-30": "277.00000", "2020-01-31": "276.00000", "2019-10-31": "276.00000", "2019-07-31": "276.00000", "2019-04-30": "276.00000", "2019-01-31": "276.00000", "2018-10-31": "275.00000", "2018-07-31": "277.00000", "2018-04-30": "279.00000", "2018-01-31": "284.00000", "2017-10-31": "284.00000", "2017-07-31": "287.00000", "2017-04-30": "286.00000", "2017-01-31": "287.00000", "2016-10-31": "286.00000", "2016-07-31": "287.00000", "2016-04-30": "288.00000", "2016-01-31": "291.00000", "2015-10-31": "291.00000", "2015-07-31": "291.00000", "2015-04-30": "293.00000", "2015-01-31": "292.00000", "2014-10-31": "292.00000", "2014-07-31": "292.00000", "2014-04-30": "291.00000", "2014-01-31": "290.00000", "2013-10-31": "290.00000", "2013-07-31": "290.00000", "2013-04-30": "289.00000", "2013-01-31": "290.00000", "2012-10-31": "288.00000", "2012-07-31": "290.00000", "2012-04-30": "292.00000", "2012-01-31": "304.00000", "2011-10-31": "298.00000", "2011-07-31": "305.00000", "2011-04-30": "317.00000", "2011-01-31": "323.00000", "2010-10-31": "322.00000", "2010-07-31": "325.00000", "2010-04-30": "323.00000", "2010-01-31": "322.00000", "2009-10-31": "322.00000", "2009-07-31": "322.00000", "2009-04-30": "321.00000", "2009-01-31": "335.00000", "2008-10-31": "337.00000", "2008-07-31": "339.00000", "2008-04-30": "341.00000", "2008-01-31": "375.00000", "2007-10-31": "361.00000", "2007-07-31": "390.00000", "2007-04-30": "400.00000", "2007-01-31": "396.00000", "2006-10-31": "395.15300", "2006-07-31": "395.83600", "2006-04-30": "394.19500", "2006-01-31": "403.00000", "2005-10-31": "400.80300", "2005-07-31": "403.66700", "2005-04-30": "406.95800", "2005-01-31": "470.00000"}, "Shares Outstanding": {"2020-10-31": "283.00000", "2020-07-31": "278.00000", "2020-04-30": "277.00000", "2020-01-31": "276.00000", "2019-10-31": "276.00000", "2019-07-31": "278.00000", "2019-04-30": "278.00000", "2019-01-31": "279.00000", "2018-10-31": "275.00000", "2018-07-31": "279.00000", "2018-04-30": "282.00000", "2018-01-31": "287.00000", "2017-10-31": "285.00000", "2017-07-31": "289.00000", "2017-04-30": "289.00000", "2017-01-31": "291.00000", "2016-10-31": "290.00000", "2016-07-31": "291.00000", "2016-04-30": "293.00000", "2016-01-31": "297.00000", "2015-10-31": "296.00000", "2015-07-31": "297.00000", "2015-04-30": "299.00000", "2015-01-31": "298.00000", "2014-10-31": "298.00000", "2014-07-31": "297.00000", "2014-04-30": "297.00000", "2014-01-31": "296.00000", "2013-10-31": "297.00000", "2013-07-31": "296.00000", "2013-04-30": "295.00000", "2013-01-31": "297.00000", "2012-10-31": "294.00000", "2012-07-31": "296.00000", "2012-04-30": "301.00000", "2012-01-31": "314.00000", "2011-10-31": "308.00000", "2011-07-31": "315.00000", "2011-04-30": "328.00000", "2011-01-31": "333.00000", "2010-10-31": "332.00000", "2010-07-31": "334.00000", "2010-04-30": "333.00000", "2010-01-31": "327.00000", "2009-10-31": "328.00000", "2009-07-31": "326.00000", "2009-04-30": "323.00000", "2009-01-31": "337.00000", "2008-10-31": "340.00000", "2008-07-31": "341.00000", "2008-04-30": "344.00000", "2008-01-31": "380.00000", "2007-10-31": "365.00000", "2007-07-31": "396.00000", "2007-04-30": "406.00000", "2007-01-31": "403.00000", "2006-10-31": "401.89600", "2006-07-31": "402.34300", "2006-04-30": "400.41500", "2006-01-31": "411.00000", "2005-10-31": "400.80300", "2005-07-31": "411.96800", "2005-04-30": "417.23400", "2005-01-31": "479.00000"}, "Basic EPS": {"2020-10-31": "1.19000", "2020-07-31": "-0.18000", "2020-04-30": "-1.07000", "2020-01-31": "-0.71000", "2019-10-31": "-0.91000", "2019-07-31": "0.14000", "2019-04-30": "0.15000", "2019-01-31": "1.96000", "2018-10-31": "-0.16000", "2018-07-31": "0.36000", "2018-04-30": "0.17000", "2018-01-31": "2.35000", "2017-10-31": "0.30000", "2017-07-31": "0.48000", "2017-04-30": "0.33000", "2017-01-31": "2.20000", "2016-10-31": "0.43000", "2016-07-31": "0.88000", "2016-04-30": "0.53000", "2016-01-31": "2.19000", "2015-10-31": "0.56000", "2015-07-31": "0.69000", "2015-04-30": "0.86000", "2015-01-31": "1.93000", "2014-10-31": "0.45000", "2014-07-31": "0.65000", "2014-04-30": "0.54000", "2014-01-31": "1.69000", "2013-10-31": "0.32000", "2013-07-31": "0.62000", "2013-04-30": "0.49000", "2013-01-31": "1.41000", "2012-10-31": "0.26000", "2012-07-31": "0.50000", "2012-04-30": "0.43000", "2012-01-31": "1.20000", "2011-10-31": "0.32000", "2011-07-31": "0.76000", "2011-04-30": "0.52000", "2011-01-31": "1.40000", "2010-10-31": "0.19000", "2010-07-31": "0.55000", "2010-04-30": "0.35000", "2010-01-31": "1.10000", "2009-10-31": "0.05000", "2009-07-31": "0.23000", "2009-04-30": "0.01000", "2009-01-31": "0.06000", "2008-10-31": "0.01000", "2008-07-31": "0.30000", "2008-04-30": "0.29000", "2008-01-31": "1.07000", "2007-10-31": "0.03000", "2007-07-31": "0.68000", "2007-04-30": "0.13000", "2007-01-31": "1.11000", "2006-10-31": "0.06000", "2006-07-31": "0.29000", "2006-04-30": "0.25000", "2006-01-31": "1.30000", "2005-10-31": "0.00000", "2005-07-31": "0.20000", "2005-04-30": "0.20000", "2005-01-31": "0.83000"}, "EPS - Earnings Per Share": {"2020-10-31": "1.17000", "2020-07-31": "-0.18000", "2020-04-30": "-1.07000", "2020-01-31": "-0.70000", "2019-10-31": "-0.91000", "2019-07-31": "0.14000", "2019-04-30": "0.14000", "2019-01-31": "1.94000", "2018-10-31": "-0.16000", "2018-07-31": "0.36000", "2018-04-30": "0.17000", "2018-01-31": "2.31000", "2017-10-31": "0.30000", "2017-07-31": "0.48000", "2017-04-30": "0.33000", "2017-01-31": "2.17000", "2016-10-31": "0.42000", "2016-07-31": "0.87000", "2016-04-30": "0.52000", "2016-01-31": "2.15000", "2015-10-31": "0.55000", "2015-07-31": "0.68000", "2015-04-30": "0.84000", "2015-01-31": "1.90000", "2014-10-31": "0.44000", "2014-07-31": "0.63000", "2014-04-30": "0.53000", "2014-01-31": "1.65000", "2013-10-31": "0.31000", "2013-07-31": "0.61000", "2013-04-30": "0.48000", "2013-01-31": "1.39000", "2012-10-31": "0.25000", "2012-07-31": "0.49000", "2012-04-30": "0.41000", "2012-01-31": "1.16000", "2011-10-31": "0.31000", "2011-07-31": "0.73000", "2011-04-30": "0.50000", "2011-01-31": "1.36000", "2010-10-31": "0.18000", "2010-07-31": "0.54000", "2010-04-30": "0.34000", "2010-01-31": "1.08000", "2009-10-31": "0.05000", "2009-07-31": "0.23000", "2009-04-30": "0.01000", "2009-01-31": "0.06000", "2008-10-31": "0.01000", "2008-07-31": "0.30000", "2008-04-30": "0.28000", "2008-01-31": "1.06000", "2007-10-31": "0.03000", "2007-07-31": "0.67000", "2007-04-30": "0.13000", "2007-01-31": "1.09000", "2006-10-31": "0.06000", "2006-07-31": "0.28000", "2006-04-30": "0.25000", "2006-01-31": "1.26000", "2005-10-31": "0.00000", "2005-07-31": "0.20000", "2005-04-30": "0.20000", "2005-01-31": "0.81000"}}, "balance sheet": {"Cash On Hand": {"2020-01-31": "1499.00000", "2019-01-31": "1413.00000", "2018-01-31": "1515.00000", "2017-01-31": "1934.00000", "2016-01-31": "2548.00000", "2015-01-31": "1681.00000", "2014-01-31": "1519.00000", "2013-01-31": "773.00000", "2012-01-31": "935.00000", "2011-01-31": "1130.00000", "2010-01-31": "1804.00000", "2009-01-31": "1173.00000", "2008-01-31": "1018.00000", "2007-01-31": "500.00000", "2006-01-31": "1208.00000", "2005-01-31": "1161.00000"}, "Receivables": {"2020-01-31": "306.00000", "2019-01-31": "367.00000", "2018-01-31": "310.00000", "2017-01-31": "294.00000", "2016-01-31": "261.00000", "2015-01-31": "252.00000", "2014-01-31": "244.00000", "2013-01-31": "203.00000", "2012-01-31": "218.00000", "2011-01-31": "232.00000", "2010-01-31": "219.00000", "2009-01-31": "236.00000", "2008-01-31": "355.00000", "2007-01-31": "176.00000", "2006-01-31": "182.00000", "2005-01-31": "128.00000"}, "Inventory": {"2020-01-31": "1287.00000", "2019-01-31": "1248.00000", "2018-01-31": "1240.00000", "2017-01-31": "1096.00000", "2016-01-31": "1122.00000", "2015-01-31": "1036.00000", "2014-01-31": "1165.00000", "2013-01-31": "1004.00000", "2012-01-31": "997.00000", "2011-01-31": "1032.00000", "2010-01-31": "1037.00000", "2009-01-31": "1182.00000", "2008-01-31": "1251.00000", "2007-01-31": "1770.00000", "2006-01-31": "1160.00000", "2005-01-31": "1142.00000"}, "Pre-Paid Expenses": {"2020-01-31": "", "2019-01-31": "", "2018-01-31": "", "2017-01-31": "", "2016-01-31": "", "2015-01-31": "", "2014-01-31": "", "2013-01-31": "", "2012-01-31": "", "2011-01-31": "", "2010-01-31": "", "2009-01-31": "", "2008-01-31": "", "2007-01-31": "", "2006-01-31": "", "2005-01-31": ""}, "Other Current Assets": {"2020-01-31": "153.00000", "2019-01-31": "232.00000", "2018-01-31": "228.00000", "2017-01-31": "141.00000", "2016-01-31": "225.00000", "2015-01-31": "230.00000", "2014-01-31": "194.00000", "2013-01-31": "196.00000", "2012-01-31": "167.00000", "2011-01-31": "163.00000", "2010-01-31": "160.00000", "2009-01-31": "199.00000", "2008-01-31": "295.00000", "2007-01-31": "325.00000", "2006-01-31": "234.00000", "2005-01-31": "253.00000"}, "Total Current Assets": {"2020-01-31": "3245.00000", "2019-01-31": "3260.00000", "2018-01-31": "3293.00000", "2017-01-31": "3465.00000", "2016-01-31": "4156.00000", "2015-01-31": "3199.00000", "2014-01-31": "3150.00000", "2013-01-31": "2205.00000", "2012-01-31": "2368.00000", "2011-01-31": "2592.00000", "2010-01-31": "3250.00000", "2009-01-31": "2867.00000", "2008-01-31": "2919.00000", "2007-01-31": "2771.00000", "2006-01-31": "2784.00000", "2005-01-31": "2684.00000"}, "Property, Plant, And Equipment": {"2020-01-31": "2486.00000", "2019-01-31": "2818.00000", "2018-01-31": "2893.00000", "2017-01-31": "2741.00000", "2016-01-31": "2330.00000", "2015-01-31": "2277.00000", "2014-01-31": "2045.00000", "2013-01-31": "1803.00000", "2012-01-31": "1644.00000", "2011-01-31": "1610.00000", "2010-01-31": "1723.00000", "2009-01-31": "1929.00000", "2008-01-31": "1862.00000", "2007-01-31": "1862.00000", "2006-01-31": "1615.00000", "2005-01-31": "1484.00000"}, "Long-Term Investments": {"2020-01-31": "", "2019-01-31": "", "2018-01-31": "", "2017-01-31": "", "2016-01-31": "", "2015-01-31": "", "2014-01-31": "", "2013-01-31": "", "2012-01-31": "", "2011-01-31": "", "2010-01-31": "", "2009-01-31": "", "2008-01-31": "", "2007-01-31": "", "2006-01-31": "", "2005-01-31": ""}, "Goodwill And Intangible Assets": {"2020-01-31": "1039.00000", "2019-01-31": "1759.00000", "2018-01-31": "1759.00000", "2017-01-31": "1759.00000", "2016-01-31": "1729.00000", "2015-01-31": "1729.00000", "2014-01-31": "1729.00000", "2013-01-31": "1730.00000", "2012-01-31": "1825.00000", "2011-01-31": "2043.00000", "2010-01-31": "2036.00000", "2009-01-31": "2006.00000", "2008-01-31": "2410.00000", "2007-01-31": "2318.00000", "2006-01-31": "1804.00000", "2005-01-31": "1800.00000"}, "Other Long-Term Assets": {"2020-01-31": "218.00000", "2019-01-31": "191.00000", "2018-01-31": "190.00000", "2017-01-31": "186.00000", "2016-01-31": "248.00000", "2015-01-31": "247.00000", "2014-01-31": "274.00000", "2013-01-31": "281.00000", "2012-01-31": "271.00000", "2011-01-31": "206.00000", "2010-01-31": "164.00000", "2009-01-31": "170.00000", "2008-01-31": "246.00000", "2007-01-31": "142.00000", "2006-01-31": "143.00000", "2005-01-31": "121.00000"}, "Total Long-Term Assets": {"2020-01-31": "6880.00000", "2019-01-31": "4830.00000", "2018-01-31": "4856.00000", "2017-01-31": "4705.00000", "2016-01-31": "4337.00000", "2015-01-31": "4277.00000", "2014-01-31": "4048.00000", "2013-01-31": "3814.00000", "2012-01-31": "3740.00000", "2011-01-31": "3859.00000", "2010-01-31": "3923.00000", "2009-01-31": "4105.00000", "2008-01-31": "4518.00000", "2007-01-31": "4322.00000", "2006-01-31": "3562.00000", "2005-01-31": "3405.00000"}, "Total Assets": {"2020-01-31": "10125.00000", "2019-01-31": "8090.00000", "2018-01-31": "8149.00000", "2017-01-31": "8170.00000", "2016-01-31": "8493.00000", "2015-01-31": "7476.00000", "2014-01-31": "7198.00000", "2013-01-31": "6019.00000", "2012-01-31": "6108.00000", "2011-01-31": "6451.00000", "2010-01-31": "7173.00000", "2009-01-31": "6972.00000", "2008-01-31": "7437.00000", "2007-01-31": "7093.00000", "2006-01-31": "6346.00000", "2005-01-31": "6089.00000"}, "Total Current Liabilities": {"2020-01-31": "2372.00000", "2019-01-31": "1986.00000", "2018-01-31": "2031.00000", "2017-01-31": "2014.00000", "2016-01-31": "1875.00000", "2015-01-31": "1679.00000", "2014-01-31": "1826.00000", "2013-01-31": "1538.00000", "2012-01-31": "1526.00000", "2011-01-31": "1504.00000", "2010-01-31": "1322.00000", "2009-01-31": "1255.00000", "2008-01-31": "1374.00000", "2007-01-31": "1709.00000", "2006-01-31": "1575.00000", "2005-01-31": "1451.00000"}, "Long Term Debt": {"2020-01-31": "5487.00000", "2019-01-31": "5739.00000", "2018-01-31": "5707.00000", "2017-01-31": "5700.00000", "2016-01-31": "5715.00000", "2015-01-31": "4722.00000", "2014-01-31": "4761.00000", "2013-01-31": "4477.00000", "2012-01-31": "3481.00000", "2011-01-31": "2507.00000", "2010-01-31": "2723.00000", "2009-01-31": "2897.00000", "2008-01-31": "2905.00000", "2007-01-31": "1665.00000", "2006-01-31": "1669.00000", "2005-01-31": "1646.00000"}, "Other Non-Current Liabilities": {"2020-01-31": "490.00000", "2019-01-31": "1004.00000", "2018-01-31": "924.00000", "2017-01-31": "831.00000", "2016-01-31": "904.00000", "2015-01-31": "820.00000", "2014-01-31": "770.00000", "2013-01-31": "818.00000", "2012-01-31": "780.00000", "2011-01-31": "761.00000", "2010-01-31": "731.00000", "2009-01-31": "732.00000", "2008-01-31": "709.00000", "2007-01-31": "520.00000", "2006-01-31": "452.00000", "2005-01-31": "447.00000"}, "Total Long Term Liabilities": {"2020-01-31": "9248.00000", "2019-01-31": "6969.00000", "2018-01-31": "6869.00000", "2017-01-31": "6883.00000", "2016-01-31": "6876.00000", "2015-01-31": "5778.00000", "2014-01-31": "5741.00000", "2013-01-31": "5495.00000", "2012-01-31": "4444.00000", "2011-01-31": "3470.00000", "2010-01-31": "3667.00000", "2009-01-31": "3842.00000", "2008-01-31": "3844.00000", "2007-01-31": "2429.00000", "2006-01-31": "2300.00000", "2005-01-31": "2303.00000"}, "Total Liabilities": {"2020-01-31": "11620.00000", "2019-01-31": "8955.00000", "2018-01-31": "8900.00000", "2017-01-31": "8897.00000", "2016-01-31": "8751.00000", "2015-01-31": "7457.00000", "2014-01-31": "7567.00000", "2013-01-31": "7033.00000", "2012-01-31": "5970.00000", "2011-01-31": "4974.00000", "2010-01-31": "4989.00000", "2009-01-31": "5097.00000", "2008-01-31": "5218.00000", "2007-01-31": "4138.00000", "2006-01-31": "3875.00000", "2005-01-31": "3754.00000"}, "Common Stock Net": {"2020-01-31": "142.00000", "2019-01-31": "141.00000", "2018-01-31": "141.00000", "2017-01-31": "157.00000", "2016-01-31": "156.00000", "2015-01-31": "155.00000", "2014-01-31": "154.00000", "2013-01-31": "152.00000", "2012-01-31": "148.00000", "2011-01-31": "164.00000", "2010-01-31": "161.00000", "2009-01-31": "262.00000", "2008-01-31": "262.00000", "2007-01-31": "262.00000", "2006-01-31": "262.00000", "2005-01-31": "262.00000"}, "Retained Earnings (Accumulated Deficit)": {"2020-01-31": "-2182.00000", "2019-01-31": "-1482.00000", "2018-01-31": "-1434.00000", "2017-01-31": "205.00000", "2016-01-31": "315.00000", "2015-01-31": "233.00000", "2014-01-31": "-118.00000", "2013-01-31": "-672.00000", "2012-01-31": "24.00000", "2011-01-31": "1354.00000", "2010-01-31": "2037.00000", "2009-01-31": "4777.00000", "2008-01-31": "4758.00000", "2007-01-31": "4277.00000", "2006-01-31": "3839.00000", "2005-01-31": "3392.00000"}, "Comprehensive Income": {"2020-01-31": "52.00000", "2019-01-31": "59.00000", "2018-01-31": "24.00000", "2017-01-31": "12.00000", "2016-01-31": "40.00000", "2015-01-31": "35.00000", "2014-01-31": "40.00000", "2013-01-31": "4.00000", "2012-01-31": "", "2011-01-31": "1.00000", "2010-01-31": "-15.00000", "2009-01-31": "-28.00000", "2008-01-31": "31.00000", "2007-01-31": "-17.00000", "2006-01-31": "-6.00000", "2005-01-31": ""}, "Other Share Holders Equity": {"2020-01-31": "", "2019-01-31": "", "2018-01-31": "", "2017-01-31": "", "2016-01-31": "", "2015-01-31": "", "2014-01-31": "", "2013-01-31": "", "2012-01-31": "", "2011-01-31": "", "2010-01-31": "", "2009-01-31": "", "2008-01-31": "", "2007-01-31": "", "2006-01-31": "", "2005-01-31": ""}, "Share Holder Equity": {"2020-01-31": "-1495.00000", "2019-01-31": "-865.00000", "2018-01-31": "-751.00000", "2017-01-31": "-727.00000", "2016-01-31": "-258.00000", "2015-01-31": "19.00000", "2014-01-31": "-369.00000", "2013-01-31": "-1014.00000", "2012-01-31": "138.00000", "2011-01-31": "1477.00000", "2010-01-31": "2184.00000", "2009-01-31": "1875.00000", "2008-01-31": "2219.00000", "2007-01-31": "2955.00000", "2006-01-31": "2471.00000", "2005-01-31": "2335.00000"}, "Total Liabilities And Share Holders Equity": {"2020-01-31": "10125.00000", "2019-01-31": "8090.00000", "2018-01-31": "8149.00000", "2017-01-31": "8170.00000", "2016-01-31": "8493.00000", "2015-01-31": "7476.00000", "2014-01-31": "7198.00000", "2013-01-31": "6019.00000", "2012-01-31": "6108.00000", "2011-01-31": "6451.00000", "2010-01-31": "7173.00000", "2009-01-31": "6972.00000", "2008-01-31": "7437.00000", "2007-01-31": "7093.00000", "2006-01-31": "6346.00000", "2005-01-31": "6089.00000"}}, "balance sheet, quarterly": {"Cash On Hand": {"2020-10-31": "2622.00000", "2020-07-31": "2611.00000", "2020-04-30": "957.00000", "2020-01-31": "1499.00000", "2019-10-31": "340.00000", "2019-07-31": "853.00000", "2019-04-30": "1146.00000", "2019-01-31": "1413.00000", "2018-10-31": "348.00000", "2018-07-31": "843.00000", "2018-04-30": "1032.00000", "2018-01-31": "1515.00000", "2017-10-31": "735.00000", "2017-07-31": "1360.00000", "2017-04-30": "1555.00000", "2017-01-31": "1934.00000", "2016-10-31": "654.00000", "2016-07-31": "1273.00000", "2016-04-30": "1267.00000", "2016-01-31": "2548.00000", "2015-10-31": "1311.00000", "2015-07-31": "780.00000", "2015-04-30": "649.00000", "2015-01-31": "1681.00000", "2014-10-31": "745.00000", "2014-07-31": "1147.00000", "2014-04-30": "912.00000", "2014-01-31": "1519.00000", "2013-10-31": "425.00000", "2013-07-31": "551.00000", "2013-04-30": "382.00000", "2013-01-31": "773.00000", "2012-10-31": "547.00000", "2012-07-31": "1193.00000", "2012-04-30": "1286.00000", "2012-01-31": "935.00000", "2011-10-31": "498.00000", "2011-07-31": "1035.00000", "2011-04-30": "1557.00000", "2011-01-31": "1130.00000", "2010-10-31": "988.00000", "2010-07-31": "1300.00000", "2010-04-30": "1188.00000", "2010-01-31": "1804.00000", "2009-10-31": "968.00000", "2009-07-31": "1550.00000", "2009-04-30": "936.00000", "2009-01-31": "1173.00000", "2008-10-31": "377.00000", "2008-07-31": "978.00000", "2008-04-30": "759.00000", "2008-01-31": "1018.00000", "2007-10-31": "218.00000", "2007-07-31": "1193.00000", "2007-04-30": "194.00000", "2007-01-31": "500.00000", "2006-10-31": "178.00000", "2006-07-31": "651.00000", "2006-04-30": "722.00000", "2006-01-31": "1208.00000", "2005-10-31": "155.00000", "2005-07-31": "719.00000", "2005-04-30": "686.23600", "2005-01-31": "1161.00000"}, "Receivables": {"2020-10-31": "297.00000", "2020-07-31": "268.00000", "2020-04-30": "229.00000", "2020-01-31": "306.00000", "2019-10-31": "295.00000", "2019-07-31": "283.00000", "2019-04-30": "274.00000", "2019-01-31": "367.00000", "2018-10-31": "321.00000", "2018-07-31": "310.00000", "2018-04-30": "274.00000", "2018-01-31": "310.00000", "2017-10-31": "285.00000", "2017-07-31": "245.00000", "2017-04-30": "213.00000", "2017-01-31": "294.00000", "2016-10-31": "325.00000", "2016-07-31": "266.00000", "2016-04-30": "249.00000", "2016-01-31": "261.00000", "2015-10-31": "283.00000", "2015-07-31": "257.00000", "2015-04-30": "239.00000", "2015-01-31": "252.00000", "2014-10-31": "274.00000", "2014-07-31": "233.00000", "2014-04-30": "216.00000", "2014-01-31": "244.00000", "2013-10-31": "245.00000", "2013-07-31": "197.00000", "2013-04-30": "175.00000", "2013-01-31": "203.00000", "2012-10-31": "225.00000", "2012-07-31": "175.00000", "2012-04-30": "158.00000", "2012-01-31": "218.00000", "2011-10-31": "298.00000", "2011-07-31": "241.00000", "2011-04-30": "205.00000", "2011-01-31": "232.00000", "2010-10-31": "247.00000", "2010-07-31": "209.00000", "2010-04-30": "199.00000", "2010-01-31": "219.00000", "2009-10-31": "252.00000", "2009-07-31": "230.00000", "2009-04-30": "198.00000", "2009-01-31": "236.00000", "2008-10-31": "352.00000", "2008-07-31": "331.00000", "2008-04-30": "320.00000", "2008-01-31": "355.00000", "2007-10-31": "462.00000", "2007-07-31": "275.00000", "2007-04-30": "155.00000", "2007-01-31": "176.00000", "2006-10-31": "178.00000", "2006-07-31": "138.00000", "2006-04-30": "127.00000", "2006-01-31": "182.00000", "2005-10-31": "171.00000", "2005-07-31": "120.00000", "2005-04-30": "123.27000", "2005-01-31": "128.00000"}, "Inventory": {"2020-10-31": "1865.00000", "2020-07-31": "1476.00000", "2020-04-30": "1491.00000", "2020-01-31": "1287.00000", "2019-10-31": "2032.00000", "2019-07-31": "1329.00000", "2019-04-30": "1357.00000", "2019-01-31": "1248.00000", "2018-10-31": "1963.00000", "2018-07-31": "1315.00000", "2018-04-30": "1350.00000", "2018-01-31": "1240.00000", "2017-10-31": "1715.00000", "2017-07-31": "1118.00000", "2017-04-30": "1147.00000", "2017-01-31": "1096.00000", "2016-10-31": "1651.00000", "2016-07-31": "1204.00000", "2016-04-30": "1266.00000", "2016-01-31": "1122.00000", "2015-10-31": "1620.00000", "2015-07-31": "1106.00000", "2015-04-30": "1139.00000", "2015-01-31": "1036.00000", "2014-10-31": "1485.00000", "2014-07-31": "1075.00000", "2014-04-30": "1219.00000", "2014-01-31": "1165.00000", "2013-10-31": "1643.00000", "2013-07-31": "1127.00000", "2013-04-30": "1115.00000", "2013-01-31": "1004.00000", "2012-10-31": "1446.00000", "2012-07-31": "1057.00000", "2012-04-30": "1100.00000", "2012-01-31": "997.00000", "2011-10-31": "1537.00000", "2011-07-31": "1104.00000", "2011-04-30": "1075.00000", "2011-01-31": "1032.00000", "2010-10-31": "1456.00000", "2010-07-31": "1083.00000", "2010-04-30": "1098.00000", "2010-01-31": "1037.00000", "2009-10-31": "1426.00000", "2009-07-31": "1091.00000", "2009-04-30": "1213.00000", "2009-01-31": "1182.00000", "2008-10-31": "1648.00000", "2008-07-31": "1220.00000", "2008-04-30": "1224.00000", "2008-01-31": "1251.00000", "2007-10-31": "1792.00000", "2007-07-31": "1468.00000", "2007-04-30": "1816.00000", "2007-01-31": "1770.00000", "2006-10-31": "2175.00000", "2006-07-31": "1493.00000", "2006-04-30": "1353.00000", "2006-01-31": "1160.00000", "2005-10-31": "1678.00000", "2005-07-31": "1223.00000", "2005-04-30": "1285.83700", "2005-01-31": "1142.00000"}, "Pre-Paid Expenses": {"2020-10-31": "", "2020-07-31": "", "2020-04-30": "", "2020-01-31": "", "2019-10-31": "", "2019-07-31": "", "2019-04-30": "", "2019-01-31": "", "2018-10-31": "", "2018-07-31": "", "2018-04-30": "", "2018-01-31": "", "2017-10-31": "", "2017-07-31": "", "2017-04-30": "", "2017-01-31": "", "2016-10-31": "", "2016-07-31": "", "2016-04-30": "", "2016-01-31": "", "2015-10-31": "", "2015-07-31": "", "2015-04-30": "", "2015-01-31": "", "2014-10-31": "", "2014-07-31": "", "2014-04-30": "", "2014-01-31": "", "2013-10-31": "", "2013-07-31": "", "2013-04-30": "", "2013-01-31": "", "2012-10-31": "", "2012-07-31": "", "2012-04-30": "", "2012-01-31": "", "2011-10-31": "", "2011-07-31": "", "2011-04-30": "", "2011-01-31": "", "2010-10-31": "", "2010-07-31": "", "2010-04-30": "", "2010-01-31": "", "2009-10-31": "", "2009-07-31": "", "2009-04-30": "", "2009-01-31": "", "2008-10-31": "", "2008-07-31": "", "2008-04-30": "", "2008-01-31": "", "2007-10-31": "", "2007-07-31": "", "2007-04-30": "", "2007-01-31": "", "2006-10-31": "", "2006-07-31": "", "2006-04-30": "", "2006-01-31": "", "2005-10-31": "", "2005-07-31": "", "2005-04-30": "", "2005-01-31": ""}, "Other Current Assets": {"2020-10-31": "143.00000", "2020-07-31": "150.00000", "2020-04-30": "172.00000", "2020-01-31": "153.00000", "2019-10-31": "259.00000", "2019-07-31": "188.00000", "2019-04-30": "170.00000", "2019-01-31": "232.00000", "2018-10-31": "301.00000", "2018-07-31": "247.00000", "2018-04-30": "234.00000", "2018-01-31": "228.00000", "2017-10-31": "195.00000", "2017-07-31": "234.00000", "2017-04-30": "237.00000", "2017-01-31": "141.00000", "2016-10-31": "256.00000", "2016-07-31": "217.00000", "2016-04-30": "209.00000", "2016-01-31": "225.00000", "2015-10-31": "315.00000", "2015-07-31": "320.00000", "2015-04-30": "258.00000", "2015-01-31": "230.00000", "2014-10-31": "314.00000", "2014-07-31": "217.00000", "2014-04-30": "210.00000", "2014-01-31": "194.00000", "2013-10-31": "237.00000", "2013-07-31": "193.00000", "2013-04-30": "204.00000", "2013-01-31": "196.00000", "2012-10-31": "217.00000", "2012-07-31": "240.00000", "2012-04-30": "222.00000", "2012-01-31": "167.00000", "2011-10-31": "253.00000", "2011-07-31": "242.00000", "2011-04-30": "327.00000", "2011-01-31": "163.00000", "2010-10-31": "255.00000", "2010-07-31": "181.00000", "2010-04-30": "170.00000", "2010-01-31": "160.00000", "2009-10-31": "214.00000", "2009-07-31": "188.00000", "2009-04-30": "194.00000", "2009-01-31": "199.00000", "2008-10-31": "362.00000", "2008-07-31": "292.00000", "2008-04-30": "297.00000", "2008-01-31": "295.00000", "2007-10-31": "320.00000", "2007-07-31": "286.00000", "2007-04-30": "405.00000", "2007-01-31": "325.00000", "2006-10-31": "361.00000", "2006-07-31": "270.00000", "2006-04-30": "247.00000", "2006-01-31": "234.00000", "2005-10-31": "309.00000", "2005-07-31": "239.00000", "2005-04-30": "248.30500", "2005-01-31": "253.00000"}, "Total Current Assets": {"2020-10-31": "4927.00000", "2020-07-31": "4505.00000", "2020-04-30": "2849.00000", "2020-01-31": "3245.00000", "2019-10-31": "2926.00000", "2019-07-31": "2653.00000", "2019-04-30": "2947.00000", "2019-01-31": "3260.00000", "2018-10-31": "2933.00000", "2018-07-31": "2715.00000", "2018-04-30": "2890.00000", "2018-01-31": "3293.00000", "2017-10-31": "2930.00000", "2017-07-31": "2957.00000", "2017-04-30": "3152.00000", "2017-01-31": "3465.00000", "2016-10-31": "2886.00000", "2016-07-31": "2960.00000", "2016-04-30": "2991.00000", "2016-01-31": "4156.00000", "2015-10-31": "3529.00000", "2015-07-31": "2463.00000", "2015-04-30": "2285.00000", "2015-01-31": "3199.00000", "2014-10-31": "2849.00000", "2014-07-31": "2699.00000", "2014-04-30": "2585.00000", "2014-01-31": "3150.00000", "2013-10-31": "2580.00000", "2013-07-31": "2098.00000", "2013-04-30": "1904.00000", "2013-01-31": "2205.00000", "2012-10-31": "2485.00000", "2012-07-31": "2716.00000", "2012-04-30": "2816.00000", "2012-01-31": "2368.00000", "2011-10-31": "2616.00000", "2011-07-31": "2652.00000", "2011-04-30": "3164.00000", "2011-01-31": "2592.00000", "2010-10-31": "2981.00000", "2010-07-31": "2805.00000", "2010-04-30": "2687.00000", "2010-01-31": "3250.00000", "2009-10-31": "2914.00000", "2009-07-31": "3133.00000", "2009-04-30": "2616.00000", "2009-01-31": "2867.00000", "2008-10-31": "2739.00000", "2008-07-31": "2821.00000", "2008-04-30": "2600.00000", "2008-01-31": "2919.00000", "2007-10-31": "2792.00000", "2007-07-31": "3222.00000", "2007-04-30": "2570.00000", "2007-01-31": "2771.00000", "2006-10-31": "2892.00000", "2006-07-31": "2552.00000", "2006-04-30": "2449.00000", "2006-01-31": "2784.00000", "2005-10-31": "2313.00000", "2005-07-31": "2301.00000", "2005-04-30": "2343.64800", "2005-01-31": "2684.00000"}, "Property, Plant, And Equipment": {"2020-10-31": "2231.00000", "2020-07-31": "2292.00000", "2020-04-30": "2299.00000", "2020-01-31": "2486.00000", "2019-10-31": "2571.00000", "2019-07-31": "2756.00000", "2019-04-30": "2794.00000", "2019-01-31": "2818.00000", "2018-10-31": "2934.00000", "2018-07-31": "2949.00000", "2018-04-30": "2894.00000", "2018-01-31": "2893.00000", "2017-10-31": "2920.00000", "2017-07-31": "2841.00000", "2017-04-30": "2761.00000", "2017-01-31": "2741.00000", "2016-10-31": "2770.00000", "2016-07-31": "2586.00000", "2016-04-30": "2423.00000", "2016-01-31": "2330.00000", "2015-10-31": "2350.00000", "2015-07-31": "2275.00000", "2015-04-30": "2306.00000", "2015-01-31": "2277.00000", "2014-10-31": "2281.00000", "2014-07-31": "2164.00000", "2014-04-30": "2075.00000", "2014-01-31": "2045.00000", "2013-10-31": "2078.00000", "2013-07-31": "1960.00000", "2013-04-30": "1850.00000", "2013-01-31": "1803.00000", "2012-10-31": "1841.00000", "2012-07-31": "1775.00000", "2012-04-30": "1689.00000", "2012-01-31": "1644.00000", "2011-10-31": "1661.00000", "2011-07-31": "1583.00000", "2011-04-30": "1598.00000", "2011-01-31": "1610.00000", "2010-10-31": "1633.00000", "2010-07-31": "1641.00000", "2010-04-30": "1677.00000", "2010-01-31": "1723.00000", "2009-10-31": "1814.00000", "2009-07-31": "1850.00000", "2009-04-30": "1891.00000", "2009-01-31": "1929.00000", "2008-10-31": "1957.00000", "2008-07-31": "1933.00000", "2008-04-30": "1895.00000", "2008-01-31": "1862.00000", "2007-10-31": "1853.00000", "2007-07-31": "1730.00000", "2007-04-30": "1945.00000", "2007-01-31": "1862.00000", "2006-10-31": "1752.00000", "2006-07-31": "1692.00000", "2006-04-30": "1655.00000", "2006-01-31": "1615.00000", "2005-10-31": "1615.00000", "2005-07-31": "1558.00000", "2005-04-30": "1524.67000", "2005-01-31": "1484.00000"}, "Long-Term Investments": {"2020-10-31": "", "2020-07-31": "", "2020-04-30": "", "2020-01-31": "", "2019-10-31": "", "2019-07-31": "", "2019-04-30": "", "2019-01-31": "", "2018-10-31": "", "2018-07-31": "", "2018-04-30": "", "2018-01-31": "", "2017-10-31": "", "2017-07-31": "", "2017-04-30": "", "2017-01-31": "", "2016-10-31": "", "2016-07-31": "", "2016-04-30": "", "2016-01-31": "", "2015-10-31": "", "2015-07-31": "", "2015-04-30": "", "2015-01-31": "", "2014-10-31": "", "2014-07-31": "", "2014-04-30": "", "2014-01-31": "", "2013-10-31": "", "2013-07-31": "", "2013-04-30": "", "2013-01-31": "", "2012-10-31": "", "2012-07-31": "", "2012-04-30": "", "2012-01-31": "", "2011-10-31": "", "2011-07-31": "", "2011-04-30": "", "2011-01-31": "", "2010-10-31": "", "2010-07-31": "", "2010-04-30": "", "2010-01-31": "", "2009-10-31": "", "2009-07-31": "", "2009-04-30": "", "2009-01-31": "", "2008-10-31": "", "2008-07-31": "", "2008-04-30": "", "2008-01-31": "", "2007-10-31": "", "2007-07-31": "", "2007-04-30": "", "2007-01-31": "", "2006-10-31": "", "2006-07-31": "", "2006-04-30": "", "2006-01-31": "", "2005-10-31": "", "2005-07-31": "", "2005-04-30": "", "2005-01-31": ""}, "Goodwill And Intangible Assets": {"2020-10-31": "1039.00000", "2020-07-31": "1039.00000", "2020-04-30": "1039.00000", "2020-01-31": "1039.00000", "2019-10-31": "1729.00000", "2019-07-31": "1759.00000", "2019-04-30": "1759.00000", "2019-01-31": "1759.00000", "2018-10-31": "1759.00000", "2018-07-31": "1759.00000", "2018-04-30": "1759.00000", "2018-01-31": "1759.00000", "2017-10-31": "1759.00000", "2017-07-31": "1759.00000", "2017-04-30": "1759.00000", "2017-01-31": "1759.00000", "2016-10-31": "1759.00000", "2016-07-31": "1759.00000", "2016-04-30": "1759.00000", "2016-01-31": "1729.00000", "2015-10-31": "1729.00000", "2015-07-31": "1729.00000", "2015-04-30": "1729.00000", "2015-01-31": "1729.00000", "2014-10-31": "1729.00000", "2014-07-31": "1729.00000", "2014-04-30": "1729.00000", "2014-01-31": "1729.00000", "2013-10-31": "1729.00000", "2013-07-31": "1730.00000", "2013-04-30": "1730.00000", "2013-01-31": "1730.00000", "2012-10-31": "1824.00000", "2012-07-31": "1824.00000", "2012-04-30": "1825.00000", "2012-01-31": "1825.00000", "2011-10-31": "2042.00000", "2011-07-31": "2055.00000", "2011-04-30": "2059.00000", "2011-01-31": "2043.00000", "2010-10-31": "2045.00000", "2010-07-31": "2043.00000", "2010-04-30": "2048.00000", "2010-01-31": "2036.00000", "2009-10-31": "2036.00000", "2009-07-31": "2040.00000", "2009-04-30": "2015.00000", "2009-01-31": "2006.00000", "2008-10-31": "2228.00000", "2008-07-31": "2317.00000", "2008-04-30": "2318.00000", "2008-01-31": "2410.00000", "2007-10-31": "2455.00000", "2007-07-31": "2386.00000", "2007-04-30": "2376.00000", "2007-01-31": "2318.00000", "2006-10-31": "1822.00000", "2006-07-31": "1801.00000", "2006-04-30": "1802.00000", "2006-01-31": "1804.00000", "2005-10-31": "1803.00000", "2005-07-31": "1806.00000", "2005-04-30": "1799.26400", "2005-01-31": "1800.00000"}, "Other Long-Term Assets": {"2020-10-31": "337.00000", "2020-07-31": "335.00000", "2020-04-30": "221.00000", "2020-01-31": "218.00000", "2019-10-31": "211.00000", "2019-07-31": "179.00000", "2019-04-30": "166.00000", "2019-01-31": "191.00000", "2018-10-31": "183.00000", "2018-07-31": "176.00000", "2018-04-30": "184.00000", "2018-01-31": "190.00000", "2017-10-31": "184.00000", "2017-07-31": "181.00000", "2017-04-30": "187.00000", "2017-01-31": "186.00000", "2016-10-31": "218.00000", "2016-07-31": "206.00000", "2016-04-30": "224.00000", "2016-01-31": "248.00000", "2015-10-31": "258.00000", "2015-07-31": "244.00000", "2015-04-30": "227.00000", "2015-01-31": "247.00000", "2014-10-31": "290.00000", "2014-07-31": "278.00000", "2014-04-30": "274.00000", "2014-01-31": "274.00000", "2013-10-31": "249.00000", "2013-07-31": "284.00000", "2013-04-30": "292.00000", "2013-01-31": "281.00000", "2012-10-31": "277.00000", "2012-07-31": "274.00000", "2012-04-30": "286.00000", "2012-01-31": "271.00000", "2011-10-31": "198.00000", "2011-07-31": "210.00000", "2011-04-30": "194.00000", "2011-01-31": "206.00000", "2010-10-31": "232.00000", "2010-07-31": "233.00000", "2010-04-30": "180.00000", "2010-01-31": "164.00000", "2009-10-31": "171.00000", "2009-07-31": "162.00000", "2009-04-30": "158.00000", "2009-01-31": "170.00000", "2008-10-31": "157.00000", "2008-07-31": "165.00000", "2008-04-30": "221.00000", "2008-01-31": "246.00000", "2007-10-31": "236.00000", "2007-07-31": "234.00000", "2007-04-30": "143.00000", "2007-01-31": "142.00000", "2006-10-31": "161.00000", "2006-07-31": "144.00000", "2006-04-30": "146.00000", "2006-01-31": "143.00000", "2005-10-31": "136.00000", "2005-07-31": "143.00000", "2005-04-30": "132.22800", "2005-01-31": "121.00000"}, "Total Long-Term Assets": {"2020-10-31": "6234.00000", "2020-07-31": "6375.00000", "2020-04-30": "6590.00000", "2020-01-31": "6880.00000", "2019-10-31": "7704.00000", "2019-07-31": "7965.00000", "2019-04-30": "8051.00000", "2019-01-31": "4830.00000", "2018-10-31": "4896.00000", "2018-07-31": "4905.00000", "2018-04-30": "4859.00000", "2018-01-31": "4856.00000", "2017-10-31": "4886.00000", "2017-07-31": "4806.00000", "2017-04-30": "4730.00000", "2017-01-31": "4705.00000", "2016-10-31": "4777.00000", "2016-07-31": "4581.00000", "2016-04-30": "4435.00000", "2016-01-31": "4337.00000", "2015-10-31": "4364.00000", "2015-07-31": "4275.00000", "2015-04-30": "4287.00000", "2015-01-31": "4277.00000", "2014-10-31": "4300.00000", "2014-07-31": "4171.00000", "2014-04-30": "4078.00000", "2014-01-31": "4048.00000", "2013-10-31": "4056.00000", "2013-07-31": "3974.00000", "2013-04-30": "3872.00000", "2013-01-31": "3814.00000", "2012-10-31": "3942.00000", "2012-07-31": "3873.00000", "2012-04-30": "3800.00000", "2012-01-31": "3740.00000", "2011-10-31": "3901.00000", "2011-07-31": "3848.00000", "2011-04-30": "3851.00000", "2011-01-31": "3859.00000", "2010-10-31": "3910.00000", "2010-07-31": "3917.00000", "2010-04-30": "3905.00000", "2010-01-31": "3923.00000", "2009-10-31": "4021.00000", "2009-07-31": "4052.00000", "2009-04-30": "4064.00000", "2009-01-31": "4105.00000", "2008-10-31": "4342.00000", "2008-07-31": "4415.00000", "2008-04-30": "4434.00000", "2008-01-31": "4518.00000", "2007-10-31": "4544.00000", "2007-07-31": "4350.00000", "2007-04-30": "4464.00000", "2007-01-31": "4322.00000", "2006-10-31": "3735.00000", "2006-07-31": "3637.00000", "2006-04-30": "3603.00000", "2006-01-31": "3562.00000", "2005-10-31": "3554.00000", "2005-07-31": "3507.00000", "2005-04-30": "3456.16200", "2005-01-31": "3405.00000"}, "Total Assets": {"2020-10-31": "11161.00000", "2020-07-31": "10880.00000", "2020-04-30": "9439.00000", "2020-01-31": "10125.00000", "2019-10-31": "10630.00000", "2019-07-31": "10618.00000", "2019-04-30": "10998.00000", "2019-01-31": "8090.00000", "2018-10-31": "7829.00000", "2018-07-31": "7620.00000", "2018-04-30": "7749.00000", "2018-01-31": "8149.00000", "2017-10-31": "7816.00000", "2017-07-31": "7763.00000", "2017-04-30": "7882.00000", "2017-01-31": "8170.00000", "2016-10-31": "7663.00000", "2016-07-31": "7541.00000", "2016-04-30": "7426.00000", "2016-01-31": "8493.00000", "2015-10-31": "7893.00000", "2015-07-31": "6738.00000", "2015-04-30": "6572.00000", "2015-01-31": "7476.00000", "2014-10-31": "7149.00000", "2014-07-31": "6870.00000", "2014-04-30": "6663.00000", "2014-01-31": "7198.00000", "2013-10-31": "6636.00000", "2013-07-31": "6072.00000", "2013-04-30": "5776.00000", "2013-01-31": "6019.00000", "2012-10-31": "6427.00000", "2012-07-31": "6589.00000", "2012-04-30": "6616.00000", "2012-01-31": "6108.00000", "2011-10-31": "6517.00000", "2011-07-31": "6500.00000", "2011-04-30": "7015.00000", "2011-01-31": "6451.00000", "2010-10-31": "6891.00000", "2010-07-31": "6722.00000", "2010-04-30": "6592.00000", "2010-01-31": "7173.00000", "2009-10-31": "6935.00000", "2009-07-31": "7185.00000", "2009-04-30": "6680.00000", "2009-01-31": "6972.00000", "2008-10-31": "7081.00000", "2008-07-31": "7236.00000", "2008-04-30": "7034.00000", "2008-01-31": "7437.00000", "2007-10-31": "7336.00000", "2007-07-31": "7572.00000", "2007-04-30": "7034.00000", "2007-01-31": "7093.00000", "2006-10-31": "6627.00000", "2006-07-31": "6189.00000", "2006-04-30": "6052.00000", "2006-01-31": "6346.00000", "2005-10-31": "5867.00000", "2005-07-31": "5808.00000", "2005-04-30": "5799.81000", "2005-01-31": "6089.00000"}, "Total Current Liabilities": {"2020-10-31": "3330.00000", "2020-07-31": "3433.00000", "2020-04-30": "2683.00000", "2020-01-31": "2372.00000", "2019-10-31": "2543.00000", "2019-07-31": "2216.00000", "2019-04-30": "2197.00000", "2019-01-31": "1986.00000", "2018-10-31": "2142.00000", "2018-07-31": "1856.00000", "2018-04-30": "1858.00000", "2018-01-31": "2031.00000", "2017-10-31": "2019.00000", "2017-07-31": "1758.00000", "2017-04-30": "1831.00000", "2017-01-31": "2014.00000", "2016-10-31": "2007.00000", "2016-07-31": "1819.00000", "2016-04-30": "1605.00000", "2016-01-31": "1875.00000", "2015-10-31": "1728.00000", "2015-07-31": "1570.00000", "2015-04-30": "1391.00000", "2015-01-31": "1679.00000", "2014-10-31": "1799.00000", "2014-07-31": "1580.00000", "2014-04-30": "1515.00000", "2014-01-31": "1826.00000", "2013-10-31": "1734.00000", "2013-07-31": "1485.00000", "2013-04-30": "1270.00000", "2013-01-31": "1538.00000", "2012-10-31": "1512.00000", "2012-07-31": "1400.00000", "2012-04-30": "1290.00000", "2012-01-31": "1526.00000", "2011-10-31": "1504.00000", "2011-07-31": "1347.00000", "2011-04-30": "1389.00000", "2011-01-31": "1504.00000", "2010-10-31": "1372.00000", "2010-07-31": "1180.00000", "2010-04-30": "1135.00000", "2010-01-31": "1322.00000", "2009-10-31": "1237.00000", "2009-07-31": "1098.00000", "2009-04-30": "1016.00000", "2009-01-31": "1255.00000", "2008-10-31": "1350.00000", "2008-07-31": "1245.00000", "2008-04-30": "1096.00000", "2008-01-31": "1374.00000", "2007-10-31": "1450.00000", "2007-07-31": "1459.00000", "2007-04-30": "1467.00000", "2007-01-31": "1709.00000", "2006-10-31": "1759.00000", "2006-07-31": "1321.00000", "2006-04-30": "1246.00000", "2006-01-31": "1575.00000", "2005-10-31": "1390.00000", "2005-07-31": "1275.00000", "2005-04-30": "1210.76400", "2005-01-31": "1451.00000"}, "Long Term Debt": {"2020-10-31": "6451.00000", "2020-07-31": "6269.00000", "2020-04-30": "5034.00000", "2020-01-31": "5487.00000", "2019-10-31": "5477.00000", "2019-07-31": "5475.00000", "2019-04-30": "5749.00000", "2019-01-31": "5739.00000", "2018-10-31": "5814.00000", "2018-07-31": "5712.00000", "2018-04-30": "5719.00000", "2018-01-31": "5707.00000", "2017-10-31": "5705.00000", "2017-07-31": "5704.00000", "2017-04-30": "5702.00000", "2017-01-31": "5700.00000", "2016-10-31": "5701.00000", "2016-07-31": "5706.00000", "2016-04-30": "5718.00000", "2016-01-31": "5715.00000", "2015-10-31": "5713.00000", "2015-07-31": "4720.00000", "2015-04-30": "4719.00000", "2015-01-31": "4722.00000", "2014-10-31": "4759.00000", "2014-07-31": "4758.00000", "2014-04-30": "4758.00000", "2014-01-31": "4761.00000", "2013-10-31": "4762.00000", "2013-07-31": "4475.00000", "2013-04-30": "4475.00000", "2013-01-31": "4477.00000", "2012-10-31": "4478.00000", "2012-07-31": "4480.00000", "2012-04-30": "4480.00000", "2012-01-31": "3481.00000", "2011-10-31": "3536.00000", "2011-07-31": "3524.00000", "2011-04-30": "3510.00000", "2011-01-31": "2507.00000", "2010-10-31": "2519.00000", "2010-07-31": "2532.00000", "2010-04-30": "2523.00000", "2010-01-31": "2723.00000", "2009-10-31": "2880.00000", "2009-07-31": "3251.00000", "2009-04-30": "2897.00000", "2009-01-31": "2897.00000", "2008-10-31": "2897.00000", "2008-07-31": "2901.00000", "2008-04-30": "2905.00000", "2008-01-31": "2905.00000", "2007-10-31": "2908.00000", "2007-07-31": "2908.00000", "2007-04-30": "1665.00000", "2007-01-31": "1665.00000", "2006-10-31": "1666.00000", "2006-07-31": "1665.00000", "2006-04-30": "1669.00000", "2006-01-31": "1669.00000", "2005-10-31": "1646.00000", "2005-07-31": "1646.00000", "2005-04-30": "1646.65100", "2005-01-31": "1646.00000"}, "Other Non-Current Liabilities": {"2020-10-31": "187.00000", "2020-07-31": "193.00000", "2020-04-30": "437.00000", "2020-01-31": "490.00000", "2019-10-31": "494.00000", "2019-07-31": "450.00000", "2019-04-30": "478.00000", "2019-01-31": "1004.00000", "2018-10-31": "951.00000", "2018-07-31": "937.00000", "2018-04-30": "907.00000", "2018-01-31": "924.00000", "2017-10-31": "844.00000", "2017-07-31": "844.00000", "2017-04-30": "824.00000", "2017-01-31": "831.00000", "2016-10-31": "881.00000", "2016-07-31": "877.00000", "2016-04-30": "920.00000", "2016-01-31": "904.00000", "2015-10-31": "868.00000", "2015-07-31": "849.00000", "2015-04-30": "820.00000", "2015-01-31": "820.00000", "2014-10-31": "796.00000", "2014-07-31": "806.00000", "2014-04-30": "782.00000", "2014-01-31": "770.00000", "2013-10-31": "766.00000", "2013-07-31": "773.00000", "2013-04-30": "819.00000", "2013-01-31": "818.00000", "2012-10-31": "778.00000", "2012-07-31": "766.00000", "2012-04-30": "786.00000", "2012-01-31": "780.00000", "2011-10-31": "736.00000", "2011-07-31": "780.00000", "2011-04-30": "771.00000", "2011-01-31": "761.00000", "2010-10-31": "737.00000", "2010-07-31": "713.00000", "2010-04-30": "717.00000", "2010-01-31": "731.00000", "2009-10-31": "717.00000", "2009-07-31": "740.00000", "2009-04-30": "719.00000", "2009-01-31": "732.00000", "2008-10-31": "702.00000", "2008-07-31": "716.00000", "2008-04-30": "710.00000", "2008-01-31": "709.00000", "2007-10-31": "714.00000", "2007-07-31": "629.00000", "2007-04-30": "674.00000", "2007-01-31": "520.00000", "2006-10-31": "470.00000", "2006-07-31": "452.00000", "2006-04-30": "442.00000", "2006-01-31": "452.00000", "2005-10-31": "463.00000", "2005-07-31": "441.00000", "2005-04-30": "437.80600", "2005-01-31": "447.00000"}, "Total Long Term Liabilities": {"2020-10-31": "9395.00000", "2020-07-31": "9351.00000", "2020-04-30": "8614.00000", "2020-01-31": "9248.00000", "2019-10-31": "9325.00000", "2019-07-31": "9331.00000", "2019-04-30": "9699.00000", "2019-01-31": "6969.00000", "2018-10-31": "6999.00000", "2018-07-31": "6886.00000", "2018-04-30": "6860.00000", "2018-01-31": "6869.00000", "2017-10-31": "6916.00000", "2017-07-31": "6917.00000", "2017-04-30": "6886.00000", "2017-01-31": "6883.00000", "2016-10-31": "6844.00000", "2016-07-31": "6851.00000", "2016-04-30": "6907.00000", "2016-01-31": "6876.00000", "2015-10-31": "6822.00000", "2015-07-31": "5815.00000", "2015-04-30": "5787.00000", "2015-01-31": "5778.00000", "2014-10-31": "5783.00000", "2014-07-31": "5793.00000", "2014-04-30": "5757.00000", "2014-01-31": "5741.00000", "2013-10-31": "5722.00000", "2013-07-31": "5448.00000", "2013-04-30": "5500.00000", "2013-01-31": "5495.00000", "2012-10-31": "5430.00000", "2012-07-31": "5434.00000", "2012-04-30": "5457.00000", "2012-01-31": "4444.00000", "2011-10-31": "4492.00000", "2011-07-31": "4528.00000", "2011-04-30": "4499.00000", "2011-01-31": "3470.00000", "2010-10-31": "3475.00000", "2010-07-31": "3469.00000", "2010-04-30": "3480.00000", "2010-01-31": "3667.00000", "2009-10-31": "3833.00000", "2009-07-31": "4211.00000", "2009-04-30": "3825.00000", "2009-01-31": "3842.00000", "2008-10-31": "3777.00000", "2008-07-31": "3792.00000", "2008-04-30": "3789.00000", "2008-01-31": "3844.00000", "2007-10-31": "3809.00000", "2007-07-31": "3702.00000", "2007-04-30": "2556.00000", "2007-01-31": "2429.00000", "2006-10-31": "2331.00000", "2006-07-31": "2306.00000", "2006-04-30": "2302.00000", "2006-01-31": "2300.00000", "2005-10-31": "2330.00000", "2005-07-31": "2297.00000", "2005-04-30": "2292.80400", "2005-01-31": "2303.00000"}, "Total Liabilities": {"2020-10-31": "12725.00000", "2020-07-31": "12784.00000", "2020-04-30": "11297.00000", "2020-01-31": "11620.00000", "2019-10-31": "11868.00000", "2019-07-31": "11547.00000", "2019-04-30": "11896.00000", "2019-01-31": "8955.00000", "2018-10-31": "9141.00000", "2018-07-31": "8742.00000", "2018-04-30": "8718.00000", "2018-01-31": "8900.00000", "2017-10-31": "8935.00000", "2017-07-31": "8675.00000", "2017-04-30": "8717.00000", "2017-01-31": "8897.00000", "2016-10-31": "8851.00000", "2016-07-31": "8670.00000", "2016-04-30": "8512.00000", "2016-01-31": "8751.00000", "2015-10-31": "8550.00000", "2015-07-31": "7385.00000", "2015-04-30": "7178.00000", "2015-01-31": "7457.00000", "2014-10-31": "7582.00000", "2014-07-31": "7373.00000", "2014-04-30": "7272.00000", "2014-01-31": "7567.00000", "2013-10-31": "7456.00000", "2013-07-31": "6933.00000", "2013-04-30": "6770.00000", "2013-01-31": "7033.00000", "2012-10-31": "6942.00000", "2012-07-31": "6834.00000", "2012-04-30": "6747.00000", "2012-01-31": "5970.00000", "2011-10-31": "5996.00000", "2011-07-31": "5875.00000", "2011-04-30": "5888.00000", "2011-01-31": "4974.00000", "2010-10-31": "4847.00000", "2010-07-31": "4649.00000", "2010-04-30": "4615.00000", "2010-01-31": "4989.00000", "2009-10-31": "5070.00000", "2009-07-31": "5309.00000", "2009-04-30": "4841.00000", "2009-01-31": "5097.00000", "2008-10-31": "5127.00000", "2008-07-31": "5037.00000", "2008-04-30": "4885.00000", "2008-01-31": "5218.00000", "2007-10-31": "5259.00000", "2007-07-31": "5161.00000", "2007-04-30": "4023.00000", "2007-01-31": "4138.00000", "2006-10-31": "4090.00000", "2006-07-31": "3627.00000", "2006-04-30": "3548.00000", "2006-01-31": "3875.00000", "2005-10-31": "3720.00000", "2005-07-31": "3572.00000", "2005-04-30": "3503.56800", "2005-01-31": "3754.00000"}, "Common Stock Net": {"2020-10-31": "143.00000", "2020-07-31": "143.00000", "2020-04-30": "143.00000", "2020-01-31": "142.00000", "2019-10-31": "142.00000", "2019-07-31": "142.00000", "2019-04-30": "142.00000", "2019-01-31": "141.00000", "2018-10-31": "142.00000", "2018-07-31": "142.00000", "2018-04-30": "141.00000", "2018-01-31": "141.00000", "2017-10-31": "159.00000", "2017-07-31": "159.00000", "2017-04-30": "159.00000", "2017-01-31": "157.00000", "2016-10-31": "157.00000", "2016-07-31": "157.00000", "2016-04-30": "157.00000", "2016-01-31": "156.00000", "2015-10-31": "156.00000", "2015-07-31": "156.00000", "2015-04-30": "156.00000", "2015-01-31": "155.00000", "2014-10-31": "155.00000", "2014-07-31": "155.00000", "2014-04-30": "155.00000", "2014-01-31": "154.00000", "2013-10-31": "153.00000", "2013-07-31": "153.00000", "2013-04-30": "153.00000", "2013-01-31": "152.00000", "2012-10-31": "151.00000", "2012-07-31": "151.00000", "2012-04-30": "151.00000", "2012-01-31": "148.00000", "2011-10-31": "167.00000", "2011-07-31": "167.00000", "2011-04-30": "166.00000", "2011-01-31": "164.00000", "2010-10-31": "164.00000", "2010-07-31": "163.00000", "2010-04-30": "163.00000", "2010-01-31": "161.00000", "2009-10-31": "262.00000", "2009-07-31": "262.00000", "2009-04-30": "262.00000", "2009-01-31": "262.00000", "2008-10-31": "262.00000", "2008-07-31": "262.00000", "2008-04-30": "262.00000", "2008-01-31": "262.00000", "2007-10-31": "262.00000", "2007-07-31": "262.00000", "2007-04-30": "262.00000", "2007-01-31": "262.00000", "2006-10-31": "262.00000", "2006-07-31": "262.00000", "2006-04-30": "262.00000", "2006-01-31": "262.00000", "2005-10-31": "262.00000", "2005-07-31": "262.00000", "2005-04-30": "261.92600", "2005-01-31": "262.00000"}, "Retained Earnings (Accumulated Deficit)": {"2020-10-31": "-2280.00000", "2020-07-31": "-2611.00000", "2020-04-30": "-2562.00000", "2020-01-31": "-2182.00000", "2019-10-31": "-1907.00000", "2019-07-31": "-1572.00000", "2019-04-30": "-1527.00000", "2019-01-31": "-1482.00000", "2018-10-31": "-1856.00000", "2018-07-31": "-1648.00000", "2018-04-30": "-1580.00000", "2018-01-31": "-1434.00000", "2017-10-31": "8.00000", "2017-07-31": "94.00000", "2017-04-30": "128.00000", "2017-01-31": "205.00000", "2016-10-31": "-254.00000", "2016-07-31": "-203.00000", "2016-04-30": "-283.00000", "2016-01-31": "315.00000", "2015-10-31": "-175.00000", "2015-07-31": "-194.00000", "2015-04-30": "-250.00000", "2015-01-31": "233.00000", "2014-10-31": "-231.00000", "2014-07-31": "-263.00000", "2014-04-30": "-351.00000", "2014-01-31": "-118.00000", "2013-10-31": "-519.00000", "2013-07-31": "-524.00000", "2013-04-30": "-616.00000", "2013-01-31": "-672.00000", "2012-10-31": "-141.00000", "2012-07-31": "146.00000", "2012-04-30": "75.00000", "2012-01-31": "24.00000", "2011-10-31": "1354.00000", "2011-07-31": "1320.00000", "2011-04-30": "1456.00000", "2011-01-31": "1354.00000", "2010-10-31": "1919.00000", "2010-07-31": "1906.00000", "2010-04-30": "1777.00000", "2010-01-31": "2037.00000", "2009-10-31": "4724.00000", "2009-07-31": "4757.00000", "2009-04-30": "4731.00000", "2009-01-31": "4777.00000", "2008-10-31": "4809.00000", "2008-07-31": "4855.00000", "2008-04-30": "4804.00000", "2008-01-31": "4758.00000", "2007-10-31": "4423.00000", "2007-07-31": "4465.00000", "2007-04-30": "4260.00000", "2007-01-31": "4277.00000", "2006-10-31": "3898.00000", "2006-07-31": "3934.00000", "2006-04-30": "3870.00000", "2006-01-31": "3839.00000", "2005-10-31": "3375.00000", "2005-07-31": "3436.00000", "2005-04-30": "3414.51800", "2005-01-31": "3392.00000"}, "Comprehensive Income": {"2020-10-31": "48.00000", "2020-07-31": "49.00000", "2020-04-30": "51.00000", "2020-01-31": "52.00000", "2019-10-31": "53.00000", "2019-07-31": "49.00000", "2019-04-30": "55.00000", "2019-01-31": "59.00000", "2018-10-31": "11.00000", "2018-07-31": "12.00000", "2018-04-30": "17.00000", "2018-01-31": "24.00000", "2017-10-31": "15.00000", "2017-07-31": "11.00000", "2017-04-30": "18.00000", "2017-01-31": "12.00000", "2016-10-31": "12.00000", "2016-07-31": "22.00000", "2016-04-30": "42.00000", "2016-01-31": "40.00000", "2015-10-31": "41.00000", "2015-07-31": "41.00000", "2015-04-30": "32.00000", "2015-01-31": "35.00000", "2014-10-31": "38.00000", "2014-07-31": "32.00000", "2014-04-30": "36.00000", "2014-01-31": "40.00000", "2013-10-31": "19.00000", "2013-07-31": "13.00000", "2013-04-30": "3.00000", "2013-01-31": "4.00000", "2012-10-31": "7.00000", "2012-07-31": "9.00000", "2012-04-30": "5.00000", "2012-01-31": "", "2011-10-31": "", "2011-07-31": "-2.00000", "2011-04-30": "89.00000", "2011-01-31": "1.00000", "2010-10-31": "5.00000", "2010-07-31": "9.00000", "2010-04-30": "-1.00000", "2010-01-31": "-15.00000", "2009-10-31": "-15.00000", "2009-07-31": "-22.00000", "2009-04-30": "-22.00000", "2009-01-31": "-28.00000", "2008-10-31": "-14.00000", "2008-07-31": "34.00000", "2008-04-30": "31.00000", "2008-01-31": "31.00000", "2007-10-31": "43.00000", "2007-07-31": "16.00000", "2007-04-30": "14.00000", "2007-01-31": "-17.00000", "2006-10-31": "-5.00000", "2006-07-31": "-5.00000", "2006-04-30": "5.00000", "2006-01-31": "-6.00000", "2005-10-31": "", "2005-07-31": "", "2005-04-30": "", "2005-01-31": ""}, "Other Share Holders Equity": {"2020-10-31": "", "2020-07-31": "", "2020-04-30": "", "2020-01-31": "", "2019-10-31": "", "2019-07-31": "", "2019-04-30": "", "2019-01-31": "", "2018-10-31": "", "2018-07-31": "", "2018-04-30": "", "2018-01-31": "", "2017-10-31": "", "2017-07-31": "", "2017-04-30": "", "2017-01-31": "", "2016-10-31": "", "2016-07-31": "", "2016-04-30": "", "2016-01-31": "", "2015-10-31": "", "2015-07-31": "", "2015-04-30": "", "2015-01-31": "", "2014-10-31": "", "2014-07-31": "", "2014-04-30": "", "2014-01-31": "", "2013-10-31": "", "2013-07-31": "", "2013-04-30": "", "2013-01-31": "", "2012-10-31": "", "2012-07-31": "", "2012-04-30": "", "2012-01-31": "", "2011-10-31": "", "2011-07-31": "", "2011-04-30": "", "2011-01-31": "", "2010-10-31": "", "2010-07-31": "", "2010-04-30": "", "2010-01-31": "", "2009-10-31": "", "2009-07-31": "", "2009-04-30": "", "2009-01-31": "", "2008-10-31": "", "2008-07-31": "", "2008-04-30": "", "2008-01-31": "", "2007-10-31": "", "2007-07-31": "", "2007-04-30": "", "2007-01-31": "", "2006-10-31": "", "2006-07-31": "", "2006-04-30": "", "2006-01-31": "", "2005-10-31": "", "2005-07-31": "", "2005-04-30": "", "2005-01-31": ""}, "Share Holder Equity": {"2020-10-31": "-1564.00000", "2020-07-31": "-1904.00000", "2020-04-30": "-1858.00000", "2020-01-31": "-1495.00000", "2019-10-31": "-1238.00000", "2019-07-31": "-929.00000", "2019-04-30": "-898.00000", "2019-01-31": "-865.00000", "2018-10-31": "-1312.00000", "2018-07-31": "-1122.00000", "2018-04-30": "-969.00000", "2018-01-31": "-751.00000", "2017-10-31": "-1119.00000", "2017-07-31": "-912.00000", "2017-04-30": "-835.00000", "2017-01-31": "-727.00000", "2016-10-31": "-1188.00000", "2016-07-31": "-1129.00000", "2016-04-30": "-1086.00000", "2016-01-31": "-258.00000", "2015-10-31": "-657.00000", "2015-07-31": "-647.00000", "2015-04-30": "-606.00000", "2015-01-31": "19.00000", "2014-10-31": "-433.00000", "2014-07-31": "-503.00000", "2014-04-30": "-609.00000", "2014-01-31": "-369.00000", "2013-10-31": "-820.00000", "2013-07-31": "-861.00000", "2013-04-30": "-994.00000", "2013-01-31": "-1014.00000", "2012-10-31": "-515.00000", "2012-07-31": "-245.00000", "2012-04-30": "-131.00000", "2012-01-31": "138.00000", "2011-10-31": "521.00000", "2011-07-31": "625.00000", "2011-04-30": "1127.00000", "2011-01-31": "1477.00000", "2010-10-31": "2044.00000", "2010-07-31": "2073.00000", "2010-04-30": "1977.00000", "2010-01-31": "2184.00000", "2009-10-31": "1865.00000", "2009-07-31": "1876.00000", "2009-04-30": "1839.00000", "2009-01-31": "1875.00000", "2008-10-31": "1954.00000", "2008-07-31": "2199.00000", "2008-04-30": "2149.00000", "2008-01-31": "2219.00000", "2007-10-31": "2077.00000", "2007-07-31": "2411.00000", "2007-04-30": "3011.00000", "2007-01-31": "2955.00000", "2006-10-31": "2537.00000", "2006-07-31": "2562.00000", "2006-04-30": "2504.00000", "2006-01-31": "2471.00000", "2005-10-31": "2147.00000", "2005-07-31": "2236.00000", "2005-04-30": "2296.24200", "2005-01-31": "2335.00000"}, "Total Liabilities And Share Holders Equity": {"2020-10-31": "11161.00000", "2020-07-31": "10880.00000", "2020-04-30": "9439.00000", "2020-01-31": "10125.00000", "2019-10-31": "10630.00000", "2019-07-31": "10618.00000", "2019-04-30": "10998.00000", "2019-01-31": "8090.00000", "2018-10-31": "7829.00000", "2018-07-31": "7620.00000", "2018-04-30": "7749.00000", "2018-01-31": "8149.00000", "2017-10-31": "7816.00000", "2017-07-31": "7763.00000", "2017-04-30": "7882.00000", "2017-01-31": "8170.00000", "2016-10-31": "7663.00000", "2016-07-31": "7541.00000", "2016-04-30": "7426.00000", "2016-01-31": "8493.00000", "2015-10-31": "7893.00000", "2015-07-31": "6738.00000", "2015-04-30": "6572.00000", "2015-01-31": "7476.00000", "2014-10-31": "7149.00000", "2014-07-31": "6870.00000", "2014-04-30": "6663.00000", "2014-01-31": "7198.00000", "2013-10-31": "6636.00000", "2013-07-31": "6072.00000", "2013-04-30": "5776.00000", "2013-01-31": "6019.00000", "2012-10-31": "6427.00000", "2012-07-31": "6589.00000", "2012-04-30": "6616.00000", "2012-01-31": "6108.00000", "2011-10-31": "6517.00000", "2011-07-31": "6500.00000", "2011-04-30": "7015.00000", "2011-01-31": "6451.00000", "2010-10-31": "6891.00000", "2010-07-31": "6722.00000", "2010-04-30": "6592.00000", "2010-01-31": "7173.00000", "2009-10-31": "6935.00000", "2009-07-31": "7185.00000", "2009-04-30": "6680.00000", "2009-01-31": "6972.00000", "2008-10-31": "7081.00000", "2008-07-31": "7236.00000", "2008-04-30": "7034.00000", "2008-01-31": "7437.00000", "2007-10-31": "7336.00000", "2007-07-31": "7572.00000", "2007-04-30": "7034.00000", "2007-01-31": "7093.00000", "2006-10-31": "6627.00000", "2006-07-31": "6189.00000", "2006-04-30": "6052.00000", "2006-01-31": "6346.00000", "2005-10-31": "5867.00000", "2005-07-31": "5808.00000", "2005-04-30": "5799.81000", "2005-01-31": "6089.00000"}}, "cash flow statement": {"Net Income/Loss": {"2020-01-31": "-366.00000", "2019-01-31": "644.00000", "2018-01-31": "983.00000", "2017-01-31": "1158.00000", "2016-01-31": "1253.00000", "2015-01-31": "1042.00000", "2014-01-31": "903.00000", "2013-01-31": "753.00000", "2012-01-31": "850.00000", "2011-01-31": "805.00000", "2010-01-31": "448.00000", "2009-01-31": "216.00000", "2008-01-31": "696.00000", "2007-01-31": "676.00000", "2006-01-31": "683.00000", "2005-01-31": "705.00000"}, "Total Depreciation And Amortization - Cash Flow": {"2020-01-31": "1308.00000", "2019-01-31": "547.00000", "2018-01-31": "524.00000", "2017-01-31": "472.00000", "2016-01-31": "415.00000", "2015-01-31": "398.00000", "2014-01-31": "368.00000", "2013-01-31": "447.00000", "2012-01-31": "588.00000", "2011-01-31": "365.00000", "2010-01-31": "360.00000", "2009-01-31": "558.00000", "2008-01-31": "365.00000", "2007-01-31": "316.00000", "2006-01-31": "299.00000", "2005-01-31": "333.00000"}, "Other Non-Cash Items": {"2020-01-31": "393.00000", "2019-01-31": "243.00000", "2018-01-31": "19.00000", "2017-01-31": "126.00000", "2016-01-31": "32.00000", "2015-01-31": "97.00000", "2014-01-31": "67.00000", "2013-01-31": "-21.00000", "2012-01-31": "-215.00000", "2011-01-31": "-120.00000", "2010-01-31": "78.00000", "2009-01-31": "-43.00000", "2008-01-31": "-356.00000", "2007-01-31": "-70.00000", "2006-01-31": "-67.00000", "2005-01-31": "1.00000"}, "Total Non-Cash Items": {"2020-01-31": "1701.00000", "2019-01-31": "790.00000", "2018-01-31": "543.00000", "2017-01-31": "598.00000", "2016-01-31": "447.00000", "2015-01-31": "495.00000", "2014-01-31": "435.00000", "2013-01-31": "426.00000", "2012-01-31": "373.00000", "2011-01-31": "245.00000", "2010-01-31": "438.00000", "2009-01-31": "515.00000", "2008-01-31": "9.00000", "2007-01-31": "246.00000", "2006-01-31": "232.00000", "2005-01-31": "334.00000"}, "Change In Accounts Receivable": {"2020-01-31": "31.00000", "2019-01-31": "-63.00000", "2018-01-31": "-13.00000", "2017-01-31": "-44.00000", "2016-01-31": "-10.00000", "2015-01-31": "-9.00000", "2014-01-31": "-43.00000", "2013-01-31": "5.00000", "2012-01-31": "-152.00000", "2011-01-31": "-11.00000", "2010-01-31": "22.00000", "2009-01-31": "103.00000", "2008-01-31": "-192.00000", "2007-01-31": "18.00000", "2006-01-31": "-54.00000", "2005-01-31": "-14.00000"}, "Change In Inventories": {"2020-01-31": "-40.00000", "2019-01-31": "-40.00000", "2018-01-31": "-137.00000", "2017-01-31": "30.00000", "2016-01-31": "-92.00000", "2015-01-31": "121.00000", "2014-01-31": "-168.00000", "2013-01-31": "-7.00000", "2012-01-31": "-27.00000", "2011-01-31": "9.00000", "2010-01-31": "156.00000", "2009-01-31": "45.00000", "2008-01-31": "337.00000", "2007-01-31": "-545.00000", "2006-01-31": "10.00000", "2005-01-31": "-194.00000"}, "Change In Accounts Payable": {"2020-01-31": "", "2019-01-31": "", "2018-01-31": "", "2017-01-31": "", "2016-01-31": "", "2015-01-31": "", "2014-01-31": "", "2013-01-31": "", "2012-01-31": "", "2011-01-31": "", "2010-01-31": "", "2009-01-31": "", "2008-01-31": "", "2007-01-31": "", "2006-01-31": "", "2005-01-31": ""}, "Change In Assets/Liabilities": {"2020-01-31": "-15.00000", "2019-01-31": "130.00000", "2018-01-31": "20.00000", "2017-01-31": "100.00000", "2016-01-31": "161.00000", "2015-01-31": "64.00000", "2014-01-31": "46.00000", "2013-01-31": "78.00000", "2012-01-31": "103.00000", "2011-01-31": "51.00000", "2010-01-31": "49.00000", "2009-01-31": "153.00000", "2008-01-31": "98.00000", "2007-01-31": "74.00000", "2006-01-31": "63.00000", "2005-01-31": "51.00000"}, "Total Change In Assets/Liabilities": {"2020-01-31": "-99.00000", "2019-01-31": "-57.00000", "2018-01-31": "-120.00000", "2017-01-31": "234.00000", "2016-01-31": "327.00000", "2015-01-31": "249.00000", "2014-01-31": "-90.00000", "2013-01-31": "172.00000", "2012-01-31": "43.00000", "2011-01-31": "234.00000", "2010-01-31": "288.00000", "2009-01-31": "223.00000", "2008-01-31": "60.00000", "2007-01-31": "-322.00000", "2006-01-31": "166.00000", "2005-01-31": "-106.00000"}, "Cash Flow From Operating Activities": {"2020-01-31": "1236.00000", "2019-01-31": "1377.00000", "2018-01-31": "1406.00000", "2017-01-31": "1990.00000", "2016-01-31": "2027.00000", "2015-01-31": "1786.00000", "2014-01-31": "1248.00000", "2013-01-31": "1351.00000", "2012-01-31": "1266.00000", "2011-01-31": "1284.00000", "2010-01-31": "1174.00000", "2009-01-31": "954.00000", "2008-01-31": "765.00000", "2007-01-31": "600.00000", "2006-01-31": "1081.00000", "2005-01-31": "933.00000"}, "Net Change In Property, Plant, And Equipment": {"2020-01-31": "-458.00000", "2019-01-31": "-629.00000", "2018-01-31": "-707.00000", "2017-01-31": "-937.00000", "2016-01-31": "-531.00000", "2015-01-31": "-715.00000", "2014-01-31": "-691.00000", "2013-01-31": "-588.00000", "2012-01-31": "-426.00000", "2011-01-31": "-274.00000", "2010-01-31": "-202.00000", "2009-01-31": "-479.00000", "2008-01-31": "-749.00000", "2007-01-31": "-548.00000", "2006-01-31": "-480.00000", "2005-01-31": "-431.00000"}, "Net Change In Intangible Assets": {"2020-01-31": "", "2019-01-31": "", "2018-01-31": "", "2017-01-31": "", "2016-01-31": "", "2015-01-31": "", "2014-01-31": "", "2013-01-31": "", "2012-01-31": "", "2011-01-31": "", "2010-01-31": "", "2009-01-31": "", "2008-01-31": "", "2007-01-31": "", "2006-01-31": "", "2005-01-31": ""}, "Net Acquisitions/Divestitures": {"2020-01-31": "", "2019-01-31": "", "2018-01-31": "", "2017-01-31": "-33.00000", "2016-01-31": "85.00000", "2015-01-31": "", "2014-01-31": "", "2013-01-31": "", "2012-01-31": "124.00000", "2011-01-31": "32.00000", "2010-01-31": "9.00000", "2009-01-31": "159.00000", "2008-01-31": "547.00000", "2007-01-31": "-572.00000", "2006-01-31": "", "2005-01-31": "-27.00000"}, "Net Change In Short-term Investments": {"2020-01-31": "", "2019-01-31": "", "2018-01-31": "", "2017-01-31": "10.00000", "2016-01-31": "-10.00000", "2015-01-31": "", "2014-01-31": "", "2013-01-31": "", "2012-01-31": "", "2011-01-31": "", "2010-01-31": "", "2009-01-31": "", "2008-01-31": "", "2007-01-31": "", "2006-01-31": "", "2005-01-31": ""}, "Net Change In Long-Term Investments": {"2020-01-31": "", "2019-01-31": "", "2018-01-31": "", "2017-01-31": "119.00000", "2016-01-31": "9.00000", "2015-01-31": "", "2014-01-31": "46.00000", "2013-01-31": "35.00000", "2012-01-31": "", "2011-01-31": "", "2010-01-31": "", "2009-01-31": "", "2008-01-31": "", "2007-01-31": "", "2006-01-31": "", "2005-01-31": "206.00000"}, "Net Change In Investments - Total": {"2020-01-31": "", "2019-01-31": "", "2018-01-31": "", "2017-01-31": "129.00000", "2016-01-31": "-1.00000", "2015-01-31": "", "2014-01-31": "46.00000", "2013-01-31": "35.00000", "2012-01-31": "", "2011-01-31": "", "2010-01-31": "", "2009-01-31": "", "2008-01-31": "", "2007-01-31": "", "2006-01-31": "", "2005-01-31": "206.00000"}, "Investing Activities - Other": {"2020-01-31": "-22.00000", "2019-01-31": "20.00000", "2018-01-31": "9.00000", "2017-01-31": "8.00000", "2016-01-31": "4.00000", "2015-01-31": "16.00000", "2014-01-31": "-10.00000", "2013-01-31": "22.00000", "2012-01-31": "76.00000", "2011-01-31": "136.00000", "2010-01-31": "31.00000", "2009-01-31": "80.00000", "2008-01-31": "232.00000", "2007-01-31": "27.00000", "2006-01-31": "-26.00000", "2005-01-31": "25.00000"}, "Cash Flow From Investing Activities": {"2020-01-31": "-480.00000", "2019-01-31": "-609.00000", "2018-01-31": "-698.00000", "2017-01-31": "-833.00000", "2016-01-31": "-443.00000", "2015-01-31": "-699.00000", "2014-01-31": "-655.00000", "2013-01-31": "-531.00000", "2012-01-31": "-226.00000", "2011-01-31": "-106.00000", "2010-01-31": "-162.00000", "2009-01-31": "-240.00000", "2008-01-31": "30.00000", "2007-01-31": "-1093.00000", "2006-01-31": "-506.00000", "2005-01-31": "-227.00000"}, "Net Long-Term Debt": {"2020-01-31": "-313.00000", "2019-01-31": "-52.00000", "2018-01-31": "-45.00000", "2017-01-31": "-50.00000", "2016-01-31": "988.00000", "2015-01-31": "-213.00000", "2014-01-31": "495.00000", "2013-01-31": "928.00000", "2012-01-31": "981.00000", "2011-01-31": "-255.00000", "2010-01-31": "-183.00000", "2009-01-31": "-15.00000", "2008-01-31": "1240.00000", "2007-01-31": "-7.00000", "2006-01-31": "30.00000", "2005-01-31": "998.00000"}, "Net Current Debt": {"2020-01-31": "5.00000", "2019-01-31": "63.00000", "2018-01-31": "52.00000", "2017-01-31": "29.00000", "2016-01-31": "7.00000", "2015-01-31": "", "2014-01-31": "", "2013-01-31": "", "2012-01-31": "", "2011-01-31": "", "2010-01-31": "", "2009-01-31": "", "2008-01-31": "", "2007-01-31": "", "2006-01-31": "", "2005-01-31": ""}, "Debt Issuance/Retirement Net - Total": {"2020-01-31": "-308.00000", "2019-01-31": "11.00000", "2018-01-31": "7.00000", "2017-01-31": "-21.00000", "2016-01-31": "995.00000", "2015-01-31": "-213.00000", "2014-01-31": "495.00000", "2013-01-31": "928.00000", "2012-01-31": "981.00000", "2011-01-31": "-255.00000", "2010-01-31": "-183.00000", "2009-01-31": "-15.00000", "2008-01-31": "1240.00000", "2007-01-31": "-7.00000", "2006-01-31": "30.00000", "2005-01-31": "998.00000"}, "Net Common Equity Issued/Repurchased": {"2020-01-31": "-12.00000", "2019-01-31": "-210.00000", "2018-01-31": "-440.00000", "2017-01-31": "-473.00000", "2016-01-31": "-538.00000", "2015-01-31": "-52.00000", "2014-01-31": "-28.00000", "2013-01-31": "-577.00000", "2012-01-31": "-1115.00000", "2011-01-31": "-119.00000", "2010-01-31": "8.00000", "2009-01-31": "-348.00000", "2008-01-31": "-1320.00000", "2007-01-31": "-16.00000", "2006-01-31": "-316.00000", "2005-01-31": "-2949.00000"}, "Net Total Equity Issued/Repurchased": {"2020-01-31": "-12.00000", "2019-01-31": "-210.00000", "2018-01-31": "-440.00000", "2017-01-31": "-473.00000", "2016-01-31": "-538.00000", "2015-01-31": "-52.00000", "2014-01-31": "-28.00000", "2013-01-31": "-577.00000", "2012-01-31": "-1115.00000", "2011-01-31": "-119.00000", "2010-01-31": "8.00000", "2009-01-31": "-348.00000", "2008-01-31": "-1320.00000", "2007-01-31": "-16.00000", "2006-01-31": "-316.00000", "2005-01-31": "-2949.00000"}, "Total Common And Preferred Stock Dividends Paid": {"2020-01-31": "-332.00000", "2019-01-31": "-666.00000", "2018-01-31": "-686.00000", "2017-01-31": "-1268.00000", "2016-01-31": "-1171.00000", "2015-01-31": "-691.00000", "2014-01-31": "-349.00000", "2013-01-31": "-1449.00000", "2012-01-31": "-1144.00000", "2011-01-31": "-1488.00000", "2010-01-31": "-193.00000", "2009-01-31": "-201.00000", "2008-01-31": "-227.00000", "2007-01-31": "-238.00000", "2006-01-31": "-242.00000", "2005-01-31": "-724.00000"}, "Financial Activities - Other": {"2020-01-31": "-14.00000", "2019-01-31": "-7.00000", "2018-01-31": "-8.00000", "2017-01-31": "-3.00000", "2016-01-31": "-2.00000", "2015-01-31": "37.00000", "2014-01-31": "36.00000", "2013-01-31": "116.00000", "2012-01-31": "41.00000", "2011-01-31": "5.00000", "2010-01-31": "-19.00000", "2009-01-31": "2.00000", "2008-01-31": "28.00000", "2007-01-31": "46.00000", "2006-01-31": "", "2005-01-31": ""}, "Cash Flow From Financial Activities": {"2020-01-31": "-666.00000", "2019-01-31": "-872.00000", "2018-01-31": "-1127.00000", "2017-01-31": "-1765.00000", "2016-01-31": "-716.00000", "2015-01-31": "-919.00000", "2014-01-31": "154.00000", "2013-01-31": "-982.00000", "2012-01-31": "-1237.00000", "2011-01-31": "-1857.00000", "2010-01-31": "-387.00000", "2009-01-31": "-562.00000", "2008-01-31": "-279.00000", "2007-01-31": "-215.00000", "2006-01-31": "-528.00000", "2005-01-31": "-2675.00000"}, "Net Cash Flow": {"2020-01-31": "86.00000", "2019-01-31": "-102.00000", "2018-01-31": "-419.00000", "2017-01-31": "-614.00000", "2016-01-31": "867.00000", "2015-01-31": "162.00000", "2014-01-31": "746.00000", "2013-01-31": "-162.00000", "2012-01-31": "-195.00000", "2011-01-31": "-674.00000", "2010-01-31": "631.00000", "2009-01-31": "155.00000", "2008-01-31": "518.00000", "2007-01-31": "-708.00000", "2006-01-31": "47.00000", "2005-01-31": "-1969.00000"}, "Stock-Based Compensation": {"2020-01-31": "87.00000", "2019-01-31": "97.00000", "2018-01-31": "102.00000", "2017-01-31": "96.00000", "2016-01-31": "97.00000", "2015-01-31": "90.00000", "2014-01-31": "85.00000", "2013-01-31": "73.00000", "2012-01-31": "51.00000", "2011-01-31": "64.00000", "2010-01-31": "40.00000", "2009-01-31": "35.00000", "2008-01-31": "44.00000", "2007-01-31": "37.00000", "2006-01-31": "11.00000", "2005-01-31": "9.00000"}, "Common Stock Dividends Paid": {"2020-01-31": "-332.00000", "2019-01-31": "-666.00000", "2018-01-31": "-686.00000", "2017-01-31": "-1268.00000", "2016-01-31": "-1171.00000", "2015-01-31": "-691.00000", "2014-01-31": "-349.00000", "2013-01-31": "-1449.00000", "2012-01-31": "-1144.00000", "2011-01-31": "-1488.00000", "2010-01-31": "-193.00000", "2009-01-31": "-201.00000", "2008-01-31": "-227.00000", "2007-01-31": "-238.00000", "2006-01-31": "-242.00000", "2005-01-31": "-724.00000"}}, "cash flow statement, quarterly": {"Net Income/Loss": {"2020-10-31": 330, "2020-07-31": -49, "2020-04-30": "-297.00000", "2020-01-31": -192, "2019-10-31": -252, "2019-07-31": 38, "2019-04-30": "40.00000", "2019-01-31": 540, "2018-10-31": -43, "2018-07-31": 99, "2018-04-30": "48.00000", "2018-01-31": 664, "2017-10-31": 86, "2017-07-31": 139, "2017-04-30": "94.00000", "2017-01-31": 632, "2016-10-31": 121, "2016-07-31": 253, "2016-04-30": "152.00000", "2016-01-31": 636, "2015-10-31": 164, "2015-07-31": 203, "2015-04-30": "250.00000", "2015-01-31": 565, "2014-10-31": 132, "2014-07-31": 188, "2014-04-30": "157.00000", "2014-01-31": 490, "2013-10-31": 92, "2013-07-31": 178, "2013-04-30": "143.00000", "2013-01-31": 411, "2012-10-31": 74, "2012-07-31": 143, "2012-04-30": "125.00000", "2012-01-31": 359, "2011-10-31": 95, "2011-07-31": 231, "2011-04-30": "165.00000", "2011-01-31": 453, "2010-10-31": 61, "2010-07-31": 178, "2010-04-30": "113.00000", "2010-01-31": 356, "2009-10-31": 15, "2009-07-31": 74, "2009-04-30": "3.00000", "2009-01-31": 16, "2008-10-31": 4, "2008-07-31": 99, "2008-04-30": "97.00000", "2008-01-31": 367, "2007-10-31": 12, "2007-07-31": 264, "2007-04-30": "53.00000", "2007-01-31": 440, "2006-10-31": 23, "2006-07-31": 114, "2006-04-30": "99.00000", "2006-01-31": 519, "2005-10-31": -1, "2005-07-31": 81.735, "2005-04-30": "83.26500", "2005-01-31": 705}, "Total Depreciation And Amortization - Cash Flow": {"2020-10-31": 127, "2020-07-31": 127, "2020-04-30": "139.00000", "2020-01-31": 865, "2019-10-31": 148, "2019-07-31": 150, "2019-04-30": "145.00000", "2019-01-31": 135, "2018-10-31": 138, "2018-07-31": 137, "2018-04-30": "137.00000", "2018-01-31": 133, "2017-10-31": 133, "2017-07-31": 128, "2017-04-30": "130.00000", "2017-01-31": 129, "2016-10-31": 121, "2016-07-31": 112, "2016-04-30": "110.00000", "2016-01-31": 111, "2015-10-31": 100, "2015-07-31": 103, "2015-04-30": "101.00000", "2015-01-31": 101, "2014-10-31": 98, "2014-07-31": 99, "2014-04-30": "100.00000", "2014-01-31": 98, "2013-10-31": 87, "2013-07-31": 92, "2013-04-30": "91.00000", "2013-01-31": 186, "2012-10-31": 87, "2012-07-31": 88, "2012-04-30": "86.00000", "2012-01-31": 324, "2011-10-31": 84, "2011-07-31": 90, "2011-04-30": "90.00000", "2011-01-31": 99, "2010-10-31": 89, "2010-07-31": 88, "2010-04-30": "89.00000", "2010-01-31": 98, "2009-10-31": 89, "2009-07-31": 88, "2009-04-30": "85.00000", "2009-01-31": 308, "2008-10-31": 82, "2008-07-31": 84, "2008-04-30": "84.00000", "2008-01-31": 88, "2007-10-31": 81, "2007-07-31": 101, "2007-04-30": "95.00000", "2007-01-31": 86, "2006-10-31": 78, "2006-07-31": 78, "2006-04-30": "74.00000", "2006-01-31": 78, "2005-10-31": 70, "2005-07-31": 73.247, "2005-04-30": "77.75300", "2005-01-31": 333}, "Other Non-Cash Items": {"2020-10-31": 39, "2020-07-31": 92, "2020-04-30": "92.00000", "2020-01-31": -14, "2019-10-31": 310, "2019-07-31": 64, "2019-04-30": "33.00000", "2019-01-31": 89, "2018-10-31": 105, "2018-07-31": 37, "2018-04-30": "12.00000", "2018-01-31": -46, "2017-10-31": 23, "2017-07-31": 21, "2017-04-30": "21.00000", "2017-01-31": 127, "2016-10-31": 14, "2016-07-31": -47, "2016-04-30": "32.00000", "2016-01-31": 96, "2015-10-31": 15, "2015-07-31": 10, "2015-04-30": "-89.00000", "2015-01-31": 61, "2014-10-31": 9, "2014-07-31": 34, "2014-04-30": "-7.00000", "2014-01-31": 38, "2013-10-31": 10, "2013-07-31": 13, "2013-04-30": "6.00000", "2013-01-31": 59, "2012-10-31": -16, "2012-07-31": 0, "2012-04-30": "-64.00000", "2012-01-31": -165, "2011-10-31": 7, "2011-07-31": 23, "2011-04-30": "-80.00000", "2011-01-31": -44, "2010-10-31": 5, "2010-07-31": -60, "2010-04-30": "-21.00000", "2010-01-31": 4, "2009-10-31": 57, "2009-07-31": 3, "2009-04-30": "14.00000", "2009-01-31": 62, "2008-10-31": -2, "2008-07-31": -7, "2008-04-30": "-96.00000", "2008-01-31": 176, "2007-10-31": -25, "2007-07-31": -491, "2007-04-30": "-16.00000", "2007-01-31": -59, "2006-10-31": 0, "2006-07-31": -17, "2006-04-30": "6.00000", "2006-01-31": -44, "2005-10-31": -1, "2005-07-31": -16.875, "2005-04-30": "-5.12500", "2005-01-31": 1}, "Total Non-Cash Items": {"2020-10-31": 166, "2020-07-31": 219, "2020-04-30": "231.00000", "2020-01-31": 851, "2019-10-31": 458, "2019-07-31": 214, "2019-04-30": "178.00000", "2019-01-31": 224, "2018-10-31": 243, "2018-07-31": 174, "2018-04-30": "149.00000", "2018-01-31": 87, "2017-10-31": 156, "2017-07-31": 149, "2017-04-30": "151.00000", "2017-01-31": 256, "2016-10-31": 135, "2016-07-31": 65, "2016-04-30": "142.00000", "2016-01-31": 207, "2015-10-31": 115, "2015-07-31": 113, "2015-04-30": "12.00000", "2015-01-31": 162, "2014-10-31": 107, "2014-07-31": 133, "2014-04-30": "93.00000", "2014-01-31": 136, "2013-10-31": 97, "2013-07-31": 105, "2013-04-30": "97.00000", "2013-01-31": 245, "2012-10-31": 71, "2012-07-31": 88, "2012-04-30": "22.00000", "2012-01-31": 159, "2011-10-31": 91, "2011-07-31": 113, "2011-04-30": "10.00000", "2011-01-31": 55, "2010-10-31": 94, "2010-07-31": 28, "2010-04-30": "68.00000", "2010-01-31": 102, "2009-10-31": 146, "2009-07-31": 91, "2009-04-30": "99.00000", "2009-01-31": 370, "2008-10-31": 80, "2008-07-31": 77, "2008-04-30": "-12.00000", "2008-01-31": 264, "2007-10-31": 56, "2007-07-31": -390, "2007-04-30": "79.00000", "2007-01-31": 27, "2006-10-31": 78, "2006-07-31": 61, "2006-04-30": "80.00000", "2006-01-31": 34, "2005-10-31": 69, "2005-07-31": 56.372, "2005-04-30": "72.62800", "2005-01-31": 334}, "Change In Accounts Receivable": {"2020-10-31": -28, "2020-07-31": -40, "2020-04-30": "77.00000", "2020-01-31": -10, "2019-10-31": -14, "2019-07-31": -10, "2019-04-30": "65.00000", "2019-01-31": -55, "2018-10-31": -9, "2018-07-31": -40, "2018-04-30": "41.00000", "2018-01-31": -22, "2017-10-31": -41, "2017-07-31": -30, "2017-04-30": "80.00000", "2017-01-31": 31, "2016-10-31": -60, "2016-07-31": -18, "2016-04-30": "3.00000", "2016-01-31": 20, "2015-10-31": -24, "2015-07-31": -19, "2015-04-30": "13.00000", "2015-01-31": 21, "2014-10-31": -41, "2014-07-31": -17, "2014-04-30": "28.00000", "2014-01-31": -1, "2013-10-31": -54, "2013-07-31": -15, "2013-04-30": "27.00000", "2013-01-31": 10, "2012-10-31": -37, "2012-07-31": -15, "2012-04-30": "47.00000", "2012-01-31": -95, "2011-10-31": -50, "2011-07-31": -39, "2011-04-30": "32.00000", "2011-01-31": 17, "2010-10-31": -38, "2010-07-31": -27, "2010-04-30": "37.00000", "2010-01-31": 34, "2009-10-31": -21, "2009-07-31": -29, "2009-04-30": "38.00000", "2009-01-31": 115, "2008-10-31": -25, "2008-07-31": -12, "2008-04-30": "25.00000", "2008-01-31": 104, "2007-10-31": -187, "2007-07-31": -135, "2007-04-30": "26.00000", "2007-01-31": -5, "2006-10-31": -21, "2006-07-31": -12, "2006-04-30": "56.00000", "2006-01-31": -12, "2005-10-31": -50, "2005-07-31": 2.761, "2005-04-30": "5.23900", "2005-01-31": -14}, "Change In Inventories": {"2020-10-31": -399, "2020-07-31": 17, "2020-04-30": "-208.00000", "2020-01-31": 745, "2019-10-31": -702, "2019-07-31": 27, "2019-04-30": "-110.00000", "2019-01-31": 691, "2018-10-31": -650, "2018-07-31": 33, "2018-04-30": "-114.00000", "2018-01-31": 479, "2017-10-31": -598, "2017-07-31": 34, "2017-04-30": "-52.00000", "2017-01-31": 557, "2016-10-31": -450, "2016-07-31": 58, "2016-04-30": "-135.00000", "2016-01-31": 494, "2015-10-31": -515, "2015-07-31": 29, "2015-04-30": "-100.00000", "2015-01-31": 442, "2014-10-31": -412, "2014-07-31": 145, "2014-04-30": "-54.00000", "2014-01-31": 474, "2013-10-31": -518, "2013-07-31": -12, "2013-04-30": "-112.00000", "2013-01-31": 442, "2012-10-31": -389, "2012-07-31": 42, "2012-04-30": "-102.00000", "2012-01-31": 477, "2011-10-31": -435, "2011-07-31": -30, "2011-04-30": "-39.00000", "2011-01-31": 424, "2010-10-31": -371, "2010-07-31": 13, "2010-04-30": "-57.00000", "2010-01-31": 389, "2009-10-31": -335, "2009-07-31": 130, "2009-04-30": "-28.00000", "2009-01-31": 468, "2008-10-31": -446, "2008-07-31": 5, "2008-04-30": "18.00000", "2008-01-31": 534, "2007-10-31": -311, "2007-07-31": 155, "2007-04-30": "-41.00000", "2007-01-31": 470, "2006-10-31": -682, "2006-07-31": -140, "2006-04-30": "-193.00000", "2006-01-31": 518, "2005-10-31": -455, "2005-07-31": 63.367, "2005-04-30": "-116.36700", "2005-01-31": -194}, "Change In Accounts Payable": {"2020-10-31": 0, "2020-07-31": 0, "2020-04-30": "", "2020-01-31": 0, "2019-10-31": 0, "2019-07-31": 0, "2019-04-30": "", "2019-01-31": 0, "2018-10-31": 0, "2018-07-31": 0, "2018-04-30": "", "2018-01-31": 0, "2017-10-31": 0, "2017-07-31": 0, "2017-04-30": "", "2017-01-31": 0, "2016-10-31": 0, "2016-07-31": 0, "2016-04-30": "", "2016-01-31": 0, "2015-10-31": 0, "2015-07-31": 0, "2015-04-30": "", "2015-01-31": 0, "2014-10-31": 0, "2014-07-31": 0, "2014-04-30": "", "2014-01-31": 0, "2013-10-31": 0, "2013-07-31": 0, "2013-04-30": "", "2013-01-31": 0, "2012-10-31": 0, "2012-07-31": 0, "2012-04-30": "", "2012-01-31": 0, "2011-10-31": 0, "2011-07-31": 0, "2011-04-30": "", "2011-01-31": 0, "2010-10-31": 0, "2010-07-31": 0, "2010-04-30": "", "2010-01-31": 0, "2009-10-31": 0, "2009-07-31": 0, "2009-04-30": "", "2009-01-31": 0, "2008-10-31": 0, "2008-07-31": 0, "2008-04-30": "", "2008-01-31": 0, "2007-10-31": 0, "2007-07-31": 0, "2007-04-30": "", "2007-01-31": 0, "2006-10-31": 0, "2006-07-31": 0, "2006-04-30": "", "2006-01-31": 0, "2005-10-31": 0, "2005-07-31": 0, "2005-04-30": "", "2005-01-31": 0}, "Change In Assets/Liabilities": {"2020-10-31": 1, "2020-07-31": 58, "2020-04-30": "66.00000", "2020-01-31": 19, "2019-10-31": 1, "2019-07-31": -16, "2019-04-30": "-19.00000", "2019-01-31": 88, "2018-10-31": 15, "2018-07-31": 18, "2018-04-30": "9.00000", "2018-01-31": -10, "2017-10-31": 78, "2017-07-31": 29, "2017-04-30": "-77.00000", "2017-01-31": 105, "2016-10-31": -29, "2016-07-31": -21, "2016-04-30": "45.00000", "2016-01-31": 104, "2015-10-31": -4, "2015-07-31": 27, "2015-04-30": "34.00000", "2015-01-31": 83, "2014-10-31": -41, "2014-07-31": 23, "2014-04-30": "-1.00000", "2014-01-31": 85, "2013-10-31": -38, "2013-07-31": -7, "2013-04-30": "6.00000", "2013-01-31": 74, "2012-10-31": -16, "2012-07-31": 61, "2012-04-30": "-41.00000", "2012-01-31": 158, "2011-10-31": -2, "2011-07-31": -40, "2011-04-30": "-13.00000", "2011-01-31": 130, "2010-10-31": -47, "2010-07-31": 6, "2010-04-30": "-38.00000", "2010-01-31": 57, "2009-10-31": -42, "2009-07-31": 20, "2009-04-30": "14.00000", "2009-01-31": 72, "2008-10-31": 16, "2008-07-31": 41, "2008-04-30": "24.00000", "2008-01-31": -37, "2007-10-31": 8, "2007-07-31": 134, "2007-04-30": "-7.00000", "2007-01-31": 139, "2006-10-31": -61, "2006-07-31": 8, "2006-04-30": "-12.00000", "2006-01-31": 44, "2005-10-31": 6, "2005-07-31": 18.828, "2005-04-30": "-5.82800", "2005-01-31": 51}, "Total Change In Assets/Liabilities": {"2020-10-31": -76, "2020-07-31": 458, "2020-04-30": "-276.00000", "2020-01-31": 667, "2019-10-31": -458, "2019-07-31": -17, "2019-04-30": "-291.00000", "2019-01-31": 600, "2018-10-31": -399, "2018-07-31": 18, "2018-04-30": "-276.00000", "2018-01-31": 517, "2017-10-31": -325, "2017-07-31": -74, "2017-04-30": "-238.00000", "2017-01-31": 691, "2016-10-31": -353, "2016-07-31": 233, "2016-04-30": "-337.00000", "2016-01-31": 922, "2015-10-31": -392, "2015-07-31": 215, "2015-04-30": "-418.00000", "2015-01-31": 689, "2014-10-31": -315, "2014-07-31": 214, "2014-04-30": "-339.00000", "2014-01-31": 653, "2013-10-31": -574, "2013-07-31": 191, "2013-04-30": "-360.00000", "2013-01-31": 620, "2012-10-31": -275, "2012-07-31": 157, "2012-04-30": "-330.00000", "2012-01-31": 654, "2011-10-31": -315, "2011-07-31": -103, "2011-04-30": "-193.00000", "2011-01-31": 695, "2010-10-31": -258, "2010-07-31": 38, "2010-04-30": "-241.00000", "2010-01-31": 586, "2009-10-31": -275, "2009-07-31": 197, "2009-04-30": "-220.00000", "2009-01-31": 565, "2008-10-31": -328, "2008-07-31": 183, "2008-04-30": "-197.00000", "2008-01-31": 557, "2007-10-31": -455, "2007-07-31": 426, "2007-04-30": "-468.00000", "2007-01-31": 740, "2006-10-31": -549, "2006-07-31": -45, "2006-04-30": "-468.00000", "2006-01-31": 758, "2005-10-31": -395, "2005-07-31": 171.935, "2005-04-30": "-368.93500", "2005-01-31": -106}, "Cash Flow From Operating Activities": {"2020-10-31": 420, "2020-07-31": 628, "2020-04-30": "-342.00000", "2020-01-31": 1326, "2019-10-31": -252, "2019-07-31": 235, "2019-04-30": "-73.00000", "2019-01-31": 1364, "2018-10-31": -199, "2018-07-31": 291, "2018-04-30": "-79.00000", "2018-01-31": 1268, "2017-10-31": -83, "2017-07-31": 214, "2017-04-30": "7.00000", "2017-01-31": 1579, "2016-10-31": -97, "2016-07-31": 551, "2016-04-30": "-43.00000", "2016-01-31": 1765, "2015-10-31": -113, "2015-07-31": 531, "2015-04-30": "-156.00000", "2015-01-31": 1416, "2014-10-31": -76, "2014-07-31": 535, "2014-04-30": "-89.00000", "2014-01-31": 1279, "2013-10-31": -385, "2013-07-31": 474, "2013-04-30": "-120.00000", "2013-01-31": 1276, "2012-10-31": -130, "2012-07-31": 388, "2012-04-30": "-183.00000", "2012-01-31": 1172, "2011-10-31": -129, "2011-07-31": 241, "2011-04-30": "-18.00000", "2011-01-31": 1203, "2010-10-31": -103, "2010-07-31": 244, "2010-04-30": "-60.00000", "2010-01-31": 1044, "2009-10-31": -114, "2009-07-31": 362, "2009-04-30": "-118.00000", "2009-01-31": 951, "2008-10-31": -244, "2008-07-31": 359, "2008-04-30": "-112.00000", "2008-01-31": 1188, "2007-10-31": -387, "2007-07-31": 300, "2007-04-30": "-336.00000", "2007-01-31": 1207, "2006-10-31": -448, "2006-07-31": 130, "2006-04-30": "-289.00000", "2006-01-31": 1311, "2005-10-31": -327, "2005-07-31": 310.042, "2005-04-30": "-213.04200", "2005-01-31": 933}, "Net Change In Property, Plant, And Equipment": {"2020-10-31": -76, "2020-07-31": -69, "2020-04-30": "-55.00000", "2020-01-31": -66, "2019-10-31": -148, "2019-07-31": -121, "2019-04-30": "-123.00000", "2019-01-31": -68, "2018-10-31": -216, "2018-07-31": -185, "2018-04-30": "-160.00000", "2018-01-31": -108, "2017-10-31": -227, "2017-07-31": -207, "2017-04-30": "-165.00000", "2017-01-31": -112, "2016-10-31": -328, "2016-07-31": -310, "2016-04-30": "-187.00000", "2016-01-31": -124, "2015-10-31": -184, "2015-07-31": -91, "2015-04-30": "-132.00000", "2015-01-31": -130, "2014-10-31": -236, "2014-07-31": -199, "2014-04-30": "-150.00000", "2014-01-31": -93, "2013-10-31": -215, "2013-07-31": -234, "2013-04-30": "-149.00000", "2013-01-31": -97, "2012-10-31": -162, "2012-07-31": -193, "2012-04-30": "-136.00000", "2012-01-31": -88, "2011-10-31": -176, "2011-07-31": -85, "2011-04-30": "-77.00000", "2011-01-31": -77, "2010-10-31": -87, "2010-07-31": -66, "2010-04-30": "-44.00000", "2010-01-31": -42, "2009-10-31": -63, "2009-07-31": -46, "2009-04-30": "-51.00000", "2009-01-31": -73, "2008-10-31": -134, "2008-07-31": -133, "2008-04-30": "-139.00000", "2008-01-31": -223, "2007-10-31": -126, "2007-07-31": -219, "2007-04-30": "-181.00000", "2007-01-31": -130, "2006-10-31": -169, "2006-07-31": -126, "2006-04-30": "-123.00000", "2006-01-31": -95, "2005-10-31": -135, "2005-07-31": -115.854, "2005-04-30": "-134.14600", "2005-01-31": -431}, "Net Change In Intangible Assets": {"2020-10-31": 0, "2020-07-31": 0, "2020-04-30": "", "2020-01-31": 0, "2019-10-31": 0, "2019-07-31": 0, "2019-04-30": "", "2019-01-31": 0, "2018-10-31": 0, "2018-07-31": 0, "2018-04-30": "", "2018-01-31": 0, "2017-10-31": 0, "2017-07-31": 0, "2017-04-30": "", "2017-01-31": 0, "2016-10-31": 0, "2016-07-31": 0, "2016-04-30": "", "2016-01-31": 0, "2015-10-31": 0, "2015-07-31": 0, "2015-04-30": "", "2015-01-31": 0, "2014-10-31": 0, "2014-07-31": 0, "2014-04-30": "", "2014-01-31": 0, "2013-10-31": 0, "2013-07-31": 0, "2013-04-30": "", "2013-01-31": 0, "2012-10-31": 0, "2012-07-31": 0, "2012-04-30": "", "2012-01-31": 0, "2011-10-31": 0, "2011-07-31": 0, "2011-04-30": "", "2011-01-31": 0, "2010-10-31": 0, "2010-07-31": 0, "2010-04-30": "", "2010-01-31": 0, "2009-10-31": 0, "2009-07-31": 0, "2009-04-30": "", "2009-01-31": 0, "2008-10-31": 0, "2008-07-31": 0, "2008-04-30": "", "2008-01-31": 0, "2007-10-31": 0, "2007-07-31": 0, "2007-04-30": "", "2007-01-31": 0, "2006-10-31": 0, "2006-07-31": 0, "2006-04-30": "", "2006-01-31": 0, "2005-10-31": 0, "2005-07-31": 0, "2005-04-30": "", "2005-01-31": 0}, "Net Acquisitions/Divestitures": {"2020-10-31": 0, "2020-07-31": 0, "2020-04-30": "", "2020-01-31": 0, "2019-10-31": 0, "2019-07-31": 0, "2019-04-30": "", "2019-01-31": 0, "2018-10-31": 0, "2018-07-31": 0, "2018-04-30": "", "2018-01-31": 0, "2017-10-31": 0, "2017-07-31": 0, "2017-04-30": "", "2017-01-31": 0, "2016-10-31": -2, "2016-07-31": 0, "2016-04-30": "-31.00000", "2016-01-31": 0, "2015-10-31": 0, "2015-07-31": 0, "2015-04-30": "85.00000", "2015-01-31": 0, "2014-10-31": 0, "2014-07-31": 0, "2014-04-30": "", "2014-01-31": 0, "2013-10-31": 0, "2013-07-31": 0, "2013-04-30": "", "2013-01-31": 0, "2012-10-31": 0, "2012-07-31": 0, "2012-04-30": "", "2012-01-31": 124, "2011-10-31": 0, "2011-07-31": 0, "2011-04-30": "", "2011-01-31": 0, "2010-10-31": 0, "2010-07-31": 32, "2010-04-30": "", "2010-01-31": 0, "2009-10-31": 9, "2009-07-31": 0, "2009-04-30": "", "2009-01-31": 15, "2008-10-31": 0, "2008-07-31": 0, "2008-04-30": "144.00000", "2008-01-31": 0, "2007-10-31": -1, "2007-07-31": 548, "2007-04-30": "", "2007-01-31": -572, "2006-10-31": 0, "2006-07-31": 0, "2006-04-30": "", "2006-01-31": 0, "2005-10-31": 0, "2005-07-31": 0, "2005-04-30": "", "2005-01-31": -27}, "Net Change In Short-term Investments": {"2020-10-31": 0, "2020-07-31": 0, "2020-04-30": "", "2020-01-31": 0, "2019-10-31": 0, "2019-07-31": 0, "2019-04-30": "", "2019-01-31": 0, "2018-10-31": 0, "2018-07-31": 0, "2018-04-30": "", "2018-01-31": 0, "2017-10-31": 0, "2017-07-31": 0, "2017-04-30": "", "2017-01-31": 0, "2016-10-31": 0, "2016-07-31": 0, "2016-04-30": "10.00000", "2016-01-31": 0, "2015-10-31": 40, "2015-07-31": 0, "2015-04-30": "-50.00000", "2015-01-31": 0, "2014-10-31": 0, "2014-07-31": 0, "2014-04-30": "", "2014-01-31": 0, "2013-10-31": 0, "2013-07-31": 0, "2013-04-30": "", "2013-01-31": 0, "2012-10-31": 0, "2012-07-31": 0, "2012-04-30": "", "2012-01-31": 0, "2011-10-31": 0, "2011-07-31": 0, "2011-04-30": "", "2011-01-31": 0, "2010-10-31": 0, "2010-07-31": 0, "2010-04-30": "", "2010-01-31": 0, "2009-10-31": 0, "2009-07-31": 0, "2009-04-30": "", "2009-01-31": 0, "2008-10-31": 0, "2008-07-31": 0, "2008-04-30": "", "2008-01-31": 0, "2007-10-31": 0, "2007-07-31": 0, "2007-04-30": "", "2007-01-31": 0, "2006-10-31": 0, "2006-07-31": 0, "2006-04-30": "", "2006-01-31": 0, "2005-10-31": 0, "2005-07-31": 0, "2005-04-30": "", "2005-01-31": 0}, "Net Change In Long-Term Investments": {"2020-10-31": 0, "2020-07-31": 0, "2020-04-30": "", "2020-01-31": 0, "2019-10-31": 0, "2019-07-31": 0, "2019-04-30": "", "2019-01-31": 0, "2018-10-31": 0, "2018-07-31": -1, "2018-04-30": "1.00000", "2018-01-31": -27, "2017-10-31": 0, "2017-07-31": 17, "2017-04-30": "10.00000", "2017-01-31": 3, "2016-10-31": 5, "2016-07-31": 110, "2016-04-30": "1.00000", "2016-01-31": 9, "2015-10-31": 0, "2015-07-31": 0, "2015-04-30": "", "2015-01-31": 0, "2014-10-31": 0, "2014-07-31": 0, "2014-04-30": "", "2014-01-31": 0, "2013-10-31": 46, "2013-07-31": 0, "2013-04-30": "", "2013-01-31": 35, "2012-10-31": 0, "2012-07-31": 0, "2012-04-30": "", "2012-01-31": 0, "2011-10-31": 0, "2011-07-31": 0, "2011-04-30": "", "2011-01-31": 0, "2010-10-31": 0, "2010-07-31": 0, "2010-04-30": "", "2010-01-31": 0, "2009-10-31": 0, "2009-07-31": 0, "2009-04-30": "", "2009-01-31": 0, "2008-10-31": 0, "2008-07-31": 0, "2008-04-30": "", "2008-01-31": 0, "2007-10-31": 0, "2007-07-31": 0, "2007-04-30": "", "2007-01-31": 0, "2006-10-31": 0, "2006-07-31": 0, "2006-04-30": "", "2006-01-31": 0, "2005-10-31": 0, "2005-07-31": 0, "2005-04-30": "", "2005-01-31": 206}, "Net Change In Investments - Total": {"2020-10-31": 0, "2020-07-31": 0, "2020-04-30": "", "2020-01-31": 0, "2019-10-31": 0, "2019-07-31": 0, "2019-04-30": "", "2019-01-31": 0, "2018-10-31": 0, "2018-07-31": -1, "2018-04-30": "1.00000", "2018-01-31": -27, "2017-10-31": 0, "2017-07-31": 17, "2017-04-30": "10.00000", "2017-01-31": 3, "2016-10-31": 5, "2016-07-31": 110, "2016-04-30": "11.00000", "2016-01-31": 9, "2015-10-31": 40, "2015-07-31": 0, "2015-04-30": "-50.00000", "2015-01-31": 0, "2014-10-31": 0, "2014-07-31": 0, "2014-04-30": "", "2014-01-31": 0, "2013-10-31": 46, "2013-07-31": 0, "2013-04-30": "", "2013-01-31": 35, "2012-10-31": 0, "2012-07-31": 0, "2012-04-30": "", "2012-01-31": 0, "2011-10-31": 0, "2011-07-31": 0, "2011-04-30": "", "2011-01-31": 0, "2010-10-31": 0, "2010-07-31": 0, "2010-04-30": "", "2010-01-31": 0, "2009-10-31": 0, "2009-07-31": 0, "2009-04-30": "", "2009-01-31": 0, "2008-10-31": 0, "2008-07-31": 0, "2008-04-30": "", "2008-01-31": 0, "2007-10-31": 0, "2007-07-31": 0, "2007-04-30": "", "2007-01-31": 0, "2006-10-31": 0, "2006-07-31": 0, "2006-04-30": "", "2006-01-31": 0, "2005-10-31": 0, "2005-07-31": 0, "2005-04-30": "", "2005-01-31": 206}, "Investing Activities - Other": {"2020-10-31": 9, "2020-07-31": 13, "2020-04-30": "-5.00000", "2020-01-31": -6, "2019-10-31": -23, "2019-07-31": -10, "2019-04-30": "17.00000", "2019-01-31": -3, "2018-10-31": 8, "2018-07-31": 15, "2018-04-30": "", "2018-01-31": 18, "2017-10-31": -4, "2017-07-31": -5, "2017-04-30": "", "2017-01-31": -3, "2016-10-31": -2, "2016-07-31": 11, "2016-04-30": "2.00000", "2016-01-31": 4, "2015-10-31": -1, "2015-07-31": 0, "2015-04-30": "1.00000", "2015-01-31": 1, "2014-10-31": 0, "2014-07-31": 0, "2014-04-30": "15.00000", "2014-01-31": -13, "2013-10-31": 1, "2013-07-31": 11, "2013-04-30": "-9.00000", "2013-01-31": 2, "2012-10-31": 9, "2012-07-31": -1, "2012-04-30": "12.00000", "2012-01-31": -23, "2011-10-31": 0, "2011-07-31": 0, "2011-04-30": "99.00000", "2011-01-31": 56, "2010-10-31": 5, "2010-07-31": 20, "2010-04-30": "55.00000", "2010-01-31": 33, "2009-10-31": -2, "2009-07-31": 0, "2009-04-30": "", "2009-01-31": -5, "2008-10-31": -7, "2008-07-31": 65, "2008-04-30": "27.00000", "2008-01-31": 80, "2007-10-31": -22, "2007-07-31": 195, "2007-04-30": "-21.00000", "2007-01-31": 31, "2006-10-31": 2, "2006-07-31": -6, "2006-04-30": "", "2006-01-31": -4, "2005-10-31": -6, "2005-07-31": -9.903, "2005-04-30": "-6.09700", "2005-01-31": 25}, "Cash Flow From Investing Activities": {"2020-10-31": -67, "2020-07-31": -56, "2020-04-30": "-60.00000", "2020-01-31": -72, "2019-10-31": -171, "2019-07-31": -131, "2019-04-30": "-106.00000", "2019-01-31": -71, "2018-10-31": -208, "2018-07-31": -171, "2018-04-30": "-159.00000", "2018-01-31": -117, "2017-10-31": -231, "2017-07-31": -195, "2017-04-30": "-155.00000", "2017-01-31": -112, "2016-10-31": -327, "2016-07-31": -189, "2016-04-30": "-205.00000", "2016-01-31": -111, "2015-10-31": -145, "2015-07-31": -91, "2015-04-30": "-96.00000", "2015-01-31": -129, "2014-10-31": -236, "2014-07-31": -199, "2014-04-30": "-135.00000", "2014-01-31": -106, "2013-10-31": -168, "2013-07-31": -223, "2013-04-30": "-158.00000", "2013-01-31": -60, "2012-10-31": -153, "2012-07-31": -194, "2012-04-30": "-124.00000", "2012-01-31": 13, "2011-10-31": -176, "2011-07-31": -85, "2011-04-30": "22.00000", "2011-01-31": -21, "2010-10-31": -82, "2010-07-31": -14, "2010-04-30": "11.00000", "2010-01-31": -9, "2009-10-31": -56, "2009-07-31": -46, "2009-04-30": "-51.00000", "2009-01-31": -63, "2008-10-31": -141, "2008-07-31": -68, "2008-04-30": "32.00000", "2008-01-31": -143, "2007-10-31": -149, "2007-07-31": 524, "2007-04-30": "-202.00000", "2007-01-31": -671, "2006-10-31": -167, "2006-07-31": -132, "2006-04-30": "-123.00000", "2006-01-31": -99, "2005-10-31": -141, "2005-07-31": -125.757, "2005-04-30": "-140.24300", "2005-01-31": -227}, "Net Long-Term Debt": {"2020-10-31": -319, "2020-07-31": 1231, "2020-04-30": "", "2020-01-31": 0, "2019-10-31": 0, "2019-07-31": -313, "2019-04-30": "", "2019-01-31": 0, "2018-10-31": 0, "2018-07-31": -52, "2018-04-30": "", "2018-01-31": -45, "2017-10-31": 0, "2017-07-31": 0, "2017-04-30": "", "2017-01-31": 0, "2016-10-31": 0, "2016-07-31": -50, "2016-04-30": "", "2016-01-31": 0, "2015-10-31": 988, "2015-07-31": 0, "2015-04-30": "", "2015-01-31": -213, "2014-10-31": 0, "2014-07-31": 0, "2014-04-30": "", "2014-01-31": 0, "2013-10-31": 495, "2013-07-31": 0, "2013-04-30": "", "2013-01-31": -57, "2012-10-31": 0, "2012-07-31": 0, "2012-04-30": "985.00000", "2012-01-31": 0, "2011-10-31": 0, "2011-07-31": 0, "2011-04-30": "981.00000", "2011-01-31": 0, "2010-10-31": -24, "2010-07-31": -31, "2010-04-30": "-200.00000", "2010-01-31": -158, "2009-10-31": -368, "2009-07-31": 343, "2009-04-30": "", "2009-01-31": 0, "2008-10-31": -11, "2008-07-31": -4, "2008-04-30": "", "2008-01-31": 994, "2007-10-31": 0, "2007-07-31": 246, "2007-04-30": "", "2007-01-31": -3, "2006-10-31": 0, "2006-07-31": -4, "2006-04-30": "", "2006-01-31": 30, "2005-10-31": 0, "2005-07-31": 0, "2005-04-30": "", "2005-01-31": 998}, "Net Current Debt": {"2020-10-31": -5, "2020-07-31": -6, "2020-04-30": "-46.00000", "2020-01-31": -10, "2019-10-31": 4, "2019-07-31": 4, "2019-04-30": "7.00000", "2019-01-31": -61, "2018-10-31": 92, "2018-07-31": 19, "2018-04-30": "13.00000", "2018-01-31": 8, "2017-10-31": 16, "2017-07-31": 20, "2017-04-30": "8.00000", "2017-01-31": 13, "2016-10-31": 6, "2016-07-31": 4, "2016-04-30": "6.00000", "2016-01-31": 2, "2015-10-31": 5, "2015-07-31": 0, "2015-04-30": "", "2015-01-31": 0, "2014-10-31": 0, "2014-07-31": 0, "2014-04-30": "", "2014-01-31": 0, "2013-10-31": 0, "2013-07-31": 0, "2013-04-30": "", "2013-01-31": 0, "2012-10-31": 0, "2012-07-31": 0, "2012-04-30": "", "2012-01-31": 0, "2011-10-31": 0, "2011-07-31": 0, "2011-04-30": "", "2011-01-31": 0, "2010-10-31": 0, "2010-07-31": 0, "2010-04-30": "", "2010-01-31": 0, "2009-10-31": 0, "2009-07-31": 0, "2009-04-30": "", "2009-01-31": 0, "2008-10-31": 0, "2008-07-31": 0, "2008-04-30": "", "2008-01-31": 0, "2007-10-31": 0, "2007-07-31": -256, "2007-04-30": "256.00000", "2007-01-31": -232, "2006-10-31": 232, "2006-07-31": 0, "2006-04-30": "", "2006-01-31": 0, "2005-10-31": 0, "2005-07-31": 0, "2005-04-30": "", "2005-01-31": 0}, "Debt Issuance/Retirement Net - Total": {"2020-10-31": -324, "2020-07-31": 1225, "2020-04-30": "-46.00000", "2020-01-31": -10, "2019-10-31": 4, "2019-07-31": -309, "2019-04-30": "7.00000", "2019-01-31": -61, "2018-10-31": 92, "2018-07-31": -33, "2018-04-30": "13.00000", "2018-01-31": -37, "2017-10-31": 16, "2017-07-31": 20, "2017-04-30": "8.00000", "2017-01-31": 13, "2016-10-31": 6, "2016-07-31": -46, "2016-04-30": "6.00000", "2016-01-31": 2, "2015-10-31": 993, "2015-07-31": 0, "2015-04-30": "", "2015-01-31": -213, "2014-10-31": 0, "2014-07-31": 0, "2014-04-30": "", "2014-01-31": 0, "2013-10-31": 495, "2013-07-31": 0, "2013-04-30": "", "2013-01-31": -57, "2012-10-31": 0, "2012-07-31": 0, "2012-04-30": "985.00000", "2012-01-31": 0, "2011-10-31": 0, "2011-07-31": 0, "2011-04-30": "981.00000", "2011-01-31": 0, "2010-10-31": -24, "2010-07-31": -31, "2010-04-30": "-200.00000", "2010-01-31": -158, "2009-10-31": -368, "2009-07-31": 343, "2009-04-30": "", "2009-01-31": 0, "2008-10-31": -11, "2008-07-31": -4, "2008-04-30": "", "2008-01-31": 994, "2007-10-31": 0, "2007-07-31": -10, "2007-04-30": "256.00000", "2007-01-31": -235, "2006-10-31": 232, "2006-07-31": -4, "2006-04-30": "", "2006-01-31": 30, "2005-10-31": 0, "2005-07-31": 0, "2005-04-30": "", "2005-01-31": 998}, "Net Common Equity Issued/Repurchased": {"2020-10-31": -2, "2020-07-31": -1, "2020-04-30": "-5.00000", "2020-01-31": 0, "2019-10-31": -1, "2019-07-31": -2, "2019-04-30": "-9.00000", "2019-01-31": 1, "2018-10-31": -14, "2018-07-31": -109, "2018-04-30": "-88.00000", "2018-01-31": -163, "2017-10-31": -152, "2017-07-31": -59, "2017-04-30": "-66.00000", "2017-01-31": -24, "2016-10-31": -27, "2016-07-31": -172, "2016-04-30": "-250.00000", "2016-01-31": -206, "2015-10-31": -60, "2015-07-31": -177, "2015-04-30": "-95.00000", "2015-01-31": -32, "2014-10-31": 6, "2014-07-31": 0, "2014-04-30": "-26.00000", "2014-01-31": 5, "2013-10-31": 12, "2013-07-31": 0, "2013-04-30": "-45.00000", "2013-01-31": -3, "2012-10-31": -6, "2012-07-31": -225, "2012-04-30": "-343.00000", "2012-01-31": -103, "2011-10-31": -177, "2011-07-31": -319, "2011-04-30": "-516.00000", "2011-01-31": -32, "2010-10-31": -57, "2010-07-31": -41, "2010-04-30": "11.00000", "2010-01-31": 5, "2009-10-31": 3, "2009-07-31": 0, "2009-04-30": "", "2009-01-31": -47, "2008-10-31": -157, "2008-07-31": -18, "2008-04-30": "-126.00000", "2008-01-31": -192, "2007-10-31": -386, "2007-07-31": -766, "2007-04-30": "24.00000", "2007-01-31": 67, "2006-10-31": -42, "2006-07-31": -15, "2006-04-30": "-26.00000", "2006-01-31": -129, "2005-10-31": -36, "2005-07-31": -90.913, "2005-04-30": "-60.08700", "2005-01-31": -2949}, "Net Total Equity Issued/Repurchased": {"2020-10-31": -2, "2020-07-31": -1, "2020-04-30": "-5.00000", "2020-01-31": 0, "2019-10-31": -1, "2019-07-31": -2, "2019-04-30": "-9.00000", "2019-01-31": 1, "2018-10-31": -14, "2018-07-31": -109, "2018-04-30": "-88.00000", "2018-01-31": -163, "2017-10-31": -152, "2017-07-31": -59, "2017-04-30": "-66.00000", "2017-01-31": -24, "2016-10-31": -27, "2016-07-31": -172, "2016-04-30": "-250.00000", "2016-01-31": -206, "2015-10-31": -60, "2015-07-31": -177, "2015-04-30": "-95.00000", "2015-01-31": -32, "2014-10-31": 6, "2014-07-31": 0, "2014-04-30": "-26.00000", "2014-01-31": 5, "2013-10-31": 12, "2013-07-31": 0, "2013-04-30": "-45.00000", "2013-01-31": -3, "2012-10-31": -6, "2012-07-31": -225, "2012-04-30": "-343.00000", "2012-01-31": -103, "2011-10-31": -177, "2011-07-31": -319, "2011-04-30": "-516.00000", "2011-01-31": -32, "2010-10-31": -57, "2010-07-31": -41, "2010-04-30": "11.00000", "2010-01-31": 5, "2009-10-31": 3, "2009-07-31": 0, "2009-04-30": "", "2009-01-31": -47, "2008-10-31": -157, "2008-07-31": -18, "2008-04-30": "-126.00000", "2008-01-31": -192, "2007-10-31": -386, "2007-07-31": -766, "2007-04-30": "24.00000", "2007-01-31": 67, "2006-10-31": -42, "2006-07-31": -15, "2006-04-30": "-26.00000", "2006-01-31": -129, "2005-10-31": -36, "2005-07-31": -90.913, "2005-04-30": "-60.08700", "2005-01-31": -2949}, "Total Common And Preferred Stock Dividends Paid": {"2020-10-31": 0, "2020-07-31": 0, "2020-04-30": "-83.00000", "2020-01-31": -83, "2019-10-31": -83, "2019-07-31": -83, "2019-04-30": "-83.00000", "2019-01-31": -166, "2018-10-31": -165, "2018-07-31": -167, "2018-04-30": "-168.00000", "2018-01-31": -170, "2017-10-31": -172, "2017-07-31": -172, "2017-04-30": "-172.00000", "2017-01-31": -172, "2016-10-31": -173, "2016-07-31": -173, "2016-04-30": "-750.00000", "2016-01-31": -145, "2015-10-31": -146, "2015-07-31": -146, "2015-04-30": "-734.00000", "2015-01-31": -100, "2014-10-31": -100, "2014-07-31": -99, "2014-04-30": "-392.00000", "2014-01-31": -88, "2013-10-31": -87, "2013-07-31": -87, "2013-04-30": "-87.00000", "2013-01-31": -942, "2012-10-31": -361, "2012-07-31": -73, "2012-04-30": "-73.00000", "2012-01-31": -653, "2011-10-31": -60, "2011-07-31": -367, "2011-04-30": "-64.00000", "2011-01-31": -1017, "2010-10-31": -49, "2010-07-31": -49, "2010-04-30": "-373.00000", "2010-01-31": -48, "2009-10-31": -49, "2009-07-31": -48, "2009-04-30": "-48.00000", "2009-01-31": -48, "2008-10-31": -50, "2008-07-31": -51, "2008-04-30": "-52.00000", "2008-01-31": -53, "2007-10-31": -54, "2007-07-31": -60, "2007-04-30": "-60.00000", "2007-01-31": -60, "2006-10-31": -59, "2006-07-31": -60, "2006-04-30": "-59.00000", "2006-01-31": -60, "2005-10-31": -60, "2005-07-31": -60.849, "2005-04-30": "-61.15100", "2005-01-31": -724}, "Financial Activities - Other": {"2020-10-31": -16, "2020-07-31": -15, "2020-04-30": "-4.00000", "2020-01-31": -3, "2019-10-31": -7, "2019-07-31": -3, "2019-04-30": "-1.00000", "2019-01-31": -3, "2018-10-31": -2, "2018-07-31": -2, "2018-04-30": "", "2018-01-31": 1, "2017-10-31": -1, "2017-07-31": -8, "2017-04-30": "", "2017-01-31": -1, "2016-10-31": -1, "2016-07-31": 40, "2016-04-30": "-41.00000", "2016-01-31": -65, "2015-10-31": 2, "2015-07-31": 13, "2015-04-30": "48.00000", "2015-01-31": 1, "2014-10-31": 4, "2014-07-31": -3, "2014-04-30": "35.00000", "2014-01-31": 5, "2013-10-31": 6, "2013-07-31": 5, "2013-04-30": "20.00000", "2013-01-31": 13, "2012-10-31": 3, "2012-07-31": 13, "2012-04-30": "87.00000", "2012-01-31": 8, "2011-10-31": 6, "2011-07-31": 8, "2011-04-30": "19.00000", "2011-01-31": 7, "2010-10-31": 2, "2010-07-31": 4, "2010-04-30": "-8.00000", "2010-01-31": 0, "2009-10-31": 0, "2009-07-31": 0, "2009-04-30": "-19.00000", "2009-01-31": 0, "2008-10-31": 0, "2008-07-31": 2, "2008-04-30": "", "2008-01-31": -996, "2007-10-31": 1, "2007-07-31": 1011, "2007-04-30": "12.00000", "2007-01-31": 14, "2006-10-31": 11, "2006-07-31": 10, "2006-04-30": "11.00000", "2006-01-31": 0, "2005-10-31": 0, "2005-07-31": 0, "2005-04-30": "", "2005-01-31": 0}, "Cash Flow From Financial Activities": {"2020-10-31": -342, "2020-07-31": 1209, "2020-04-30": "-138.00000", "2020-01-31": -96, "2019-10-31": -87, "2019-07-31": -397, "2019-04-30": "-86.00000", "2019-01-31": -229, "2018-10-31": -89, "2018-07-31": -311, "2018-04-30": "-243.00000", "2018-01-31": -369, "2017-10-31": -309, "2017-07-31": -219, "2017-04-30": "-230.00000", "2017-01-31": -184, "2016-10-31": -195, "2016-07-31": -351, "2016-04-30": "-1035.00000", "2016-01-31": -414, "2015-10-31": 789, "2015-07-31": -310, "2015-04-30": "-781.00000", "2015-01-31": -344, "2014-10-31": -90, "2014-07-31": -102, "2014-04-30": "-383.00000", "2014-01-31": -78, "2013-10-31": 426, "2013-07-31": -82, "2013-04-30": "-112.00000", "2013-01-31": -989, "2012-10-31": -364, "2012-07-31": -285, "2012-04-30": "656.00000", "2012-01-31": -748, "2011-10-31": -231, "2011-07-31": -678, "2011-04-30": "420.00000", "2011-01-31": -1042, "2010-10-31": -128, "2010-07-31": -117, "2010-04-30": "-570.00000", "2010-01-31": -201, "2009-10-31": -414, "2009-07-31": 295, "2009-04-30": "-67.00000", "2009-01-31": -95, "2008-10-31": -218, "2008-07-31": -71, "2008-04-30": "-178.00000", "2008-01-31": -247, "2007-10-31": -439, "2007-07-31": 175, "2007-04-30": "232.00000", "2007-01-31": -214, "2006-10-31": 142, "2006-07-31": -69, "2006-04-30": "-74.00000", "2006-01-31": -159, "2005-10-31": -96, "2005-07-31": -151.762, "2005-04-30": "-121.23800", "2005-01-31": -2675}, "Net Cash Flow": {"2020-10-31": 11, "2020-07-31": 1782, "2020-04-30": "-542.00000", "2020-01-31": 1159, "2019-10-31": -513, "2019-07-31": -293, "2019-04-30": "-267.00000", "2019-01-31": 1065, "2018-10-31": -495, "2018-07-31": -189, "2018-04-30": "-483.00000", "2018-01-31": 780, "2017-10-31": -625, "2017-07-31": -195, "2017-04-30": "-379.00000", "2017-01-31": 1280, "2016-10-31": -619, "2016-07-31": 6, "2016-04-30": "-1281.00000", "2016-01-31": 1237, "2015-10-31": 531, "2015-07-31": 131, "2015-04-30": "-1032.00000", "2015-01-31": 936, "2014-10-31": -402, "2014-07-31": 235, "2014-04-30": "-607.00000", "2014-01-31": 1094, "2013-10-31": -126, "2013-07-31": 169, "2013-04-30": "-391.00000", "2013-01-31": 226, "2012-10-31": -646, "2012-07-31": -93, "2012-04-30": "351.00000", "2012-01-31": 437, "2011-10-31": -537, "2011-07-31": -522, "2011-04-30": "427.00000", "2011-01-31": 142, "2010-10-31": -312, "2010-07-31": 112, "2010-04-30": "-616.00000", "2010-01-31": 836, "2009-10-31": -582, "2009-07-31": 614, "2009-04-30": "-237.00000", "2009-01-31": 796, "2008-10-31": -601, "2008-07-31": 219, "2008-04-30": "-259.00000", "2008-01-31": 800, "2007-10-31": -975, "2007-07-31": 999, "2007-04-30": "-306.00000", "2007-01-31": 322, "2006-10-31": -473, "2006-07-31": -71, "2006-04-30": "-486.00000", "2006-01-31": 1053, "2005-10-31": -564, "2005-07-31": 32.523, "2005-04-30": "-474.52300", "2005-01-31": -1969}, "Stock-Based Compensation": {"2020-10-31": 11, "2020-07-31": 8, "2020-04-30": "20.00000", "2020-01-31": 20, "2019-10-31": 23, "2019-07-31": 21, "2019-04-30": "23.00000", "2019-01-31": 22, "2018-10-31": 25, "2018-07-31": 25, "2018-04-30": "25.00000", "2018-01-31": 28, "2017-10-31": 24, "2017-07-31": 25, "2017-04-30": "25.00000", "2017-01-31": 26, "2016-10-31": 24, "2016-07-31": 25, "2016-04-30": "21.00000", "2016-01-31": 24, "2015-10-31": 23, "2015-07-31": 24, "2015-04-30": "26.00000", "2015-01-31": 23, "2014-10-31": 22, "2014-07-31": 23, "2014-04-30": "22.00000", "2014-01-31": 24, "2013-10-31": 21, "2013-07-31": 20, "2013-04-30": "20.00000", "2013-01-31": 24, "2012-10-31": 16, "2012-07-31": 17, "2012-04-30": "16.00000", "2012-01-31": 13, "2011-10-31": 14, "2011-07-31": 12, "2011-04-30": "12.00000", "2011-01-31": 26, "2010-10-31": 15, "2010-07-31": 10, "2010-04-30": "13.00000", "2010-01-31": 8, "2009-10-31": 10, "2009-07-31": 11, "2009-04-30": "11.00000", "2009-01-31": 9, "2008-10-31": 10, "2008-07-31": 9, "2008-04-30": "7.00000", "2008-01-31": 7, "2007-10-31": 11, "2007-07-31": 14, "2007-04-30": "12.00000", "2007-01-31": 10, "2006-10-31": 11, "2006-07-31": 8, "2006-04-30": "8.00000", "2006-01-31": 1, "2005-10-31": 5, "2005-07-31": 2.108, "2005-04-30": "2.89200", "2005-01-31": 9}, "Common Stock Dividends Paid": {"2020-10-31": 0, "2020-07-31": 0, "2020-04-30": "-83.00000", "2020-01-31": -83, "2019-10-31": -83, "2019-07-31": -83, "2019-04-30": "-83.00000", "2019-01-31": -166, "2018-10-31": -165, "2018-07-31": -167, "2018-04-30": "-168.00000", "2018-01-31": -170, "2017-10-31": -172, "2017-07-31": -172, "2017-04-30": "-172.00000", "2017-01-31": -172, "2016-10-31": -173, "2016-07-31": -173, "2016-04-30": "-750.00000", "2016-01-31": -145, "2015-10-31": -146, "2015-07-31": -146, "2015-04-30": "-734.00000", "2015-01-31": -100, "2014-10-31": -100, "2014-07-31": -99, "2014-04-30": "-392.00000", "2014-01-31": -88, "2013-10-31": -87, "2013-07-31": -87, "2013-04-30": "-87.00000", "2013-01-31": -942, "2012-10-31": -361, "2012-07-31": -73, "2012-04-30": "-73.00000", "2012-01-31": -653, "2011-10-31": -60, "2011-07-31": -367, "2011-04-30": "-64.00000", "2011-01-31": -1017, "2010-10-31": -49, "2010-07-31": -49, "2010-04-30": "-373.00000", "2010-01-31": -48, "2009-10-31": -49, "2009-07-31": -48, "2009-04-30": "-48.00000", "2009-01-31": -48, "2008-10-31": -50, "2008-07-31": -51, "2008-04-30": "-52.00000", "2008-01-31": -53, "2007-10-31": -54, "2007-07-31": -60, "2007-04-30": "-60.00000", "2007-01-31": -60, "2006-10-31": -59, "2006-07-31": -60, "2006-04-30": "-59.00000", "2006-01-31": -60, "2005-10-31": -60, "2005-07-31": -60.849, "2005-04-30": "-61.15100", "2005-01-31": -724}}, "financial ratios": {"Current Ratio": {"2020-01-31": "1.36800", "2019-01-31": "1.64150", "2018-01-31": "1.62140", "2017-01-31": "1.72050", "2016-01-31": "2.21650", "2015-01-31": "1.90530", "2014-01-31": "1.72510", "2013-01-31": "1.43370", "2012-01-31": "1.55180", "2011-01-31": "1.72340", "2010-01-31": "2.45840", "2009-01-31": "2.28450", "2008-01-31": "2.12450", "2007-01-31": "1.62140", "2006-01-31": "1.76760", "2005-01-31": "1.84980"}, "Long-term Debt / Capital": {"2020-01-31": "1.37450", "2019-01-31": "1.17750", "2018-01-31": "1.15150", "2017-01-31": "1.14620", "2016-01-31": "1.04730", "2015-01-31": "0.99600", "2014-01-31": "1.08400", "2013-01-31": "1.29280", "2012-01-31": "0.96190", "2011-01-31": "0.62930", "2010-01-31": "0.55490", "2009-01-31": "0.60710", "2008-01-31": "0.56690", "2007-01-31": "0.36040", "2006-01-31": "0.40310", "2005-01-31": "0.41350"}, "Debt/Equity Ratio": {"2020-01-31": "-3.71100", "2019-01-31": "-6.71790", "2018-01-31": "-7.71500", "2017-01-31": "-7.89000", "2016-01-31": "-22.17440", "2015-01-31": "248.52630", "2014-01-31": "-13.48510", "2013-01-31": "-4.41520", "2012-01-31": "25.63770", "2011-01-31": "1.69740", "2010-01-31": "1.24680", "2009-01-31": "1.54510", "2008-01-31": "1.30910", "2007-01-31": "0.56350", "2006-01-31": "0.67540", "2005-01-31": "0.70490"}, "Gross Margin": {"2020-01-31": "34.45870", "2019-01-31": "37.00990", "2018-01-31": "39.25740", "2017-01-31": "40.75870", "2016-01-31": "42.81720", "2015-01-31": "41.97660", "2014-01-31": "41.11200", "2013-01-31": "41.93520", "2012-01-31": "39.14510", "2011-01-31": "37.77180", "2010-01-31": "35.07880", "2009-01-31": "33.24120", "2008-01-31": "34.62600", "2007-01-31": "37.60660", "2006-01-31": "35.88000", "2005-01-31": "36.07570"}, "Operating Margin": {"2020-01-31": "1.99780", "2019-01-31": "9.34500", "2018-01-31": "13.67950", "2017-01-31": "15.92970", "2016-01-31": "18.03520", "2015-01-31": "17.05080", "2014-01-31": "16.17930", "2013-01-31": "15.03970", "2012-01-31": "11.94520", "2011-01-31": "13.35690", "2010-01-31": "10.05560", "2009-01-31": "6.51330", "2008-01-31": "10.95320", "2007-01-31": "11.02050", "2006-01-31": "10.16600", "2005-01-31": "10.91620"}, "EBIT Margin": {"2020-01-31": "1.99780", "2019-01-31": "9.34500", "2018-01-31": "13.67950", "2017-01-31": "15.92970", "2016-01-31": "18.03520", "2015-01-31": "17.05080", "2014-01-31": "16.17930", "2013-01-31": "15.03970", "2012-01-31": "11.94520", "2011-01-31": "13.35690", "2010-01-31": "10.05560", "2009-01-31": "6.51330", "2008-01-31": "10.95320", "2007-01-31": "11.02050", "2006-01-31": "10.16600", "2005-01-31": "10.91620"}, "EBITDA Margin": {"2020-01-31": "12.12640", "2019-01-31": "13.47740", "2018-01-31": "17.82770", "2017-01-31": "19.68350", "2016-01-31": "21.44970", "2015-01-31": "20.52560", "2014-01-31": "19.59530", "2013-01-31": "19.31350", "2012-01-31": "17.61870", "2011-01-31": "17.15390", "2010-01-31": "14.22610", "2009-01-31": "12.68380", "2008-01-31": "14.55500", "2007-01-31": "13.98180", "2006-01-31": "13.24880", "2005-01-31": "14.45580"}, "Pre-Tax Profit Margin": {"2020-01-31": "-1.40160", "2019-01-31": "6.47430", "2018-01-31": "10.38630", "2017-01-31": "13.48820", "2016-01-31": "15.91250", "2015-01-31": "14.28320", "2014-01-31": "13.42240", "2013-01-31": "12.24780", "2012-01-31": "11.83910", "2011-01-31": "13.01360", "2010-01-31": "7.53010", "2009-01-31": "4.96520", "2008-01-31": "10.92360", "2007-01-31": "10.28020", "2006-01-31": "9.86700", "2005-01-31": "11.86230"}, "Net Profit Margin": {"2020-01-31": "-2.83410", "2019-01-31": "4.86520", "2018-01-31": "7.78180", "2017-01-31": "9.20950", "2016-01-31": "10.30940", "2015-01-31": "9.09730", "2014-01-31": "8.38210", "2013-01-31": "7.19950", "2012-01-31": "8.20150", "2011-01-31": "8.37410", "2010-01-31": "5.19000", "2009-01-31": "2.43280", "2008-01-31": "7.08510", "2007-01-31": "6.33490", "2006-01-31": "7.04200", "2005-01-31": "7.49360"}, "Asset Turnover": {"2020-01-31": "1.27550", "2019-01-31": "1.63620", "2018-01-31": "1.55010", "2017-01-31": "1.53900", "2016-01-31": "1.43110", "2015-01-31": "1.53210", "2014-01-31": "1.49670", "2013-01-31": "1.73770", "2012-01-31": "1.69680", "2011-01-31": "1.49020", "2010-01-31": "1.20340", "2009-01-31": "1.29700", "2008-01-31": "1.36260", "2007-01-31": "1.50440", "2006-01-31": "1.52840", "2005-01-31": "1.54510"}, "Inventory Turnover Ratio": {"2020-01-31": "6.57650", "2019-01-31": "6.68110", "2018-01-31": "6.18790", "2017-01-31": "6.79650", "2016-01-31": "6.19430", "2015-01-31": "6.41510", "2014-01-31": "5.44550", "2013-01-31": "6.04880", "2012-01-31": "6.32600", "2011-01-31": "5.79650", "2010-01-31": "5.40410", "2009-01-31": "5.10740", "2008-01-31": "5.29580", "2007-01-31": "3.76160", "2006-01-31": "5.36120", "2005-01-31": "5.26620"}, "Receiveable Turnover": {"2020-01-31": "42.20260", "2019-01-31": "36.06810", "2018-01-31": "40.74840", "2017-01-31": "42.76870", "2016-01-31": "46.56710", "2015-01-31": "45.45240", "2014-01-31": "44.15160", "2013-01-31": "51.52220", "2012-01-31": "47.54130", "2011-01-31": "41.43530", "2010-01-31": "39.41550", "2009-01-31": "38.31780", "2008-01-31": "28.54650", "2007-01-31": "60.63070", "2006-01-31": "53.29120", "2005-01-31": "73.50000"}, "Days Sales In Receivables": {"2020-01-31": "8.64880", "2019-01-31": "10.11970", "2018-01-31": "8.95740", "2017-01-31": "8.53430", "2016-01-31": "7.83820", "2015-01-31": "8.03040", "2014-01-31": "8.26700", "2013-01-31": "7.08430", "2012-01-31": "7.67750", "2011-01-31": "8.80890", "2010-01-31": "9.26030", "2009-01-31": "9.52560", "2008-01-31": "12.78620", "2007-01-31": "6.02010", "2006-01-31": "6.84920", "2005-01-31": "4.96600"}, "ROE - Return On Equity": {"2020-01-31": "24.48160", "2019-01-31": "-74.45090", "2018-01-31": "-130.89220", "2017-01-31": "-159.28470", "2016-01-31": "-485.65890", "2015-01-31": "5484.21000", "2014-01-31": "-244.71550", "2013-01-31": "-74.26040", "2012-01-31": "615.94210", "2011-01-31": "54.50240", "2010-01-31": "20.51280", "2009-01-31": "11.52000", "2008-01-31": "31.36550", "2007-01-31": "22.84260", "2006-01-31": "26.95270", "2005-01-31": "30.19270"}, "Return On Tangible Equity": {"2020-01-31": "14.44360", "2019-01-31": "-24.54270", "2018-01-31": "-39.16340", "2017-01-31": "-46.58090", "2016-01-31": "-63.05990", "2015-01-31": "-60.93570", "2014-01-31": "-43.04100", "2013-01-31": "-27.44170", "2012-01-31": "-50.38530", "2011-01-31": "-142.22620", "2010-01-31": "302.70270", "2009-01-31": "-164.88550", "2008-01-31": "-364.39790", "2007-01-31": "105.96550", "2006-01-31": "99.85010", "2005-01-31": "131.77570"}, "ROA - Return On Assets": {"2020-01-31": "-3.61480", "2019-01-31": "7.96040", "2018-01-31": "12.06280", "2017-01-31": "14.17380", "2016-01-31": "14.75330", "2015-01-31": "13.93790", "2014-01-31": "12.54520", "2013-01-31": "12.51040", "2012-01-31": "13.91620", "2011-01-31": "12.47870", "2010-01-31": "6.24560", "2009-01-31": "3.09810", "2008-01-31": "9.35860", "2007-01-31": "9.51640", "2006-01-31": "10.49480", "2005-01-31": "11.57830"}, "ROI - Return On Investment": {"2020-01-31": "-9.16830", "2019-01-31": "13.21300", "2018-01-31": "19.83450", "2017-01-31": "23.28570", "2016-01-31": "22.96130", "2015-01-31": "21.97850", "2014-01-31": "20.56010", "2013-01-31": "21.74420", "2012-01-31": "23.48720", "2011-01-31": "20.20580", "2010-01-31": "9.12980", "2009-01-31": "4.52640", "2008-01-31": "13.58310", "2007-01-31": "14.61040", "2006-01-31": "16.08700", "2005-01-31": "17.70910"}, "Book Value Per Share": {"2020-01-31": "-5.39710", "2019-01-31": "-3.14550", "2018-01-31": "-2.68210", "2017-01-31": "-2.54200", "2016-01-31": "-0.88970", "2015-01-31": "0.06510", "2014-01-31": "-1.26800", "2013-01-31": "-3.50870", "2012-01-31": "0.46780", "2011-01-31": "4.60120", "2010-01-31": "6.76160", "2009-01-31": "5.84110", "2008-01-31": "6.41330", "2007-01-31": "7.42460", "2006-01-31": "6.25570", "2005-01-31": "5.73710"}, "Operating Cash Flow Per Share": {"2020-01-31": -0.4572, "2019-01-31": 0.0365, "2018-01-31": -1.9395, "2017-01-31": 0.0136, "2016-01-31": 0.8316, "2015-01-31": 1.7771, "2014-01-31": -0.3326, "2013-01-31": 0.517, "2012-01-31": 0.1759, "2011-01-31": 0.2657, "2010-01-31": 0.7593, "2009-01-31": 0.8177, "2008-01-31": 0.5244, "2007-01-31": -1.1414, "2006-01-31": 0.6824, "2005-01-31": 1.9478}, "Free Cash Flow Per Share": {"2020-01-31": 0.1378, "2019-01-31": 0.2455, "2018-01-31": -1.1831, "2017-01-31": -1.4184, "2016-01-31": 1.443, "2015-01-31": 1.7122, "2014-01-31": -0.6872, "2013-01-31": -0.1062, "2012-01-31": -0.3578, "2011-01-31": 0.0605, "2010-01-31": 1.563, "2009-01-31": 1.3674, "2008-01-31": -0.0869, "2007-01-31": -1.3333, "2006-01-31": 0.4143, "2005-01-31": 1.048}}, "financial ratios, quarterly": {"Current Ratio": {"2020-10-31": "1.47960", "2020-07-31": "1.31230", "2020-04-30": "1.06190", "2020-01-31": "1.36800", "2019-10-31": "1.15060", "2019-07-31": "1.19720", "2019-04-30": "1.34140", "2019-01-31": "1.64150", "2018-10-31": "1.36930", "2018-07-31": "1.46280", "2018-04-30": "1.55540", "2018-01-31": "1.62140", "2017-10-31": "1.45120", "2017-07-31": "1.68200", "2017-04-30": "1.72150", "2017-01-31": "1.72050", "2016-10-31": "1.43800", "2016-07-31": "1.62730", "2016-04-30": "1.86360", "2016-01-31": "2.21650", "2015-10-31": "2.04220", "2015-07-31": "1.56880", "2015-04-30": "1.64270", "2015-01-31": "1.90530", "2014-10-31": "1.58370", "2014-07-31": "1.70820", "2014-04-30": "1.70630", "2014-01-31": "1.72510", "2013-10-31": "1.48790", "2013-07-31": "1.41280", "2013-04-30": "1.49920", "2013-01-31": "1.43370", "2012-10-31": "1.64350", "2012-07-31": "1.94000", "2012-04-30": "2.18290", "2012-01-31": "1.55180", "2011-10-31": "1.73940", "2011-07-31": "1.96880", "2011-04-30": "2.27790", "2011-01-31": "1.72340", "2010-10-31": "2.17270", "2010-07-31": "2.37710", "2010-04-30": "2.36740", "2010-01-31": "2.45840", "2009-10-31": "2.35570", "2009-07-31": "2.85340", "2009-04-30": "2.57480", "2009-01-31": "2.28450", "2008-10-31": "2.02890", "2008-07-31": "2.26590", "2008-04-30": "2.37230", "2008-01-31": "2.12450", "2007-10-31": "1.92550", "2007-07-31": "2.20840", "2007-04-30": "1.75190", "2007-01-31": "1.62140", "2006-10-31": "1.64410", "2006-07-31": "1.93190", "2006-04-30": "1.96550", "2006-01-31": "1.76760", "2005-10-31": "1.66400", "2005-07-31": "1.80470", "2005-04-30": "1.93570", "2005-01-31": "1.84980"}, "Long-term Debt / Capital": {"2020-10-31": "1.32000", "2020-07-31": "1.43620", "2020-04-30": "1.58500", "2020-01-31": "1.37450", "2019-10-31": "1.29210", "2019-07-31": "1.20440", "2019-04-30": "1.18510", "2019-01-31": "1.17750", "2018-10-31": "1.29140", "2018-07-31": "1.24440", "2018-04-30": "1.20400", "2018-01-31": "1.15150", "2017-10-31": "1.24400", "2017-07-31": "1.19030", "2017-04-30": "1.17160", "2017-01-31": "1.14620", "2016-10-31": "1.26320", "2016-07-31": "1.24670", "2016-04-30": "1.23450", "2016-01-31": "1.04730", "2015-10-31": "1.12990", "2015-07-31": "1.15890", "2015-04-30": "1.14730", "2015-01-31": "0.99600", "2014-10-31": "1.10010", "2014-07-31": "1.11820", "2014-04-30": "1.14680", "2014-01-31": "1.08400", "2013-10-31": "1.20800", "2013-07-31": "1.23820", "2013-04-30": "1.28560", "2013-01-31": "1.29280", "2012-10-31": "1.13000", "2012-07-31": "1.05790", "2012-04-30": "1.03010", "2012-01-31": "0.96190", "2011-10-31": "0.87160", "2011-07-31": "0.84940", "2011-04-30": "0.75700", "2011-01-31": "0.62930", "2010-10-31": "0.55200", "2010-07-31": "0.54980", "2010-04-30": "0.56070", "2010-01-31": "0.55490", "2009-10-31": "0.60700", "2009-07-31": "0.63410", "2009-04-30": "0.61170", "2009-01-31": "0.60710", "2008-10-31": "0.59720", "2008-07-31": "0.56880", "2008-04-30": "0.57480", "2008-01-31": "0.56690", "2007-10-31": "0.58340", "2007-07-31": "0.54670", "2007-04-30": "0.35610", "2007-01-31": "0.36040", "2006-10-31": "0.39640", "2006-07-31": "0.39390", "2006-04-30": "0.40000", "2006-01-31": "0.40310", "2005-10-31": "0.43400", "2005-07-31": "0.42400", "2005-04-30": "0.41760", "2005-01-31": "0.41350"}, "Debt/Equity Ratio": {"2020-10-31": "-4.13170", "2020-07-31": "-3.53410", "2020-04-30": "-2.96120", "2020-01-31": "-3.71100", "2019-10-31": "-4.48470", "2019-07-31": "-5.97420", "2019-04-30": "-6.48220", "2019-01-31": "-6.71790", "2018-10-31": "-4.47410", "2018-07-31": "-5.14880", "2018-04-30": "-5.99380", "2018-01-31": "-7.71500", "2017-10-31": "-5.16980", "2017-07-31": "-6.32460", "2017-04-30": "-6.88140", "2017-01-31": "-7.89000", "2016-10-31": "-4.81820", "2016-07-31": "-5.06550", "2016-04-30": "-5.27260", "2016-01-31": "-22.17440", "2015-10-31": "-8.70170", "2015-07-31": "-7.29520", "2015-04-30": "-7.78710", "2015-01-31": "248.52630", "2014-10-31": "-11.48270", "2014-07-31": "-9.88470", "2014-04-30": "-8.16420", "2014-01-31": "-13.48510", "2013-10-31": "-6.07070", "2013-07-31": "-5.19740", "2013-04-30": "-4.50200", "2013-01-31": "-4.41520", "2012-10-31": "-8.80580", "2012-07-31": "-18.51840", "2012-04-30": "-34.63360", "2012-01-31": "25.63770", "2011-10-31": "6.78690", "2011-07-31": "5.63840", "2011-04-30": "3.11450", "2011-01-31": "1.69740", "2010-10-31": "1.23240", "2010-07-31": "1.22140", "2010-04-30": "1.27620", "2010-01-31": "1.24680", "2009-10-31": "1.54420", "2009-07-31": "1.73290", "2009-04-30": "1.57530", "2009-01-31": "1.54510", "2008-10-31": "1.48260", "2008-07-31": "1.31920", "2008-04-30": "1.35180", "2008-01-31": "1.30910", "2007-10-31": "1.40010", "2007-07-31": "1.20610", "2007-04-30": "0.63800", "2007-01-31": "0.56350", "2006-10-31": "0.74810", "2006-07-31": "0.64990", "2006-04-30": "0.66650", "2006-01-31": "0.67540", "2005-10-31": "0.76670", "2005-07-31": "0.73610", "2005-04-30": "0.71710", "2005-01-31": "0.70490"}, "Gross Margin": {"2020-10-31": "44.48450", "2020-07-31": "30.65980", "2020-04-30": "17.41230", "2020-01-31": "38.07910", "2019-10-31": "27.68020", "2019-07-31": "33.87320", "2019-04-30": "35.52680", "2019-01-31": "40.56060", "2018-10-31": "33.44140", "2018-07-31": "35.48930", "2018-04-30": "35.94820", "2018-01-31": "42.28540", "2017-10-31": "37.77690", "2017-07-31": "37.31400", "2017-04-30": "37.05380", "2017-01-31": "43.30590", "2016-10-31": "39.71330", "2016-07-31": "38.51210", "2016-04-30": "39.90050", "2016-01-31": "45.57450", "2015-10-31": "41.53910", "2015-07-31": "40.28930", "2015-04-30": "42.03820", "2015-01-31": "45.09710", "2014-10-31": "40.83660", "2014-07-31": "39.02800", "2014-04-30": "41.07070", "2014-01-31": "43.00680", "2013-10-31": "39.47490", "2013-07-31": "39.30840", "2013-04-30": "41.49030", "2013-01-31": "44.52800", "2012-10-31": "40.24390", "2012-07-31": "39.26640", "2012-04-30": "41.87560", "2012-01-31": "43.47080", "2011-10-31": "36.10860", "2011-07-31": "36.69650", "2011-04-30": "37.97930", "2011-01-31": "41.81130", "2010-10-31": "36.00610", "2010-07-31": "34.70120", "2010-04-30": "35.92130", "2010-01-31": "40.77700", "2009-10-31": "31.68260", "2009-07-31": "32.31740", "2009-04-30": "31.76810", "2009-01-31": "34.23600", "2008-10-31": "31.47040", "2008-07-31": "33.31870", "2008-04-30": "33.29870", "2008-01-31": "39.56040", "2007-10-31": "31.61730", "2007-07-31": "30.90700", "2007-04-30": "34.35740", "2007-01-31": "40.04970", "2006-10-31": "35.88650", "2006-07-31": "34.75960", "2006-04-30": "37.98750", "2006-01-31": "40.77690", "2005-10-31": "32.02960", "2005-07-31": "32.53280", "2005-04-30": "34.66720", "2005-01-31": "39.33080"}, "Operating Margin": {"2020-10-31": "19.01800", "2020-07-31": "1.89740", "2020-04-30": "-19.22610", "2020-01-31": "1.72120", "2019-10-31": "-5.64060", "2019-07-31": "6.03030", "2019-04-30": "5.81970", "2019-01-31": "16.48800", "2018-10-31": "1.94590", "2018-07-31": "7.64080", "2018-04-30": "5.90250", "2018-01-31": "20.44800", "2017-10-31": "8.86170", "2017-07-31": "10.92560", "2017-04-30": "8.57610", "2017-01-31": "22.00940", "2016-10-31": "11.00350", "2016-07-31": "14.11770", "2016-04-30": "12.35650", "2016-01-31": "24.52790", "2015-10-31": "13.65830", "2015-07-31": "14.57500", "2015-04-30": "14.80890", "2015-01-31": "23.51930", "2014-10-31": "12.24670", "2014-07-31": "14.05610", "2014-04-30": "14.05270", "2014-01-31": "22.60350", "2013-10-31": "9.71900", "2013-07-31": "14.22890", "2013-04-30": "13.71250", "2013-01-31": "20.43570", "2012-10-31": "9.12200", "2012-07-31": "12.71360", "2012-04-30": "13.60260", "2012-01-31": "18.23610", "2011-10-31": "8.55570", "2011-07-31": "7.89260", "2011-04-30": "9.78800", "2011-01-31": "20.65970", "2010-10-31": "7.51390", "2010-07-31": "10.52630", "2010-04-30": "9.57560", "2010-01-31": "19.13160", "2009-10-31": "3.32020", "2009-07-31": "7.64390", "2009-04-30": "3.76810", "2009-01-31": "5.11530", "2008-10-31": "2.22460", "2008-07-31": "8.14360", "2008-04-30": "10.85710", "2008-01-31": "18.95610", "2007-10-31": "3.22410", "2007-07-31": "12.15700", "2007-04-30": "4.67330", "2007-01-31": "18.03730", "2006-10-31": "3.16780", "2006-07-31": "8.02770", "2006-04-30": "8.95520", "2006-01-31": "19.60620", "2005-10-31": "1.05710", "2005-07-31": "6.68120", "2005-04-30": "6.00190", "2005-01-31": "18.85580"}, "EBIT Margin": {"2020-10-31": "19.01800", "2020-07-31": "1.89740", "2020-04-30": "-19.22610", "2020-01-31": "1.72120", "2019-10-31": "-5.64060", "2019-07-31": "6.03030", "2019-04-30": "5.81970", "2019-01-31": "16.48800", "2018-10-31": "1.94590", "2018-07-31": "7.64080", "2018-04-30": "5.90250", "2018-01-31": "20.44800", "2017-10-31": "8.86170", "2017-07-31": "10.92560", "2017-04-30": "8.57610", "2017-01-31": "22.00940", "2016-10-31": "11.00350", "2016-07-31": "14.11770", "2016-04-30": "12.35650", "2016-01-31": "24.52790", "2015-10-31": "13.65830", "2015-07-31": "14.57500", "2015-04-30": "14.80890", "2015-01-31": "23.51930", "2014-10-31": "12.24670", "2014-07-31": "14.05610", "2014-04-30": "14.05270", "2014-01-31": "22.60350", "2013-10-31": "9.71900", "2013-07-31": "14.22890", "2013-04-30": "13.71250", "2013-01-31": "20.43570", "2012-10-31": "9.12200", "2012-07-31": "12.71360", "2012-04-30": "13.60260", "2012-01-31": "18.23610", "2011-10-31": "8.55570", "2011-07-31": "7.89260", "2011-04-30": "9.78800", "2011-01-31": "20.65970", "2010-10-31": "7.51390", "2010-07-31": "10.52630", "2010-04-30": "9.57560", "2010-01-31": "19.13160", "2009-10-31": "3.32020", "2009-07-31": "7.64390", "2009-04-30": "3.76810", "2009-01-31": "5.11530", "2008-10-31": "2.22460", "2008-07-31": "8.14360", "2008-04-30": "10.85710", "2008-01-31": "18.95610", "2007-10-31": "3.22410", "2007-07-31": "12.15700", "2007-04-30": "4.67330", "2007-01-31": "18.03730", "2006-10-31": "3.16780", "2006-07-31": "8.02770", "2006-04-30": "8.95520", "2006-01-31": "19.60620", "2005-10-31": "1.05710", "2005-07-31": "6.68120", "2005-04-30": "6.00190", "2005-01-31": "18.85580"}, "EBITDA Margin": {"2020-10-31": "", "2020-07-31": "", "2020-04-30": "", "2020-01-31": "", "2019-10-31": "", "2019-07-31": "", "2019-04-30": "", "2019-01-31": "", "2018-10-31": "", "2018-07-31": "", "2018-04-30": "", "2018-01-31": "", "2017-10-31": "", "2017-07-31": "", "2017-04-30": "", "2017-01-31": "", "2016-10-31": "", "2016-07-31": "", "2016-04-30": "", "2016-01-31": "", "2015-10-31": "", "2015-07-31": "", "2015-04-30": "", "2015-01-31": "", "2014-10-31": "", "2014-07-31": "", "2014-04-30": "", "2014-01-31": "", "2013-10-31": "", "2013-07-31": "", "2013-04-30": "", "2013-01-31": "", "2012-10-31": "", "2012-07-31": "", "2012-04-30": "", "2012-01-31": "", "2011-10-31": "", "2011-07-31": "", "2011-04-30": "", "2011-01-31": "", "2010-10-31": "", "2010-07-31": "", "2010-04-30": "", "2010-01-31": "", "2009-10-31": "", "2009-07-31": "", "2009-04-30": "", "2009-01-31": "", "2008-10-31": "", "2008-07-31": "", "2008-04-30": "", "2008-01-31": "", "2007-10-31": "", "2007-07-31": "", "2007-04-30": "", "2007-01-31": "", "2006-10-31": "", "2006-07-31": "", "2006-04-30": "", "2006-01-31": "", "2005-10-31": "", "2005-07-31": "", "2005-04-30": "", "2005-01-31": ""}, "Pre-Tax Profit Margin": {"2020-10-31": "13.42060", "2020-07-31": "-2.58730", "2020-04-30": "-24.90930", "2020-01-31": "-0.12750", "2019-10-31": "-10.34740", "2019-07-31": "1.44730", "2019-04-30": "2.28220", "2019-01-31": "14.63310", "2018-10-31": "-1.47750", "2018-07-31": "4.32310", "2018-04-30": "2.24680", "2018-01-31": "17.46160", "2017-10-31": "5.15660", "2017-07-31": "7.87660", "2017-04-30": "4.84200", "2017-01-31": "19.89310", "2016-10-31": "7.36150", "2016-07-31": "13.14880", "2016-04-30": "8.91350", "2016-01-31": "22.34360", "2015-10-31": "10.47540", "2015-07-31": "11.68170", "2015-04-30": "14.68950", "2015-01-31": "21.62690", "2014-10-31": "8.84000", "2014-07-31": "11.06540", "2014-04-30": "10.66500", "2014-01-31": "20.61290", "2013-10-31": "6.54080", "2013-07-31": "11.20830", "2013-04-30": "10.36160", "2013-01-31": "18.43880", "2012-10-31": "6.24390", "2012-07-31": "9.54560", "2012-04-30": "9.88860", "2012-01-31": "16.50070", "2011-10-31": "5.61180", "2011-07-31": "11.22860", "2011-04-30": "11.23140", "2011-01-31": "20.80440", "2010-10-31": "5.09330", "2010-07-31": "10.88310", "2010-04-30": "9.67910", "2010-01-31": "17.49920", "2009-10-31": "0.67530", "2009-07-31": "4.78960", "2009-04-30": "0.17390", "2009-01-31": "3.67770", "2008-10-31": "0.16280", "2008-07-31": "7.04900", "2008-04-30": "9.09090", "2008-01-31": "17.36870", "2007-10-31": "1.19600", "2007-07-31": "16.12040", "2007-04-30": "3.98100", "2007-01-31": "17.54040", "2006-10-31": "1.98580", "2006-07-31": "7.33500", "2006-04-30": "8.13670", "2006-01-31": "20.34350", "2005-10-31": "-0.10570", "2005-07-31": "5.89520", "2005-04-30": "5.23670", "2005-01-31": "18.54100"}, "Net Profit Margin": {"2020-10-31": "10.83470", "2020-07-31": "-2.11300", "2020-04-30": "-17.95650", "2020-01-31": "-4.07990", "2019-10-31": "-9.41350", "2019-07-31": "1.30940", "2019-04-30": "1.52150", "2019-01-31": "11.12940", "2018-10-31": "-1.54960", "2018-07-31": "3.31770", "2018-04-30": "1.82790", "2018-01-31": "13.77020", "2017-10-31": "3.28500", "2017-07-31": "5.04540", "2017-04-30": "3.85720", "2017-01-31": "14.07890", "2016-10-31": "4.72690", "2016-07-31": "8.71970", "2016-04-30": "5.81480", "2016-01-31": "14.49370", "2015-10-31": "6.60760", "2015-07-31": "7.30560", "2015-04-30": "9.95220", "2015-01-31": "13.88550", "2014-10-31": "5.69210", "2014-07-31": "7.02800", "2014-04-30": "6.56630", "2014-01-31": "12.83390", "2013-10-31": "4.23770", "2013-07-31": "7.07470", "2013-04-30": "6.30510", "2013-01-31": "10.65870", "2012-10-31": "3.60980", "2012-07-31": "5.96080", "2012-04-30": "5.80320", "2012-01-31": "10.24180", "2011-10-31": "4.32380", "2011-07-31": "9.39790", "2011-04-30": "7.44250", "2011-01-31": "13.10760", "2010-10-31": "3.07610", "2010-07-31": "7.93930", "2010-04-30": "5.84890", "2010-01-31": "11.62260", "2009-10-31": "0.84410", "2009-07-31": "3.58010", "2009-04-30": "0.17390", "2009-01-31": "0.53490", "2008-10-31": "0.21700", "2008-07-31": "4.46580", "2008-04-30": "5.09090", "2008-01-31": "11.87420", "2007-10-31": "0.62400", "2007-07-31": "10.06100", "2007-04-30": "2.29340", "2007-01-31": "10.93170", "2006-10-31": "1.13480", "2006-07-31": "4.60470", "2006-04-30": "4.76650", "2006-01-31": "14.64500", "2005-10-31": "-0.05290", "2005-07-31": "3.58080", "2005-04-30": "4.21610", "2005-01-31": "11.48000"}, "Asset Turnover": {"2020-10-31": "0.27370", "2020-07-31": "0.21310", "2020-04-30": "0.17520", "2020-01-31": "0.46480", "2019-10-31": "0.25180", "2019-07-31": "0.27330", "2019-04-30": "0.23900", "2019-01-31": "0.59980", "2018-10-31": "0.35450", "2018-07-31": "0.39160", "2018-04-30": "0.33890", "2018-01-31": "0.59170", "2017-10-31": "0.33500", "2017-07-31": "0.35490", "2017-04-30": "0.30920", "2017-01-31": "0.54940", "2016-10-31": "0.33680", "2016-07-31": "0.38320", "2016-04-30": "0.35200", "2016-01-31": "0.51750", "2015-10-31": "0.31450", "2015-07-31": "0.41040", "2015-04-30": "0.38220", "2015-01-31": "0.54430", "2014-10-31": "0.32440", "2014-07-31": "0.38940", "2014-04-30": "0.35880", "2014-01-31": "0.53040", "2013-10-31": "0.32720", "2013-07-31": "0.41440", "2013-04-30": "0.39270", "2013-01-31": "0.64060", "2012-10-31": "0.31900", "2012-07-31": "0.36410", "2012-04-30": "0.32560", "2012-01-31": "0.57550", "2011-10-31": "0.33360", "2011-07-31": "0.37820", "2011-04-30": "0.31600", "2011-01-31": "0.53570", "2010-10-31": "0.28780", "2010-07-31": "0.33350", "2010-04-30": "0.29310", "2010-01-31": "0.42700", "2009-10-31": "0.25620", "2009-07-31": "0.28770", "2009-04-30": "0.25820", "2009-01-31": "0.42900", "2008-10-31": "0.26030", "2008-07-31": "0.31560", "2008-04-30": "0.27370", "2008-01-31": "0.44050", "2007-10-31": "0.26210", "2007-07-31": "0.34650", "2007-04-30": "0.32850", "2007-01-31": "0.56750", "2006-10-31": "0.31910", "2006-07-31": "0.39650", "2006-04-30": "0.34320", "2006-01-31": "0.55820", "2005-10-31": "0.32250", "2005-07-31": "0.39430", "2005-04-30": "0.34050", "2005-01-31": "0.54660"}, "Inventory Turnover Ratio": {"2020-10-31": "0.90940", "2020-07-31": "1.08940", "2020-04-30": "0.91620", "2020-01-31": "2.26420", "2019-10-31": "0.95280", "2019-07-31": "1.44390", "2019-04-30": "1.24910", "2019-01-31": "2.31090", "2018-10-31": "0.94090", "2018-07-31": "1.46390", "2018-04-30": "1.24590", "2018-01-31": "2.24440", "2017-10-31": "0.94990", "2017-07-31": "1.54470", "2017-04-30": "1.33740", "2017-01-31": "2.32210", "2016-10-31": "0.94250", "2016-07-31": "1.47590", "2016-04-30": "1.24090", "2016-01-31": "2.13190", "2015-10-31": "0.89570", "2015-07-31": "1.49280", "2015-04-30": "1.27830", "2015-01-31": "2.15640", "2014-10-31": "0.92390", "2014-07-31": "1.51720", "2014-04-30": "1.15590", "2014-01-31": "1.86780", "2013-10-31": "0.79980", "2013-07-31": "1.35490", "2013-04-30": "1.19010", "2013-01-31": "2.13050", "2012-10-31": "0.84720", "2012-07-31": "1.37840", "2012-04-30": "1.13820", "2012-01-31": "1.99300", "2011-10-31": "0.90370", "2011-07-31": "1.40940", "2011-04-30": "1.27910", "2011-01-31": "1.94860", "2010-10-31": "0.87160", "2010-07-31": "1.35180", "2010-04-30": "1.12750", "2010-01-31": "1.74930", "2009-10-31": "0.85130", "2009-07-31": "1.28230", "2009-04-30": "0.97030", "2009-01-31": "1.66410", "2008-10-31": "0.76640", "2008-07-31": "1.24840", "2008-04-30": "1.04900", "2008-01-31": "1.58270", "2007-10-31": "0.73380", "2007-07-31": "1.23500", "2007-04-30": "0.83540", "2007-01-31": "1.36330", "2006-10-31": "0.62340", "2006-07-31": "1.07230", "2006-04-30": "0.95200", "2006-01-31": "1.80840", "2005-10-31": "0.76640", "2005-07-31": "1.26330", "2005-04-30": "1.00350", "2005-01-31": "1.76810"}, "Receiveable Turnover": {"2020-10-31": "10.28620", "2020-07-31": "8.65300", "2020-04-30": "7.22270", "2020-01-31": "15.37910", "2019-10-31": "9.07460", "2019-07-31": "10.25440", "2019-04-30": "9.59490", "2019-01-31": "13.22070", "2018-10-31": "8.64490", "2018-07-31": "9.62580", "2018-04-30": "9.58390", "2018-01-31": "15.55480", "2017-10-31": "9.18600", "2017-07-31": "11.24490", "2017-04-30": "11.44130", "2017-01-31": "15.26870", "2016-10-31": "7.94150", "2016-07-31": "10.86470", "2016-04-30": "10.49800", "2016-01-31": "16.83910", "2015-10-31": "8.77030", "2015-07-31": "10.75880", "2015-04-30": "10.51050", "2015-01-31": "16.14680", "2014-10-31": "8.46350", "2014-07-31": "11.48070", "2014-04-30": "11.06940", "2014-01-31": "15.64750", "2013-10-31": "8.86120", "2013-07-31": "12.77160", "2013-04-30": "12.96000", "2013-01-31": "18.99510", "2012-10-31": "9.11110", "2012-07-31": "13.70860", "2012-04-30": "13.63290", "2012-01-31": "16.12390", "2011-10-31": "7.29530", "2011-07-31": "10.19920", "2011-04-30": "10.81460", "2011-01-31": "14.89660", "2010-10-31": "8.02830", "2010-07-31": "10.72730", "2010-04-30": "9.70850", "2010-01-31": "13.98630", "2009-10-31": "7.05160", "2009-07-31": "8.98700", "2009-04-30": "8.71210", "2009-01-31": "12.67370", "2008-10-31": "5.23580", "2008-07-31": "6.90030", "2008-04-30": "6.01560", "2008-01-31": "9.22820", "2007-10-31": "4.16230", "2007-07-31": "9.54180", "2007-04-30": "14.90970", "2007-01-31": "22.86930", "2006-10-31": "11.88200", "2006-07-31": "17.78260", "2006-04-30": "16.35430", "2006-01-31": "19.46190", "2005-10-31": "11.06430", "2005-07-31": "19.08330", "2005-04-30": "16.02120", "2005-01-31": "26.00090"}, "Days Sales In Receivables": {"2020-10-31": "8.74960", "2020-07-31": "10.40100", "2020-04-30": "12.46070", "2020-01-31": "5.85210", "2019-10-31": "9.91780", "2019-07-31": "8.77670", "2019-04-30": "9.38000", "2019-01-31": "6.80750", "2018-10-31": "10.41080", "2018-07-31": "9.34990", "2018-04-30": "9.39070", "2018-01-31": "5.78600", "2017-10-31": "9.79760", "2017-07-31": "8.00360", "2017-04-30": "7.86620", "2017-01-31": "5.89440", "2016-10-31": "11.33280", "2016-07-31": "8.28370", "2016-04-30": "8.57310", "2016-01-31": "5.34470", "2015-10-31": "10.26190", "2015-07-31": "8.36530", "2015-04-30": "8.56290", "2015-01-31": "5.57390", "2014-10-31": "10.63390", "2014-07-31": "7.83930", "2014-04-30": "8.13050", "2014-01-31": "5.75170", "2013-10-31": "10.15660", "2013-07-31": "7.04690", "2013-04-30": "6.94440", "2013-01-31": "4.73810", "2012-10-31": "9.87800", "2012-07-31": "6.56520", "2012-04-30": "6.60170", "2012-01-31": "5.58180", "2011-10-31": "12.33670", "2011-07-31": "8.82420", "2011-04-30": "8.32210", "2011-01-31": "6.04170", "2010-10-31": "11.21030", "2010-07-31": "8.38980", "2010-04-30": "9.27020", "2010-01-31": "6.43490", "2009-10-31": "12.76310", "2009-07-31": "10.01450", "2009-04-30": "10.33040", "2009-01-31": "7.10130", "2008-10-31": "17.18940", "2008-07-31": "13.04290", "2008-04-30": "14.96100", "2008-01-31": "9.75270", "2007-10-31": "21.62250", "2007-07-31": "9.43220", "2007-04-30": "6.03630", "2007-01-31": "3.93540", "2006-10-31": "7.57450", "2006-07-31": "5.06110", "2006-04-30": "5.50310", "2006-01-31": "4.62440", "2005-10-31": "8.13430", "2005-07-31": "4.71620", "2005-04-30": "5.61760", "2005-01-31": "3.46140"}, "ROE - Return On Equity": {"2020-10-31": "-21.16370", "2020-07-31": "2.57350", "2020-04-30": "15.98490", "2020-01-31": "12.84280", "2019-10-31": "20.35540", "2019-07-31": "-4.09040", "2019-04-30": "-4.45430", "2019-01-31": "-62.42780", "2018-10-31": "3.27740", "2018-07-31": "-8.82350", "2018-04-30": "-4.95360", "2018-01-31": "-88.41540", "2017-10-31": "-7.68540", "2017-07-31": "-15.24120", "2017-04-30": "-11.25750", "2017-01-31": "-86.93260", "2016-10-31": "-10.26940", "2016-07-31": "-22.32060", "2016-04-30": "-13.99630", "2016-01-31": "-246.89920", "2015-10-31": "-24.96200", "2015-07-31": "-31.22100", "2015-04-30": "-41.25410", "2015-01-31": "2973.68400", "2014-10-31": "-30.48500", "2014-07-31": "-37.37570", "2014-04-30": "-25.78000", "2014-01-31": "-132.79130", "2013-10-31": "-11.21950", "2013-07-31": "-20.67360", "2013-04-30": "-14.38630", "2013-01-31": "-40.53250", "2012-10-31": "-14.36890", "2012-07-31": "-58.36740", "2012-04-30": "-95.41990", "2012-01-31": "260.86960", "2011-10-31": "18.04220", "2011-07-31": "36.96000", "2011-04-30": "14.64060", "2011-01-31": "30.67030", "2010-10-31": "2.98430", "2010-07-31": "8.58660", "2010-04-30": "5.71570", "2010-01-31": "16.30040", "2009-10-31": "0.80430", "2009-07-31": "3.94460", "2009-04-30": "0.16310", "2009-01-31": "0.85330", "2008-10-31": "0.20470", "2008-07-31": "4.50200", "2008-04-30": "4.51370", "2008-01-31": "16.53900", "2007-10-31": "0.57780", "2007-07-31": "10.94980", "2007-04-30": "1.76020", "2007-01-31": "14.89000", "2006-10-31": "0.94600", "2006-07-31": "4.41060", "2006-04-30": "3.91370", "2006-01-31": "20.98660", "2005-10-31": "-0.04660", "2005-07-31": "3.66730", "2005-04-30": "2.89260", "2005-01-31": "16.36260"}, "Return On Tangible Equity": {"2020-10-31": "-12.71610", "2020-07-31": "1.66500", "2020-04-30": "10.25200", "2020-01-31": "7.57700", "2019-10-31": "8.49340", "2019-07-31": "-1.41370", "2019-04-30": "-1.50550", "2019-01-31": "-20.57930", "2018-10-31": "1.40020", "2018-07-31": "-3.43630", "2018-04-30": "-1.75950", "2018-01-31": "-26.45420", "2017-10-31": "-2.98820", "2017-07-31": "-5.20400", "2017-04-30": "-3.62370", "2017-01-31": "-25.42240", "2016-10-31": "-4.13980", "2016-07-31": "-8.72580", "2016-04-30": "-5.34270", "2016-01-31": "-32.05840", "2015-10-31": "-6.87340", "2015-07-31": "-8.50170", "2015-04-30": "-10.70660", "2015-01-31": "-33.04090", "2014-10-31": "-6.10550", "2014-07-31": "-8.42290", "2014-04-30": "-6.71510", "2014-01-31": "-23.35560", "2013-10-31": "-3.60930", "2013-07-31": "-6.86990", "2013-04-30": "-5.24960", "2013-01-31": "-14.97810", "2012-10-31": "-3.16370", "2012-07-31": "-6.91160", "2012-04-30": "-6.39060", "2012-01-31": "-21.33970", "2011-10-31": "-6.18010", "2011-07-31": "-16.15390", "2011-04-30": "-17.70390", "2011-01-31": "-80.03530", "2010-10-31": "-6100.00000", "2010-07-31": "593.33330", "2010-04-30": "-159.15490", "2010-01-31": "240.54060", "2009-10-31": "-8.77190", "2009-07-31": "-45.12200", "2009-04-30": "-1.70450", "2009-01-31": "-12.21370", "2008-10-31": "-1.45990", "2008-07-31": "-83.89830", "2008-04-30": "-57.39650", "2008-01-31": "-192.14660", "2007-10-31": "-3.17460", "2007-07-31": "1056.00000", "2007-04-30": "8.34650", "2007-01-31": "69.07380", "2006-10-31": "3.35660", "2006-07-31": "14.84890", "2006-04-30": "13.96010", "2006-01-31": "77.74800", "2005-10-31": "-0.29070", "2005-07-31": "19.06980", "2005-04-30": "13.36500", "2005-01-31": "71.41420"}, "ROA - Return On Assets": {"2020-10-31": "2.96570", "2020-07-31": "-0.45040", "2020-04-30": "-3.14650", "2020-01-31": "-1.89630", "2019-10-31": "-2.37060", "2019-07-31": "0.35790", "2019-04-30": "0.36370", "2019-01-31": "6.67490", "2018-10-31": "-0.54920", "2018-07-31": "1.29920", "2018-04-30": "0.61940", "2018-01-31": "8.14820", "2017-10-31": "1.10030", "2017-07-31": "1.79050", "2017-04-30": "1.19260", "2017-01-31": "7.73560", "2016-10-31": "1.59210", "2016-07-31": "3.34170", "2016-04-30": "2.04690", "2016-01-31": "7.50030", "2015-10-31": "2.07780", "2015-07-31": "2.99790", "2015-04-30": "3.80400", "2015-01-31": "7.55750", "2014-10-31": "1.84640", "2014-07-31": "2.73650", "2014-04-30": "2.35630", "2014-01-31": "6.80740", "2013-10-31": "1.38640", "2013-07-31": "2.93150", "2013-04-30": "2.47580", "2013-01-31": "6.82840", "2012-10-31": "1.15140", "2012-07-31": "2.17030", "2012-04-30": "1.88940", "2012-01-31": "5.89390", "2011-10-31": "1.44240", "2011-07-31": "3.55380", "2011-04-30": "2.35210", "2011-01-31": "7.02220", "2010-10-31": "0.88520", "2010-07-31": "2.64800", "2010-04-30": "1.71420", "2010-01-31": "4.96310", "2009-10-31": "0.21630", "2009-07-31": "1.02990", "2009-04-30": "0.04490", "2009-01-31": "0.22950", "2008-10-31": "0.05650", "2008-07-31": "1.36820", "2008-04-30": "1.37900", "2008-01-31": "4.93480", "2007-10-31": "0.16360", "2007-07-31": "3.48650", "2007-04-30": "0.75350", "2007-01-31": "6.20330", "2006-10-31": "0.36220", "2006-07-31": "1.82580", "2006-04-30": "1.61930", "2006-01-31": "8.17170", "2005-10-31": "-0.01700", "2005-07-31": "1.41180", "2005-04-30": "1.14520", "2005-01-31": "6.27470"}, "ROI - Return On Investment": {"2020-10-31": "6.77310", "2020-07-31": "-1.12260", "2020-04-30": "-9.35140", "2020-01-31": "-4.80960", "2019-10-31": "-5.94480", "2019-07-31": "0.83590", "2019-04-30": "0.82460", "2019-01-31": "11.07920", "2018-10-31": "-0.95510", "2018-07-31": "2.15690", "2018-04-30": "1.01050", "2018-01-31": "13.39790", "2017-10-31": "1.87530", "2017-07-31": "2.90070", "2017-04-30": "1.93140", "2017-01-31": "12.70860", "2016-10-31": "2.70330", "2016-07-31": "5.50580", "2016-04-30": "3.28150", "2016-01-31": "11.67310", "2015-10-31": "3.24370", "2015-07-31": "4.95950", "2015-04-30": "6.07830", "2015-01-31": "11.91730", "2014-10-31": "3.05130", "2014-07-31": "4.41830", "2014-04-30": "3.78400", "2014-01-31": "11.15670", "2013-10-31": "2.33380", "2013-07-31": "4.92530", "2013-04-30": "4.10800", "2013-01-31": "11.86830", "2012-10-31": "1.86730", "2012-07-31": "3.37660", "2012-04-30": "2.87420", "2012-01-31": "9.94750", "2011-10-31": "2.31700", "2011-07-31": "5.56760", "2011-04-30": "3.55830", "2011-01-31": "11.37050", "2010-10-31": "1.33680", "2010-07-31": "3.86540", "2010-04-30": "2.51110", "2010-01-31": "7.25490", "2009-10-31": "0.31610", "2009-07-31": "1.44330", "2009-04-30": "0.06330", "2009-01-31": "0.33530", "2008-10-31": "0.08250", "2008-07-31": "1.94120", "2008-04-30": "1.91930", "2008-01-31": "7.16240", "2007-10-31": "0.24070", "2007-07-31": "4.96330", "2007-04-30": "1.13340", "2007-01-31": "9.52380", "2006-10-31": "0.57100", "2006-07-31": "2.67330", "2006-04-30": "2.34840", "2006-01-31": "12.52610", "2005-10-31": "-0.02640", "2005-07-31": "2.11230", "2005-04-30": "1.68460", "2005-01-31": "9.59720"}, "Book Value Per Share": {"2020-10-31": "-5.62590", "2020-07-31": "-6.84890", "2020-04-30": "-6.68350", "2020-01-31": "-5.39710", "2019-10-31": "-4.48550", "2019-07-31": "-3.36590", "2019-04-30": "-3.25360", "2019-01-31": "-3.14550", "2018-10-31": "-4.77090", "2018-07-31": "-4.08000", "2018-04-30": "-3.48560", "2018-01-31": "-2.68210", "2017-10-31": "-3.96810", "2017-07-31": "-3.18880", "2017-04-30": "-2.91960", "2017-01-31": "-2.54200", "2016-10-31": "-4.15380", "2016-07-31": "-3.94760", "2016-04-30": "-3.77080", "2016-01-31": "-0.88970", "2015-10-31": "-2.25770", "2015-07-31": "-2.22340", "2015-04-30": "-2.07530", "2015-01-31": "0.06510", "2014-10-31": "-1.47780", "2014-07-31": "-1.72260", "2014-04-30": "-2.08560", "2014-01-31": "-1.26800", "2013-10-31": "-2.82760", "2013-07-31": "-2.96900", "2013-04-30": "-3.43940", "2013-01-31": "-3.50870", "2012-10-31": "-1.78820", "2012-07-31": "-0.85070", "2012-04-30": "-0.44860", "2012-01-31": "0.46780", "2011-10-31": "1.75420", "2011-07-31": "2.07640", "2011-04-30": "3.65910", "2011-01-31": "4.60120", "2010-10-31": "6.36760", "2010-07-31": "6.41800", "2010-04-30": "6.08310", "2010-01-31": "6.76160", "2009-10-31": "5.79190", "2009-07-31": "5.82610", "2009-04-30": "5.71120", "2009-01-31": "5.84110", "2008-10-31": "5.99390", "2008-07-31": "6.48670", "2008-04-30": "6.33920", "2008-01-31": "6.41330", "2007-10-31": "5.83430", "2007-07-31": "6.51620", "2007-04-30": "7.52750", "2007-01-31": "7.42460", "2006-10-31": "6.40660", "2006-07-31": "6.48610", "2006-04-30": "6.33920", "2006-01-31": "6.25570", "2005-10-31": "5.36750", "2005-07-31": "5.57330", "2005-04-30": "5.66410", "2005-01-31": "5.73710"}, "Operating Cash Flow Per Share": {"2020-10-31": 1.4659, "2020-07-31": 2.2635, "2020-04-30": "-1.23470", "2020-01-31": 4.8044, "2019-10-31": -0.9088, "2019-07-31": 0.8453, "2019-04-30": "-0.26260", "2019-01-31": 4.8882, "2018-10-31": -0.7126, "2018-07-31": 1.04, "2018-04-30": "-0.28010", "2018-01-31": 4.4148, "2017-10-31": -0.2805, "2017-07-31": 0.7405, "2017-04-30": "0.02420", "2017-01-31": 5.4213, "2016-10-31": -0.3285, "2016-07-31": 1.8925, "2016-04-30": "-0.14680", "2016-01-31": 5.9398, "2015-10-31": -0.3775, "2015-07-31": 1.7843, "2015-04-30": "-0.52170", "2015-01-31": 4.7517, "2014-10-31": -0.2601, "2014-07-31": 1.8014, "2014-04-30": "-0.29970", "2014-01-31": 4.3206, "2013-10-31": -1.3003, "2013-07-31": 1.6027, "2013-04-30": "-0.40680", "2013-01-31": 4.2937, "2012-10-31": -0.4375, "2012-07-31": 1.3006, "2012-04-30": "-0.60800", "2012-01-31": 3.7266, "2011-10-31": -0.4027, "2011-07-31": 0.7628, "2011-04-30": "-0.05490", "2011-01-31": 3.6119, "2010-10-31": -0.3069, "2010-07-31": 0.7311, "2010-04-30": "-0.18020", "2010-01-31": 3.1939, "2009-10-31": -0.3522, "2009-07-31": 1.1138, "2009-04-30": "-0.36530", "2009-01-31": 2.8221, "2008-10-31": -0.7155, "2008-07-31": 1.0499, "2008-04-30": "-0.32560", "2008-01-31": 3.1721, "2007-10-31": -1.068, "2007-07-31": 0.7367, "2007-04-30": "-0.82760", "2007-01-31": 2.9991, "2006-10-31": -1.1151, "2006-07-31": 0.3266, "2006-04-30": "-0.72180", "2006-01-31": 3.204, "2005-10-31": -0.8093, "2005-07-31": 0.7461, "2005-04-30": "-0.51060", "2005-01-31": 1.9478}, "Free Cash Flow Per Share": {"2020-10-31": 1.2053, "2020-07-31": 2.0159, "2020-04-30": "-1.43320", "2020-01-31": 4.5652, "2019-10-31": -1.4514, "2019-07-31": 0.41, "2019-04-30": "-0.70500", "2019-01-31": 4.6737, "2018-10-31": -1.516, "2018-07-31": 0.3708, "2018-04-30": "-0.84750", "2018-01-31": 4.053, "2017-10-31": -1.095, "2017-07-31": 0.0242, "2017-04-30": "-0.54670", "2017-01-31": 5.0462, "2016-10-31": -1.4654, "2016-07-31": 0.8228, "2016-04-30": "-0.78500", "2016-01-31": 5.5269, "2015-10-31": -1.0017, "2015-07-31": 1.475, "2015-04-30": "-0.96320", "2015-01-31": 4.3155, "2014-10-31": -1.0481, "2014-07-31": 1.1313, "2014-04-30": "-0.80470", "2014-01-31": 3.9996, "2013-10-31": -2.0198, "2013-07-31": 0.8139, "2013-04-30": "-0.91190", "2013-01-31": 3.984, "2012-10-31": -0.9961, "2012-07-31": 0.6409, "2012-04-30": "-1.05980", "2012-01-31": 3.4674, "2011-10-31": -0.9859, "2011-07-31": 0.4833, "2011-04-30": "-0.28960", "2011-01-31": 3.3824, "2010-10-31": -0.571, "2010-07-31": 0.5339, "2010-04-30": "-0.31230", "2010-01-31": 3.064, "2009-10-31": -0.5424, "2009-07-31": 0.9741, "2009-04-30": "-0.52320", "2009-01-31": 2.5948, "2008-10-31": -1.112, "2008-07-31": 0.6564, "2008-04-30": "-0.72970", "2008-01-31": 2.6421, "2007-10-31": -1.499, "2007-07-31": 0.1724, "2007-04-30": "-1.27340", "2007-01-31": 2.6794, "2006-10-31": -1.5363, "2006-07-31": 0.0148, "2006-04-30": "-1.02890", "2006-01-31": 2.9967, "2005-10-31": -1.163, "2005-07-31": 0.4607, "2005-04-30": "-0.83210", "2005-01-31": 1.048}}, "revenue": {"L Brands Annual Revenue (Millions of US $)": {"2020": "$12,914", "2019": "$13,237", "2018": "$12,632", "2017": "$12,574", "2016": "$12,154", "2015": "$11,454", "2014": "$10,773", "2013": "$10,459", "2012": "$10,364", "2011": "$9,613", "2010": "$8,632", "2009": "$9,043", "2008": "$10,134", "2007": "$10,671", "2006": "$9,699", "2005": "$9,408"}, "L Brands Quarterly Revenue (Millions of US $)": {"2020-10-31": "$3,055", "2020-07-31": "$2,319", "2020-04-30": "$1,654", "2020-01-31": "$4,706", "2019-10-31": "$2,677", "2019-07-31": "$2,902", "2019-04-30": "$2,629", "2019-01-31": "$4,852", "2018-10-31": "$2,775", "2018-07-31": "$2,984", "2018-04-30": "$2,626", "2018-01-31": "$4,822", "2017-10-31": "$2,618", "2017-07-31": "$2,755", "2017-04-30": "$2,437", "2017-01-31": "$4,489", "2016-10-31": "$2,581", "2016-07-31": "$2,890", "2016-04-30": "$2,614", "2016-01-31": "$4,395", "2015-10-31": "$2,482", "2015-07-31": "$2,765", "2015-04-30": "$2,512", "2015-01-31": "$4,069", "2014-10-31": "$2,319", "2014-07-31": "$2,675", "2014-04-30": "$2,391", "2014-01-31": "$3,818", "2013-10-31": "$2,171", "2013-07-31": "$2,516", "2013-04-30": "$2,268", "2013-01-31": "$3,856", "2012-10-31": "$2,050", "2012-07-31": "$2,399", "2012-04-30": "$2,154", "2012-01-31": "$3,515", "2011-10-31": "$2,174", "2011-07-31": "$2,458", "2011-04-30": "$2,217", "2011-01-31": "$3,456", "2010-10-31": "$1,983", "2010-07-31": "$2,242", "2010-04-30": "$1,932", "2010-01-31": "$3,063", "2009-10-31": "$1,777", "2009-07-31": "$2,067", "2009-04-30": "$1,725", "2009-01-31": "$2,991", "2008-10-31": "$1,843", "2008-07-31": "$2,284", "2008-04-30": "$1,925", "2008-01-31": "$3,276", "2007-10-31": "$1,923", "2007-07-31": "$2,624", "2007-04-30": "$2,311", "2007-01-31": "$4,025", "2006-10-31": "$2,115", "2006-07-31": "$2,454", "2006-04-30": "$2,077", "2006-01-31": "$3,542", "2005-10-31": "$1,892", "2005-07-31": "$2,290", "2005-04-30": "$1,975", "2005-01-31": "$3,328"}}, "gross-profit": {"L Brands Annual Gross Profit (Millions of US $)": {"2020": "$4,450", "2019": "$4,899", "2018": "$4,959", "2017": "$5,125", "2016": "$5,204", "2015": "$4,808", "2014": "$4,429", "2013": "$4,386", "2012": "$4,057", "2011": "$3,631", "2010": "$3,028", "2009": "$3,006", "2008": "$3,509", "2007": "$4,013", "2006": "$3,480", "2005": "$3,394"}, "L Brands Quarterly Gross Profit (Millions of US $)": {"2020-10-31": "$1,359", "2020-07-31": "$711", "2020-04-30": "$288", "2020-01-31": "$1,792", "2019-10-31": "$741", "2019-07-31": "$983", "2019-04-30": "$934", "2019-01-31": "$1,968", "2018-10-31": "$928", "2018-07-31": "$1,059", "2018-04-30": "$944", "2018-01-31": "$2,039", "2017-10-31": "$989", "2017-07-31": "$1,028", "2017-04-30": "$903", "2017-01-31": "$1,944", "2016-10-31": "$1,025", "2016-07-31": "$1,113", "2016-04-30": "$1,043", "2016-01-31": "$2,003", "2015-10-31": "$1,031", "2015-07-31": "$1,114", "2015-04-30": "$1,056", "2015-01-31": "$1,835", "2014-10-31": "$947", "2014-07-31": "$1,044", "2014-04-30": "$982", "2014-01-31": "$1,642", "2013-10-31": "$857", "2013-07-31": "$989", "2013-04-30": "$941", "2013-01-31": "$1,717", "2012-10-31": "$825", "2012-07-31": "$942", "2012-04-30": "$902", "2012-01-31": "$1,528", "2011-10-31": "$785", "2011-07-31": "$902", "2011-04-30": "$842", "2011-01-31": "$1,445", "2010-10-31": "$714", "2010-07-31": "$778", "2010-04-30": "$694", "2010-01-31": "$1,249", "2009-10-31": "$563", "2009-07-31": "$668", "2009-04-30": "$548", "2009-01-31": "$1,024", "2008-10-31": "$580", "2008-07-31": "$761", "2008-04-30": "$641", "2008-01-31": "$1,296", "2007-10-31": "$608", "2007-07-31": "$811", "2007-04-30": "$794", "2007-01-31": "$1,612", "2006-10-31": "$759", "2006-07-31": "$853", "2006-04-30": "$789", "2006-01-31": "$1,444", "2005-10-31": "$606", "2005-07-31": "$745", "2005-04-30": "$685", "2005-01-31": "$1,309"}}, "operating-income": {"L Brands Annual Operating Income (Millions of US $)": {"2020": "$258", "2019": "$1,237", "2018": "$1,728", "2017": "$2,003", "2016": "$2,192", "2015": "$1,953", "2014": "$1,743", "2013": "$1,573", "2012": "$1,238", "2011": "$1,284", "2010": "$868", "2009": "$589", "2008": "$1,110", "2007": "$1,176", "2006": "$986", "2005": "$1,027"}, "L Brands Quarterly Operating Income (Millions of US $)": {"2020-10-31": "$581", "2020-07-31": "$44", "2020-04-30": "$-318", "2020-01-31": "$81", "2019-10-31": "$-151", "2019-07-31": "$175", "2019-04-30": "$153", "2019-01-31": "$800", "2018-10-31": "$54", "2018-07-31": "$228", "2018-04-30": "$155", "2018-01-31": "$986", "2017-10-31": "$232", "2017-07-31": "$301", "2017-04-30": "$209", "2017-01-31": "$988", "2016-10-31": "$284", "2016-07-31": "$408", "2016-04-30": "$323", "2016-01-31": "$1,078", "2015-10-31": "$339", "2015-07-31": "$403", "2015-04-30": "$372", "2015-01-31": "$957", "2014-10-31": "$284", "2014-07-31": "$376", "2014-04-30": "$336", "2014-01-31": "$863", "2013-10-31": "$211", "2013-07-31": "$358", "2013-04-30": "$311", "2013-01-31": "$788", "2012-10-31": "$187", "2012-07-31": "$305", "2012-04-30": "$293", "2012-01-31": "$641", "2011-10-31": "$186", "2011-07-31": "$194", "2011-04-30": "$217", "2011-01-31": "$714", "2010-10-31": "$149", "2010-07-31": "$236", "2010-04-30": "$185", "2010-01-31": "$586", "2009-10-31": "$59", "2009-07-31": "$158", "2009-04-30": "$65", "2009-01-31": "$153", "2008-10-31": "$41", "2008-07-31": "$186", "2008-04-30": "$209", "2008-01-31": "$621", "2007-10-31": "$62", "2007-07-31": "$319", "2007-04-30": "$108", "2007-01-31": "$726", "2006-10-31": "$67", "2006-07-31": "$197", "2006-04-30": "$186", "2006-01-31": "$694", "2005-10-31": "$20", "2005-07-31": "$153", "2005-04-30": "$119", "2005-01-31": "$628"}}, "ebitda": {"L Brands Annual EBITDA (Millions of US $)": {"2020": "$1,566", "2019": "$1,784", "2018": "$2,252", "2017": "$2,475", "2016": "$2,607", "2015": "$2,351", "2014": "$2,111", "2013": "$2,020", "2012": "$1,826", "2011": "$1,649", "2010": "$1,228", "2009": "$1,147", "2008": "$1,475", "2007": "$1,492", "2006": "$1,285", "2005": "$1,360"}, "L Brands Quarterly EBITDA (Millions of US $)": {"2020-10-31": "$708", "2020-07-31": "$171", "2020-04-30": "$-179", "2020-01-31": "$946", "2019-10-31": "$-3", "2019-07-31": "$325", "2019-04-30": "$298", "2019-01-31": "$935", "2018-10-31": "$192", "2018-07-31": "$365", "2018-04-30": "$292", "2018-01-31": "$1,119", "2017-10-31": "$365", "2017-07-31": "$429", "2017-04-30": "$339", "2017-01-31": "$1,117", "2016-10-31": "$405", "2016-07-31": "$520", "2016-04-30": "$433", "2016-01-31": "$1,189", "2015-10-31": "$439", "2015-07-31": "$506", "2015-04-30": "$473", "2015-01-31": "$1,058", "2014-10-31": "$382", "2014-07-31": "$475", "2014-04-30": "$436", "2014-01-31": "$961", "2013-10-31": "$298", "2013-07-31": "$450", "2013-04-30": "$402", "2013-01-31": "$974", "2012-10-31": "$274", "2012-07-31": "$393", "2012-04-30": "$379", "2012-01-31": "$965", "2011-10-31": "$270", "2011-07-31": "$284", "2011-04-30": "$307", "2011-01-31": "$813", "2010-10-31": "$238", "2010-07-31": "$324", "2010-04-30": "$274", "2010-01-31": "$684", "2009-10-31": "$148", "2009-07-31": "$246", "2009-04-30": "$150", "2009-01-31": "$461", "2008-10-31": "$123", "2008-07-31": "$270", "2008-04-30": "$293", "2008-01-31": "$709", "2007-10-31": "$143", "2007-07-31": "$420", "2007-04-30": "$203", "2007-01-31": "$812", "2006-10-31": "$145", "2006-07-31": "$275", "2006-04-30": "$260", "2006-01-31": "$772", "2005-10-31": "$90", "2005-07-31": "$226", "2005-04-30": "$196", "2005-01-31": "$733"}}, "net-income": {"L Brands Annual Net Income (Millions of US $)": {"2020": "$-366", "2019": "$644", "2018": "$983", "2017": "$1,158", "2016": "$1,253", "2015": "$1,042", "2014": "$903", "2013": "$753", "2012": "$850", "2011": "$805", "2010": "$448", "2009": "$220", "2008": "$718", "2007": "$676", "2006": "$683", "2005": "$705"}, "L Brands Quarterly Net Income (Millions of US $)": {"2020-10-31": "$331", "2020-07-31": "$-49", "2020-04-30": "$-297", "2020-01-31": "$-192", "2019-10-31": "$-252", "2019-07-31": "$38", "2019-04-30": "$40", "2019-01-31": "$540", "2018-10-31": "$-43", "2018-07-31": "$99", "2018-04-30": "$48", "2018-01-31": "$664", "2017-10-31": "$86", "2017-07-31": "$139", "2017-04-30": "$94", "2017-01-31": "$632", "2016-10-31": "$122", "2016-07-31": "$252", "2016-04-30": "$152", "2016-01-31": "$637", "2015-10-31": "$164", "2015-07-31": "$202", "2015-04-30": "$250", "2015-01-31": "$565", "2014-10-31": "$132", "2014-07-31": "$188", "2014-04-30": "$157", "2014-01-31": "$490", "2013-10-31": "$92", "2013-07-31": "$178", "2013-04-30": "$143", "2013-01-31": "$411", "2012-10-31": "$74", "2012-07-31": "$143", "2012-04-30": "$125", "2012-01-31": "$360", "2011-10-31": "$94", "2011-07-31": "$231", "2011-04-30": "$165", "2011-01-31": "$453", "2010-10-31": "$61", "2010-07-31": "$178", "2010-04-30": "$113", "2010-01-31": "$356", "2009-10-31": "$15", "2009-07-31": "$74", "2009-04-30": "$3", "2009-01-31": "$16", "2008-10-31": "$4", "2008-07-31": "$102", "2008-04-30": "$98", "2008-01-31": "$389", "2007-10-31": "$12", "2007-07-31": "$264", "2007-04-30": "$53", "2007-01-31": "$440", "2006-10-31": "$24", "2006-07-31": "$113", "2006-04-30": "$99", "2006-01-31": "$519", "2005-10-31": "$-1", "2005-07-31": "$82", "2005-04-30": "$83", "2005-01-31": "$382"}}, "eps-earnings-per-share-diluted": {"L Brands Annual EPS": {"2020": "$-1.33", "2019": "$2.31", "2018": "$3.42", "2017": "$3.98", "2016": "$4.22", "2015": "$3.50", "2014": "$3.05", "2013": "$2.54", "2012": "$2.70", "2011": "$2.42", "2010": "$1.37", "2009": "$0.65", "2008": "$1.89", "2007": "$1.68", "2006": "$1.66", "2005": "$1.47"}, "L Brands Quarterly EPS": {"2020-10-31": "$1.17", "2020-07-31": "$-0.18", "2020-04-30": "$-1.07", "2020-01-31": "$-0.70", "2019-10-31": "$-0.91", "2019-07-31": "$0.14", "2019-04-30": "$0.14", "2019-01-31": "$1.94", "2018-10-31": "$-0.16", "2018-07-31": "$0.36", "2018-04-30": "$0.17", "2018-01-31": "$2.31", "2017-10-31": "$0.30", "2017-07-31": "$0.48", "2017-04-30": "$0.33", "2017-01-31": "$2.17", "2016-10-31": "$0.42", "2016-07-31": "$0.87", "2016-04-30": "$0.52", "2016-01-31": "$2.15", "2015-10-31": "$0.55", "2015-07-31": "$0.68", "2015-04-30": "$0.84", "2015-01-31": "$1.90", "2014-10-31": "$0.44", "2014-07-31": "$0.63", "2014-04-30": "$0.53", "2014-01-31": "$1.65", "2013-10-31": "$0.31", "2013-07-31": "$0.61", "2013-04-30": "$0.48", "2013-01-31": "$1.39", "2012-10-31": "$0.25", "2012-07-31": "$0.49", "2012-04-30": "$0.41", "2012-01-31": "$1.16", "2011-10-31": "$0.31", "2011-07-31": "$0.73", "2011-04-30": "$0.50", "2011-01-31": "$1.36", "2010-10-31": "$0.18", "2010-07-31": "$0.54", "2010-04-30": "$0.34", "2010-01-31": "$1.08", "2009-10-31": "$0.05", "2009-07-31": "$0.23", "2009-04-30": "$0.01", "2009-01-31": "$0.06", "2008-10-31": "$0.01", "2008-07-31": "$0.30", "2008-04-30": "$0.28", "2008-01-31": "$1.06", "2007-10-31": "$0.03", "2007-07-31": "$0.67", "2007-04-30": "$0.13", "2007-01-31": "$1.09", "2006-10-31": "$0.06", "2006-07-31": "$0.28", "2006-04-30": "$0.25", "2006-01-31": "$1.26", "2005-10-31": "$0.00", "2005-07-31": "$0.20", "2005-04-30": "$0.20", "2005-01-31": "$0.81"}}, "shares-outstanding": {"L Brands Annual Shares Outstanding (Millions of Shares)": {"2020": "276", "2019": "279", "2018": "287", "2017": "291", "2016": "297", "2015": "298", "2014": "296", "2013": "297", "2012": "314", "2011": "333", "2010": "327", "2009": "337", "2008": "380", "2007": "403", "2006": "411", "2005": "479"}, "L Brands Quarterly Shares Outstanding (Millions of Shares)": {"2020-10-31": "283", "2020-07-31": "278", "2020-04-30": "277", "2020-01-31": "276", "2019-10-31": "276", "2019-07-31": "278", "2019-04-30": "278", "2019-01-31": "279", "2018-10-31": "275", "2018-07-31": "279", "2018-04-30": "282", "2018-01-31": "287", "2017-10-31": "285", "2017-07-31": "289", "2017-04-30": "289", "2017-01-31": "291", "2016-10-31": "290", "2016-07-31": "291", "2016-04-30": "293", "2016-01-31": "297", "2015-10-31": "296", "2015-07-31": "297", "2015-04-30": "299", "2015-01-31": "298", "2014-10-31": "298", "2014-07-31": "297", "2014-04-30": "297", "2014-01-31": "296", "2013-10-31": "297", "2013-07-31": "296", "2013-04-30": "295", "2013-01-31": "297", "2012-10-31": "294", "2012-07-31": "296", "2012-04-30": "301", "2012-01-31": "314", "2011-10-31": "308", "2011-07-31": "315", "2011-04-30": "328", "2011-01-31": "333", "2010-10-31": "332", "2010-07-31": "334", "2010-04-30": "333", "2010-01-31": "327", "2009-10-31": "328", "2009-07-31": "326", "2009-04-30": "323", "2009-01-31": "337", "2008-10-31": "340", "2008-07-31": "341", "2008-04-30": "344", "2008-01-31": "380", "2007-10-31": "365", "2007-07-31": "396", "2007-04-30": "406", "2007-01-31": "403", "2006-10-31": "402", "2006-07-31": "402", "2006-04-30": "400", "2006-01-31": "411", "2005-10-31": "401", "2005-07-31": "412", "2005-04-30": "417", "2005-01-31": "479"}}, "total-assets": {"L Brands Annual Total Assets (Millions of US $)": {"2020": "$10,125", "2019": "$8,090", "2018": "$8,149", "2017": "$8,170", "2016": "$8,493", "2015": "$7,476", "2014": "$7,198", "2013": "$6,019", "2012": "$6,108", "2011": "$6,451", "2010": "$7,173", "2009": "$6,972", "2008": "$7,437", "2007": "$7,093", "2006": "$6,346", "2005": "$6,089"}, "L Brands Quarterly Total Assets (Millions of US $)": {"2020-10-31": "$11,161", "2020-07-31": "$10,880", "2020-04-30": "$9,439", "2020-01-31": "$10,125", "2019-10-31": "$10,630", "2019-07-31": "$10,618", "2019-04-30": "$10,998", "2019-01-31": "$8,090", "2018-10-31": "$7,829", "2018-07-31": "$7,620", "2018-04-30": "$7,749", "2018-01-31": "$8,149", "2017-10-31": "$7,816", "2017-07-31": "$7,763", "2017-04-30": "$7,882", "2017-01-31": "$8,170", "2016-10-31": "$7,663", "2016-07-31": "$7,541", "2016-04-30": "$7,426", "2016-01-31": "$8,493", "2015-10-31": "$7,893", "2015-07-31": "$6,738", "2015-04-30": "$6,572", "2015-01-31": "$7,476", "2014-10-31": "$7,149", "2014-07-31": "$6,870", "2014-04-30": "$6,663", "2014-01-31": "$7,198", "2013-10-31": "$6,636", "2013-07-31": "$6,072", "2013-04-30": "$5,776", "2013-01-31": "$6,019", "2012-10-31": "$6,427", "2012-07-31": "$6,589", "2012-04-30": "$6,616", "2012-01-31": "$6,108", "2011-10-31": "$6,517", "2011-07-31": "$6,500", "2011-04-30": "$7,015", "2011-01-31": "$6,451", "2010-10-31": "$6,891", "2010-07-31": "$6,722", "2010-04-30": "$6,592", "2010-01-31": "$7,173", "2009-10-31": "$6,935", "2009-07-31": "$7,185", "2009-04-30": "$6,680", "2009-01-31": "$6,972", "2008-10-31": "$7,081", "2008-07-31": "$7,236", "2008-04-30": "$7,034", "2008-01-31": "$7,437", "2007-10-31": "$7,336", "2007-07-31": "$7,572", "2007-04-30": "$7,034", "2007-01-31": "$7,093", "2006-10-31": "$6,627", "2006-07-31": "$6,189", "2006-04-30": "$6,052", "2006-01-31": "$6,346", "2005-10-31": "$5,867", "2005-07-31": "$5,808", "2005-04-30": "$5,800", "2005-01-31": "$6,089"}}, "cash-on-hand": {"L Brands Annual Cash on Hand (Millions of US $)": {"2020": "$1,499", "2019": "$1,413", "2018": "$1,515", "2017": "$1,934", "2016": "$2,548", "2015": "$1,681", "2014": "$1,519", "2013": "$773", "2012": "$935", "2011": "$1,130", "2010": "$1,804", "2009": "$1,173", "2008": "$1,018", "2007": "$500", "2006": "$1,208", "2005": "$1,161"}, "L Brands Quarterly Cash on Hand (Millions of US $)": {"2020-10-31": "$2,622", "2020-07-31": "$2,611", "2020-04-30": "$957", "2020-01-31": "$1,499", "2019-10-31": "$340", "2019-07-31": "$853", "2019-04-30": "$1,146", "2019-01-31": "$1,413", "2018-10-31": "$348", "2018-07-31": "$843", "2018-04-30": "$1,032", "2018-01-31": "$1,515", "2017-10-31": "$735", "2017-07-31": "$1,360", "2017-04-30": "$1,555", "2017-01-31": "$1,934", "2016-10-31": "$654", "2016-07-31": "$1,273", "2016-04-30": "$1,267", "2016-01-31": "$2,548", "2015-10-31": "$1,311", "2015-07-31": "$780", "2015-04-30": "$649", "2015-01-31": "$1,681", "2014-10-31": "$745", "2014-07-31": "$1,147", "2014-04-30": "$912", "2014-01-31": "$1,519", "2013-10-31": "$425", "2013-07-31": "$551", "2013-04-30": "$382", "2013-01-31": "$773", "2012-10-31": "$547", "2012-07-31": "$1,193", "2012-04-30": "$1,286", "2012-01-31": "$935", "2011-10-31": "$498", "2011-07-31": "$1,035", "2011-04-30": "$1,557", "2011-01-31": "$1,130", "2010-10-31": "$988", "2010-07-31": "$1,300", "2010-04-30": "$1,188", "2010-01-31": "$1,804", "2009-10-31": "$968", "2009-07-31": "$1,550", "2009-04-30": "$936", "2009-01-31": "$1,173", "2008-10-31": "$377", "2008-07-31": "$978", "2008-04-30": "$759", "2008-01-31": "$1,018", "2007-10-31": "$218", "2007-07-31": "$1,193", "2007-04-30": "$194", "2007-01-31": "$500", "2006-10-31": "$178", "2006-07-31": "$651", "2006-04-30": "$722", "2006-01-31": "$1,208", "2005-10-31": "$155", "2005-07-31": "$719", "2005-04-30": "$686", "2005-01-31": "$1,161"}}, "long-term-debt": {"L Brands Annual Long Term Debt (Millions of US $)": {"2020": "$5,487", "2019": "$5,739", "2018": "$5,707", "2017": "$5,700", "2016": "$5,715", "2015": "$4,722", "2014": "$4,761", "2013": "$4,477", "2012": "$3,481", "2011": "$2,507", "2010": "$2,723", "2009": "$2,897", "2008": "$2,905", "2007": "$1,665", "2006": "$1,669", "2005": "$1,646"}, "L Brands Quarterly Long Term Debt (Millions of US $)": {"2020-10-31": "$6,451", "2020-07-31": "$6,269", "2020-04-30": "$5,034", "2020-01-31": "$5,487", "2019-10-31": "$5,477", "2019-07-31": "$5,475", "2019-04-30": "$5,749", "2019-01-31": "$5,739", "2018-10-31": "$5,814", "2018-07-31": "$5,712", "2018-04-30": "$5,719", "2018-01-31": "$5,707", "2017-10-31": "$5,705", "2017-07-31": "$5,704", "2017-04-30": "$5,702", "2017-01-31": "$5,700", "2016-10-31": "$5,701", "2016-07-31": "$5,706", "2016-04-30": "$5,718", "2016-01-31": "$5,715", "2015-10-31": "$5,713", "2015-07-31": "$4,720", "2015-04-30": "$4,719", "2015-01-31": "$4,722", "2014-10-31": "$4,759", "2014-07-31": "$4,758", "2014-04-30": "$4,758", "2014-01-31": "$4,761", "2013-10-31": "$4,762", "2013-07-31": "$4,475", "2013-04-30": "$4,475", "2013-01-31": "$4,477", "2012-10-31": "$4,478", "2012-07-31": "$4,480", "2012-04-30": "$4,480", "2012-01-31": "$3,481", "2011-10-31": "$3,536", "2011-07-31": "$3,524", "2011-04-30": "$3,510", "2011-01-31": "$2,507", "2010-10-31": "$2,519", "2010-07-31": "$2,532", "2010-04-30": "$2,523", "2010-01-31": "$2,723", "2009-10-31": "$2,880", "2009-07-31": "$3,251", "2009-04-30": "$2,897", "2009-01-31": "$2,897", "2008-10-31": "$2,897", "2008-07-31": "$2,901", "2008-04-30": "$2,905", "2008-01-31": "$2,905", "2007-10-31": "$2,908", "2007-07-31": "$2,908", "2007-04-30": "$1,665", "2007-01-31": "$1,665", "2006-10-31": "$1,666", "2006-07-31": "$1,665", "2006-04-30": "$1,669", "2006-01-31": "$1,669", "2005-10-31": "$1,646", "2005-07-31": "$1,646", "2005-04-30": "$1,647", "2005-01-31": "$1,646"}}, "total-liabilities": {"L Brands Annual Total Liabilities (Millions of US $)": {"2020": "$11,620", "2019": "$8,955", "2018": "$8,900", "2017": "$8,897", "2016": "$8,751", "2015": "$7,457", "2014": "$7,567", "2013": "$7,033", "2012": "$5,970", "2011": "$4,974", "2010": "$4,989", "2009": "$5,097", "2008": "$5,218", "2007": "$4,138", "2006": "$3,875", "2005": "$3,754"}, "L Brands Quarterly Total Liabilities (Millions of US $)": {"2020-10-31": "$12,725", "2020-07-31": "$12,784", "2020-04-30": "$11,297", "2020-01-31": "$11,620", "2019-10-31": "$11,868", "2019-07-31": "$11,547", "2019-04-30": "$11,896", "2019-01-31": "$8,955", "2018-10-31": "$9,141", "2018-07-31": "$8,742", "2018-04-30": "$8,718", "2018-01-31": "$8,900", "2017-10-31": "$8,935", "2017-07-31": "$8,675", "2017-04-30": "$8,717", "2017-01-31": "$8,897", "2016-10-31": "$8,851", "2016-07-31": "$8,670", "2016-04-30": "$8,512", "2016-01-31": "$8,751", "2015-10-31": "$8,550", "2015-07-31": "$7,385", "2015-04-30": "$7,178", "2015-01-31": "$7,457", "2014-10-31": "$7,582", "2014-07-31": "$7,373", "2014-04-30": "$7,272", "2014-01-31": "$7,567", "2013-10-31": "$7,456", "2013-07-31": "$6,933", "2013-04-30": "$6,770", "2013-01-31": "$7,033", "2012-10-31": "$6,942", "2012-07-31": "$6,834", "2012-04-30": "$6,747", "2012-01-31": "$5,970", "2011-10-31": "$5,996", "2011-07-31": "$5,875", "2011-04-30": "$5,888", "2011-01-31": "$4,974", "2010-10-31": "$4,847", "2010-07-31": "$4,649", "2010-04-30": "$4,615", "2010-01-31": "$4,989", "2009-10-31": "$5,070", "2009-07-31": "$5,309", "2009-04-30": "$4,841", "2009-01-31": "$5,097", "2008-10-31": "$5,127", "2008-07-31": "$5,037", "2008-04-30": "$4,885", "2008-01-31": "$5,218", "2007-10-31": "$5,259", "2007-07-31": "$5,161", "2007-04-30": "$4,023", "2007-01-31": "$4,138", "2006-10-31": "$4,090", "2006-07-31": "$3,627", "2006-04-30": "$3,548", "2006-01-31": "$3,875", "2005-10-31": "$3,720", "2005-07-31": "$3,572", "2005-04-30": "$3,504", "2005-01-31": "$3,754"}}, "total-share-holder-equity": {"L Brands Annual Share Holder Equity (Millions of US $)": {"2020": "$-1,495", "2019": "$-865", "2018": "$-751", "2017": "$-727", "2016": "$-258", "2015": "$19", "2014": "$-369", "2013": "$-1,014", "2012": "$138", "2011": "$1,477", "2010": "$2,184", "2009": "$1,875", "2008": "$2,219", "2007": "$2,955", "2006": "$2,471", "2005": "$2,335"}, "L Brands Quarterly Share Holder Equity (Millions of US $)": {"2020-10-31": "$-1,564", "2020-07-31": "$-1,904", "2020-04-30": "$-1,858", "2020-01-31": "$-1,495", "2019-10-31": "$-1,238", "2019-07-31": "$-929", "2019-04-30": "$-898", "2019-01-31": "$-865", "2018-10-31": "$-1,312", "2018-07-31": "$-1,122", "2018-04-30": "$-969", "2018-01-31": "$-751", "2017-10-31": "$-1,119", "2017-07-31": "$-912", "2017-04-30": "$-835", "2017-01-31": "$-727", "2016-10-31": "$-1,188", "2016-07-31": "$-1,129", "2016-04-30": "$-1,086", "2016-01-31": "$-258", "2015-10-31": "$-657", "2015-07-31": "$-647", "2015-04-30": "$-606", "2015-01-31": "$19", "2014-10-31": "$-433", "2014-07-31": "$-503", "2014-04-30": "$-609", "2014-01-31": "$-369", "2013-10-31": "$-820", "2013-07-31": "$-861", "2013-04-30": "$-994", "2013-01-31": "$-1,014", "2012-10-31": "$-515", "2012-07-31": "$-245", "2012-04-30": "$-131", "2012-01-31": "$138", "2011-10-31": "$521", "2011-07-31": "$625", "2011-04-30": "$1,127", "2011-01-31": "$1,477", "2010-10-31": "$2,044", "2010-07-31": "$2,073", "2010-04-30": "$1,977", "2010-01-31": "$2,184", "2009-10-31": "$1,865", "2009-07-31": "$1,876", "2009-04-30": "$1,839", "2009-01-31": "$1,875", "2008-10-31": "$1,954", "2008-07-31": "$2,199", "2008-04-30": "$2,149", "2008-01-31": "$2,219", "2007-10-31": "$2,077", "2007-07-31": "$2,411", "2007-04-30": "$3,011", "2007-01-31": "$2,955", "2006-10-31": "$2,537", "2006-07-31": "$2,562", "2006-04-30": "$2,504", "2006-01-31": "$2,471", "2005-10-31": "$2,147", "2005-07-31": "$2,236", "2005-04-30": "$2,296", "2005-01-31": "$2,335"}}, "profit-margins": {"current": "-1.77%"}, "gross margin": {"2020-10-31": "35.37%", "2020-07-31": "31.10%", "2020-04-30": "31.86%", "2020-01-31": "34.46%", "2019-10-31": "35.42%", "2019-07-31": "36.58%", "2019-04-30": "36.93%", "2019-01-31": "37.01%", "2018-10-31": "37.63%", "2018-07-31": "38.55%", "2018-04-30": "39.00%", "2018-01-31": "39.26%", "2017-10-31": "39.55%", "2017-07-31": "39.96%", "2017-04-30": "40.21%", "2017-01-31": "40.76%", "2016-10-31": "41.54%", "2016-07-31": "41.92%", "2016-04-30": "42.35%", "2016-01-31": "42.82%", "2015-10-31": "42.58%", "2015-07-31": "42.45%", "2015-04-30": "42.18%", "2015-01-31": "41.98%", "2014-10-31": "41.19%", "2014-07-31": "40.93%", "2014-04-30": "41.02%", "2014-01-31": "41.11%", "2013-10-31": "41.66%", "2013-07-31": "41.83%", "2013-04-30": "41.85%", "2013-01-31": "41.94%", "2012-10-31": "41.48%", "2012-07-31": "40.59%", "2012-04-30": "39.97%", "2012-01-31": "39.15%", "2011-10-31": "38.56%", "2011-07-31": "38.59%", "2011-04-30": "38.18%", "2011-01-31": "37.77%", "2010-10-31": "37.26%", "2010-07-31": "36.43%", "2010-04-30": "35.91%", "2010-01-31": "35.08%", "2009-10-31": "32.75%", "2009-07-31": "32.69%", "2009-04-30": "32.94%", "2009-01-31": "33.24%", "2008-10-31": "35.14%", "2008-07-31": "35.14%", "2008-04-30": "34.43%", "2008-01-31": "34.63%", "2007-10-31": "35.15%", "2007-07-31": "35.90%", "2007-04-30": "36.85%", "2007-01-31": "37.61%", "2006-10-31": "37.74%", "2006-07-31": "37.05%", "2006-04-30": "36.57%", "2006-01-31": "35.88%", "2005-10-31": "35.27%"}, "operating margin": {"2020-10-31": "3.31%", "2020-07-31": "-3.03%", "2020-04-30": "-1.78%", "2020-01-31": "2.00%", "2019-10-31": "7.48%", "2019-07-31": "8.98%", "2019-04-30": "9.33%", "2019-01-31": "9.35%", "2018-10-31": "10.77%", "2018-07-31": "12.27%", "2018-04-30": "13.06%", "2018-01-31": "13.68%", "2017-10-31": "14.07%", "2017-07-31": "14.53%", "2017-04-30": "15.24%", "2017-01-31": "15.93%", "2016-10-31": "16.77%", "2016-07-31": "17.35%", "2016-04-30": "17.49%", "2016-01-31": "18.04%", "2015-10-31": "17.51%", "2015-07-31": "17.28%", "2015-04-30": "17.18%", "2015-01-31": "17.05%", "2014-10-31": "16.59%", "2014-07-31": "16.16%", "2014-04-30": "16.23%", "2014-01-31": "16.18%", "2013-10-31": "15.43%", "2013-07-31": "15.38%", "2013-04-30": "15.05%", "2013-01-31": "15.04%", "2012-10-31": "14.09%", "2012-07-31": "13.91%", "2012-04-30": "12.76%", "2012-01-31": "11.95%", "2011-10-31": "12.72%", "2011-07-31": "12.60%", "2011-04-30": "13.30%", "2011-01-31": "13.36%", "2010-10-31": "12.54%", "2010-07-31": "11.83%", "2010-04-30": "11.18%", "2010-01-31": "10.06%", "2009-10-31": "5.08%", "2009-07-31": "4.83%", "2009-04-30": "5.03%", "2009-01-31": "6.51%", "2008-10-31": "11.33%", "2008-07-31": "11.46%", "2008-04-30": "12.42%", "2008-01-31": "10.95%", "2007-10-31": "11.16%", "2007-07-31": "11.02%", "2007-04-30": "10.07%", "2007-01-31": "11.02%", "2006-10-31": "11.23%", "2006-07-31": "11.01%", "2006-04-30": "10.74%", "2006-01-31": "10.17%", "2005-10-31": "9.70%"}, "ebitda margin": {"2020-10-31": "14.03%", "2020-07-31": "8.23%", "2020-04-30": "9.12%", "2020-01-31": "12.13%", "2019-10-31": "11.91%", "2019-07-31": "13.30%", "2019-04-30": "13.52%", "2019-01-31": "13.48%", "2018-10-31": "14.90%", "2018-07-31": "16.41%", "2018-04-30": "17.20%", "2018-01-31": "17.83%", "2017-10-31": "18.29%", "2017-07-31": "18.68%", "2017-04-30": "19.21%", "2017-01-31": "19.68%", "2016-10-31": "20.41%", "2016-07-31": "20.85%", "2016-04-30": "20.94%", "2016-01-31": "21.45%", "2015-10-31": "20.93%", "2015-07-31": "20.74%", "2015-04-30": "20.63%", "2015-01-31": "20.53%", "2014-10-31": "20.12%", "2014-07-31": "19.63%", "2014-04-30": "19.69%", "2014-01-31": "19.60%", "2013-10-31": "19.65%", "2013-07-31": "19.64%", "2013-04-30": "19.32%", "2013-01-31": "19.31%", "2012-10-31": "19.88%", "2012-07-31": "19.60%", "2012-04-30": "18.43%", "2012-01-31": "17.62%", "2011-10-31": "16.24%", "2011-07-31": "16.23%", "2011-04-30": "16.99%", "2011-01-31": "17.15%", "2010-10-31": "16.49%", "2010-07-31": "15.86%", "2010-04-30": "15.30%", "2010-01-31": "14.23%", "2009-10-31": "11.74%", "2009-07-31": "11.36%", "2009-04-30": "11.35%", "2009-01-31": "12.68%", "2008-10-31": "14.95%", "2008-07-31": "15.04%", "2008-04-30": "16.05%", "2008-01-31": "14.55%", "2007-10-31": "14.50%", "2007-07-31": "14.27%", "2007-04-30": "13.16%", "2007-01-31": "13.98%", "2006-10-31": "14.25%", "2006-07-31": "14.02%", "2006-04-30": "13.75%", "2006-01-31": "13.24%", "2005-10-31": "13.13%"}, "pre tax profit margin": {"2020-10-31": "-0.58%", "2020-07-31": "-6.65%", "2020-04-30": "-5.47%", "2020-01-31": "-1.40%", "2019-10-31": "4.10%", "2019-07-31": "5.86%", "2019-04-30": "6.48%", "2019-01-31": "6.47%", "2018-10-31": "7.49%", "2018-07-31": "8.93%", "2018-04-30": "9.77%", "2018-01-31": "10.39%", "2017-10-31": "11.08%", "2017-07-31": "11.56%", "2017-04-30": "12.75%", "2017-01-31": "13.49%", "2016-10-31": "14.30%", "2016-07-31": "14.98%", "2016-04-30": "14.67%", "2016-01-31": "15.91%", "2015-10-31": "15.49%", "2015-07-31": "15.23%", "2015-04-30": "15.12%", "2015-01-31": "14.28%", "2014-10-31": "13.77%", "2014-07-31": "13.39%", "2014-04-30": "13.45%", "2014-01-31": "13.42%", "2013-10-31": "12.67%", "2013-07-31": "12.68%", "2013-04-30": "12.32%", "2013-01-31": "12.25%", "2012-10-31": "11.37%", "2012-07-31": "11.17%", "2012-04-30": "11.56%", "2012-01-31": "11.84%", "2011-10-31": "13.26%", "2011-07-31": "13.30%", "2011-04-30": "13.27%", "2011-01-31": "13.01%", "2010-10-31": "11.58%", "2010-07-31": "10.86%", "2010-04-30": "9.44%", "2010-01-31": "7.53%", "2009-10-31": "2.62%", "2009-07-31": "2.49%", "2009-04-30": "3.13%", "2009-01-31": "4.97%", "2008-10-31": "9.73%", "2008-07-31": "9.86%", "2008-04-30": "12.21%", "2008-01-31": "10.92%", "2007-10-31": "11.43%", "2007-07-31": "11.40%", "2007-04-30": "9.35%", "2007-01-31": "10.28%", "2006-10-31": "10.91%", "2006-07-31": "10.72%", "2006-04-30": "10.44%", "2006-01-31": "9.87%", "2005-10-31": "8.99%"}, "net profit margin": {"2020-10-31": "-1.76%", "2020-07-31": "-6.96%", "2020-04-30": "-5.89%", "2020-01-31": "-2.83%", "2019-10-31": "2.80%", "2019-07-31": "4.37%", "2019-04-30": "4.80%", "2019-01-31": "4.87%", "2018-10-31": "5.82%", "2018-07-31": "6.87%", "2018-04-30": "7.31%", "2018-01-31": "7.78%", "2017-10-31": "7.73%", "2017-07-31": "8.05%", "2017-04-30": "8.87%", "2017-01-31": "9.21%", "2016-10-31": "9.32%", "2016-07-31": "9.73%", "2016-04-30": "9.42%", "2016-01-31": "10.31%", "2015-10-31": "9.98%", "2015-07-31": "9.85%", "2015-04-30": "9.81%", "2015-01-31": "9.10%", "2014-10-31": "8.63%", "2014-07-31": "8.39%", "2014-04-30": "8.42%", "2014-01-31": "8.38%", "2013-10-31": "7.62%", "2013-07-31": "7.54%", "2013-04-30": "7.29%", "2013-01-31": "7.20%", "2012-10-31": "6.94%", "2012-07-31": "7.05%", "2012-04-30": "7.86%", "2012-01-31": "8.20%", "2011-10-31": "9.15%", "2011-07-31": "9.00%", "2011-04-30": "8.66%", "2011-01-31": "8.37%", "2010-10-31": "7.68%", "2010-07-31": "7.34%", "2010-04-30": "6.31%", "2010-01-31": "5.19%", "2009-10-31": "1.26%", "2009-07-31": "1.12%", "2009-04-30": "1.41%", "2009-01-31": "2.43%", "2008-10-31": "6.36%", "2008-07-31": "6.39%", "2008-04-30": "7.83%", "2008-01-31": "7.09%", "2007-10-31": "7.07%", "2007-07-31": "7.05%", "2007-04-30": "5.78%", "2007-01-31": "6.33%", "2006-10-31": "7.41%", "2006-07-31": "7.33%", "2006-04-30": "7.13%", "2006-01-31": "7.04%", "2005-10-31": "5.76%"}, "pe ratio": {"current": "21.57", "2021-02-11": "0.00", "2020-10-31": "0.00", "2020-07-31": "0.00", "2020-04-30": "0.00", "2020-01-31": "0.00", "2019-10-31": "12.62", "2019-07-31": "12.04", "2019-04-30": "10.61", "2019-01-31": "11.24", "2018-10-31": "10.98", "2018-07-31": "8.97", "2018-04-30": "9.36", "2018-01-31": "12.65", "2017-10-31": "11.23", "2017-07-31": "11.49", "2017-04-30": "11.60", "2017-01-31": "12.47", "2016-10-31": "14.93", "2016-07-31": "14.68", "2016-04-30": "16.17", "2016-01-31": "17.79", "2015-10-31": "18.82", "2015-07-31": "16.18", "2015-04-30": "18.04", "2015-01-31": "18.11", "2014-10-31": "16.50", "2014-07-31": "13.74", "2014-04-30": "12.85", "2014-01-31": "12.31", "2013-10-31": "15.95", "2013-07-31": "14.44", "2013-04-30": "13.58", "2013-01-31": "13.20", "2012-10-31": "13.50", "2012-07-31": "12.74", "2012-04-30": "12.02", "2012-01-31": "9.74", "2011-10-31": "8.81", "2011-07-31": "8.13", "2011-04-30": "9.18", "2011-01-31": "6.91", "2010-10-31": "7.14", "2010-07-31": "6.59", "2010-04-30": "8.10", "2010-01-31": "6.81", "2009-10-31": "25.16", "2009-07-31": "20.76", "2009-04-30": "14.68", "2009-01-31": "5.79", "2008-10-31": "3.26", "2008-07-31": "4.40", "2008-04-30": "4.03", "2008-01-31": "4.43", "2007-10-31": "5.13", "2007-07-31": "5.50", "2007-04-30": "7.82", "2007-01-31": "7.31", "2006-10-31": "6.86"}, "price sales": {"2021-02-11": "1.14", "2020-10-31": "0.76", "2020-07-31": "0.59", "2020-04-30": "0.28", "2020-01-31": "0.49", "2019-10-31": "0.35", "2019-07-31": "0.52", "2019-04-30": "0.51", "2019-01-31": "0.55", "2018-10-31": "0.63", "2018-07-31": "0.62", "2018-04-30": "0.68", "2018-01-31": "0.99", "2017-10-31": "0.87", "2017-07-31": "0.93", "2017-04-30": "1.03", "2017-01-31": "1.15", "2016-10-31": "1.39", "2016-07-31": "1.43", "2016-04-30": "1.52", "2016-01-31": "1.84", "2015-10-31": "1.87", "2015-07-31": "1.59", "2015-04-30": "1.77", "2015-01-31": "1.64", "2014-10-31": "1.42", "2014-07-31": "1.15", "2014-04-30": "1.08", "2014-01-31": "1.03", "2013-10-31": "1.22", "2013-07-31": "1.09", "2013-04-30": "0.99", "2013-01-31": "0.95", "2012-10-31": "0.94", "2012-07-31": "0.90", "2012-04-30": "0.95", "2012-01-31": "0.80", "2011-10-31": "0.80", "2011-07-31": "0.73", "2011-04-30": "0.79", "2011-01-31": "0.58", "2010-10-31": "0.55", "2010-07-31": "0.49", "2010-04-30": "0.51", "2010-01-31": "0.35", "2009-10-31": "0.33", "2009-07-31": "0.24", "2009-04-30": "0.21", "2009-01-31": "0.14", "2008-10-31": "0.21", "2008-07-31": "0.29", "2008-04-30": "0.32", "2008-01-31": "0.33", "2007-10-31": "0.36", "2007-07-31": "0.39", "2007-04-30": "0.45", "2007-01-31": "0.46", "2006-10-31": "0.51"}, "price book": {"current": "0.00", "2021-02-11": "0.00", "2020-10-31": "-5.69", "2020-07-31": "-3.56", "2020-04-30": "-1.78", "2020-01-31": "-4.24", "2019-10-31": "-3.69", "2019-07-31": "-7.37", "2019-04-30": "-7.43", "2019-01-31": "-8.26", "2018-10-31": "-6.21", "2018-07-31": "-6.95", "2018-04-30": "-8.81", "2018-01-31": "-16.22", "2017-10-31": "-9.31", "2017-07-31": "-12.29", "2017-04-30": "-15.10", "2017-01-31": "-19.57", "2016-10-31": "-14.24", "2016-07-31": "-15.21", "2016-04-30": "-16.72", "2016-01-31": "-84.37", "2015-10-31": "-33.01", "2015-07-31": "-28.02", "2015-04-30": "-33.04", "2015-01-31": "970.69", "2014-10-31": "-36.28", "2014-07-31": "-24.88", "2014-04-30": "-19.11", "2014-01-31": "-29.62", "2013-10-31": "-15.74", "2013-07-31": "-13.28", "2013-04-30": "-10.30", "2013-01-31": "-9.56", "2012-10-31": "-17.52", "2012-07-31": "-35.63", "2012-04-30": "-70.21", "2012-01-31": "56.40", "2011-10-31": "14.56", "2011-07-31": "10.84", "2011-04-30": "6.47", "2011-01-31": "3.63", "2010-10-31": "2.40", "2010-07-31": "2.06", "2010-04-30": "2.26", "2010-01-31": "1.38", "2009-10-31": "1.48", "2009-07-31": "1.07", "2009-04-30": "0.95", "2009-01-31": "0.63", "2008-10-31": "0.92", "2008-07-31": "1.16", "2008-04-30": "1.32", "2008-01-31": "1.33", "2007-10-31": "1.68", "2007-07-31": "1.64", "2007-04-30": "1.61", "2007-01-31": "1.65", "2006-10-31": "2.00", "2006-07-31": "1.68", "2006-04-30": "1.74", "2006-01-31": "1.62"}, "price fcf": {"2021-02-11": "", "2020-10-31": "$6.35", "2020-07-31": "$3.70", "2020-04-30": "$2.09", "2020-01-31": "$2.82", "2019-10-31": "$2.93", "2019-07-31": "$2.86", "2019-04-30": "$2.82", "2019-01-31": "$2.68", "2018-10-31": "$2.06", "2018-07-31": "$2.48", "2018-04-30": "$2.13", "2018-01-31": "$2.44", "2017-10-31": "$3.43", "2017-07-31": "$3.06", "2017-04-30": "$3.86", "2017-01-31": "$3.62", "2016-10-31": "$4.10", "2016-07-31": "$4.56", "2016-04-30": "$5.22", "2016-01-31": "$5.04", "2015-10-31": "$3.83", "2015-07-31": "$3.78", "2015-04-30": "$3.44", "2015-01-31": "$3.59", "2014-10-31": "$3.28", "2014-07-31": "$2.31", "2014-04-30": "$1.99", "2014-01-31": "$1.88", "2013-10-31": "$1.87", "2013-07-31": "$2.89", "2013-04-30": "$2.72", "2013-01-31": "$2.57", "2012-10-31": "$2.05", "2012-07-31": "$2.06", "2012-04-30": "$1.91", "2012-01-31": "$2.68", "2011-10-31": "$2.59", "2011-07-31": "$3.01", "2011-04-30": "$3.06", "2011-01-31": "$3.03", "2010-10-31": "$2.71", "2010-07-31": "$2.74", "2010-04-30": "$3.18", "2010-01-31": "$2.97", "2009-10-31": "$2.50", "2009-07-31": "$1.93", "2009-04-30": "$1.62", "2009-01-31": "$1.41", "2008-10-31": "$1.46", "2008-07-31": "$1.07", "2008-04-30": "$0.59", "2008-01-31": "$0.04", "2007-10-31": "$0.08", "2007-07-31": "$0.04", "2007-04-30": "$-0.12", "2007-01-31": "$0.13", "2006-10-31": "$-1.09"}, "net worth": {"value": "$13.62B"}, "current ratio": {"current": "1.48", "2020-10-31": "1.48", "2020-07-31": "1.31", "2020-04-30": "1.06", "2020-01-31": "1.37", "2019-10-31": "1.15", "2019-07-31": "1.20", "2019-04-30": "1.34", "2019-01-31": "1.64", "2018-10-31": "1.37", "2018-07-31": "1.46", "2018-04-30": "1.56", "2018-01-31": "1.62", "2017-10-31": "1.45", "2017-07-31": "1.68", "2017-04-30": "1.72", "2017-01-31": "1.72", "2016-10-31": "1.44", "2016-07-31": "1.63", "2016-04-30": "1.86", "2016-01-31": "2.22", "2015-10-31": "2.04", "2015-07-31": "1.57", "2015-04-30": "1.64", "2015-01-31": "1.91", "2014-10-31": "1.58", "2014-07-31": "1.71", "2014-04-30": "1.71", "2014-01-31": "1.73", "2013-10-31": "1.49", "2013-07-31": "1.41", "2013-04-30": "1.50", "2013-01-31": "1.43", "2012-10-31": "1.64", "2012-07-31": "1.94", "2012-04-30": "2.18", "2012-01-31": "1.55", "2011-10-31": "1.74", "2011-07-31": "1.97", "2011-04-30": "2.28", "2011-01-31": "1.72", "2010-10-31": "2.17", "2010-07-31": "2.38", "2010-04-30": "2.37", "2010-01-31": "2.46", "2009-10-31": "2.36", "2009-07-31": "2.85", "2009-04-30": "2.58", "2009-01-31": "2.28", "2008-10-31": "2.03", "2008-07-31": "2.27", "2008-04-30": "2.37", "2008-01-31": "2.12", "2007-10-31": "1.93", "2007-07-31": "2.21", "2007-04-30": "1.75", "2007-01-31": "1.62", "2006-10-31": "1.64", "2006-07-31": "1.93", "2006-04-30": "1.97", "2006-01-31": "1.77", "2005-10-31": "1.66", "2005-07-31": "1.81", "2005-04-30": "1.94", "2005-01-31": "1.85"}, "quick ratio": {"2020-10-31": "0.92", "2020-07-31": "0.88", "2020-04-30": "0.51", "2020-01-31": "0.83", "2019-10-31": "0.35", "2019-07-31": "0.60", "2019-04-30": "0.72", "2019-01-31": "1.01", "2018-10-31": "0.45", "2018-07-31": "0.75", "2018-04-30": "0.83", "2018-01-31": "1.01", "2017-10-31": "0.60", "2017-07-31": "1.05", "2017-04-30": "1.10", "2017-01-31": "1.18", "2016-10-31": "0.62", "2016-07-31": "0.97", "2016-04-30": "1.08", "2016-01-31": "1.62", "2015-10-31": "1.11", "2015-07-31": "0.86", "2015-04-30": "0.82", "2015-01-31": "1.29", "2014-10-31": "0.76", "2014-07-31": "1.03", "2014-04-30": "0.90", "2014-01-31": "1.09", "2013-10-31": "0.54", "2013-07-31": "0.65", "2013-04-30": "0.62", "2013-01-31": "0.78", "2012-10-31": "0.69", "2012-07-31": "1.19", "2012-04-30": "1.33", "2012-01-31": "0.90", "2011-10-31": "0.72", "2011-07-31": "1.15", "2011-04-30": "1.50", "2011-01-31": "1.04", "2010-10-31": "1.11", "2010-07-31": "1.46", "2010-04-30": "1.40", "2010-01-31": "1.67", "2009-10-31": "1.20", "2009-07-31": "1.86", "2009-04-30": "1.38", "2009-01-31": "1.34", "2008-10-31": "0.81", "2008-07-31": "1.29", "2008-04-30": "1.26", "2008-01-31": "1.21", "2007-10-31": "0.69", "2007-07-31": "1.20", "2007-04-30": "0.51", "2007-01-31": "0.59", "2006-10-31": "0.41", "2006-07-31": "0.80", "2006-04-30": "0.88", "2006-01-31": "1.03", "2005-10-31": "0.46", "2005-07-31": "0.85", "2005-04-30": "0.87", "2005-01-31": "1.06"}, "debt equity ratio": {"current": "0.00", "2020-10-31": "-8.14", "2020-07-31": "-6.71", "2020-04-30": "-6.08", "2020-01-31": "-7.77", "2019-10-31": "-9.59", "2019-07-31": "-12.43", "2019-04-30": "-13.25", "2019-01-31": "-10.35", "2018-10-31": "-6.97", "2018-07-31": "-7.79", "2018-04-30": "-9.00", "2018-01-31": "-11.85", "2017-10-31": "-7.99", "2017-07-31": "-9.51", "2017-04-30": "-10.44", "2017-01-31": "-12.24", "2016-10-31": "-7.45", "2016-07-31": "-7.68", "2016-04-30": "-7.84", "2016-01-31": "-33.92", "2015-10-31": "-13.01", "2015-07-31": "-11.41", "2015-04-30": "-11.85", "2015-01-31": "392.47", "2014-10-31": "-17.51", "2014-07-31": "-14.66", "2014-04-30": "-11.94", "2014-01-31": "-20.51", "2013-10-31": "-9.09", "2013-07-31": "-8.05", "2013-04-30": "-6.81", "2013-01-31": "-6.94", "2012-10-31": "-13.48", "2012-07-31": "-27.89", "2012-04-30": "-51.50", "2012-01-31": "43.26", "2011-10-31": "11.51", "2011-07-31": "9.40", "2011-04-30": "5.22", "2011-01-31": "3.37", "2010-10-31": "2.37", "2010-07-31": "2.24", "2010-04-30": "2.33", "2010-01-31": "2.28", "2009-10-31": "2.72", "2009-07-31": "2.83", "2009-04-30": "2.63", "2009-01-31": "2.72", "2008-10-31": "2.62", "2008-07-31": "2.29", "2008-04-30": "2.27", "2008-01-31": "2.35", "2007-10-31": "2.53", "2007-07-31": "2.14", "2007-04-30": "1.34", "2007-01-31": "1.40", "2006-10-31": "1.61", "2006-07-31": "1.42", "2006-04-30": "1.42", "2006-01-31": "1.57", "2005-10-31": "1.73", "2005-07-31": "1.60", "2005-04-30": "1.53", "2005-01-31": "1.61"}, "return on equity": {"2020-10-31": "12.14%", "2020-07-31": "48.65%", "2020-04-30": "50.94%", "2020-01-31": "32.11%", "2019-10-31": "-37.25%", "2019-07-31": "-57.44%", "2019-04-30": "-60.61%", "2019-01-31": "-60.36%", "2018-10-31": "-73.95%", "2018-07-31": "-90.58%", "2018-04-30": "-99.92%", "2018-01-31": "-108.71%", "2017-10-31": "-105.87%", "2017-07-31": "-107.81%", "2017-04-30": "-113.43%", "2017-01-31": "-112.15%", "2016-10-31": "-127.07%", "2016-07-31": "-153.99%", "2016-04-30": "-174.47%", "2016-01-31": "-231.18%", "2015-10-31": "-249.81%", "2015-07-31": "-275.70%", "2015-04-30": "-298.10%", "2015-01-31": "-273.13%", "2014-10-31": "-202.09%", "2014-07-31": "-161.15%", "2014-04-30": "-137.95%", "2014-01-31": "-118.66%", "2013-10-31": "-89.35%", "2013-07-31": "-95.27%", "2013-04-30": "-111.42%", "2013-01-31": "-158.11%", "2012-10-31": "-372.91%", "2012-07-31": "1020.49%", "2012-04-30": "281.01%", "2012-01-31": "141.02%", "2011-10-31": "100.59%", "2011-07-31": "69.03%", "2011-04-30": "51.00%", "2011-01-31": "42.53%", "2010-10-31": "34.21%", "2010-07-31": "32.70%", "2010-04-30": "28.25%", "2010-01-31": "23.08%", "2009-10-31": "5.79%", "2009-07-31": "5.14%", "2009-04-30": "6.36%", "2009-01-31": "10.76%", "2008-10-31": "27.84%", "2008-07-31": "27.81%", "2008-04-30": "34.46%", "2008-01-31": "29.55%", "2007-10-31": "29.42%", "2007-07-31": "28.62%", "2007-04-30": "22.77%", "2007-01-31": "25.61%", "2006-10-31": "29.98%", "2006-07-31": "30.15%", "2006-04-30": "29.88%", "2006-01-31": "29.86%", "2005-10-31": "24.23%"}, "return on assets": {"2020-10-31": "-1.99%", "2020-07-31": "-7.69%", "2020-04-30": "-6.89%", "2020-01-31": "-3.46%", "2019-10-31": "3.63%", "2019-07-31": "6.13%", "2019-04-30": "7.37%", "2019-01-31": "8.23%", "2018-10-31": "9.80%", "2018-07-31": "11.45%", "2018-04-30": "11.91%", "2018-01-31": "12.44%", "2017-10-31": "12.03%", "2017-07-31": "12.54%", "2017-04-30": "14.08%", "2017-01-31": "15.04%", "2016-10-31": "14.95%", "2016-07-31": "15.37%", "2016-04-30": "15.12%", "2016-01-31": "16.88%", "2015-10-31": "16.47%", "2015-07-31": "16.45%", "2015-04-30": "16.18%", "2015-01-31": "14.80%", "2014-10-31": "13.87%", "2014-07-31": "13.55%", "2014-04-30": "13.81%", "2014-01-31": "14.06%", "2013-10-31": "13.45%", "2013-07-31": "13.27%", "2013-04-30": "12.43%", "2013-01-31": "11.74%", "2012-10-31": "10.91%", "2012-07-31": "11.18%", "2012-04-30": "12.59%", "2012-01-31": "13.01%", "2011-10-31": "14.24%", "2011-07-31": "13.55%", "2011-04-30": "12.66%", "2011-01-31": "12.08%", "2010-10-31": "10.34%", "2010-07-31": "9.66%", "2010-04-30": "8.00%", "2010-01-31": "6.41%", "2009-10-31": "1.56%", "2009-07-31": "1.39%", "2009-04-30": "1.79%", "2009-01-31": "3.11%", "2008-10-31": "8.24%", "2008-07-31": "8.28%", "2008-04-30": "10.39%", "2008-01-31": "9.78%", "2007-10-31": "10.59%", "2007-07-31": "11.03%", "2007-04-30": "9.35%", "2007-01-31": "10.42%", "2006-10-31": "11.98%", "2006-07-31": "11.94%", "2006-04-30": "11.61%", "2006-01-31": "11.47%", "2005-10-31": "9.27%"}, "return on investments": {"2020-10-31": "9.45%", "2020-07-31": "-8.72%", "2020-04-30": "-5.34%", "2020-01-31": "5.85%", "2019-10-31": "21.11%", "2019-07-31": "25.19%", "2019-04-30": "26.25%", "2019-01-31": "26.44%", "2018-10-31": "30.28%", "2018-07-31": "33.92%", "2018-04-30": "35.09%", "2018-01-31": "36.00%", "2017-10-31": "36.01%", "2017-07-31": "37.23%", "2017-04-30": "39.92%", "2017-01-31": "42.86%", "2016-10-31": "43.65%", "2016-07-31": "43.57%", "2016-04-30": "44.60%", "2016-01-31": "46.89%", "2015-10-31": "46.07%", "2015-07-31": "46.74%", "2015-04-30": "45.63%", "2015-01-31": "44.71%", "2014-10-31": "43.43%", "2014-07-31": "42.68%", "2014-04-30": "43.93%", "2014-01-31": "45.19%", "2013-10-31": "46.01%", "2013-07-31": "45.29%", "2013-04-30": "42.03%", "2013-01-31": "39.30%", "2012-10-31": "35.28%", "2012-07-31": "35.06%", "2012-04-30": "32.50%", "2012-01-31": "30.08%", "2011-10-31": "31.16%", "2011-07-31": "29.40%", "2011-04-30": "29.59%", "2011-01-31": "29.10%", "2010-10-31": "24.89%", "2010-07-31": "22.73%", "2010-04-30": "20.50%", "2010-01-31": "17.79%", "2009-10-31": "8.98%", "2009-07-31": "8.56%", "2009-04-30": "9.15%", "2009-01-31": "11.91%", "2008-10-31": "21.00%", "2008-07-31": "21.28%", "2008-04-30": "23.65%", "2008-01-31": "22.09%", "2007-10-31": "24.80%", "2007-07-31": "25.93%", "2007-04-30": "24.78%", "2007-01-31": "27.31%", "2006-10-31": "27.33%", "2006-07-31": "26.87%", "2006-04-30": "26.34%", "2006-01-31": "25.03%", "2005-10-31": "23.59%"}, "return on tangible equity": {"2020-10-31": "7.54%", "2020-07-31": "27.86%", "2020-04-30": "25.37%", "2020-01-31": "13.50%", "2019-10-31": "-13.39%", "2019-07-31": "-20.83%", "2019-04-30": "-22.65%", "2019-01-31": "-22.79%", "2018-10-31": "-27.45%", "2018-07-31": "-32.63%", "2018-04-30": "-34.75%", "2018-01-31": "-36.91%", "2017-10-31": "-35.79%", "2017-07-31": "-36.90%", "2017-04-30": "-40.31%", "2017-01-31": "-41.48%", "2016-10-31": "-43.61%", "2016-07-31": "-47.69%", "2016-04-30": "-48.16%", "2016-01-31": "-55.17%", "2015-10-31": "-53.64%", "2015-07-31": "-53.55%", "2015-04-30": "-53.80%", "2015-01-31": "-49.37%", "2014-10-31": "-43.81%", "2014-07-31": "-40.23%", "2014-04-30": "-38.30%", "2014-01-31": "-36.26%", "2013-10-31": "-31.07%", "2013-07-31": "-31.01%", "2013-04-30": "-31.23%", "2013-01-31": "-33.07%", "2012-10-31": "-34.88%", "2012-07-31": "-39.93%", "2012-04-30": "-49.14%", "2012-01-31": "-61.04%", "2011-10-31": "-84.78%", "2011-07-31": "-124.27%", "2011-04-30": "-233.36%", "2011-01-31": "-529.61%", "2010-10-31": "2671.70%", "2010-07-31": "-4137.50%", "2010-04-30": "-865.12%", "2010-01-31": "-493.66%", "2009-10-31": "-67.29%", "2009-07-31": "-52.08%", "2009-04-30": "-71.53%", "2009-01-31": "-127.17%", "2008-10-31": "-315.43%", "2008-07-31": "-280.84%", "2008-04-30": "-428.05%", "2008-01-31": "3156.04%", "2007-10-31": "334.71%", "2007-07-31": "155.27%", "2007-04-30": "91.70%", "2007-01-31": "96.06%", "2006-10-31": "106.15%", "2006-07-31": "118.03%", "2006-04-30": "130.47%", "2006-01-31": "140.97%", "2005-10-31": "120.93%"}, "dividend yield history": {"last payout": "$0.00", "last yield": "0.00%"}}