{"ticker": "LEA", "price": {"title": "Lear Historical Annual Stock Price Data", "value": 155.71, "historical": {"2020": {"Average Stock Price": "117.4359", "Year Open": "140.0900", "Year High": "164.6900", "Year Low": "70.0000", "Year Close": "159.0300", "Annual % Change": "15.91%"}, "2019": {"Average Stock Price": "132.8940", "Year Open": "123.9600", "Year High": "158.7900", "Year Low": "106.0100", "Year Close": "137.2000", "Annual % Change": "11.67%"}, "2018": {"Average Stock Price": "172.2022", "Year Open": "178.8000", "Year High": "205.3400", "Year Low": "116.9600", "Year Close": "122.8600", "Annual % Change": "-30.45%"}, "2017": {"Average Stock Price": "152.6108", "Year Open": "132.9200", "Year High": "180.8900", "Year Low": "132.0800", "Year Close": "176.6600", "Annual % Change": "33.46%"}, "2016": {"Average Stock Price": "114.5425", "Year Open": "120.7100", "Year High": "138.8000", "Year Low": "94.9800", "Year Close": "132.3700", "Annual % Change": "7.77%"}, "2015": {"Average Stock Price": "111.5042", "Year Open": "97.9000", "Year High": "126.3400", "Year Low": "93.4000", "Year Close": "122.8300", "Annual % Change": "25.23%"}, "2014": {"Average Stock Price": "88.6405", "Year Open": "79.5300", "Year High": "103.2800", "Year Low": "71.9700", "Year Close": "98.0800", "Annual % Change": "21.13%"}, "2013": {"Average Stock Price": "64.3860", "Year Open": "47.4500", "Year High": "83.1100", "Year Low": "47.1400", "Year Close": "80.9700", "Annual % Change": "72.87%"}, "2012": {"Average Stock Price": "41.6086", "Year Open": "40.7300", "Year High": "47.0100", "Year Low": "34.8100", "Year Close": "46.8400", "Annual % Change": "17.69%"}, "2011": {"Average Stock Price": "47.7042", "Year Open": "49.9150", "Year High": "55.9600", "Year Low": "36.0300", "Year Close": "39.8000", "Annual % Change": "-19.36%"}, "2010": {"Average Stock Price": "38.8829", "Year Open": "34.6800", "Year High": "49.8750", "Year Low": "31.8050", "Year Close": "49.3550", "Annual % Change": "45.93%"}, "2009": {"Average Stock Price": "32.2630", "Year Open": "28.1250", "Year High": "34.2900", "Year Low": "28.1250", "Year Close": "33.8200", "Annual % Change": "0.00%"}}}, "market cap": {"value": "$9.35B"}, "income statement": {"Revenue": {"2020-12-31": "17045.50000", "2019-12-31": "19810.30000", "2018-12-31": "21148.50000", "2017-12-31": "20467.00000", "2016-12-31": "18557.60000", "2015-12-31": "18211.40000", "2014-12-31": "17727.30000", "2013-12-31": "16234.00000", "2012-12-31": "14567.00000", "2011-12-31": "14156.50000", "2010-12-31": "11954.60000", "2009-12-31": "9739.60000", "2008-12-31": "13570.50000", "2007-12-31": "15995.00000", "2006-12-31": "17838.90000", "2005-12-31": "17089.20000"}, "Cost Of Goods Sold": {"2020-12-31": "15936.60000", "2019-12-31": "18072.80000", "2018-12-31": "18830.20000", "2017-12-31": "18175.90000", "2016-12-31": "16435.00000", "2015-12-31": "16391.60000", "2014-12-31": "16234.50000", "2013-12-31": "14934.30000", "2012-12-31": "13349.50000", "2011-12-31": "12963.30000", "2010-12-31": "10936.30000", "2009-12-31": "9379.40000", "2008-12-31": "12822.90000", "2007-12-31": "14843.20000", "2006-12-31": "16911.20000", "2005-12-31": "16353.20000"}, "Gross Profit": {"2020-12-31": "1108.90000", "2019-12-31": "1737.50000", "2018-12-31": "2318.30100", "2017-12-31": "2291.10000", "2016-12-31": "2122.60000", "2015-12-31": "1819.80100", "2014-12-31": "1492.80100", "2013-12-31": "1299.70000", "2012-12-31": "1217.50000", "2011-12-31": "1193.20000", "2010-12-31": "1018.30000", "2009-12-31": "360.19920", "2008-12-31": "747.59960", "2007-12-31": "1151.80000", "2006-12-31": "927.70120", "2005-12-31": "735.99900"}, "Research And Development Expenses": {"2020-12-31": "", "2019-12-31": "", "2018-12-31": "", "2017-12-31": "", "2016-12-31": "", "2015-12-31": "", "2014-12-31": "", "2013-12-31": "", "2012-12-31": "", "2011-12-31": "", "2010-12-31": "", "2009-12-31": "", "2008-12-31": "", "2007-12-31": "", "2006-12-31": "", "2005-12-31": ""}, "SG&A Expenses": {"2020-12-31": "588.90000", "2019-12-31": "605.00000", "2018-12-31": "612.80000", "2017-12-31": "635.20000", "2016-12-31": "608.20000", "2015-12-31": "580.50000", "2014-12-31": "529.90000", "2013-12-31": "528.70000", "2012-12-31": "479.30000", "2011-12-31": "485.60000", "2010-12-31": "452.70000", "2009-12-31": "447.90000", "2008-12-31": "511.50000", "2007-12-31": "572.80000", "2006-12-31": "646.70000", "2005-12-31": "630.60000"}, "Other Operating Income Or Expenses": {"2020-12-31": "", "2019-12-31": "", "2018-12-31": "", "2017-12-31": "", "2016-12-31": "", "2015-12-31": "", "2014-12-31": "", "2013-12-31": "", "2012-12-31": "", "2011-12-31": "", "2010-12-31": "", "2009-12-31": "", "2008-12-31": "", "2007-12-31": "", "2006-12-31": "", "2005-12-31": ""}, "Operating Expenses": {"2020-12-31": "16591.40000", "2019-12-31": "18740.10000", "2018-12-31": "19494.40000", "2017-12-31": "18858.70000", "2016-12-31": "17096.20000", "2015-12-31": "17024.60000", "2014-12-31": "16798.10000", "2013-12-31": "15497.40000", "2012-12-31": "13861.80000", "2011-12-31": "13476.90000", "2010-12-31": "11416.20000", "2009-12-31": "9835.90000", "2008-12-31": "13339.70000", "2007-12-31": "15421.20000", "2006-12-31": "17557.90000", "2005-12-31": "16983.80000"}, "Operating Income": {"2020-12-31": "454.09960", "2019-12-31": "1070.19900", "2018-12-31": "1654.10000", "2017-12-31": "1608.30100", "2016-12-31": "1461.40000", "2015-12-31": "1186.80100", "2014-12-31": "929.20120", "2013-12-31": "736.59960", "2012-12-31": "705.20020", "2011-12-31": "679.60060", "2010-12-31": "538.39940", "2009-12-31": "-96.30080", "2008-12-31": "230.79980", "2007-12-31": "573.79980", "2006-12-31": "281.00200", "2005-12-31": "105.39840"}, "Total Non-Operating Income/Expense": {"2020-12-31": "-154.80000", "2019-12-31": "-116.60000", "2018-12-31": "-115.70000", "2017-12-31": "-81.60000", "2016-12-31": "-123.10000", "2015-12-31": "-155.30000", "2014-12-31": "-141.80000", "2013-12-31": "-126.50000", "2012-12-31": "-56.30000", "2011-12-31": "-63.90000", "2010-12-31": "-89.60000", "2009-12-31": "-214.00000", "2008-12-31": "-772.20000", "2007-12-31": "-250.60000", "2006-12-31": "-934.40000", "2005-12-31": "-1234.00000"}, "Pre-Tax Income": {"2020-12-31": "299.30000", "2019-12-31": "953.60000", "2018-12-31": "1538.40000", "2017-12-31": "1526.70000", "2016-12-31": "1338.30000", "2015-12-31": "1031.50000", "2014-12-31": "787.40000", "2013-12-31": "610.10000", "2012-12-31": "648.90000", "2011-12-31": "615.70000", "2010-12-31": "448.80000", "2009-12-31": "-310.30000", "2008-12-31": "-541.40000", "2007-12-31": "323.20000", "2006-12-31": "-653.40000", "2005-12-31": "-1128.60000"}, "Income Taxes": {"2020-12-31": "93.90000", "2019-12-31": "146.10000", "2018-12-31": "311.90000", "2017-12-31": "197.50000", "2016-12-31": "370.20000", "2015-12-31": "285.50000", "2014-12-31": "121.40000", "2013-12-31": "192.70000", "2012-12-31": "-638.00000", "2011-12-31": "68.80000", "2010-12-31": "24.60000", "2009-12-31": "5.00000", "2008-12-31": "85.80000", "2007-12-31": "89.90000", "2006-12-31": "54.90000", "2005-12-31": "194.30000"}, "Income After Taxes": {"2020-12-31": "205.40000", "2019-12-31": "807.50000", "2018-12-31": "1226.50000", "2017-12-31": "1329.20000", "2016-12-31": "968.10000", "2015-12-31": "746.00000", "2014-12-31": "666.00000", "2013-12-31": "417.40000", "2012-12-31": "1286.90000", "2011-12-31": "546.90000", "2010-12-31": "424.20000", "2009-12-31": "-315.30000", "2008-12-31": "-627.20000", "2007-12-31": "233.30000", "2006-12-31": "-708.30000", "2005-12-31": "-1322.90000"}, "Other Income": {"2020-12-31": "", "2019-12-31": "", "2018-12-31": "", "2017-12-31": "", "2016-12-31": "", "2015-12-31": "", "2014-12-31": "", "2013-12-31": "", "2012-12-31": "", "2011-12-31": "", "2010-12-31": "", "2009-12-31": "", "2008-12-31": "", "2007-12-31": "", "2006-12-31": "", "2005-12-31": ""}, "Income From Continuous Operations": {"2020-12-31": "233.90000", "2019-12-31": "830.70000", "2018-12-31": "1246.70000", "2017-12-31": "1380.90000", "2016-12-31": "1040.50000", "2015-12-31": "795.80000", "2014-12-31": "702.30000", "2013-12-31": "455.80000", "2012-12-31": "1317.20000", "2011-12-31": "570.40000", "2010-12-31": "461.40000", "2009-12-31": "-377.40000", "2008-12-31": "-664.40000", "2007-12-31": "267.10000", "2006-12-31": "-710.40000", "2005-12-31": "-1381.50000"}, "Income From Discontinued Operations": {"2020-12-31": "", "2019-12-31": "", "2018-12-31": "", "2017-12-31": "", "2016-12-31": "", "2015-12-31": "", "2014-12-31": "", "2013-12-31": "", "2012-12-31": "", "2011-12-31": "", "2010-12-31": "", "2009-12-31": "", "2008-12-31": "", "2007-12-31": "", "2006-12-31": "", "2005-12-31": ""}, "Net Income": {"2020-12-31": "158.50000", "2019-12-31": "789.50000", "2018-12-31": "1139.40000", "2017-12-31": "1287.90000", "2016-12-31": "975.10000", "2015-12-31": "745.50000", "2014-12-31": "672.40000", "2013-12-31": "431.40000", "2012-12-31": "1282.80000", "2011-12-31": "540.70000", "2010-12-31": "407.80000", "2009-12-31": "-389.70000", "2008-12-31": "-689.90000", "2007-12-31": "241.50000", "2006-12-31": "-707.50000", "2005-12-31": "-1381.50000"}, "EBITDA": {"2020-12-31": "454.09960", "2019-12-31": "1594.59900", "2018-12-31": "2144.60000", "2017-12-31": "2039.40100", "2016-12-31": "1839.60000", "2015-12-31": "1534.60100", "2014-12-31": "1240.10100", "2013-12-31": "1022.10000", "2012-12-31": "944.70020", "2011-12-31": "925.90060", "2010-12-31": "774.29940", "2009-12-31": "486.39920", "2008-12-31": "1060.10000", "2007-12-31": "870.69980", "2006-12-31": "676.10190", "2005-12-31": "1511.59800"}, "EBIT": {"2020-12-31": "454.09960", "2019-12-31": "1070.19900", "2018-12-31": "1654.10000", "2017-12-31": "1608.30100", "2016-12-31": "1461.40000", "2015-12-31": "1186.80100", "2014-12-31": "929.20120", "2013-12-31": "736.59960", "2012-12-31": "705.20020", "2011-12-31": "679.60060", "2010-12-31": "538.39940", "2009-12-31": "-96.30080", "2008-12-31": "230.79980", "2007-12-31": "573.79980", "2006-12-31": "281.00200", "2005-12-31": "105.39840"}, "Basic Shares Outstanding": {"2020-12-31": "", "2019-12-31": "61.69700", "2018-12-31": "65.67200", "2017-12-31": "68.54200", "2016-12-31": "72.34500", "2015-12-31": "76.75400", "2014-12-31": "80.18800", "2013-12-31": "85.09500", "2012-12-31": "98.38800", "2011-12-31": "103.75000", "2010-12-31": "94.81400", "2009-12-31": "69.05000", "2008-12-31": "154.48400", "2007-12-31": "153.65400", "2006-12-31": "137.21400", "2005-12-31": "134.33400"}, "Shares Outstanding": {"2020-12-31": "60.40000", "2019-12-31": "61.92400", "2018-12-31": "66.16200", "2017-12-31": "69.27800", "2016-12-31": "73.12500", "2015-12-31": "77.76700", "2014-12-31": "81.72800", "2013-12-31": "86.41600", "2012-12-31": "99.82600", "2011-12-31": "106.34400", "2010-12-31": "108.12200", "2009-12-31": "69.05000", "2008-12-31": "154.48400", "2007-12-31": "156.42800", "2006-12-31": "137.21400", "2005-12-31": "134.33400"}, "Basic EPS": {"2020-12-31": "", "2019-12-31": "12.80000", "2018-12-31": "17.35000", "2017-12-31": "18.79000", "2016-12-31": "13.48000", "2015-12-31": "9.71000", "2014-12-31": "8.39000", "2013-12-31": "5.07000", "2012-12-31": "13.04000", "2011-12-31": "5.21000", "2010-12-31": "4.30000", "2009-12-31": "-5.64000", "2008-12-31": "-4.46500", "2007-12-31": "1.57000", "2006-12-31": "-5.15500", "2005-12-31": "-10.28500"}, "EPS - Earnings Per Share": {"2020-12-31": "2.62000", "2019-12-31": "12.75000", "2018-12-31": "17.22000", "2017-12-31": "18.59000", "2016-12-31": "13.33000", "2015-12-31": "9.59000", "2014-12-31": "8.23000", "2013-12-31": "4.99000", "2012-12-31": "12.85000", "2011-12-31": "5.08000", "2010-12-31": "4.05000", "2009-12-31": "-5.64000", "2008-12-31": "-4.46500", "2007-12-31": "1.54500", "2006-12-31": "-5.15500", "2005-12-31": "-10.28500"}}, "income statement, quarterly": {"Revenue": {"2020-12-31": "5243.20000", "2020-09-30": "4900.10000", "2020-06-30": "2444.50000", "2020-03-31": "4457.70000", "2019-12-31": "4817.60100", "2019-09-30": "4825.00000", "2019-06-30": "5007.60000", "2019-03-31": "5160.10000", "2018-12-31": "4942.40000", "2018-09-30": "4891.60000", "2018-06-30": "5580.80000", "2018-03-31": "5733.70000", "2017-12-31": "5363.80000", "2017-09-30": "4981.50000", "2017-06-30": "5123.20000", "2017-03-31": "4998.50000", "2016-12-31": "4643.50000", "2016-09-30": "4526.40000", "2016-06-30": "4724.80000", "2016-03-31": "4662.90000", "2015-12-31": "4724.60000", "2015-09-30": "4330.30000", "2015-06-30": "4635.10000", "2015-03-31": "4521.40000", "2014-12-31": "4549.70000", "2014-09-30": "4232.70000", "2014-06-30": "4585.10000", "2014-03-31": "4359.80000", "2013-12-31": "4256.09900", "2013-09-30": "3917.70000", "2013-06-30": "4113.10000", "2013-03-31": "3947.10000", "2012-12-31": "3719.40000", "2012-09-30": "3538.60000", "2012-06-30": "3665.00000", "2012-03-31": "3644.00000", "2011-12-31": "3508.50000", "2011-09-30": "3460.00000", "2011-06-30": "3676.30000", "2011-03-31": "3511.70000", "2010-12-31": "3156.50000", "2010-09-30": "2820.30000", "2010-06-30": "3039.30000", "2010-03-31": "2938.50000", "2009-12-31": "2742.40000", "2009-09-30": "2547.90000", "2009-06-30": "2281.00000", "2009-03-31": "2168.30000", "2008-12-31": "2600.40000", "2008-09-30": "3133.50000", "2008-06-30": "3979.00000", "2008-03-31": "3857.60000", "2007-12-31": "3859.00000", "2007-09-30": "3574.60000", "2007-06-30": "4155.30000", "2007-03-31": "4406.10000", "2006-12-31": "4280.50000", "2006-09-30": "4069.70000", "2006-06-30": "4810.20000", "2006-03-31": "4678.50000", "2005-12-31": "4397.30000", "2005-09-30": "3986.60000", "2005-06-30": "4419.30000", "2005-03-31": "4286.00000"}, "Cost Of Goods Sold": {"2020-12-31": "4783.90000", "2020-09-30": "4457.30000", "2020-06-30": "2571.90000", "2020-03-31": "4123.50000", "2019-12-31": "4490.80100", "2019-09-30": "4365.70000", "2019-06-30": "4529.40000", "2019-03-31": "4686.90000", "2018-12-31": "4419.89900", "2018-09-30": "4365.30000", "2018-06-30": "4942.70000", "2018-03-31": "5102.30000", "2017-12-31": "4788.90000", "2017-09-30": "4425.60000", "2017-06-30": "4545.40000", "2017-03-31": "4416.00000", "2016-12-31": "4110.89900", "2016-09-30": "4012.50000", "2016-06-30": "4184.40000", "2016-03-31": "4127.20000", "2015-12-31": "4233.89900", "2015-09-30": "3877.10000", "2015-06-30": "4184.90000", "2015-03-31": "4095.70000", "2014-12-31": "4157.70000", "2014-09-30": "3871.50000", "2014-06-30": "4206.00000", "2014-03-31": "3999.30000", "2013-12-31": "3936.70000", "2013-09-30": "3587.50000", "2013-06-30": "3775.40000", "2013-03-31": "3634.70000", "2012-12-31": "3417.60000", "2012-09-30": "3247.30000", "2012-06-30": "3350.40000", "2012-03-31": "3334.20000", "2011-12-31": "3265.80000", "2011-09-30": "3179.50000", "2011-06-30": "3329.70000", "2011-03-31": "3188.30000", "2010-12-31": "2921.60000", "2010-09-30": "2584.50000", "2010-06-30": "2746.50000", "2010-03-31": "2683.70000", "2009-12-31": "2578.00000", "2009-09-30": "2313.30000", "2009-06-30": "2245.10000", "2009-03-31": "2243.00000", "2008-12-31": "2538.70100", "2008-09-30": "3004.80000", "2008-06-30": "3717.90000", "2008-03-31": "3561.50000", "2007-12-31": "3623.00000", "2007-09-30": "3307.30000", "2007-06-30": "3817.70000", "2007-03-31": "4095.20000", "2006-12-31": "4042.89900", "2006-09-30": "3882.90000", "2006-06-30": "4526.10000", "2006-03-31": "4459.30000", "2005-12-31": "4168.40000", "2005-09-30": "3900.20000", "2005-06-30": "4198.50000", "2005-03-31": "4086.10000"}, "Gross Profit": {"2020-12-31": "459.30030", "2020-09-30": "442.80030", "2020-06-30": "-127.39990", "2020-03-31": "334.20020", "2019-12-31": "326.79980", "2019-09-30": "459.29980", "2019-06-30": "478.20020", "2019-03-31": "473.20020", "2018-12-31": "522.50100", "2018-09-30": "526.30030", "2018-06-30": "638.09960", "2018-03-31": "631.40040", "2017-12-31": "574.89940", "2017-09-30": "555.89990", "2017-06-30": "577.80030", "2017-03-31": "582.50000", "2016-12-31": "532.60010", "2016-09-30": "513.89990", "2016-06-30": "540.39990", "2016-03-31": "535.69970", "2015-12-31": "490.70070", "2015-09-30": "453.19970", "2015-06-30": "450.20020", "2015-03-31": "425.70000", "2014-12-31": "392.00000", "2014-09-30": "361.20020", "2014-06-30": "379.10010", "2014-03-31": "360.49980", "2013-12-31": "319.39920", "2013-09-30": "330.20000", "2013-06-30": "337.70020", "2013-03-31": "312.40010", "2012-12-31": "301.80000", "2012-09-30": "291.30000", "2012-06-30": "314.60010", "2012-03-31": "309.80000", "2011-12-31": "242.70070", "2011-09-30": "280.50000", "2011-06-30": "346.60010", "2011-03-31": "323.39990", "2010-12-31": "234.90010", "2010-09-30": "235.80000", "2010-06-30": "292.80000", "2010-03-31": "254.80000", "2009-12-31": "164.39920", "2009-09-30": "234.59990", "2009-06-30": "35.89990", "2009-03-31": "-74.70000", "2008-12-31": "61.69920", "2008-09-30": "128.70000", "2008-06-30": "261.10010", "2008-03-31": "296.10010", "2007-12-31": "236.00020", "2007-09-30": "267.30000", "2007-06-30": "337.59990", "2007-03-31": "310.90010", "2006-12-31": "237.60060", "2006-09-30": "186.80000", "2006-06-30": "284.10010", "2006-03-31": "219.20020", "2005-12-31": "228.89990", "2005-09-30": "86.40020", "2005-06-30": "220.79980", "2005-03-31": "199.89990"}, "Research And Development Expenses": {"2020-12-31": "", "2020-09-30": "", "2020-06-30": "", "2020-03-31": "", "2019-12-31": "", "2019-09-30": "", "2019-06-30": "", "2019-03-31": "", "2018-12-31": "", "2018-09-30": "", "2018-06-30": "", "2018-03-31": "", "2017-12-31": "", "2017-09-30": "", "2017-06-30": "", "2017-03-31": "", "2016-12-31": "", "2016-09-30": "", "2016-06-30": "", "2016-03-31": "", "2015-12-31": "", "2015-09-30": "", "2015-06-30": "", "2015-03-31": "", "2014-12-31": "", "2014-09-30": "", "2014-06-30": "", "2014-03-31": "", "2013-12-31": "", "2013-09-30": "", "2013-06-30": "", "2013-03-31": "", "2012-12-31": "", "2012-09-30": "", "2012-06-30": "", "2012-03-31": "", "2011-12-31": "", "2011-09-30": "", "2011-06-30": "", "2011-03-31": "", "2010-12-31": "", "2010-09-30": "", "2010-06-30": "", "2010-03-31": "", "2009-12-31": "", "2009-09-30": "", "2009-06-30": "", "2009-03-31": "", "2008-12-31": "", "2008-09-30": "", "2008-06-30": "", "2008-03-31": "", "2007-12-31": "", "2007-09-30": "", "2007-06-30": "", "2007-03-31": "", "2006-12-31": "", "2006-09-30": "", "2006-06-30": "", "2006-03-31": "", "2005-12-31": "", "2005-09-30": "", "2005-06-30": "", "2005-03-31": ""}, "SG&A Expenses": {"2020-12-31": "146.60000", "2020-09-30": "147.70000", "2020-06-30": "150.90000", "2020-03-31": "143.70000", "2019-12-31": "157.70000", "2019-09-30": "141.90000", "2019-06-30": "157.10000", "2019-03-31": "148.30000", "2018-12-31": "150.30000", "2018-09-30": "150.30000", "2018-06-30": "156.80000", "2018-03-31": "155.40000", "2017-12-31": "164.10000", "2017-09-30": "158.20000", "2017-06-30": "157.20000", "2017-03-31": "155.70000", "2016-12-31": "151.30000", "2016-09-30": "153.60000", "2016-06-30": "154.30000", "2016-03-31": "149.00000", "2015-12-31": "139.70000", "2015-09-30": "137.60000", "2015-06-30": "151.50000", "2015-03-31": "151.70000", "2014-12-31": "127.10000", "2014-09-30": "128.10000", "2014-06-30": "138.00000", "2014-03-31": "136.70000", "2013-12-31": "142.60000", "2013-09-30": "128.60000", "2013-06-30": "127.90000", "2013-03-31": "129.60000", "2012-12-31": "132.50000", "2012-09-30": "113.40000", "2012-06-30": "117.30000", "2012-03-31": "116.10000", "2011-12-31": "134.00000", "2011-09-30": "114.90000", "2011-06-30": "119.20000", "2011-03-31": "117.50000", "2010-12-31": "102.00000", "2010-09-30": "110.00000", "2010-06-30": "112.80000", "2010-03-31": "127.90000", "2009-12-31": "116.80000", "2009-09-30": "97.90000", "2009-06-30": "121.10000", "2009-03-31": "112.10000", "2008-12-31": "94.90000", "2008-09-30": "127.80000", "2008-06-30": "155.60000", "2008-03-31": "133.20000", "2007-12-31": "144.20000", "2007-09-30": "159.30000", "2007-06-30": "142.80000", "2007-03-31": "126.50000", "2006-12-31": "152.80000", "2006-09-30": "158.00000", "2006-06-30": "170.90000", "2006-03-31": "165.00000", "2005-12-31": "146.00000", "2005-09-30": "142.70000", "2005-06-30": "190.80000", "2005-03-31": "151.10000"}, "Other Operating Income Or Expenses": {"2020-12-31": "", "2020-09-30": "", "2020-06-30": "", "2020-03-31": "", "2019-12-31": "", "2019-09-30": "", "2019-06-30": "", "2019-03-31": "", "2018-12-31": "", "2018-09-30": "", "2018-06-30": "", "2018-03-31": "", "2017-12-31": "", "2017-09-30": "", "2017-06-30": "", "2017-03-31": "", "2016-12-31": "", "2016-09-30": "", "2016-06-30": "", "2016-03-31": "", "2015-12-31": "", "2015-09-30": "", "2015-06-30": "", "2015-03-31": "", "2014-12-31": "", "2014-09-30": "", "2014-06-30": "", "2014-03-31": "", "2013-12-31": "", "2013-09-30": "", "2013-06-30": "", "2013-03-31": "", "2012-12-31": "", "2012-09-30": "", "2012-06-30": "", "2012-03-31": "", "2011-12-31": "", "2011-09-30": "", "2011-06-30": "", "2011-03-31": "", "2010-12-31": "", "2010-09-30": "", "2010-06-30": "", "2010-03-31": "", "2009-12-31": "", "2009-09-30": "", "2009-06-30": "", "2009-03-31": "", "2008-12-31": "", "2008-09-30": "", "2008-06-30": "", "2008-03-31": "", "2007-12-31": "", "2007-09-30": "", "2007-06-30": "", "2007-03-31": "", "2006-12-31": "", "2006-09-30": "", "2006-06-30": "", "2006-03-31": "", "2005-12-31": "", "2005-09-30": "", "2005-06-30": "", "2005-03-31": ""}, "Operating Expenses": {"2020-12-31": "4947.00000", "2020-09-30": "4621.30000", "2020-06-30": "2738.80000", "2020-03-31": "4284.30000", "2019-12-31": "4665.50000", "2019-09-30": "4524.30000", "2019-06-30": "4702.40000", "2019-03-31": "4847.90000", "2018-12-31": "4582.70000", "2018-09-30": "4528.30000", "2018-06-30": "5112.60000", "2018-03-31": "5270.80000", "2017-12-31": "4966.49900", "2017-09-30": "4596.30000", "2017-06-30": "4714.10000", "2017-03-31": "4581.80000", "2016-12-31": "4273.50000", "2016-09-30": "4181.30000", "2016-06-30": "4352.00000", "2016-03-31": "4289.40000", "2015-12-31": "4386.59900", "2015-09-30": "4027.70000", "2015-06-30": "4349.60000", "2015-03-31": "4260.70000", "2014-12-31": "4293.10000", "2014-09-30": "4008.20000", "2014-06-30": "4352.30000", "2014-03-31": "4144.50000", "2013-12-31": "4087.90000", "2013-09-30": "3724.70000", "2013-06-30": "3911.90000", "2013-03-31": "3772.90000", "2012-12-31": "3560.60000", "2012-09-30": "3369.00000", "2012-06-30": "3475.00000", "2012-03-31": "3457.20000", "2011-12-31": "3406.70000", "2011-09-30": "3301.50000", "2011-06-30": "3456.10000", "2011-03-31": "3312.60000", "2010-12-31": "3030.50000", "2010-09-30": "2701.50000", "2010-06-30": "2865.90000", "2010-03-31": "2818.30000", "2009-12-31": "2699.80000", "2009-09-30": "2412.50000", "2009-06-30": "2367.40000", "2009-03-31": "2356.20000", "2008-12-31": "2638.90000", "2008-09-30": "3132.60000", "2008-06-30": "3873.50000", "2008-03-31": "3694.70000", "2007-12-31": "3772.39900", "2007-09-30": "3466.60000", "2007-06-30": "3960.50000", "2007-03-31": "4221.70000", "2006-12-31": "4195.69800", "2006-09-30": "4040.90000", "2006-06-30": "4697.00000", "2006-03-31": "4624.30000", "2005-12-31": "4314.40000", "2005-09-30": "4042.90000", "2005-06-30": "4389.30000", "2005-03-31": "4237.20000"}, "Operating Income": {"2020-12-31": "296.20020", "2020-09-30": "278.80030", "2020-06-30": "-294.29980", "2020-03-31": "173.39990", "2019-12-31": "152.10060", "2019-09-30": "300.69970", "2019-06-30": "305.20020", "2019-03-31": "312.20020", "2018-12-31": "359.70020", "2018-09-30": "363.30030", "2018-06-30": "468.19970", "2018-03-31": "462.90040", "2017-12-31": "397.30130", "2017-09-30": "385.19970", "2017-06-30": "409.10010", "2017-03-31": "416.69970", "2016-12-31": "369.99950", "2016-09-30": "345.10010", "2016-06-30": "372.80030", "2016-03-31": "373.49950", "2015-12-31": "338.00150", "2015-09-30": "302.59960", "2015-06-30": "285.50000", "2015-03-31": "260.69970", "2014-12-31": "256.60060", "2014-09-30": "224.50000", "2014-06-30": "232.80030", "2014-03-31": "215.29980", "2013-12-31": "168.19900", "2013-09-30": "192.99980", "2013-06-30": "201.20020", "2013-03-31": "174.20000", "2012-12-31": "158.80050", "2012-09-30": "169.60010", "2012-06-30": "190.00000", "2012-03-31": "186.80000", "2011-12-31": "101.80050", "2011-09-30": "158.50000", "2011-06-30": "220.20020", "2011-03-31": "199.09990", "2010-12-31": "126.00000", "2010-09-30": "118.80000", "2010-06-30": "173.39990", "2010-03-31": "120.20020", "2009-12-31": "42.59990", "2009-09-30": "135.39990", "2009-06-30": "-86.40020", "2009-03-31": "-187.90010", "2008-12-31": "-38.49980", "2008-09-30": "0.89990", "2008-06-30": "105.50000", "2008-03-31": "162.90010", "2007-12-31": "86.60110", "2007-09-30": "108.00000", "2007-06-30": "194.79980", "2007-03-31": "184.39990", "2006-12-31": "84.80180", "2006-09-30": "28.80010", "2006-06-30": "113.20020", "2006-03-31": "54.20020", "2005-12-31": "82.89940", "2005-09-30": "-56.29980", "2005-06-30": "30.00000", "2005-03-31": "48.79980"}, "Total Non-Operating Income/Expense": {"2020-12-31": "-22.30000", "2020-09-30": "-43.60000", "2020-06-30": "-24.00000", "2020-03-31": "-64.90000", "2019-12-31": "-19.30000", "2019-09-30": "-33.70000", "2019-06-30": "-38.30000", "2019-03-31": "-25.30000", "2018-12-31": "-41.60000", "2018-09-30": "-34.40000", "2018-06-30": "-24.60000", "2018-03-31": "-15.10000", "2017-12-31": "-30.00000", "2017-09-30": "0.10000", "2017-06-30": "-27.20000", "2017-03-31": "-24.50000", "2016-12-31": "-61.90000", "2016-09-30": "-34.80000", "2016-06-30": "3.20000", "2016-03-31": "-29.60000", "2015-12-31": "-28.60000", "2015-09-30": "-43.10000", "2015-06-30": "-29.20000", "2015-03-31": "-54.40000", "2014-12-31": "-37.60000", "2014-09-30": "-26.80000", "2014-06-30": "-31.40000", "2014-03-31": "-46.00000", "2013-12-31": "-37.10000", "2013-09-30": "-34.30000", "2013-06-30": "-27.70000", "2013-03-31": "-27.40000", "2012-12-31": "-4.10000", "2012-09-30": "-15.20000", "2012-06-30": "-24.20000", "2012-03-31": "-12.80000", "2011-12-31": "-23.70000", "2011-09-30": "-21.00000", "2011-06-30": "-18.70000", "2011-03-31": "-0.50000", "2010-12-31": "-43.90000", "2010-09-30": "-14.90000", "2010-06-30": "9.20000", "2010-03-31": "-40.00000", "2009-12-31": "9.20000", "2009-09-30": "-86.00000", "2009-06-30": "-68.00000", "2009-03-31": "-69.20000", "2008-12-31": "-607.20000", "2008-09-30": "-72.40000", "2008-06-30": "-43.20000", "2008-03-31": "-49.40000", "2007-12-31": "-49.70000", "2007-09-30": "-47.90000", "2007-06-30": "-50.90000", "2007-03-31": "-102.10000", "2006-12-31": "-718.60000", "2006-09-30": "-94.70000", "2006-06-30": "-81.70000", "2006-03-31": "-39.40000", "2005-12-31": "-370.40000", "2005-09-30": "-731.50000", "2005-06-30": "-80.40000", "2005-03-31": "-51.70000"}, "Pre-Tax Income": {"2020-12-31": "273.90000", "2020-09-30": "235.20000", "2020-06-30": "-318.30000", "2020-03-31": "108.50000", "2019-12-31": "132.80000", "2019-09-30": "267.00000", "2019-06-30": "266.90000", "2019-03-31": "286.90000", "2018-12-31": "318.10000", "2018-09-30": "328.90000", "2018-06-30": "443.60000", "2018-03-31": "447.80000", "2017-12-31": "367.29990", "2017-09-30": "385.30000", "2017-06-30": "381.90000", "2017-03-31": "392.20000", "2016-12-31": "308.10000", "2016-09-30": "310.30000", "2016-06-30": "376.00000", "2016-03-31": "343.90000", "2015-12-31": "309.40000", "2015-09-30": "259.50000", "2015-06-30": "256.30000", "2015-03-31": "206.30000", "2014-12-31": "219.00000", "2014-09-30": "197.70000", "2014-06-30": "201.40000", "2014-03-31": "169.30000", "2013-12-31": "131.10000", "2013-09-30": "158.70000", "2013-06-30": "173.50000", "2013-03-31": "146.80000", "2012-12-31": "154.70000", "2012-09-30": "154.40000", "2012-06-30": "165.80000", "2012-03-31": "174.00000", "2011-12-31": "78.10000", "2011-09-30": "137.50000", "2011-06-30": "201.50000", "2011-03-31": "198.60000", "2010-12-31": "82.10000", "2010-09-30": "103.90000", "2010-06-30": "182.60000", "2010-03-31": "80.20000", "2009-12-31": "51.80000", "2009-09-30": "49.40000", "2009-06-30": "-154.40000", "2009-03-31": "-257.10000", "2008-12-31": "-645.70000", "2008-09-30": "-71.50000", "2008-06-30": "62.30000", "2008-03-31": "113.50000", "2007-12-31": "36.90000", "2007-09-30": "60.10000", "2007-06-30": "143.90000", "2007-03-31": "82.30000", "2006-12-31": "-633.80000", "2006-09-30": "-65.90000", "2006-06-30": "31.50000", "2006-03-31": "14.80000", "2005-12-31": "-287.50000", "2005-09-30": "-787.80000", "2005-06-30": "-50.40000", "2005-03-31": "-2.90000"}, "Income Taxes": {"2020-12-31": "63.80000", "2020-09-30": "44.60000", "2020-06-30": "-41.00000", "2020-03-31": "26.50000", "2019-12-31": "-3.80000", "2019-09-30": "33.50000", "2019-06-30": "73.30000", "2019-03-31": "43.10000", "2018-12-31": "78.90000", "2018-09-30": "57.60000", "2018-06-30": "97.70000", "2018-03-31": "77.70000", "2017-12-31": "-42.70000", "2017-09-30": "77.80000", "2017-06-30": "73.30000", "2017-03-31": "89.10000", "2016-12-31": "82.80000", "2016-09-30": "88.20000", "2016-06-30": "101.00000", "2016-03-31": "98.20000", "2015-12-31": "74.60000", "2015-09-30": "76.10000", "2015-06-30": "71.90000", "2015-03-31": "62.90000", "2014-12-31": "-41.70000", "2014-09-30": "57.60000", "2014-06-30": "52.80000", "2014-03-31": "52.70000", "2013-12-31": "62.50000", "2013-09-30": "51.20000", "2013-06-30": "41.10000", "2013-03-31": "37.90000", "2012-12-31": "-738.40000", "2012-09-30": "29.30000", "2012-06-30": "31.80000", "2012-03-31": "39.30000", "2011-12-31": "-21.90000", "2011-09-30": "31.00000", "2011-06-30": "19.70000", "2011-03-31": "40.00000", "2010-12-31": "-4.50000", "2010-09-30": "5.40000", "2010-06-30": "17.30000", "2010-03-31": "6.40000", "2009-12-31": "-33.80000", "2009-09-30": "19.10000", "2009-06-30": "14.00000", "2009-03-31": "5.70000", "2008-12-31": "-3.90000", "2008-09-30": "20.90000", "2008-06-30": "37.50000", "2008-03-31": "31.30000", "2007-12-31": "18.10000", "2007-09-30": "19.10000", "2007-06-30": "20.30000", "2007-03-31": "32.40000", "2006-12-31": "9.10000", "2006-09-30": "8.10000", "2006-06-30": "37.90000", "2006-03-31": "-0.20000", "2005-12-31": "256.50000", "2005-09-30": "-37.70000", "2005-06-30": "-6.00000", "2005-03-31": "-18.50000"}, "Income After Taxes": {"2020-12-31": "210.10000", "2020-09-30": "190.60000", "2020-06-30": "-277.30000", "2020-03-31": "82.00000", "2019-12-31": "136.60000", "2019-09-30": "233.50000", "2019-06-30": "193.60000", "2019-03-31": "243.80000", "2018-12-31": "239.20000", "2018-09-30": "271.30000", "2018-06-30": "345.90000", "2018-03-31": "370.10000", "2017-12-31": "410.00000", "2017-09-30": "307.50000", "2017-06-30": "308.60000", "2017-03-31": "303.10000", "2016-12-31": "225.30010", "2016-09-30": "222.10000", "2016-06-30": "275.00000", "2016-03-31": "245.70000", "2015-12-31": "234.80000", "2015-09-30": "183.40000", "2015-06-30": "184.40000", "2015-03-31": "143.40000", "2014-12-31": "260.70000", "2014-09-30": "140.10000", "2014-06-30": "148.60000", "2014-03-31": "116.60000", "2013-12-31": "68.60000", "2013-09-30": "107.50000", "2013-06-30": "132.40000", "2013-03-31": "108.90000", "2012-12-31": "893.10000", "2012-09-30": "125.10000", "2012-06-30": "134.00000", "2012-03-31": "134.70000", "2011-12-31": "100.00000", "2011-09-30": "106.50000", "2011-06-30": "181.80000", "2011-03-31": "158.60000", "2010-12-31": "86.60000", "2010-09-30": "98.50000", "2010-06-30": "165.30000", "2010-03-31": "73.80000", "2009-12-31": "85.60000", "2009-09-30": "30.30000", "2009-06-30": "-168.40000", "2009-03-31": "-262.80000", "2008-12-31": "-641.80000", "2008-09-30": "-92.40000", "2008-06-30": "24.80000", "2008-03-31": "82.20000", "2007-12-31": "18.80000", "2007-09-30": "41.00000", "2007-06-30": "123.60000", "2007-03-31": "49.90000", "2006-12-31": "-642.90000", "2006-09-30": "-74.00000", "2006-06-30": "-6.40000", "2006-03-31": "15.00000", "2005-12-31": "-544.00000", "2005-09-30": "-750.10000", "2005-06-30": "-44.40000", "2005-03-31": "15.60000"}, "Other Income": {"2020-12-31": "", "2020-09-30": "", "2020-06-30": "", "2020-03-31": "", "2019-12-31": "", "2019-09-30": "", "2019-06-30": "", "2019-03-31": "", "2018-12-31": "", "2018-09-30": "", "2018-06-30": "", "2018-03-31": "", "2017-12-31": "", "2017-09-30": "", "2017-06-30": "", "2017-03-31": "", "2016-12-31": "", "2016-09-30": "", "2016-06-30": "", "2016-03-31": "", "2015-12-31": "", "2015-09-30": "", "2015-06-30": "", "2015-03-31": "", "2014-12-31": "", "2014-09-30": "", "2014-06-30": "", "2014-03-31": "", "2013-12-31": "", "2013-09-30": "", "2013-06-30": "", "2013-03-31": "", "2012-12-31": "", "2012-09-30": "", "2012-06-30": "", "2012-03-31": "", "2011-12-31": "", "2011-09-30": "", "2011-06-30": "", "2011-03-31": "", "2010-12-31": "", "2010-09-30": "", "2010-06-30": "", "2010-03-31": "", "2009-12-31": "", "2009-09-30": "", "2009-06-30": "", "2009-03-31": "", "2008-12-31": "", "2008-09-30": "", "2008-06-30": "", "2008-03-31": "", "2007-12-31": "", "2007-09-30": "", "2007-06-30": "", "2007-03-31": "", "2006-12-31": "", "2006-09-30": "", "2006-06-30": "", "2006-03-31": "", "2005-12-31": "", "2005-09-30": "", "2005-06-30": "", "2005-03-31": ""}, "Income From Continuous Operations": {"2020-12-31": "222.70000", "2020-09-30": "197.10000", "2020-06-30": "-269.50000", "2020-03-31": "83.60000", "2019-12-31": "144.00000", "2019-09-30": "238.60000", "2019-06-30": "202.00000", "2019-03-31": "246.10000", "2018-12-31": "242.80000", "2018-09-30": "274.70000", "2018-06-30": "355.00000", "2018-03-31": "374.20000", "2017-12-31": "420.39990", "2017-09-30": "315.00000", "2017-06-30": "327.00000", "2017-03-31": "318.50000", "2016-12-31": "248.50000", "2016-09-30": "235.00000", "2016-06-30": "294.50000", "2016-03-31": "262.50000", "2015-12-31": "252.90000", "2015-09-30": "193.30000", "2015-06-30": "192.90000", "2015-03-31": "156.70000", "2014-12-31": "268.00000", "2014-09-30": "147.90000", "2014-06-30": "157.80000", "2014-03-31": "128.60000", "2013-12-31": "79.90000", "2013-09-30": "116.70000", "2013-06-30": "142.30000", "2013-03-31": "116.90000", "2012-12-31": "890.10010", "2012-09-30": "128.10000", "2012-06-30": "154.60000", "2012-03-31": "144.40000", "2011-12-31": "113.90000", "2011-09-30": "108.10000", "2011-06-30": "185.70000", "2011-03-31": "162.70000", "2010-12-31": "123.80000", "2010-09-30": "98.50000", "2010-06-30": "165.30000", "2010-03-31": "73.80000", "2009-12-31": "23.50000", "2009-09-30": "30.30000", "2009-06-30": "-168.40000", "2009-03-31": "-262.80000", "2008-12-31": "-679.00000", "2008-09-30": "-92.40000", "2008-06-30": "24.80000", "2008-03-31": "82.20000", "2007-12-31": "52.60000", "2007-09-30": "41.00000", "2007-06-30": "123.60000", "2007-03-31": "49.90000", "2006-12-31": "-645.00000", "2006-09-30": "-74.00000", "2006-06-30": "-6.40000", "2006-03-31": "15.00000", "2005-12-31": "-602.60000", "2005-09-30": "-750.10000", "2005-06-30": "-44.40000", "2005-03-31": "15.60000"}, "Income From Discontinued Operations": {"2020-12-31": "", "2020-09-30": "", "2020-06-30": "", "2020-03-31": "", "2019-12-31": "", "2019-09-30": "", "2019-06-30": "", "2019-03-31": "", "2018-12-31": "", "2018-09-30": "", "2018-06-30": "", "2018-03-31": "", "2017-12-31": "", "2017-09-30": "", "2017-06-30": "", "2017-03-31": "", "2016-12-31": "", "2016-09-30": "", "2016-06-30": "", "2016-03-31": "", "2015-12-31": "", "2015-09-30": "", "2015-06-30": "", "2015-03-31": "", "2014-12-31": "", "2014-09-30": "", "2014-06-30": "", "2014-03-31": "", "2013-12-31": "", "2013-09-30": "", "2013-06-30": "", "2013-03-31": "", "2012-12-31": "", "2012-09-30": "", "2012-06-30": "", "2012-03-31": "", "2011-12-31": "", "2011-09-30": "", "2011-06-30": "", "2011-03-31": "", "2010-12-31": "", "2010-09-30": "", "2010-06-30": "", "2010-03-31": "", "2009-12-31": "", "2009-09-30": "", "2009-06-30": "", "2009-03-31": "", "2008-12-31": "", "2008-09-30": "", "2008-06-30": "", "2008-03-31": "", "2007-12-31": "", "2007-09-30": "", "2007-06-30": "", "2007-03-31": "", "2006-12-31": "", "2006-09-30": "", "2006-06-30": "", "2006-03-31": "", "2005-12-31": "", "2005-09-30": "", "2005-06-30": "", "2005-03-31": ""}, "Net Income": {"2020-12-31": "201.60000", "2020-09-30": "174.40000", "2020-06-30": "-293.90000", "2020-03-31": "76.40000", "2019-12-31": "152.50000", "2019-09-30": "219.50000", "2019-06-30": "181.90000", "2019-03-31": "235.60000", "2018-12-31": "218.70000", "2018-09-30": "250.20000", "2018-06-30": "322.20000", "2018-03-31": "348.30000", "2017-12-31": "397.70000", "2017-09-30": "272.50000", "2017-06-30": "311.90000", "2017-03-31": "305.80000", "2016-12-31": "229.90000", "2016-09-30": "214.40000", "2016-06-30": "282.40000", "2016-03-31": "248.40000", "2015-12-31": "235.30000", "2015-09-30": "181.00000", "2015-06-30": "181.90000", "2015-03-31": "147.30000", "2014-12-31": "261.80000", "2014-09-30": "140.10000", "2014-06-30": "148.50000", "2014-03-31": "122.00000", "2013-12-31": "72.80000", "2013-09-30": "112.80000", "2013-06-30": "137.30000", "2013-03-31": "108.50000", "2012-12-31": "881.90000", "2012-09-30": "121.40000", "2012-06-30": "145.40000", "2012-03-31": "134.10000", "2011-12-31": "106.50000", "2011-09-30": "100.70000", "2011-06-30": "177.50000", "2011-03-31": "156.00000", "2010-12-31": "86.60000", "2010-09-30": "95.30000", "2010-06-30": "159.80000", "2010-03-31": "66.10000", "2009-12-31": "24.10000", "2009-09-30": "24.60000", "2009-06-30": "-173.60000", "2009-03-31": "-264.80000", "2008-12-31": "-688.20000", "2008-09-30": "-98.20000", "2008-06-30": "18.30000", "2008-03-31": "78.20000", "2007-12-31": "27.00000", "2007-09-30": "41.00000", "2007-06-30": "123.60000", "2007-03-31": "49.90000", "2006-12-31": "-645.00000", "2006-09-30": "-74.00000", "2006-06-30": "-6.40000", "2006-03-31": "17.90000", "2005-12-31": "-602.60000", "2005-09-30": "-750.10000", "2005-06-30": "-44.40000", "2005-03-31": "15.60000"}, "EBITDA": {"2020-12-31": "", "2020-09-30": "415.10030", "2020-06-30": "-163.99980", "2020-03-31": "303.89990", "2019-12-31": "296.10060", "2019-09-30": "429.19970", "2019-06-30": "433.50020", "2019-03-31": "435.80020", "2018-12-31": "488.40020", "2018-09-30": "483.10030", "2018-06-30": "589.99970", "2018-03-31": "583.10040", "2017-12-31": "515.20130", "2017-09-30": "496.89970", "2017-06-30": "513.70010", "2017-03-31": "513.59970", "2016-12-31": "464.79950", "2016-09-30": "443.80010", "2016-06-30": "467.30030", "2016-03-31": "463.69950", "2015-12-31": "428.40150", "2015-09-30": "390.59960", "2015-06-30": "370.40000", "2015-03-31": "345.19970", "2014-12-31": "334.90060", "2014-09-30": "304.40000", "2014-06-30": "311.00030", "2014-03-31": "289.79980", "2013-12-31": "245.39900", "2013-09-30": "265.89980", "2013-06-30": "270.20020", "2013-03-31": "240.59990", "2012-12-31": "224.70050", "2012-09-30": "232.90010", "2012-06-30": "246.60000", "2012-03-31": "240.50000", "2011-12-31": "158.80050", "2011-09-30": "222.00000", "2011-06-30": "284.50020", "2011-03-31": "260.59990", "2010-12-31": "187.60000", "2010-09-30": "177.50010", "2010-06-30": "230.49990", "2010-03-31": "178.70020", "2009-12-31": "425.99990", "2009-09-30": "200.19990", "2009-06-30": "-17.50010", "2009-03-31": "-122.30010", "2008-12-31": "563.30020", "2008-09-30": "76.49990", "2008-06-30": "182.90000", "2008-03-31": "237.40010", "2007-12-31": "162.60110", "2007-09-30": "178.70000", "2007-06-30": "270.49980", "2007-03-31": "258.89990", "2006-12-31": "180.50180", "2006-09-30": "126.90000", "2006-06-30": "216.70020", "2006-03-31": "152.00020", "2005-12-31": "528.19930", "2005-09-30": "713.30020", "2005-06-30": "125.70000", "2005-03-31": "144.39980"}, "EBIT": {"2020-12-31": "296.20020", "2020-09-30": "278.80030", "2020-06-30": "-294.29980", "2020-03-31": "173.39990", "2019-12-31": "152.09910", "2019-09-30": "300.69970", "2019-06-30": "305.20020", "2019-03-31": "312.20020", "2018-12-31": "359.69920", "2018-09-30": "363.30030", "2018-06-30": "468.19970", "2018-03-31": "462.90040", "2017-12-31": "397.30130", "2017-09-30": "385.19970", "2017-06-30": "409.10010", "2017-03-31": "416.69970", "2016-12-31": "370.00050", "2016-09-30": "345.10010", "2016-06-30": "372.80030", "2016-03-31": "373.49950", "2015-12-31": "338.00150", "2015-09-30": "302.59960", "2015-06-30": "285.50000", "2015-03-31": "260.69970", "2014-12-31": "256.60110", "2014-09-30": "224.50000", "2014-06-30": "232.80030", "2014-03-31": "215.29980", "2013-12-31": "168.19970", "2013-09-30": "192.99980", "2013-06-30": "201.20020", "2013-03-31": "174.20000", "2012-12-31": "158.80000", "2012-09-30": "169.60010", "2012-06-30": "190.00000", "2012-03-31": "186.80000", "2011-12-31": "101.80050", "2011-09-30": "158.50000", "2011-06-30": "220.20020", "2011-03-31": "199.09990", "2010-12-31": "125.99930", "2010-09-30": "118.80000", "2010-06-30": "173.39990", "2010-03-31": "120.20020", "2009-12-31": "42.59960", "2009-09-30": "135.39990", "2009-06-30": "-86.40020", "2009-03-31": "-187.90010", "2008-12-31": "-38.50020", "2008-09-30": "0.89990", "2008-06-30": "105.50000", "2008-03-31": "162.90010", "2007-12-31": "86.60010", "2007-09-30": "108.00000", "2007-06-30": "194.79980", "2007-03-31": "184.39990", "2006-12-31": "84.80150", "2006-09-30": "28.80010", "2006-06-30": "113.20020", "2006-03-31": "54.20020", "2005-12-31": "82.89840", "2005-09-30": "-56.29980", "2005-06-30": "30.00000", "2005-03-31": "48.79980"}, "Basic Shares Outstanding": {"2020-12-31": "", "2020-09-30": "60.15900", "2020-06-30": "60.10300", "2020-03-31": "60.50900", "2019-12-31": "61.69700", "2019-09-30": "61.13400", "2019-06-30": "62.19100", "2019-03-31": "62.81900", "2018-12-31": "65.67200", "2018-09-30": "65.37300", "2018-06-30": "66.32000", "2018-03-31": "67.08600", "2017-12-31": "68.54200", "2017-09-30": "68.06200", "2017-06-30": "68.90400", "2017-03-31": "69.65800", "2016-12-31": "72.34500", "2016-09-30": "71.26000", "2016-06-30": "73.32300", "2016-03-31": "74.68900", "2015-12-31": "76.75400", "2015-09-30": "76.25900", "2015-06-30": "77.47800", "2015-03-31": "78.25100", "2014-12-31": "80.18800", "2014-09-30": "79.97500", "2014-06-30": "80.92000", "2014-03-31": "81.07600", "2013-12-31": "85.09500", "2013-09-30": "80.67400", "2013-06-30": "84.51700", "2013-03-31": "94.81700", "2012-12-31": "98.38800", "2012-09-30": "97.48200", "2012-06-30": "99.12800", "2012-03-31": "100.31600", "2011-12-31": "103.75000", "2011-09-30": "103.35700", "2011-06-30": "104.66700", "2011-03-31": "105.06000", "2010-12-31": "94.81400", "2010-09-30": "99.33200", "2010-06-30": "92.93300", "2010-03-31": "83.76200", "2009-12-31": "69.05000", "2009-09-30": "155.04400", "2009-06-30": "155.04000", "2009-03-31": "154.90000", "2008-12-31": "154.48400", "2008-09-30": "154.31800", "2008-06-30": "154.61800", "2008-03-31": "154.44600", "2007-12-31": "153.65400", "2007-09-30": "154.05200", "2007-06-30": "153.36200", "2007-03-31": "152.82000", "2006-12-31": "137.21400", "2006-09-30": "134.70600", "2006-06-30": "134.67400", "2006-03-31": "134.43400", "2005-12-31": "134.33400", "2005-09-30": "134.28800", "2005-06-30": "134.19600", "2005-03-31": "134.49400"}, "Shares Outstanding": {"2020-12-31": "60.50000", "2020-09-30": "60.33100", "2020-06-30": "60.10300", "2020-03-31": "60.67900", "2019-12-31": "61.92400", "2019-09-30": "61.33000", "2019-06-30": "62.35400", "2019-03-31": "63.12300", "2018-12-31": "66.16200", "2018-09-30": "65.86900", "2018-06-30": "66.70800", "2018-03-31": "67.56200", "2017-12-31": "69.27800", "2017-09-30": "68.83400", "2017-06-30": "69.44900", "2017-03-31": "70.32700", "2016-12-31": "73.12500", "2016-09-30": "72.05200", "2016-06-30": "73.86400", "2016-03-31": "75.47400", "2015-12-31": "77.76700", "2015-09-30": "77.41600", "2015-06-30": "78.07600", "2015-03-31": "79.08000", "2014-12-31": "81.72800", "2014-09-30": "81.40300", "2014-06-30": "81.94100", "2014-03-31": "82.76200", "2013-12-31": "86.41600", "2013-09-30": "81.75400", "2013-06-30": "85.55100", "2013-03-31": "95.87100", "2012-12-31": "99.82600", "2012-09-30": "98.86500", "2012-06-30": "100.61200", "2012-03-31": "101.92900", "2011-12-31": "106.34400", "2011-09-30": "105.80900", "2011-06-30": "107.41400", "2011-03-31": "108.24200", "2010-12-31": "108.12200", "2010-09-30": "108.21700", "2010-06-30": "108.09500", "2010-03-31": "108.00200", "2009-12-31": "69.05000", "2009-09-30": "155.07200", "2009-06-30": "155.04000", "2009-03-31": "154.90000", "2008-12-31": "154.48400", "2008-09-30": "154.31800", "2008-06-30": "156.70400", "2008-03-31": "156.82600", "2007-12-31": "156.42800", "2007-09-30": "156.87000", "2007-06-30": "156.34200", "2007-03-31": "155.97800", "2006-12-31": "137.21400", "2006-09-30": "134.70600", "2006-06-30": "134.67400", "2006-03-31": "135.88200", "2005-12-31": "134.33400", "2005-09-30": "134.28800", "2005-06-30": "134.19600", "2005-03-31": "137.48600"}, "Basic EPS": {"2020-12-31": "", "2020-09-30": "2.90000", "2020-06-30": "-4.89000", "2020-03-31": "1.26000", "2019-12-31": "2.54000", "2019-09-30": "3.59000", "2019-06-30": "2.92000", "2019-03-31": "3.75000", "2018-12-31": "3.47000", "2018-09-30": "3.83000", "2018-06-30": "4.86000", "2018-03-31": "5.19000", "2017-12-31": "5.87000", "2017-09-30": "4.00000", "2017-06-30": "4.53000", "2017-03-31": "4.39000", "2016-12-31": "3.29000", "2016-09-30": "3.01000", "2016-06-30": "3.85000", "2016-03-31": "3.33000", "2015-12-31": "3.11000", "2015-09-30": "2.37000", "2015-06-30": "2.35000", "2015-03-31": "1.88000", "2014-12-31": "3.30000", "2014-09-30": "1.75000", "2014-06-30": "1.84000", "2014-03-31": "1.50000", "2013-12-31": "0.91000", "2013-09-30": "1.40000", "2013-06-30": "1.62000", "2013-03-31": "1.14000", "2012-12-31": "8.98000", "2012-09-30": "1.25000", "2012-06-30": "1.47000", "2012-03-31": "1.34000", "2011-12-31": "1.06000", "2011-09-30": "0.97000", "2011-06-30": "1.70000", "2011-03-31": "1.48000", "2010-12-31": "1.12000", "2010-09-30": "0.92000", "2010-06-30": "1.58000", "2010-03-31": "0.68000", "2009-12-31": "-2.97000", "2009-09-30": "0.16000", "2009-06-30": "-1.12000", "2009-03-31": "-1.71000", "2008-12-31": "-4.45500", "2008-09-30": "-0.63500", "2008-06-30": "0.12000", "2008-03-31": "0.50500", "2007-12-31": "0.17500", "2007-09-30": "0.26500", "2007-06-30": "0.80500", "2007-03-31": "0.32500", "2006-12-31": "-4.69000", "2006-09-30": "-0.55000", "2006-06-30": "-0.05000", "2006-03-31": "0.13500", "2005-12-31": "-4.48500", "2005-09-30": "-5.58500", "2005-06-30": "-0.33000", "2005-03-31": "0.11500"}, "EPS - Earnings Per Share": {"2020-12-31": "3.33000", "2020-09-30": "2.89000", "2020-06-30": "-4.89000", "2020-03-31": "1.26000", "2019-12-31": "2.52000", "2019-09-30": "3.58000", "2019-06-30": "2.92000", "2019-03-31": "3.73000", "2018-12-31": "3.43000", "2018-09-30": "3.80000", "2018-06-30": "4.83000", "2018-03-31": "5.16000", "2017-12-31": "5.79000", "2017-09-30": "3.96000", "2017-06-30": "4.49000", "2017-03-31": "4.35000", "2016-12-31": "3.24000", "2016-09-30": "2.98000", "2016-06-30": "3.82000", "2016-03-31": "3.29000", "2015-12-31": "3.06000", "2015-09-30": "2.34000", "2015-06-30": "2.33000", "2015-03-31": "1.86000", "2014-12-31": "3.23000", "2014-09-30": "1.72000", "2014-06-30": "1.81000", "2014-03-31": "1.47000", "2013-12-31": "0.88000", "2013-09-30": "1.38000", "2013-06-30": "1.60000", "2013-03-31": "1.13000", "2012-12-31": "8.85000", "2012-09-30": "1.23000", "2012-06-30": "1.45000", "2012-03-31": "1.32000", "2011-12-31": "1.04000", "2011-09-30": "0.95000", "2011-06-30": "1.65000", "2011-03-31": "1.44000", "2010-12-31": "1.08000", "2010-09-30": "0.88000", "2010-06-30": "1.48000", "2010-03-31": "0.61000", "2009-12-31": "-2.97000", "2009-09-30": "0.16000", "2009-06-30": "-1.12000", "2009-03-31": "-1.71000", "2008-12-31": "-4.44500", "2008-09-30": "-0.63500", "2008-06-30": "0.11500", "2008-03-31": "0.50000", "2007-12-31": "0.17000", "2007-09-30": "0.26000", "2007-06-30": "0.79000", "2007-03-31": "0.32500", "2006-12-31": "-4.68500", "2006-09-30": "-0.55000", "2006-06-30": "-0.05000", "2006-03-31": "0.13000", "2005-12-31": "-4.48500", "2005-09-30": "-5.58500", "2005-06-30": "-0.33000", "2005-03-31": "0.11500"}}, "balance sheet": {"Cash On Hand": {"2020-12-31": "1306.70000", "2019-12-31": "1487.70000", "2018-12-31": "1493.20000", "2017-12-31": "1500.40000", "2016-12-31": "1271.60000", "2015-12-31": "1196.60000", "2014-12-31": "1094.10000", "2013-12-31": "1137.70000", "2012-12-31": "1402.20000", "2011-12-31": "1754.30000", "2010-12-31": "1654.10000", "2009-12-31": "1554.00000", "2008-12-31": "1592.10000", "2007-12-31": "601.30000", "2006-12-31": "502.70000", "2005-12-31": "197.30000"}, "Receivables": {"2020-12-31": "3269.20000", "2019-12-31": "2982.60000", "2018-12-31": "2880.30000", "2017-12-31": "3230.80000", "2016-12-31": "2746.50000", "2015-12-31": "2590.00000", "2014-12-31": "2471.70000", "2013-12-31": "2278.30000", "2012-12-31": "2040.70000", "2011-12-31": "1880.10000", "2010-12-31": "1758.40000", "2009-12-31": "1479.90000", "2008-12-31": "1210.70000", "2007-12-31": "2147.60000", "2006-12-31": "2006.90000", "2005-12-31": "2000.10000"}, "Inventory": {"2020-12-31": "1401.10000", "2019-12-31": "1258.20000", "2018-12-31": "1196.80000", "2017-12-31": "1205.70000", "2016-12-31": "1020.60000", "2015-12-31": "947.60000", "2014-12-31": "853.70000", "2013-12-31": "818.70000", "2012-12-31": "727.10000", "2011-12-31": "637.80000", "2010-12-31": "554.20000", "2009-12-31": "447.40000", "2008-12-31": "532.20000", "2007-12-31": "605.50000", "2006-12-31": "581.50000", "2005-12-31": "595.60000"}, "Pre-Paid Expenses": {"2020-12-31": "", "2019-12-31": "", "2018-12-31": "", "2017-12-31": "", "2016-12-31": "", "2015-12-31": "", "2014-12-31": "", "2013-12-31": "", "2012-12-31": "", "2011-12-31": "", "2010-12-31": "", "2009-12-31": "", "2008-12-31": "", "2007-12-31": "", "2006-12-31": "", "2005-12-31": ""}, "Other Current Assets": {"2020-12-31": "799.70000", "2019-12-31": "678.20000", "2018-12-31": "710.20000", "2017-12-31": "676.10000", "2016-12-31": "610.60000", "2015-12-31": "552.40000", "2014-12-31": "746.10000", "2013-12-31": "687.80000", "2012-12-31": "703.50000", "2011-12-31": "489.30000", "2010-12-31": "418.80000", "2009-12-31": "305.70000", "2008-12-31": "339.20000", "2007-12-31": "363.60000", "2006-12-31": "799.20000", "2005-12-31": "1053.40000"}, "Total Current Assets": {"2020-12-31": "6776.70000", "2019-12-31": "6406.70000", "2018-12-31": "6280.50000", "2017-12-31": "6613.00000", "2016-12-31": "5649.30000", "2015-12-31": "5286.60000", "2014-12-31": "5165.60000", "2013-12-31": "4922.50000", "2012-12-31": "4873.50000", "2011-12-31": "4761.50000", "2010-12-31": "4385.50000", "2009-12-31": "3787.00000", "2008-12-31": "3674.20000", "2007-12-31": "3718.00000", "2006-12-31": "3890.30000", "2005-12-31": "3846.40000"}, "Property, Plant, And Equipment": {"2020-12-31": "2736.20000", "2019-12-31": "2704.20000", "2018-12-31": "2598.10000", "2017-12-31": "2459.40000", "2016-12-31": "2019.30000", "2015-12-31": "1826.50000", "2014-12-31": "1624.70000", "2013-12-31": "1587.20000", "2012-12-31": "1403.10000", "2011-12-31": "1072.00000", "2010-12-31": "994.70000", "2009-12-31": "1050.90000", "2008-12-31": "1213.50000", "2007-12-31": "1392.70000", "2006-12-31": "1471.70000", "2005-12-31": "1614.70000"}, "Long-Term Investments": {"2020-12-31": "", "2019-12-31": "", "2018-12-31": "", "2017-12-31": "", "2016-12-31": "", "2015-12-31": "", "2014-12-31": "", "2013-12-31": "", "2012-12-31": "", "2011-12-31": "", "2010-12-31": "", "2009-12-31": "", "2008-12-31": "", "2007-12-31": "", "2006-12-31": "", "2005-12-31": ""}, "Goodwill And Intangible Assets": {"2020-12-31": "1655.80000", "2019-12-31": "1614.30000", "2018-12-31": "1405.30000", "2017-12-31": "1401.30000", "2016-12-31": "1121.30000", "2015-12-31": "1053.80000", "2014-12-31": "726.20000", "2013-12-31": "757.20000", "2012-12-31": "746.50000", "2011-12-31": "628.60000", "2010-12-31": "614.60000", "2009-12-31": "621.40000", "2008-12-31": "1480.60000", "2007-12-31": "2054.00000", "2006-12-31": "1996.70000", "2005-12-31": "1939.80000"}, "Other Long-Term Assets": {"2020-12-31": "2029.90000", "2019-12-31": "1955.50000", "2018-12-31": "1316.80000", "2017-12-31": "1472.20000", "2016-12-31": "1110.70000", "2015-12-31": "1238.90000", "2014-12-31": "1596.60000", "2013-12-31": "1064.00000", "2012-12-31": "1171.00000", "2011-12-31": "548.80000", "2010-12-31": "626.30000", "2009-12-31": "614.00000", "2008-12-31": "504.60000", "2007-12-31": "635.70000", "2006-12-31": "491.80000", "2005-12-31": "887.50000"}, "Total Long-Term Assets": {"2020-12-31": "6421.90000", "2019-12-31": "6274.00000", "2018-12-31": "5320.20000", "2017-12-31": "5332.90000", "2016-12-31": "4251.30000", "2015-12-31": "4119.20000", "2014-12-31": "3947.50000", "2013-12-31": "3408.40000", "2012-12-31": "3320.60000", "2011-12-31": "2249.40000", "2010-12-31": "2235.60000", "2009-12-31": "2286.30000", "2008-12-31": "3198.70000", "2007-12-31": "4082.40000", "2006-12-31": "3960.20000", "2005-12-31": "4442.00000"}, "Total Assets": {"2020-12-31": "13198.60000", "2019-12-31": "12680.70000", "2018-12-31": "11600.70000", "2017-12-31": "11945.90000", "2016-12-31": "9900.60000", "2015-12-31": "9405.80000", "2014-12-31": "9113.10000", "2013-12-31": "8330.90000", "2012-12-31": "8194.10000", "2011-12-31": "7010.90000", "2010-12-31": "6621.10000", "2009-12-31": "6073.30000", "2008-12-31": "6872.90000", "2007-12-31": "7800.40000", "2006-12-31": "7850.50000", "2005-12-31": "8288.40000"}, "Total Current Liabilities": {"2020-12-31": "5076.70000", "2019-12-31": "4666.20000", "2018-12-31": "4500.60000", "2017-12-31": "4854.30000", "2016-12-31": "4182.30000", "2015-12-31": "3839.60000", "2014-12-31": "3945.10000", "2013-12-31": "3579.10000", "2012-12-31": "3216.90000", "2011-12-31": "3063.50000", "2010-12-31": "2818.50000", "2009-12-31": "2400.80000", "2008-12-31": "4609.80000", "2007-12-31": "3603.90000", "2006-12-31": "3887.30000", "2005-12-31": "4106.70000"}, "Long Term Debt": {"2020-12-31": "2300.30000", "2019-12-31": "2293.70000", "2018-12-31": "1941.00000", "2017-12-31": "1951.50000", "2016-12-31": "1898.00000", "2015-12-31": "1931.70000", "2014-12-31": "1454.00000", "2013-12-31": "1057.10000", "2012-12-31": "626.30000", "2011-12-31": "695.40000", "2010-12-31": "694.90000", "2009-12-31": "927.10000", "2008-12-31": "1303.00000", "2007-12-31": "2344.60000", "2006-12-31": "2434.50000", "2005-12-31": "2243.10000"}, "Other Non-Current Liabilities": {"2020-12-31": "1206.70000", "2019-12-31": "1101.30000", "2018-12-31": "640.40000", "2017-12-31": "694.10000", "2016-12-31": "627.40000", "2015-12-31": "616.80000", "2014-12-31": "684.70000", "2013-12-31": "545.20000", "2012-12-31": "738.70000", "2011-12-31": "690.90000", "2010-12-31": "538.90000", "2009-12-31": "563.60000", "2008-12-31": "712.40000", "2007-12-31": "761.20000", "2006-12-31": "926.70000", "2005-12-31": "827.60000"}, "Total Long Term Liabilities": {"2020-12-31": "3507.00000", "2019-12-31": "3513.40000", "2018-12-31": "2739.50000", "2017-12-31": "2799.00000", "2016-12-31": "2525.40000", "2015-12-31": "2548.50000", "2014-12-31": "2138.70000", "2013-12-31": "1602.30000", "2012-12-31": "1365.00000", "2011-12-31": "1386.30000", "2010-12-31": "1233.80000", "2009-12-31": "1490.70000", "2008-12-31": "2015.40000", "2007-12-31": "3105.80000", "2006-12-31": "3361.20000", "2005-12-31": "3070.70000"}, "Total Liabilities": {"2020-12-31": "8583.70000", "2019-12-31": "8179.60000", "2018-12-31": "7240.10000", "2017-12-31": "7653.30000", "2016-12-31": "6707.70000", "2015-12-31": "6388.10000", "2014-12-31": "6083.80000", "2013-12-31": "5181.40000", "2012-12-31": "4581.90000", "2011-12-31": "4449.80000", "2010-12-31": "4052.30000", "2009-12-31": "3891.50000", "2008-12-31": "6625.20000", "2007-12-31": "6709.70000", "2006-12-31": "7248.50000", "2005-12-31": "7177.40000"}, "Common Stock Net": {"2020-12-31": "", "2019-12-31": "0.60000", "2018-12-31": "0.60000", "2017-12-31": "0.70000", "2016-12-31": "0.80000", "2015-12-31": "0.80000", "2014-12-31": "0.80000", "2013-12-31": "0.90000", "2012-12-31": "1.10000", "2011-12-31": "1.10000", "2010-12-31": "1.10000", "2009-12-31": "0.40000", "2008-12-31": "0.80000", "2007-12-31": "0.80000", "2006-12-31": "0.70000", "2005-12-31": "0.70000"}, "Retained Earnings (Accumulated Deficit)": {"2020-12-31": "", "2019-12-31": "4715.80000", "2018-12-31": "4113.60000", "2017-12-31": "4171.90000", "2016-12-31": "3706.90000", "2015-12-31": "2827.80000", "2014-12-31": "2161.70000", "2013-12-31": "1920.30000", "2012-12-31": "2149.00000", "2011-12-31": "922.30000", "2010-12-31": "434.50000", "2009-12-31": "-3.80000", "2008-12-31": "-818.20000", "2007-12-31": "-116.50000", "2006-12-31": "-362.50000", "2005-12-31": "361.80000"}, "Comprehensive Income": {"2020-12-31": "", "2019-12-31": "-772.70000", "2018-12-31": "-705.80000", "2017-12-31": "-513.40000", "2016-12-31": "-835.60000", "2015-12-31": "-730.10000", "2014-12-31": "-502.00000", "2013-12-31": "-166.10000", "2012-12-31": "-300.80000", "2011-12-31": "-332.00000", "2010-12-31": "-78.00000", "2009-12-31": "-1.30000", "2008-12-31": "-179.30000", "2007-12-31": "27.60000", "2006-12-31": "-164.10000", "2005-12-31": "-134.60000"}, "Other Share Holders Equity": {"2020-12-31": "", "2019-12-31": "", "2018-12-31": "", "2017-12-31": "", "2016-12-31": "", "2015-12-31": "", "2014-12-31": "", "2013-12-31": "", "2012-12-31": "", "2011-12-31": "", "2010-12-31": "", "2009-12-31": "", "2008-12-31": "", "2007-12-31": "", "2006-12-31": "", "2005-12-31": ""}, "Share Holder Equity": {"2020-12-31": "4614.90000", "2019-12-31": "4501.10000", "2018-12-31": "4360.60000", "2017-12-31": "4292.60000", "2016-12-31": "3192.90000", "2015-12-31": "3017.70000", "2014-12-31": "3029.30000", "2013-12-31": "3149.50000", "2012-12-31": "3612.20000", "2011-12-31": "2561.10000", "2010-12-31": "2568.80000", "2009-12-31": "2181.80000", "2008-12-31": "247.70000", "2007-12-31": "1090.70000", "2006-12-31": "602.00000", "2005-12-31": "1111.00000"}, "Total Liabilities And Share Holders Equity": {"2020-12-31": "13198.60000", "2019-12-31": "12680.70000", "2018-12-31": "11600.70000", "2017-12-31": "11945.90000", "2016-12-31": "9900.60000", "2015-12-31": "9405.80000", "2014-12-31": "9113.10000", "2013-12-31": "8330.90000", "2012-12-31": "8194.10000", "2011-12-31": "7010.90000", "2010-12-31": "6621.10000", "2009-12-31": "6073.30000", "2008-12-31": "6872.90000", "2007-12-31": "7800.40000", "2006-12-31": "7850.50000", "2005-12-31": "8288.40000"}}, "balance sheet, quarterly": {"Cash On Hand": {"2020-12-31": "1306.70000", "2020-09-30": "1250.40000", "2020-06-30": "1775.50000", "2020-03-31": "2449.10000", "2019-12-31": "1487.70000", "2019-09-30": "1300.90000", "2019-06-30": "1269.00000", "2019-03-31": "1199.40000", "2018-12-31": "1493.20000", "2018-09-30": "1198.60000", "2018-06-30": "1327.90000", "2018-03-31": "1268.50000", "2017-12-31": "1500.40000", "2017-09-30": "1253.70000", "2017-06-30": "1166.70000", "2017-03-31": "1209.70000", "2016-12-31": "1271.60000", "2016-09-30": "1341.60000", "2016-06-30": "1394.70000", "2016-03-31": "1174.10000", "2015-12-31": "1196.60000", "2015-09-30": "922.80000", "2015-06-30": "967.90000", "2015-03-31": "748.20000", "2014-12-31": "1094.10000", "2014-09-30": "872.70000", "2014-06-30": "865.10000", "2014-03-31": "919.40000", "2013-12-31": "1137.70000", "2013-09-30": "884.00000", "2013-06-30": "841.10000", "2013-03-31": "1601.30000", "2012-12-31": "1402.20000", "2012-09-30": "1269.60000", "2012-06-30": "1332.40000", "2012-03-31": "1630.90000", "2011-12-31": "1754.30000", "2011-09-30": "1676.50000", "2011-06-30": "1771.20000", "2011-03-31": "1707.10000", "2010-12-31": "1654.10000", "2010-09-30": "1513.50000", "2010-06-30": "1420.30000", "2010-03-31": "1300.40000", "2009-12-31": "1554.00000", "2009-09-30": "1771.30000", "2009-06-30": "1133.50000", "2009-03-31": "1234.30000", "2008-12-31": "1592.10000", "2008-09-30": "523.20000", "2008-06-30": "623.50000", "2008-03-31": "701.90000", "2007-12-31": "601.30000", "2007-09-30": "602.00000", "2007-06-30": "565.20000", "2007-03-31": "330.40000", "2006-12-31": "502.70000", "2006-09-30": "153.00000", "2006-06-30": "250.60000", "2006-03-31": "171.20000", "2005-12-31": "197.30000", "2005-09-30": "135.40000", "2005-06-30": "132.90000", "2005-03-31": "525.60000"}, "Receivables": {"2020-12-31": "3269.20000", "2020-09-30": "3386.80000", "2020-06-30": "2354.90000", "2020-03-31": "2472.10000", "2019-12-31": "2982.60000", "2019-09-30": "3320.70000", "2019-06-30": "3467.70000", "2019-03-31": "3468.80000", "2018-12-31": "2880.30000", "2018-09-30": "3301.80000", "2018-06-30": "3440.10000", "2018-03-31": "3795.20000", "2017-12-31": "3230.80000", "2017-09-30": "3357.90000", "2017-06-30": "3357.70000", "2017-03-31": "3308.80000", "2016-12-31": "2746.50000", "2016-09-30": "3109.50000", "2016-06-30": "2987.30000", "2016-03-31": "3048.80000", "2015-12-31": "2590.00000", "2015-09-30": "2959.90000", "2015-06-30": "3105.50000", "2015-03-31": "3170.50000", "2014-12-31": "2471.70000", "2014-09-30": "2843.00000", "2014-06-30": "3064.40000", "2014-03-31": "3027.80000", "2013-12-31": "2278.30000", "2013-09-30": "2596.90000", "2013-06-30": "2468.00000", "2013-03-31": "2438.00000", "2012-12-31": "2040.70000", "2012-09-30": "2192.80000", "2012-06-30": "2293.30000", "2012-03-31": "2366.30000", "2011-12-31": "1880.10000", "2011-09-30": "2082.30000", "2011-06-30": "2279.70000", "2011-03-31": "2258.40000", "2010-12-31": "1758.40000", "2010-09-30": "1929.10000", "2010-06-30": "1888.10000", "2010-03-31": "1874.30000", "2009-12-31": "1479.90000", "2009-09-30": "1647.80000", "2009-06-30": "1406.90000", "2009-03-31": "1356.30000", "2008-12-31": "1210.70000", "2008-09-30": "1985.80000", "2008-06-30": "2454.70000", "2008-03-31": "2380.10000", "2007-12-31": "2147.60000", "2007-09-30": "2439.30000", "2007-06-30": "2537.20000", "2007-03-31": "2412.70000", "2006-12-31": "2006.90000", "2006-09-30": "2571.80000", "2006-06-30": "2747.20000", "2006-03-31": "2726.60000", "2005-12-31": "2000.10000", "2005-09-30": "2725.10000", "2005-06-30": "2251.80000", "2005-03-31": "2527.80000"}, "Inventory": {"2020-12-31": "1401.10000", "2020-09-30": "1265.60000", "2020-06-30": "1245.40000", "2020-03-31": "1324.30000", "2019-12-31": "1258.20000", "2019-09-30": "1294.10000", "2019-06-30": "1240.30000", "2019-03-31": "1200.50000", "2018-12-31": "1196.80000", "2018-09-30": "1285.20000", "2018-06-30": "1248.80000", "2018-03-31": "1266.30000", "2017-12-31": "1205.70000", "2017-09-30": "1232.90000", "2017-06-30": "1127.40000", "2017-03-31": "1067.80000", "2016-12-31": "1020.60000", "2016-09-30": "1063.00000", "2016-06-30": "1011.30000", "2016-03-31": "1009.70000", "2015-12-31": "947.60000", "2015-09-30": "1043.30000", "2015-06-30": "1008.60000", "2015-03-31": "985.80000", "2014-12-31": "853.70000", "2014-09-30": "899.10000", "2014-06-30": "881.60000", "2014-03-31": "872.00000", "2013-12-31": "818.70000", "2013-09-30": "839.20000", "2013-06-30": "787.90000", "2013-03-31": "793.40000", "2012-12-31": "727.10000", "2012-09-30": "763.40000", "2012-06-30": "749.90000", "2012-03-31": "715.50000", "2011-12-31": "637.80000", "2011-09-30": "708.90000", "2011-06-30": "657.60000", "2011-03-31": "627.00000", "2010-12-31": "554.20000", "2010-09-30": "583.40000", "2010-06-30": "510.00000", "2010-03-31": "499.60000", "2009-12-31": "447.40000", "2009-09-30": "452.30000", "2009-06-30": "432.40000", "2009-03-31": "464.50000", "2008-12-31": "532.20000", "2008-09-30": "682.30000", "2008-06-30": "691.00000", "2008-03-31": "669.80000", "2007-12-31": "605.50000", "2007-09-30": "635.10000", "2007-06-30": "564.70000", "2007-03-31": "599.00000", "2006-12-31": "581.50000", "2006-09-30": "748.40000", "2006-06-30": "694.00000", "2006-03-31": "671.50000", "2005-12-31": "595.60000", "2005-09-30": "688.90000", "2005-06-30": "580.30000", "2005-03-31": "620.60000"}, "Pre-Paid Expenses": {"2020-12-31": "", "2020-09-30": "", "2020-06-30": "", "2020-03-31": "", "2019-12-31": "", "2019-09-30": "", "2019-06-30": "", "2019-03-31": "", "2018-12-31": "", "2018-09-30": "", "2018-06-30": "", "2018-03-31": "", "2017-12-31": "", "2017-09-30": "", "2017-06-30": "", "2017-03-31": "", "2016-12-31": "", "2016-09-30": "", "2016-06-30": "", "2016-03-31": "", "2015-12-31": "", "2015-09-30": "", "2015-06-30": "", "2015-03-31": "", "2014-12-31": "", "2014-09-30": "", "2014-06-30": "", "2014-03-31": "", "2013-12-31": "", "2013-09-30": "", "2013-06-30": "", "2013-03-31": "", "2012-12-31": "", "2012-09-30": "", "2012-06-30": "", "2012-03-31": "", "2011-12-31": "", "2011-09-30": "", "2011-06-30": "", "2011-03-31": "", "2010-12-31": "", "2010-09-30": "", "2010-06-30": "", "2010-03-31": "", "2009-12-31": "", "2009-09-30": "", "2009-06-30": "", "2009-03-31": "", "2008-12-31": "", "2008-09-30": "", "2008-06-30": "", "2008-03-31": "", "2007-12-31": "", "2007-09-30": "", "2007-06-30": "", "2007-03-31": "", "2006-12-31": "", "2006-09-30": "", "2006-06-30": "", "2006-03-31": "", "2005-12-31": "", "2005-09-30": "", "2005-06-30": "", "2005-03-31": ""}, "Other Current Assets": {"2020-12-31": "799.70000", "2020-09-30": "695.70000", "2020-06-30": "673.10000", "2020-03-31": "663.00000", "2019-12-31": "678.20000", "2019-09-30": "702.30000", "2019-06-30": "759.30000", "2019-03-31": "728.90000", "2018-12-31": "710.20000", "2018-09-30": "782.10000", "2018-06-30": "812.00000", "2018-03-31": "769.70000", "2017-12-31": "676.10000", "2017-09-30": "718.50000", "2017-06-30": "690.10000", "2017-03-31": "642.60000", "2016-12-31": "610.60000", "2016-09-30": "539.70000", "2016-06-30": "542.90000", "2016-03-31": "543.10000", "2015-12-31": "552.40000", "2015-09-30": "705.80000", "2015-06-30": "725.60000", "2015-03-31": "737.90000", "2014-12-31": "746.10000", "2014-09-30": "718.20000", "2014-06-30": "717.20000", "2014-03-31": "741.80000", "2013-12-31": "687.80000", "2013-09-30": "683.50000", "2013-06-30": "695.40000", "2013-03-31": "703.60000", "2012-12-31": "703.50000", "2012-09-30": "618.20000", "2012-06-30": "588.70000", "2012-03-31": "532.30000", "2011-12-31": "489.30000", "2011-09-30": "524.00000", "2011-06-30": "529.70000", "2011-03-31": "458.10000", "2010-12-31": "418.80000", "2010-09-30": "358.50000", "2010-06-30": "336.80000", "2010-03-31": "337.50000", "2009-12-31": "305.70000", "2009-09-30": "299.60000", "2009-06-30": "328.50000", "2009-03-31": "296.50000", "2008-12-31": "339.20000", "2008-09-30": "452.00000", "2008-06-30": "438.40000", "2008-03-31": "382.10000", "2007-12-31": "363.60000", "2007-09-30": "329.10000", "2007-06-30": "321.00000", "2007-03-31": "355.90000", "2006-12-31": "799.20000", "2006-09-30": "538.90000", "2006-06-30": "543.20000", "2006-03-31": "510.50000", "2005-12-31": "1053.40000", "2005-09-30": "613.30000", "2005-06-30": "644.40000", "2005-03-31": "604.70000"}, "Total Current Assets": {"2020-12-31": "6776.70000", "2020-09-30": "6598.50000", "2020-06-30": "6048.90000", "2020-03-31": "6908.50000", "2019-12-31": "6406.70000", "2019-09-30": "6618.00000", "2019-06-30": "6736.30000", "2019-03-31": "6597.60000", "2018-12-31": "6280.50000", "2018-09-30": "6567.70000", "2018-06-30": "6828.80000", "2018-03-31": "7099.70000", "2017-12-31": "6613.00000", "2017-09-30": "6563.00000", "2017-06-30": "6341.90000", "2017-03-31": "6228.90000", "2016-12-31": "5649.30000", "2016-09-30": "6053.80000", "2016-06-30": "5936.20000", "2016-03-31": "5775.70000", "2015-12-31": "5286.60000", "2015-09-30": "5631.80000", "2015-06-30": "5807.60000", "2015-03-31": "5642.40000", "2014-12-31": "5165.60000", "2014-09-30": "5333.00000", "2014-06-30": "5528.30000", "2014-03-31": "5561.00000", "2013-12-31": "4922.50000", "2013-09-30": "5003.60000", "2013-06-30": "4792.40000", "2013-03-31": "5536.30000", "2012-12-31": "4873.50000", "2012-09-30": "4844.00000", "2012-06-30": "4964.30000", "2012-03-31": "5245.00000", "2011-12-31": "4761.50000", "2011-09-30": "4991.70000", "2011-06-30": "5238.20000", "2011-03-31": "5050.60000", "2010-12-31": "4385.50000", "2010-09-30": "4384.50000", "2010-06-30": "4155.20000", "2010-03-31": "4011.80000", "2009-12-31": "3787.00000", "2009-09-30": "4171.00000", "2009-06-30": "3301.30000", "2009-03-31": "3351.60000", "2008-12-31": "3674.20000", "2008-09-30": "3643.30000", "2008-06-30": "4207.60000", "2008-03-31": "4133.90000", "2007-12-31": "3718.00000", "2007-09-30": "4005.50000", "2007-06-30": "3988.10000", "2007-03-31": "3698.00000", "2006-12-31": "3890.30000", "2006-09-30": "4012.10000", "2006-06-30": "4235.00000", "2006-03-31": "4079.80000", "2005-12-31": "3846.40000", "2005-09-30": "4162.70000", "2005-06-30": "3609.40000", "2005-03-31": "4278.70000"}, "Property, Plant, And Equipment": {"2020-12-31": "2736.20000", "2020-09-30": "2627.30000", "2020-06-30": "2618.30000", "2020-03-31": "2608.40000", "2019-12-31": "2704.20000", "2019-09-30": "2599.70000", "2019-06-30": "2620.60000", "2019-03-31": "2593.30000", "2018-12-31": "2598.10000", "2018-09-30": "2536.20000", "2018-06-30": "2516.50000", "2018-03-31": "2560.90000", "2017-12-31": "2459.40000", "2017-09-30": "2378.10000", "2017-06-30": "2266.70000", "2017-03-31": "2070.70000", "2016-12-31": "2019.30000", "2016-09-30": "1920.90000", "2016-06-30": "1890.30000", "2016-03-31": "1874.00000", "2015-12-31": "1826.50000", "2015-09-30": "1781.90000", "2015-06-30": "1772.50000", "2015-03-31": "1714.60000", "2014-12-31": "1624.70000", "2014-09-30": "1614.40000", "2014-06-30": "1654.30000", "2014-03-31": "1635.30000", "2013-12-31": "1587.20000", "2013-09-30": "1540.00000", "2013-06-30": "1481.30000", "2013-03-31": "1423.70000", "2012-12-31": "1403.10000", "2012-09-30": "1299.60000", "2012-06-30": "1222.40000", "2012-03-31": "1106.60000", "2011-12-31": "1072.00000", "2011-09-30": "1058.10000", "2011-06-30": "1084.70000", "2011-03-31": "1044.80000", "2010-12-31": "994.70000", "2010-09-30": "990.10000", "2010-06-30": "957.60000", "2010-03-31": "1005.20000", "2009-12-31": "1050.90000", "2009-09-30": "1075.20000", "2009-06-30": "1112.30000", "2009-03-31": "1139.90000", "2008-12-31": "1213.50000", "2008-09-30": "1321.90000", "2008-06-30": "1393.90000", "2008-03-31": "1402.10000", "2007-12-31": "1392.70000", "2007-09-30": "1367.60000", "2007-06-30": "1370.60000", "2007-03-31": "1425.90000", "2006-12-31": "1471.70000", "2006-09-30": "1982.00000", "2006-06-30": "2017.10000", "2006-03-31": "2002.50000", "2005-12-31": "1614.70000", "2005-09-30": "1976.40000", "2005-06-30": "2012.80000", "2005-03-31": "2023.90000"}, "Long-Term Investments": {"2020-12-31": "", "2020-09-30": "", "2020-06-30": "", "2020-03-31": "", "2019-12-31": "", "2019-09-30": "", "2019-06-30": "", "2019-03-31": "", "2018-12-31": "", "2018-09-30": "", "2018-06-30": "", "2018-03-31": "", "2017-12-31": "", "2017-09-30": "", "2017-06-30": "", "2017-03-31": "", "2016-12-31": "", "2016-09-30": "", "2016-06-30": "", "2016-03-31": "", "2015-12-31": "", "2015-09-30": "", "2015-06-30": "", "2015-03-31": "", "2014-12-31": "", "2014-09-30": "", "2014-06-30": "", "2014-03-31": "", "2013-12-31": "", "2013-09-30": "", "2013-06-30": "", "2013-03-31": "", "2012-12-31": "", "2012-09-30": "", "2012-06-30": "", "2012-03-31": "", "2011-12-31": "", "2011-09-30": "", "2011-06-30": "", "2011-03-31": "", "2010-12-31": "", "2010-09-30": "", "2010-06-30": "", "2010-03-31": "", "2009-12-31": "", "2009-09-30": "", "2009-06-30": "", "2009-03-31": "", "2008-12-31": "", "2008-09-30": "", "2008-06-30": "", "2008-03-31": "", "2007-12-31": "", "2007-09-30": "", "2007-06-30": "", "2007-03-31": "", "2006-12-31": "", "2006-09-30": "", "2006-06-30": "", "2006-03-31": "", "2005-12-31": "", "2005-09-30": "", "2005-06-30": "", "2005-03-31": ""}, "Goodwill And Intangible Assets": {"2020-12-31": "1655.80000", "2020-09-30": "1629.00000", "2020-06-30": "1606.10000", "2020-03-31": "1592.20000", "2019-12-31": "1614.30000", "2019-09-30": "1600.40000", "2019-06-30": "1600.20000", "2019-03-31": "1406.30000", "2018-12-31": "1405.30000", "2018-09-30": "1409.40000", "2018-06-30": "1421.40000", "2018-03-31": "1464.70000", "2017-12-31": "1401.30000", "2017-09-30": "1387.10000", "2017-06-30": "1272.10000", "2017-03-31": "1129.40000", "2016-12-31": "1121.30000", "2016-09-30": "1069.40000", "2016-06-30": "1071.10000", "2016-03-31": "1065.30000", "2015-12-31": "1053.80000", "2015-09-30": "1061.10000", "2015-06-30": "1054.80000", "2015-03-31": "1057.90000", "2014-12-31": "726.20000", "2014-09-30": "740.20000", "2014-06-30": "754.70000", "2014-03-31": "755.60000", "2013-12-31": "757.20000", "2013-09-30": "753.10000", "2013-06-30": "745.10000", "2013-03-31": "741.50000", "2012-12-31": "746.50000", "2012-09-30": "728.60000", "2012-06-30": "722.60000", "2012-03-31": "634.90000", "2011-12-31": "628.60000", "2011-09-30": "632.00000", "2011-06-30": "651.60000", "2011-03-31": "642.00000", "2010-12-31": "614.60000", "2010-09-30": "618.30000", "2010-06-30": "597.50000", "2010-03-31": "609.50000", "2009-12-31": "621.40000", "2009-09-30": "1511.60000", "2009-06-30": "1487.20000", "2009-03-31": "1464.50000", "2008-12-31": "1480.60000", "2008-09-30": "2052.40000", "2008-06-30": "2084.30000", "2008-03-31": "2087.50000", "2007-12-31": "2054.00000", "2007-09-30": "2039.00000", "2007-06-30": "2011.90000", "2007-03-31": "2006.60000", "2006-12-31": "1996.70000", "2006-09-30": "1984.70000", "2006-06-30": "1978.20000", "2006-03-31": "1939.90000", "2005-12-31": "1939.80000", "2005-09-30": "2294.70000", "2005-06-30": "2988.90000", "2005-03-31": "3022.50000"}, "Other Long-Term Assets": {"2020-12-31": "2029.90000", "2020-09-30": "2039.90000", "2020-06-30": "1995.70000", "2020-03-31": "1913.20000", "2019-12-31": "1955.50000", "2019-09-30": "1935.20000", "2019-06-30": "1890.60000", "2019-03-31": "1764.80000", "2018-12-31": "1316.80000", "2018-09-30": "1496.10000", "2018-06-30": "1515.70000", "2018-03-31": "1555.90000", "2017-12-31": "1472.20000", "2017-09-30": "1383.80000", "2017-06-30": "1356.50000", "2017-03-31": "1171.50000", "2016-12-31": "1110.70000", "2016-09-30": "1233.30000", "2016-06-30": "1242.90000", "2016-03-31": "1244.50000", "2015-12-31": "1238.90000", "2015-09-30": "1163.90000", "2015-06-30": "1190.50000", "2015-03-31": "1203.50000", "2014-12-31": "1596.60000", "2014-09-30": "1003.60000", "2014-06-30": "1024.50000", "2014-03-31": "1046.30000", "2013-12-31": "1064.00000", "2013-09-30": "1167.50000", "2013-06-30": "1148.00000", "2013-03-31": "1122.70000", "2012-12-31": "1171.00000", "2012-09-30": "590.10000", "2012-06-30": "594.30000", "2012-03-31": "549.50000", "2011-12-31": "548.80000", "2011-09-30": "534.10000", "2011-06-30": "564.50000", "2011-03-31": "625.60000", "2010-12-31": "626.30000", "2010-09-30": "643.40000", "2010-06-30": "595.00000", "2010-03-31": "606.80000", "2009-12-31": "614.00000", "2009-09-30": "472.50000", "2009-06-30": "471.00000", "2009-03-31": "482.90000", "2008-12-31": "504.60000", "2008-09-30": "637.80000", "2008-06-30": "661.80000", "2008-03-31": "660.10000", "2007-12-31": "635.70000", "2007-09-30": "532.60000", "2007-06-30": "551.20000", "2007-03-31": "530.50000", "2006-12-31": "491.80000", "2006-09-30": "472.60000", "2006-06-30": "543.70000", "2006-03-31": "459.10000", "2005-12-31": "887.50000", "2005-09-30": "545.80000", "2005-06-30": "478.80000", "2005-03-31": "496.30000"}, "Total Long-Term Assets": {"2020-12-31": "6421.90000", "2020-09-30": "6296.20000", "2020-06-30": "6220.10000", "2020-03-31": "6113.80000", "2019-12-31": "6274.00000", "2019-09-30": "6135.30000", "2019-06-30": "6111.40000", "2019-03-31": "5764.40000", "2018-12-31": "5320.20000", "2018-09-30": "5441.70000", "2018-06-30": "5453.60000", "2018-03-31": "5581.50000", "2017-12-31": "5332.90000", "2017-09-30": "5149.00000", "2017-06-30": "4895.30000", "2017-03-31": "4371.60000", "2016-12-31": "4251.30000", "2016-09-30": "4223.60000", "2016-06-30": "4204.30000", "2016-03-31": "4183.80000", "2015-12-31": "4119.20000", "2015-09-30": "4006.90000", "2015-06-30": "4017.80000", "2015-03-31": "3976.00000", "2014-12-31": "3947.50000", "2014-09-30": "3358.20000", "2014-06-30": "3433.50000", "2014-03-31": "3437.20000", "2013-12-31": "3408.40000", "2013-09-30": "3460.60000", "2013-06-30": "3374.40000", "2013-03-31": "3287.90000", "2012-12-31": "3320.60000", "2012-09-30": "2618.30000", "2012-06-30": "2539.30000", "2012-03-31": "2291.00000", "2011-12-31": "2249.40000", "2011-09-30": "2224.20000", "2011-06-30": "2300.80000", "2011-03-31": "2312.40000", "2010-12-31": "2235.60000", "2010-09-30": "2251.80000", "2010-06-30": "2150.10000", "2010-03-31": "2221.50000", "2009-12-31": "2286.30000", "2009-09-30": "3059.30000", "2009-06-30": "3070.50000", "2009-03-31": "3087.30000", "2008-12-31": "3198.70000", "2008-09-30": "4012.10000", "2008-06-30": "4140.00000", "2008-03-31": "4149.70000", "2007-12-31": "4082.40000", "2007-09-30": "3939.20000", "2007-06-30": "3933.70000", "2007-03-31": "3963.00000", "2006-12-31": "3960.20000", "2006-09-30": "4439.30000", "2006-06-30": "4539.00000", "2006-03-31": "4401.50000", "2005-12-31": "4442.00000", "2005-09-30": "4816.90000", "2005-06-30": "5480.50000", "2005-03-31": "5542.70000"}, "Total Assets": {"2020-12-31": "13198.60000", "2020-09-30": "12894.70000", "2020-06-30": "12269.00000", "2020-03-31": "13022.30000", "2019-12-31": "12680.70000", "2019-09-30": "12753.30000", "2019-06-30": "12847.70000", "2019-03-31": "12362.00000", "2018-12-31": "11600.70000", "2018-09-30": "12009.40000", "2018-06-30": "12282.40000", "2018-03-31": "12681.20000", "2017-12-31": "11945.90000", "2017-09-30": "11712.00000", "2017-06-30": "11237.20000", "2017-03-31": "10600.50000", "2016-12-31": "9900.60000", "2016-09-30": "10277.40000", "2016-06-30": "10140.50000", "2016-03-31": "9959.50000", "2015-12-31": "9405.80000", "2015-09-30": "9638.70000", "2015-06-30": "9825.40000", "2015-03-31": "9618.40000", "2014-12-31": "9113.10000", "2014-09-30": "8691.20000", "2014-06-30": "8961.80000", "2014-03-31": "8998.20000", "2013-12-31": "8330.90000", "2013-09-30": "8464.20000", "2013-06-30": "8166.80000", "2013-03-31": "8824.20000", "2012-12-31": "8194.10000", "2012-09-30": "7462.30000", "2012-06-30": "7503.60000", "2012-03-31": "7536.00000", "2011-12-31": "7010.90000", "2011-09-30": "7215.90000", "2011-06-30": "7539.00000", "2011-03-31": "7363.00000", "2010-12-31": "6621.10000", "2010-09-30": "6636.30000", "2010-06-30": "6305.30000", "2010-03-31": "6233.30000", "2009-12-31": "6073.30000", "2009-09-30": "7230.30000", "2009-06-30": "6371.80000", "2009-03-31": "6438.90000", "2008-12-31": "6872.90000", "2008-09-30": "7655.40000", "2008-06-30": "8347.60000", "2008-03-31": "8283.60000", "2007-12-31": "7800.40000", "2007-09-30": "7944.70000", "2007-06-30": "7921.80000", "2007-03-31": "7661.00000", "2006-12-31": "7850.50000", "2006-09-30": "8451.40000", "2006-06-30": "8774.00000", "2006-03-31": "8481.30000", "2005-12-31": "8288.40000", "2005-09-30": "8979.60000", "2005-06-30": "9089.90000", "2005-03-31": "9821.40000"}, "Total Current Liabilities": {"2020-12-31": "5076.70000", "2020-09-30": "5054.50000", "2020-06-30": "4786.80000", "2020-03-31": "5348.50000", "2019-12-31": "4666.20000", "2019-09-30": "4907.80000", "2019-06-30": "5027.00000", "2019-03-31": "4914.40000", "2018-12-31": "4500.60000", "2018-09-30": "4779.90000", "2018-06-30": "5050.10000", "2018-03-31": "5296.40000", "2017-12-31": "4854.30000", "2017-09-30": "4893.00000", "2017-06-30": "4942.30000", "2017-03-31": "4630.70000", "2016-12-31": "4182.30000", "2016-09-30": "4483.30000", "2016-06-30": "4431.30000", "2016-03-31": "4269.50000", "2015-12-31": "3839.60000", "2015-09-30": "4056.20000", "2015-06-30": "4174.90000", "2015-03-31": "4059.90000", "2014-12-31": "3945.10000", "2014-09-30": "3950.90000", "2014-06-30": "4144.40000", "2014-03-31": "4169.40000", "2013-12-31": "3579.10000", "2013-09-30": "3749.60000", "2013-06-30": "3592.90000", "2013-03-31": "3564.00000", "2012-12-31": "3216.90000", "2012-09-30": "3297.70000", "2012-06-30": "3378.10000", "2012-03-31": "3437.00000", "2011-12-31": "3063.50000", "2011-09-30": "3242.60000", "2011-06-30": "3386.50000", "2011-03-31": "3357.50000", "2010-12-31": "2818.50000", "2010-09-30": "2891.20000", "2010-06-30": "2797.30000", "2010-03-31": "2745.80000", "2009-12-31": "2400.80000", "2009-09-30": "3029.20000", "2009-06-30": "5801.00000", "2009-03-31": "4444.80000", "2008-12-31": "4609.80000", "2008-09-30": "3468.70000", "2008-06-30": "3980.30000", "2008-03-31": "3921.70000", "2007-12-31": "3603.90000", "2007-09-30": "3837.10000", "2007-06-30": "3916.30000", "2007-03-31": "3687.70000", "2006-12-31": "3887.30000", "2006-09-30": "4139.60000", "2006-06-30": "4354.90000", "2006-03-31": "4269.90000", "2005-12-31": "4106.70000", "2005-09-30": "4297.30000", "2005-06-30": "4022.20000", "2005-03-31": "4601.30000"}, "Long Term Debt": {"2020-12-31": "2300.30000", "2020-09-30": "2299.80000", "2020-06-30": "2302.70000", "2020-03-31": "2306.80000", "2019-12-31": "2293.70000", "2019-09-30": "2297.60000", "2019-06-30": "2300.10000", "2019-03-31": "1938.60000", "2018-12-31": "1941.00000", "2018-09-30": "1946.60000", "2018-06-30": "1948.20000", "2018-03-31": "1950.00000", "2017-12-31": "1951.50000", "2017-09-30": "1953.00000", "2017-06-30": "1877.10000", "2017-03-31": "1889.00000", "2016-12-31": "1898.00000", "2016-09-30": "1907.30000", "2016-06-30": "1916.40000", "2016-03-31": "1928.50000", "2015-12-31": "1931.70000", "2015-09-30": "1962.60000", "2015-06-30": "1969.10000", "2015-03-31": "1972.40000", "2014-12-31": "1454.00000", "2014-09-30": "1068.70000", "2014-06-30": "1068.60000", "2014-03-31": "1068.60000", "2013-12-31": "1057.10000", "2013-09-30": "1057.00000", "2013-06-30": "1056.90000", "2013-03-31": "1056.80000", "2012-12-31": "626.30000", "2012-09-30": "626.20000", "2012-06-30": "695.60000", "2012-03-31": "695.50000", "2011-12-31": "695.40000", "2011-09-30": "695.20000", "2011-06-30": "695.10000", "2011-03-31": "695.00000", "2010-12-31": "694.90000", "2010-09-30": "694.80000", "2010-06-30": "695.30000", "2010-03-31": "699.20000", "2009-12-31": "927.10000", "2009-09-30": "8.20000", "2009-06-30": "5.60000", "2009-03-31": "1302.00000", "2008-12-31": "1303.00000", "2008-09-30": "2297.30000", "2008-06-30": "2302.20000", "2008-03-31": "2345.50000", "2007-12-31": "2344.60000", "2007-09-30": "2351.60000", "2007-06-30": "2352.40000", "2007-03-31": "2431.80000", "2006-12-31": "2434.50000", "2006-09-30": "2349.70000", "2006-06-30": "2415.80000", "2006-03-31": "2237.80000", "2005-12-31": "2243.10000", "2005-09-30": "2291.50000", "2005-06-30": "1838.10000", "2005-03-31": "1853.30000"}, "Other Non-Current Liabilities": {"2020-12-31": "1206.70000", "2020-09-30": "1145.00000", "2020-06-30": "1082.00000", "2020-03-31": "1070.20000", "2019-12-31": "1101.30000", "2019-09-30": "1026.30000", "2019-06-30": "966.10000", "2019-03-31": "958.70000", "2018-12-31": "640.40000", "2018-09-30": "685.60000", "2018-06-30": "689.20000", "2018-03-31": "709.90000", "2017-12-31": "694.10000", "2017-09-30": "691.00000", "2017-06-30": "661.60000", "2017-03-31": "617.30000", "2016-12-31": "627.40000", "2016-09-30": "643.80000", "2016-06-30": "636.70000", "2016-03-31": "617.10000", "2015-12-31": "616.80000", "2015-09-30": "695.10000", "2015-06-30": "703.10000", "2015-03-31": "694.30000", "2014-12-31": "684.70000", "2014-09-30": "515.80000", "2014-06-30": "527.60000", "2014-03-31": "517.70000", "2013-12-31": "545.20000", "2013-09-30": "737.60000", "2013-06-30": "726.70000", "2013-03-31": "717.60000", "2012-12-31": "738.70000", "2012-09-30": "736.20000", "2012-06-30": "729.40000", "2012-03-31": "698.10000", "2011-12-31": "690.90000", "2011-09-30": "534.90000", "2011-06-30": "555.50000", "2011-03-31": "546.80000", "2010-12-31": "538.90000", "2010-09-30": "512.30000", "2010-06-30": "490.20000", "2010-03-31": "547.00000", "2009-12-31": "563.60000", "2009-09-30": "4252.20000", "2009-06-30": "735.10000", "2009-03-31": "733.50000", "2008-12-31": "712.40000", "2008-09-30": "757.80000", "2008-06-30": "764.80000", "2008-03-31": "766.60000", "2007-12-31": "761.20000", "2007-09-30": "823.30000", "2007-06-30": "819.50000", "2007-03-31": "849.00000", "2006-12-31": "926.70000", "2006-09-30": "838.90000", "2006-06-30": "828.80000", "2006-03-31": "839.00000", "2005-12-31": "827.60000", "2005-09-30": "632.10000", "2005-06-30": "709.00000", "2005-03-31": "714.90000"}, "Total Long Term Liabilities": {"2020-12-31": "3507.00000", "2020-09-30": "3564.10000", "2020-06-30": "3499.00000", "2020-03-31": "3490.50000", "2019-12-31": "3513.40000", "2019-09-30": "3470.40000", "2019-06-30": "3421.20000", "2019-03-31": "3053.90000", "2018-12-31": "2739.50000", "2018-09-30": "2793.80000", "2018-06-30": "2804.90000", "2018-03-31": "2830.20000", "2017-12-31": "2799.00000", "2017-09-30": "2791.70000", "2017-06-30": "2538.70000", "2017-03-31": "2506.30000", "2016-12-31": "2525.40000", "2016-09-30": "2551.10000", "2016-06-30": "2553.10000", "2016-03-31": "2545.60000", "2015-12-31": "2548.50000", "2015-09-30": "2657.70000", "2015-06-30": "2672.20000", "2015-03-31": "2666.70000", "2014-12-31": "2138.70000", "2014-09-30": "1584.50000", "2014-06-30": "1596.20000", "2014-03-31": "1586.30000", "2013-12-31": "1602.30000", "2013-09-30": "1794.60000", "2013-06-30": "1783.60000", "2013-03-31": "1774.40000", "2012-12-31": "1365.00000", "2012-09-30": "1362.40000", "2012-06-30": "1425.00000", "2012-03-31": "1393.60000", "2011-12-31": "1386.30000", "2011-09-30": "1230.10000", "2011-06-30": "1250.60000", "2011-03-31": "1241.80000", "2010-12-31": "1233.80000", "2010-09-30": "1207.10000", "2010-06-30": "1185.50000", "2010-03-31": "1246.20000", "2009-12-31": "1490.70000", "2009-09-30": "4260.40000", "2009-06-30": "740.70000", "2009-03-31": "2035.50000", "2008-12-31": "2015.40000", "2008-09-30": "3055.10000", "2008-06-30": "3067.00000", "2008-03-31": "3112.10000", "2007-12-31": "3105.80000", "2007-09-30": "3174.90000", "2007-06-30": "3171.90000", "2007-03-31": "3280.80000", "2006-12-31": "3361.20000", "2006-09-30": "3188.60000", "2006-06-30": "3244.60000", "2006-03-31": "3076.80000", "2005-12-31": "3070.70000", "2005-09-30": "2923.60000", "2005-06-30": "2547.10000", "2005-03-31": "2568.20000"}, "Total Liabilities": {"2020-12-31": "8583.70000", "2020-09-30": "8618.60000", "2020-06-30": "8285.80000", "2020-03-31": "8839.00000", "2019-12-31": "8179.60000", "2019-09-30": "8378.20000", "2019-06-30": "8448.20000", "2019-03-31": "7968.30000", "2018-12-31": "7240.10000", "2018-09-30": "7573.70000", "2018-06-30": "7855.00000", "2018-03-31": "8126.60000", "2017-12-31": "7653.30000", "2017-09-30": "7684.70000", "2017-06-30": "7481.00000", "2017-03-31": "7137.00000", "2016-12-31": "6707.70000", "2016-09-30": "7034.40000", "2016-06-30": "6984.40000", "2016-03-31": "6815.10000", "2015-12-31": "6388.10000", "2015-09-30": "6713.90000", "2015-06-30": "6847.10000", "2015-03-31": "6726.60000", "2014-12-31": "6083.80000", "2014-09-30": "5535.40000", "2014-06-30": "5740.60000", "2014-03-31": "5755.70000", "2013-12-31": "5181.40000", "2013-09-30": "5544.20000", "2013-06-30": "5376.50000", "2013-03-31": "5338.40000", "2012-12-31": "4581.90000", "2012-09-30": "4660.10000", "2012-06-30": "4803.10000", "2012-03-31": "4830.60000", "2011-12-31": "4449.80000", "2011-09-30": "4472.70000", "2011-06-30": "4637.10000", "2011-03-31": "4599.30000", "2010-12-31": "4052.30000", "2010-09-30": "4098.30000", "2010-06-30": "3982.80000", "2010-03-31": "3992.00000", "2009-12-31": "3891.50000", "2009-09-30": "7289.60000", "2009-06-30": "6541.70000", "2009-03-31": "6480.30000", "2008-12-31": "6625.20000", "2008-09-30": "6523.80000", "2008-06-30": "7047.30000", "2008-03-31": "7033.80000", "2007-12-31": "6709.70000", "2007-09-30": "7012.00000", "2007-06-30": "7088.20000", "2007-03-31": "6968.50000", "2006-12-31": "7248.50000", "2006-09-30": "7328.20000", "2006-06-30": "7599.50000", "2006-03-31": "7346.70000", "2005-12-31": "7177.40000", "2005-09-30": "7220.90000", "2005-06-30": "6569.30000", "2005-03-31": "7169.50000"}, "Common Stock Net": {"2020-12-31": "", "2020-09-30": "0.60000", "2020-06-30": "0.60000", "2020-03-31": "0.60000", "2019-12-31": "0.60000", "2019-09-30": "0.60000", "2019-06-30": "0.60000", "2019-03-31": "0.60000", "2018-12-31": "0.60000", "2018-09-30": "0.70000", "2018-06-30": "0.70000", "2018-03-31": "0.70000", "2017-12-31": "0.70000", "2017-09-30": "0.70000", "2017-06-30": "0.70000", "2017-03-31": "0.80000", "2016-12-31": "0.80000", "2016-09-30": "0.80000", "2016-06-30": "0.80000", "2016-03-31": "0.80000", "2015-12-31": "0.80000", "2015-09-30": "0.80000", "2015-06-30": "0.80000", "2015-03-31": "0.80000", "2014-12-31": "0.80000", "2014-09-30": "0.90000", "2014-06-30": "0.90000", "2014-03-31": "0.90000", "2013-12-31": "0.90000", "2013-09-30": "1.10000", "2013-06-30": "1.10000", "2013-03-31": "1.10000", "2012-12-31": "1.10000", "2012-09-30": "1.10000", "2012-06-30": "1.10000", "2012-03-31": "1.10000", "2011-12-31": "1.10000", "2011-09-30": "1.10000", "2011-06-30": "1.10000", "2011-03-31": "1.10000", "2010-12-31": "1.10000", "2010-09-30": "0.50000", "2010-06-30": "0.50000", "2010-03-31": "0.40000", "2009-12-31": "0.40000", "2009-09-30": "0.80000", "2009-06-30": "0.80000", "2009-03-31": "0.80000", "2008-12-31": "0.80000", "2008-09-30": "0.80000", "2008-06-30": "0.80000", "2008-03-31": "0.80000", "2007-12-31": "0.80000", "2007-09-30": "0.80000", "2007-06-30": "0.80000", "2007-03-31": "0.70000", "2006-12-31": "0.70000", "2006-09-30": "0.70000", "2006-06-30": "0.70000", "2006-03-31": "0.70000", "2005-12-31": "0.70000", "2005-09-30": "0.70000", "2005-06-30": "0.70000", "2005-03-31": "0.70000"}, "Retained Earnings (Accumulated Deficit)": {"2020-12-31": "", "2020-09-30": "4620.70000", "2020-06-30": "4447.10000", "2020-03-31": "4741.80000", "2019-12-31": "4715.80000", "2019-09-30": "4608.40000", "2019-06-30": "4435.30000", "2019-03-31": "4300.30000", "2018-12-31": "4113.60000", "2018-09-30": "4953.80000", "2018-06-30": "4750.00000", "2018-03-31": "4474.80000", "2017-12-31": "4171.90000", "2017-09-30": "3810.30000", "2017-06-30": "3572.60000", "2017-03-31": "4031.40000", "2016-12-31": "3706.90000", "2016-09-30": "3503.30000", "2016-06-30": "3310.80000", "2016-03-31": "3050.90000", "2015-12-31": "2827.80000", "2015-09-30": "2612.00000", "2015-06-30": "2450.50000", "2015-03-31": "2288.70000", "2014-12-31": "2161.70000", "2014-09-30": "2280.20000", "2014-06-30": "2156.90000", "2014-03-31": "2025.10000", "2013-12-31": "1920.30000", "2013-09-30": "2462.80000", "2013-06-30": "2364.20000", "2013-03-31": "2241.00000", "2012-12-31": "2149.00000", "2012-09-30": "1280.90000", "2012-06-30": "1173.40000", "2012-03-31": "1042.10000", "2011-12-31": "922.30000", "2011-09-30": "828.70000", "2011-06-30": "741.20000", "2011-03-31": "577.10000", "2010-12-31": "434.50000", "2010-09-30": "317.40000", "2010-06-30": "222.10000", "2010-03-31": "62.30000", "2009-12-31": "-3.80000", "2009-09-30": "-1232.00000", "2009-06-30": "-1256.60000", "2009-03-31": "-1083.00000", "2008-12-31": "-818.20000", "2008-09-30": "-130.50000", "2008-06-30": "-32.30000", "2008-03-31": "-50.60000", "2007-12-31": "-116.50000", "2007-09-30": "-143.50000", "2007-06-30": "-184.50000", "2007-03-31": "-308.00000", "2006-12-31": "-362.50000", "2006-09-30": "282.50000", "2006-06-30": "356.50000", "2006-03-31": "362.90000", "2005-12-31": "361.80000", "2005-09-30": "981.20000", "2005-06-30": "1748.10000", "2005-03-31": "1809.30000"}, "Comprehensive Income": {"2020-12-31": "", "2020-09-30": "-839.70000", "2020-06-30": "-923.00000", "2020-03-31": "-1049.30000", "2019-12-31": "-772.70000", "2019-09-30": "-829.30000", "2019-06-30": "-698.20000", "2019-03-31": "-711.50000", "2018-12-31": "-705.80000", "2018-09-30": "-655.90000", "2018-06-30": "-627.70000", "2018-03-31": "-380.80000", "2017-12-31": "-513.40000", "2017-09-30": "-536.80000", "2017-06-30": "-611.30000", "2017-03-31": "-733.10000", "2016-12-31": "-835.60000", "2016-09-30": "-703.50000", "2016-06-30": "-713.80000", "2016-03-31": "-660.60000", "2015-12-31": "-730.10000", "2015-09-30": "-686.40000", "2015-06-30": "-600.20000", "2015-03-31": "-629.80000", "2014-12-31": "-502.00000", "2014-09-30": "-267.50000", "2014-06-30": "-169.10000", "2014-03-31": "-175.10000", "2013-12-31": "-166.10000", "2013-09-30": "-320.90000", "2013-06-30": "-352.50000", "2013-03-31": "-323.40000", "2012-12-31": "-300.80000", "2012-09-30": "-298.30000", "2012-06-30": "-343.30000", "2012-03-31": "-265.10000", "2011-12-31": "-332.00000", "2011-09-30": "-137.50000", "2011-06-30": "32.30000", "2011-03-31": "-6.20000", "2010-12-31": "-78.00000", "2010-09-30": "9.70000", "2010-06-30": "-110.90000", "2010-03-31": "-26.60000", "2009-12-31": "-1.30000", "2009-09-30": "-77.50000", "2009-06-30": "-155.50000", "2009-03-31": "-205.70000", "2008-12-31": "-179.30000", "2008-09-30": "68.60000", "2008-06-30": "141.50000", "2008-03-31": "114.40000", "2007-12-31": "27.60000", "2007-09-30": "-106.20000", "2007-06-30": "-145.10000", "2007-03-31": "-155.60000", "2006-12-31": "-164.10000", "2006-09-30": "-72.70000", "2006-06-30": "-87.40000", "2006-03-31": "-124.80000", "2005-12-31": "-134.60000", "2005-09-30": "-98.90000", "2005-06-30": "-95.00000", "2005-03-31": "-17.40000"}, "Other Share Holders Equity": {"2020-12-31": "", "2020-09-30": "", "2020-06-30": "", "2020-03-31": "", "2019-12-31": "", "2019-09-30": "", "2019-06-30": "", "2019-03-31": "", "2018-12-31": "", "2018-09-30": "", "2018-06-30": "", "2018-03-31": "", "2017-12-31": "", "2017-09-30": "", "2017-06-30": "", "2017-03-31": "", "2016-12-31": "", "2016-09-30": "", "2016-06-30": "", "2016-03-31": "", "2015-12-31": "", "2015-09-30": "", "2015-06-30": "", "2015-03-31": "", "2014-12-31": "", "2014-09-30": "", "2014-06-30": "", "2014-03-31": "", "2013-12-31": "", "2013-09-30": "", "2013-06-30": "", "2013-03-31": "", "2012-12-31": "", "2012-09-30": "", "2012-06-30": "", "2012-03-31": "", "2011-12-31": "", "2011-09-30": "", "2011-06-30": "", "2011-03-31": "", "2010-12-31": "", "2010-09-30": "", "2010-06-30": "", "2010-03-31": "", "2009-12-31": "", "2009-09-30": "", "2009-06-30": "", "2009-03-31": "", "2008-12-31": "", "2008-09-30": "", "2008-06-30": "", "2008-03-31": "", "2007-12-31": "", "2007-09-30": "", "2007-06-30": "", "2007-03-31": "", "2006-12-31": "", "2006-09-30": "", "2006-06-30": "", "2006-03-31": "", "2005-12-31": "", "2005-09-30": "", "2005-06-30": "", "2005-03-31": ""}, "Share Holder Equity": {"2020-12-31": "4614.90000", "2020-09-30": "4276.10000", "2020-06-30": "3983.20000", "2020-03-31": "4183.30000", "2019-12-31": "4501.10000", "2019-09-30": "4375.10000", "2019-06-30": "4399.50000", "2019-03-31": "4393.70000", "2018-12-31": "4360.60000", "2018-09-30": "4435.70000", "2018-06-30": "4427.40000", "2018-03-31": "4554.60000", "2017-12-31": "4292.60000", "2017-09-30": "4027.30000", "2017-06-30": "3756.20000", "2017-03-31": "3463.50000", "2016-12-31": "3192.90000", "2016-09-30": "3243.00000", "2016-06-30": "3156.10000", "2016-03-31": "3144.40000", "2015-12-31": "3017.70000", "2015-09-30": "2924.80000", "2015-06-30": "2978.30000", "2015-03-31": "2891.80000", "2014-12-31": "3029.30000", "2014-09-30": "3155.80000", "2014-06-30": "3221.20000", "2014-03-31": "3242.50000", "2013-12-31": "3149.50000", "2013-09-30": "2920.00000", "2013-06-30": "2790.30000", "2013-03-31": "3485.80000", "2012-12-31": "3612.20000", "2012-09-30": "2802.20000", "2012-06-30": "2700.50000", "2012-03-31": "2705.40000", "2011-12-31": "2561.10000", "2011-09-30": "2743.20000", "2011-06-30": "2901.90000", "2011-03-31": "2763.70000", "2010-12-31": "2568.80000", "2010-09-30": "2538.00000", "2010-06-30": "2322.50000", "2010-03-31": "2241.30000", "2009-12-31": "2181.80000", "2009-09-30": "-59.30000", "2009-06-30": "-169.90000", "2009-03-31": "-41.40000", "2008-12-31": "247.70000", "2008-09-30": "1131.60000", "2008-06-30": "1300.30000", "2008-03-31": "1249.80000", "2007-12-31": "1090.70000", "2007-09-30": "932.70000", "2007-06-30": "833.60000", "2007-03-31": "692.50000", "2006-12-31": "602.00000", "2006-09-30": "1123.20000", "2006-06-30": "1174.50000", "2006-03-31": "1134.60000", "2005-12-31": "1111.00000", "2005-09-30": "1758.70000", "2005-06-30": "2520.60000", "2005-03-31": "2651.90000"}, "Total Liabilities And Share Holders Equity": {"2020-12-31": "13198.60000", "2020-09-30": "12894.70000", "2020-06-30": "12269.00000", "2020-03-31": "13022.30000", "2019-12-31": "12680.70000", "2019-09-30": "12753.30000", "2019-06-30": "12847.70000", "2019-03-31": "12362.00000", "2018-12-31": "11600.70000", "2018-09-30": "12009.40000", "2018-06-30": "12282.40000", "2018-03-31": "12681.20000", "2017-12-31": "11945.90000", "2017-09-30": "11712.00000", "2017-06-30": "11237.20000", "2017-03-31": "10600.50000", "2016-12-31": "9900.60000", "2016-09-30": "10277.40000", "2016-06-30": "10140.50000", "2016-03-31": "9959.50000", "2015-12-31": "9405.80000", "2015-09-30": "9638.70000", "2015-06-30": "9825.40000", "2015-03-31": "9618.40000", "2014-12-31": "9113.10000", "2014-09-30": "8691.20000", "2014-06-30": "8961.80000", "2014-03-31": "8998.20000", "2013-12-31": "8330.90000", "2013-09-30": "8464.20000", "2013-06-30": "8166.80000", "2013-03-31": "8824.20000", "2012-12-31": "8194.10000", "2012-09-30": "7462.30000", "2012-06-30": "7503.60000", "2012-03-31": "7536.00000", "2011-12-31": "7010.90000", "2011-09-30": "7215.90000", "2011-06-30": "7539.00000", "2011-03-31": "7363.00000", "2010-12-31": "6621.10000", "2010-09-30": "6636.30000", "2010-06-30": "6305.30000", "2010-03-31": "6233.30000", "2009-12-31": "6073.30000", "2009-09-30": "7230.30000", "2009-06-30": "6371.80000", "2009-03-31": "6438.90000", "2008-12-31": "6872.90000", "2008-09-30": "7655.40000", "2008-06-30": "8347.60000", "2008-03-31": "8283.60000", "2007-12-31": "7800.40000", "2007-09-30": "7944.70000", "2007-06-30": "7921.80000", "2007-03-31": "7661.00000", "2006-12-31": "7850.50000", "2006-09-30": "8451.40000", "2006-06-30": "8774.00000", "2006-03-31": "8481.30000", "2005-12-31": "8288.40000", "2005-09-30": "8979.60000", "2005-06-30": "9089.90000", "2005-03-31": "9821.40000"}}, "cash flow statement": {"Net Income/Loss": {"2020-12-31": "0.00000", "2019-12-31": "830.70000", "2018-12-31": "1246.70000", "2017-12-31": "1380.90000", "2016-12-31": "1040.50000", "2015-12-31": "795.80000", "2014-12-31": "702.30000", "2013-12-31": "455.80000", "2012-12-31": "1317.20000", "2011-12-31": "570.40000", "2010-12-31": "461.40000", "2009-12-31": "-377.40000", "2008-12-31": "-664.40000", "2007-12-31": "267.10000", "2006-12-31": "-707.50000", "2005-12-31": "-1381.50000"}, "Total Depreciation And Amortization - Cash Flow": {"2020-12-31": "", "2019-12-31": "524.40000", "2018-12-31": "490.50000", "2017-12-31": "431.10000", "2016-12-31": "378.20000", "2015-12-31": "347.80000", "2014-12-31": "310.90000", "2013-12-31": "285.50000", "2012-12-31": "239.50000", "2011-12-31": "246.30000", "2010-12-31": "235.90000", "2009-12-31": "582.70000", "2008-12-31": "829.30000", "2007-12-31": "296.90000", "2006-12-31": "395.10000", "2005-12-31": "1406.20000"}, "Other Non-Cash Items": {"2020-12-31": "", "2019-12-31": "-27.50000", "2018-12-31": "107.90000", "2017-12-31": "-41.60000", "2016-12-31": "104.80000", "2015-12-31": "84.50000", "2014-12-31": "-3.10000", "2013-12-31": "81.10000", "2012-12-31": "-674.00000", "2011-12-31": "-36.10000", "2010-12-31": "-3.20000", "2009-12-31": "-157.90000", "2008-12-31": "96.80000", "2007-12-31": "-25.80000", "2006-12-31": "657.30000", "2005-12-31": "193.50000"}, "Total Non-Cash Items": {"2020-12-31": "", "2019-12-31": "496.90000", "2018-12-31": "598.40000", "2017-12-31": "389.50000", "2016-12-31": "483.00000", "2015-12-31": "432.30000", "2014-12-31": "307.80000", "2013-12-31": "366.60000", "2012-12-31": "-434.50000", "2011-12-31": "210.20000", "2010-12-31": "232.70000", "2009-12-31": "424.79990", "2008-12-31": "926.10000", "2007-12-31": "271.10000", "2006-12-31": "1052.40000", "2005-12-31": "1599.70000"}, "Change In Accounts Receivable": {"2020-12-31": "", "2019-12-31": "", "2018-12-31": "", "2017-12-31": "", "2016-12-31": "-176.30000", "2015-12-31": "-173.40000", "2014-12-31": "-358.70000", "2013-12-31": "-239.60000", "2012-12-31": "-111.50000", "2011-12-31": "", "2010-12-31": "", "2009-12-31": "", "2008-12-31": "914.80000", "2007-12-31": "", "2006-12-31": "", "2005-12-31": "-250.30000"}, "Change In Inventories": {"2020-12-31": "", "2019-12-31": "", "2018-12-31": "", "2017-12-31": "", "2016-12-31": "-53.50000", "2015-12-31": "4.10000", "2014-12-31": "-91.20000", "2013-12-31": "-102.00000", "2012-12-31": "-60.00000", "2011-12-31": "", "2010-12-31": "", "2009-12-31": "", "2008-12-31": "55.60000", "2007-12-31": "", "2006-12-31": "", "2005-12-31": "-76.90000"}, "Change In Accounts Payable": {"2020-12-31": "", "2019-12-31": "", "2018-12-31": "", "2017-12-31": "", "2016-12-31": "157.60000", "2015-12-31": "76.20000", "2014-12-31": "231.30000", "2013-12-31": "189.50000", "2012-12-31": "174.60000", "2011-12-31": "", "2010-12-31": "", "2009-12-31": "", "2008-12-31": "-779.20000", "2007-12-31": "", "2006-12-31": "", "2005-12-31": "298.10000"}, "Change In Assets/Liabilities": {"2020-12-31": "", "2019-12-31": "-63.00000", "2018-12-31": "-104.20000", "2017-12-31": "27.10000", "2016-12-31": "8.50000", "2015-12-31": "-33.70000", "2014-12-31": "54.40000", "2013-12-31": "-9.50000", "2012-12-31": "-79.80000", "2011-12-31": "7.90000", "2010-12-31": "-75.70000", "2009-12-31": "-260.10000", "2008-12-31": "22.20000", "2007-12-31": "-96.20000", "2006-12-31": "-39.90000", "2005-12-31": "298.60000"}, "Total Change In Assets/Liabilities": {"2020-12-31": "", "2019-12-31": "-63.00000", "2018-12-31": "-104.20000", "2017-12-31": "27.10000", "2016-12-31": "96.60000", "2015-12-31": "24.30000", "2014-12-31": "-85.80000", "2013-12-31": "-17.70000", "2012-12-31": "-128.60000", "2011-12-31": "7.90000", "2010-12-31": "-75.70000", "2009-12-31": "-260.10000", "2008-12-31": "-127.50000", "2007-12-31": "-96.20000", "2006-12-31": "-39.90000", "2005-12-31": "308.30000"}, "Cash Flow From Operating Activities": {"2020-12-31": "", "2019-12-31": "1284.30000", "2018-12-31": "1779.80000", "2017-12-31": "1783.10000", "2016-12-31": "1619.30000", "2015-12-31": "1271.10000", "2014-12-31": "927.80000", "2013-12-31": "820.10000", "2012-12-31": "729.80000", "2011-12-31": "790.30000", "2010-12-31": "621.90000", "2009-12-31": "-175.20000", "2008-12-31": "163.60000", "2007-12-31": "487.50000", "2006-12-31": "285.30000", "2005-12-31": "560.80000"}, "Net Change In Property, Plant, And Equipment": {"2020-12-31": "", "2019-12-31": "-603.90000", "2018-12-31": "-677.00000", "2017-12-31": "-594.50000", "2016-12-31": "-528.30000", "2015-12-31": "-485.80000", "2014-12-31": "-424.70000", "2013-12-31": "-460.60000", "2012-12-31": "-458.30000", "2011-12-31": "-329.50000", "2010-12-31": "-193.30000", "2009-12-31": "-118.80000", "2008-12-31": "-167.70000", "2007-12-31": "-202.20000", "2006-12-31": "-347.60000", "2005-12-31": "-568.40000"}, "Net Change In Intangible Assets": {"2020-12-31": "", "2019-12-31": "", "2018-12-31": "", "2017-12-31": "", "2016-12-31": "", "2015-12-31": "", "2014-12-31": "", "2013-12-31": "", "2012-12-31": "", "2011-12-31": "", "2010-12-31": "", "2009-12-31": "", "2008-12-31": "", "2007-12-31": "", "2006-12-31": "", "2005-12-31": ""}, "Net Acquisitions/Divestitures": {"2020-12-31": "", "2019-12-31": "-321.70000", "2018-12-31": "", "2017-12-31": "-292.40000", "2016-12-31": "-155.90000", "2015-12-31": "-499.20000", "2014-12-31": "-350.00000", "2013-12-31": "", "2012-12-31": "-243.90000", "2011-12-31": "-8.40000", "2010-12-31": "", "2009-12-31": "29.30000", "2008-12-31": "24.00000", "2007-12-31": "-124.30000", "2006-12-31": "35.40000", "2005-12-31": "21.50000"}, "Net Change In Short-term Investments": {"2020-12-31": "", "2019-12-31": "", "2018-12-31": "", "2017-12-31": "", "2016-12-31": "", "2015-12-31": "", "2014-12-31": "", "2013-12-31": "", "2012-12-31": "", "2011-12-31": "", "2010-12-31": "", "2009-12-31": "", "2008-12-31": "", "2007-12-31": "", "2006-12-31": "", "2005-12-31": ""}, "Net Change In Long-Term Investments": {"2020-12-31": "", "2019-12-31": "", "2018-12-31": "", "2017-12-31": "", "2016-12-31": "", "2015-12-31": "", "2014-12-31": "", "2013-12-31": "", "2012-12-31": "", "2011-12-31": "", "2010-12-31": "", "2009-12-31": "", "2008-12-31": "", "2007-12-31": "", "2006-12-31": "", "2005-12-31": ""}, "Net Change In Investments - Total": {"2020-12-31": "", "2019-12-31": "", "2018-12-31": "", "2017-12-31": "", "2016-12-31": "", "2015-12-31": "", "2014-12-31": "", "2013-12-31": "", "2012-12-31": "", "2011-12-31": "", "2010-12-31": "", "2009-12-31": "", "2008-12-31": "", "2007-12-31": "", "2006-12-31": "", "2005-12-31": ""}, "Investing Activities - Other": {"2020-12-31": "", "2019-12-31": "3.20000", "2018-12-31": "-16.50000", "2017-12-31": "18.30000", "2016-12-31": "47.10000", "2015-12-31": "19.70000", "2014-12-31": "-5.90000", "2013-12-31": "56.70000", "2012-12-31": "14.30000", "2011-12-31": "34.70000", "2010-12-31": "1.20000", "2009-12-31": "-2.70000", "2008-12-31": "-0.70000", "2007-12-31": "-13.50000", "2006-12-31": "", "2005-12-31": "5.30000"}, "Cash Flow From Investing Activities": {"2020-12-31": "", "2019-12-31": "-922.40000", "2018-12-31": "-693.50000", "2017-12-31": "-868.60000", "2016-12-31": "-637.10000", "2015-12-31": "-965.30000", "2014-12-31": "-780.60000", "2013-12-31": "-403.90000", "2012-12-31": "-687.90000", "2011-12-31": "-303.20000", "2010-12-31": "-192.10000", "2009-12-31": "-92.20000", "2008-12-31": "-144.40000", "2007-12-31": "-340.00000", "2006-12-31": "-312.20000", "2005-12-31": "-541.60000"}, "Net Long-Term Debt": {"2020-12-31": "", "2019-12-31": "351.80000", "2018-12-31": "-6.30000", "2017-12-31": "7.40000", "2016-12-31": "", "2015-12-31": "485.60000", "2014-12-31": "397.90000", "2013-12-31": "427.90000", "2012-12-31": "-72.10000", "2011-12-31": "-1.10000", "2010-12-31": "-239.80000", "2009-12-31": "252.00000", "2008-12-31": "-22.90000", "2007-12-31": "-24.40000", "2006-12-31": "-493.40000", "2005-12-31": "-632.70000"}, "Net Current Debt": {"2020-12-31": "", "2019-12-31": "9.50000", "2018-12-31": "7.30000", "2017-12-31": "-8.90000", "2016-12-31": "-12.80000", "2015-12-31": "", "2014-12-31": "", "2013-12-31": "", "2012-12-31": "", "2011-12-31": "-4.00000", "2010-12-31": "-34.00000", "2009-12-31": "-4.80000", "2008-12-31": "1065.10000", "2007-12-31": "-16.20000", "2006-12-31": "585.20000", "2005-12-31": "372.90000"}, "Debt Issuance/Retirement Net - Total": {"2020-12-31": "", "2019-12-31": "361.30000", "2018-12-31": "1.00000", "2017-12-31": "-1.50000", "2016-12-31": "-12.80000", "2015-12-31": "485.60000", "2014-12-31": "397.90000", "2013-12-31": "427.90000", "2012-12-31": "-72.10000", "2011-12-31": "-5.10000", "2010-12-31": "-273.80000", "2009-12-31": "247.20000", "2008-12-31": "1042.20000", "2007-12-31": "-40.60000", "2006-12-31": "91.80000", "2005-12-31": "-259.80000"}, "Net Common Equity Issued/Repurchased": {"2020-12-31": "", "2019-12-31": "-384.70000", "2018-12-31": "-704.90000", "2017-12-31": "-450.50000", "2016-12-31": "-658.80000", "2015-12-31": "-487.40000", "2014-12-31": "-411.40000", "2013-12-31": "-1000.10000", "2012-12-31": "-222.80000", "2011-12-31": "-279.10000", "2010-12-31": "", "2009-12-31": "", "2008-12-31": "", "2007-12-31": "7.60000", "2006-12-31": "199.40000", "2005-12-31": "-20.70000"}, "Net Total Equity Issued/Repurchased": {"2020-12-31": "", "2019-12-31": "-384.70000", "2018-12-31": "-704.90000", "2017-12-31": "-450.50000", "2016-12-31": "-658.80000", "2015-12-31": "-487.40000", "2014-12-31": "-411.40000", "2013-12-31": "-1000.10000", "2012-12-31": "-222.80000", "2011-12-31": "-279.10000", "2010-12-31": "", "2009-12-31": "", "2008-12-31": "", "2007-12-31": "7.60000", "2006-12-31": "199.40000", "2005-12-31": "-20.70000"}, "Total Common And Preferred Stock Dividends Paid": {"2020-12-31": "", "2019-12-31": "-265.20000", "2018-12-31": "-265.40000", "2017-12-31": "-219.30000", "2016-12-31": "-122.10000", "2015-12-31": "-106.30000", "2014-12-31": "-91.20000", "2013-12-31": "-102.40000", "2012-12-31": "-77.70000", "2011-12-31": "-69.60000", "2010-12-31": "-16.20000", "2009-12-31": "-23.80000", "2008-12-31": "-19.40000", "2007-12-31": "-20.60000", "2006-12-31": "", "2005-12-31": "-67.20000"}, "Financial Activities - Other": {"2020-12-31": "", "2019-12-31": "-73.30000", "2018-12-31": "-61.20000", "2017-12-31": "-70.70000", "2016-12-31": "-79.20000", "2015-12-31": "-48.20000", "2014-12-31": "-56.10000", "2013-12-31": "-23.90000", "2012-12-31": "-23.50000", "2011-12-31": "-18.50000", "2010-12-31": "-30.70000", "2009-12-31": "-28.20000", "2008-12-31": "-35.50000", "2007-12-31": "-16.80000", "2006-12-31": "-13.80000", "2005-12-31": "0.70000"}, "Cash Flow From Financial Activities": {"2020-12-31": "", "2019-12-31": "-361.90000", "2018-12-31": "-1030.50000", "2017-12-31": "-742.00000", "2016-12-31": "-872.90000", "2015-12-31": "-156.30000", "2014-12-31": "-160.80000", "2013-12-31": "-698.50000", "2012-12-31": "-396.10000", "2011-12-31": "-372.30000", "2010-12-31": "-320.70000", "2009-12-31": "195.20000", "2008-12-31": "987.30000", "2007-12-31": "-70.40000", "2006-12-31": "277.40000", "2005-12-31": "-347.00000"}, "Net Cash Flow": {"2020-12-31": "", "2019-12-31": "-9.40000", "2018-12-31": "19.40000", "2017-12-31": "228.80000", "2016-12-31": "75.00000", "2015-12-31": "102.50000", "2014-12-31": "-43.60000", "2013-12-31": "-264.50000", "2012-12-31": "-352.10000", "2011-12-31": "100.20000", "2010-12-31": "100.10000", "2009-12-31": "-38.10000", "2008-12-31": "990.80000", "2007-12-31": "98.60000", "2006-12-31": "305.40000", "2005-12-31": "-387.60000"}, "Stock-Based Compensation": {"2020-12-31": "", "2019-12-31": "23.30000", "2018-12-31": "41.40000", "2017-12-31": "70.20000", "2016-12-31": "68.20000", "2015-12-31": "65.70000", "2014-12-31": "70.70000", "2013-12-31": "59.40000", "2012-12-31": "39.80000", "2011-12-31": "34.60000", "2010-12-31": "22.90000", "2009-12-31": "15.30000", "2008-12-31": "19.20000", "2007-12-31": "24.40000", "2006-12-31": "31.70000", "2005-12-31": ""}, "Common Stock Dividends Paid": {"2020-12-31": "", "2019-12-31": "-265.20000", "2018-12-31": "-265.40000", "2017-12-31": "-219.30000", "2016-12-31": "-122.10000", "2015-12-31": "-106.30000", "2014-12-31": "-91.20000", "2013-12-31": "-102.40000", "2012-12-31": "-77.70000", "2011-12-31": "-69.60000", "2010-12-31": "-16.20000", "2009-12-31": "-23.80000", "2008-12-31": "-19.40000", "2007-12-31": "-20.60000", "2006-12-31": "", "2005-12-31": "-67.20000"}}, "cash flow statement, quarterly": {"Net Income/Loss": {"2020-12-31": -11.2, "2020-09-30": 197.1, "2020-06-30": -269.5, "2020-03-31": "83.60000", "2019-12-31": 144, "2019-09-30": 238.6, "2019-06-30": 202, "2019-03-31": "246.10000", "2018-12-31": 242.8, "2018-09-30": 274.7, "2018-06-30": 355, "2018-03-31": "374.20000", "2017-12-31": 420.4, "2017-09-30": 315, "2017-06-30": 327, "2017-03-31": "318.50000", "2016-12-31": 248.5, "2016-09-30": 235, "2016-06-30": 294.5, "2016-03-31": "262.50000", "2015-12-31": 252.9, "2015-09-30": 193.3, "2015-06-30": 192.9, "2015-03-31": "156.70000", "2014-12-31": 268, "2014-09-30": 147.9, "2014-06-30": 157.8, "2014-03-31": "128.60000", "2013-12-31": 79.9, "2013-09-30": 116.7, "2013-06-30": 142.3, "2013-03-31": "116.90000", "2012-12-31": 890.1, "2012-09-30": 128.1, "2012-06-30": 154.6, "2012-03-31": "144.40000", "2011-12-31": 113.9, "2011-09-30": 108.1, "2011-06-30": 185.7, "2011-03-31": "162.70000", "2010-12-31": 123.8, "2010-09-30": 98.5, "2010-06-30": 165.3, "2010-03-31": "73.80000", "2009-12-31": 23.5, "2009-09-30": 30.3, "2009-06-30": -168.4, "2009-03-31": "-262.80000", "2008-12-31": -679, "2008-09-30": -92.4, "2008-06-30": 28.8, "2008-03-31": "78.20000", "2007-12-31": 52.6, "2007-09-30": 41, "2007-06-30": 123.6, "2007-03-31": "49.90000", "2006-12-31": -645, "2006-09-30": -74, "2006-06-30": -6.4, "2006-03-31": "17.90000", "2005-12-31": -602.6, "2005-09-30": -750.1, "2005-06-30": -44.4, "2005-03-31": "15.60000"}, "Total Depreciation And Amortization - Cash Flow": {"2020-12-31": -397.1, "2020-09-30": 136.3, "2020-06-30": 130.3, "2020-03-31": "130.50000", "2019-12-31": 144, "2019-09-30": 128.5, "2019-06-30": 128.3, "2019-03-31": "123.60000", "2018-12-31": 128.7, "2018-09-30": 119.8, "2018-06-30": 121.8, "2018-03-31": "120.20000", "2017-12-31": 117.9, "2017-09-30": 111.7, "2017-06-30": 104.6, "2017-03-31": "96.90000", "2016-12-31": 94.8, "2016-09-30": 98.7, "2016-06-30": 94.5, "2016-03-31": "90.20000", "2015-12-31": 90.4, "2015-09-30": 88, "2015-06-30": 84.9, "2015-03-31": "84.50000", "2014-12-31": 78.3, "2014-09-30": 79.9, "2014-06-30": 78.2, "2014-03-31": "74.50000", "2013-12-31": 77.2, "2013-09-30": 72.9, "2013-06-30": 69, "2013-03-31": "66.40000", "2012-12-31": 65.9, "2012-09-30": 63.3, "2012-06-30": 56.6, "2012-03-31": "53.70000", "2011-12-31": 57, "2011-09-30": 63.5, "2011-06-30": 64.3, "2011-03-31": "61.50000", "2010-12-31": 61.6, "2010-09-30": 58.7, "2010-06-30": 57.1, "2010-03-31": "58.50000", "2009-12-31": 383.4, "2009-09-30": 64.8, "2009-06-30": 68.9, "2009-03-31": "65.60000", "2008-12-31": 601.8, "2008-09-30": 75.6, "2008-06-30": 77.4, "2008-03-31": "74.50000", "2007-12-31": 76, "2007-09-30": 70.7, "2007-06-30": 75.7, "2007-03-31": "74.50000", "2006-12-31": 95.7, "2006-09-30": 98.1, "2006-06-30": 103.5, "2006-03-31": "97.80000", "2005-12-31": 445.3, "2005-09-30": 769.6, "2005-06-30": 95.7, "2005-03-31": "95.60000"}, "Other Non-Cash Items": {"2020-12-31": -21.1, "2020-09-30": 0, "2020-06-30": 0, "2020-03-31": "21.10000", "2019-12-31": -38.1, "2019-09-30": 0, "2019-06-30": 10.6, "2019-03-31": "", "2018-12-31": 107.9, "2018-09-30": 0, "2018-06-30": 0, "2018-03-31": "", "2017-12-31": -62.8, "2017-09-30": 21.2, "2017-06-30": 0, "2017-03-31": "", "2016-12-31": 104.8, "2016-09-30": 0, "2016-06-30": 0, "2016-03-31": "", "2015-12-31": 84.5, "2015-09-30": 0, "2015-06-30": 0, "2015-03-31": "", "2014-12-31": -3.1, "2014-09-30": 0, "2014-06-30": 0, "2014-03-31": "", "2013-12-31": 81.1, "2013-09-30": 0, "2013-06-30": 0, "2013-03-31": "", "2012-12-31": -674, "2012-09-30": 0, "2012-06-30": 0, "2012-03-31": "", "2011-12-31": -36.1, "2011-09-30": 0, "2011-06-30": 0, "2011-03-31": "", "2010-12-31": -3.2, "2010-09-30": 0, "2010-06-30": 0, "2010-03-31": "", "2009-12-31": -196.5, "2009-09-30": 38.6, "2009-06-30": 0, "2009-03-31": "", "2008-12-31": 96.8, "2008-09-30": 0, "2008-06-30": 0, "2008-03-31": "", "2007-12-31": -33.6, "2007-09-30": -17.1, "2007-06-30": -0.7, "2007-03-31": "25.60000", "2006-12-31": 631.5, "2006-09-30": 28.7, "2006-06-30": 0, "2006-03-31": "-2.90000", "2005-12-31": 106.2, "2005-09-30": 87.3, "2005-06-30": 0, "2005-03-31": ""}, "Total Non-Cash Items": {"2020-12-31": -418.2, "2020-09-30": 136.3, "2020-06-30": 130.3, "2020-03-31": "151.60000", "2019-12-31": 105.9, "2019-09-30": 128.5, "2019-06-30": 138.9, "2019-03-31": "123.60000", "2018-12-31": 236.6, "2018-09-30": 119.8, "2018-06-30": 121.8, "2018-03-31": "120.20000", "2017-12-31": 55.1, "2017-09-30": 132.9, "2017-06-30": 104.6, "2017-03-31": "96.90000", "2016-12-31": 199.6, "2016-09-30": 98.7, "2016-06-30": 94.5, "2016-03-31": "90.20000", "2015-12-31": 174.9, "2015-09-30": 88, "2015-06-30": 84.9, "2015-03-31": "84.50000", "2014-12-31": 75.2, "2014-09-30": 79.9, "2014-06-30": 78.2, "2014-03-31": "74.50000", "2013-12-31": 158.3, "2013-09-30": 72.9, "2013-06-30": 69, "2013-03-31": "66.40000", "2012-12-31": -608.1, "2012-09-30": 63.3, "2012-06-30": 56.6, "2012-03-31": "53.70000", "2011-12-31": 20.9, "2011-09-30": 63.5, "2011-06-30": 64.3, "2011-03-31": "61.50000", "2010-12-31": 58.4, "2010-09-30": 58.7, "2010-06-30": 57.1, "2010-03-31": "58.50000", "2009-12-31": 186.8999, "2009-09-30": 103.4, "2009-06-30": 68.9, "2009-03-31": "65.60000", "2008-12-31": 698.6, "2008-09-30": 75.6, "2008-06-30": 77.4, "2008-03-31": "74.50000", "2007-12-31": 42.4, "2007-09-30": 53.6, "2007-06-30": 75, "2007-03-31": "100.10000", "2006-12-31": 727.2, "2006-09-30": 126.8, "2006-06-30": 103.5, "2006-03-31": "94.90000", "2005-12-31": 551.5, "2005-09-30": 856.9, "2005-06-30": 95.7, "2005-03-31": "95.60000"}, "Change In Accounts Receivable": {"2020-12-31": 416.9, "2020-09-30": -974.2, "2020-06-30": 141.7, "2020-03-31": "415.60000", "2019-12-31": 513.5, "2019-09-30": 30.7, "2019-06-30": 48.5, "2019-03-31": "-592.70000", "2018-12-31": 173.1, "2018-09-30": 91.3, "2018-06-30": 196.3, "2018-03-31": "-460.70000", "2017-12-31": 280.6, "2017-09-30": 134.1, "2017-06-30": 111.9, "2017-03-31": "-526.60000", "2016-12-31": 263.9, "2016-09-30": -113, "2016-06-30": 83.3, "2016-03-31": "-410.50000", "2015-12-31": 307, "2015-09-30": 97.6, "2015-06-30": 99.1, "2015-03-31": "-677.10000", "2014-12-31": 294, "2014-09-30": 141.2, "2014-06-30": -39.4, "2014-03-31": "-754.50000", "2013-12-31": 327.7, "2013-09-30": -92.8, "2013-06-30": -42.1, "2013-03-31": "-432.40000", "2012-12-31": 165.3, "2012-09-30": 122.4, "2012-06-30": 57.6, "2012-03-31": "-456.80000", "2011-12-31": 342.6, "2011-09-30": 108.2, "2011-06-30": -2.4, "2011-03-31": "-448.40000", "2010-12-31": 442.1, "2010-09-30": 29.6, "2010-06-30": -53.4, "2010-03-31": "-418.30000", "2009-12-31": 389.9, "2009-09-30": -209.5, "2009-06-30": -19.7, "2009-03-31": "-160.70000", "2008-12-31": 681.3, "2008-09-30": 391.9, "2008-06-30": -8, "2008-03-31": "-150.40000", "2007-12-31": 405.5, "2007-09-30": 164.4, "2007-06-30": -96.8, "2007-03-31": "-473.10000", "2006-12-31": 171.2, "2006-09-30": 195.6, "2006-06-30": 23.3, "2006-03-31": "-390.10000", "2005-12-31": 18.8, "2005-09-30": -451.6, "2005-06-30": 183.9, "2005-03-31": "-1.40000"}, "Change In Inventories": {"2020-12-31": 13.6, "2020-09-30": -2.1, "2020-06-30": 102.3, "2020-03-31": "-113.80000", "2019-12-31": 123.5, "2019-09-30": -81.2, "2019-06-30": -34.3, "2019-03-31": "-8.00000", "2018-12-31": 117.5, "2018-09-30": -48.3, "2018-06-30": -34.2, "2018-03-31": "-35.00000", "2017-12-31": 114.7, "2017-09-30": -72.7, "2017-06-30": -6.6, "2017-03-31": "-35.40000", "2016-12-31": 33.8, "2016-09-30": -47.5, "2016-06-30": 2, "2016-03-31": "-41.80000", "2015-12-31": 80.3, "2015-09-30": -51, "2015-06-30": -15.7, "2015-03-31": "-9.50000", "2014-12-31": 20.7, "2014-09-30": -49.2, "2014-06-30": -10.1, "2014-03-31": "-52.60000", "2013-12-31": 19.8, "2013-09-30": -42.6, "2013-06-30": -2.9, "2013-03-31": "-76.30000", "2012-12-31": 39.6, "2012-09-30": -6.9, "2012-06-30": -24.6, "2012-03-31": "-68.10000", "2011-12-31": 162.6, "2011-09-30": -78.3, "2011-06-30": -26.5, "2011-03-31": "-57.80000", "2010-12-31": 130.3, "2010-09-30": -52.5, "2010-06-30": -17.8, "2010-03-31": "-60.00000", "2009-12-31": -80.8, "2009-09-30": -11.5, "2009-06-30": 33.6, "2009-03-31": "58.70000", "2008-12-31": 129.6, "2008-09-30": -10.2, "2008-06-30": -17, "2008-03-31": "-46.80000", "2007-12-31": 44.8, "2007-09-30": -55.5, "2007-06-30": 31.3, "2007-03-31": "-20.60000", "2006-12-31": 51.7, "2006-09-30": -50.1, "2006-06-30": -15.6, "2006-03-31": "14.00000", "2005-12-31": 9.9, "2005-09-30": -105.3, "2005-06-30": 25.5, "2005-03-31": "-7.00000"}, "Change In Accounts Payable": {"2020-12-31": -124, "2020-09-30": 990.8, "2020-06-30": -619.2, "2020-03-31": "-247.60000", "2019-12-31": -208.8, "2019-09-30": 12.5, "2019-06-30": -43.3, "2019-03-31": "239.60000", "2018-12-31": 33.2, "2018-09-30": -186.3, "2018-06-30": -74.8, "2018-03-31": "227.90000", "2017-12-31": -245.6, "2017-09-30": -144.7, "2017-06-30": 15.6, "2017-03-31": "374.70000", "2016-12-31": -46, "2016-09-30": 1.9, "2016-06-30": -39.1, "2016-03-31": "240.80000", "2015-12-31": -27, "2015-09-30": -138.6, "2015-06-30": -36.4, "2015-03-31": "278.20000", "2014-12-31": -27.8, "2014-09-30": -133.7, "2014-06-30": -56.4, "2014-03-31": "449.20000", "2013-12-31": -130.6, "2013-09-30": 18.7, "2013-06-30": 13.2, "2013-03-31": "288.20000", "2012-12-31": -49.2, "2012-09-30": -106, "2012-06-30": 19.9, "2012-03-31": "309.90000", "2011-12-31": -372.3, "2011-09-30": -13.3, "2011-06-30": 42.6, "2011-03-31": "343.00000", "2010-12-31": -314.7, "2010-09-30": -22.8, "2010-06-30": 45.6, "2010-03-31": "291.90000", "2009-12-31": -137.2, "2009-09-30": 290, "2009-06-30": -20.5, "2009-03-31": "-132.30000", "2008-12-31": -700.6, "2008-09-30": -240.4, "2008-06-30": 17.6, "2008-03-31": "144.20000", "2007-12-31": -113.3, "2007-09-30": -226.1, "2007-06-30": 114.9, "2007-03-31": "224.50000", "2006-12-31": 183.1, "2006-09-30": -219.3, "2006-06-30": -67.7, "2006-03-31": "103.90000", "2005-12-31": -98.8, "2005-09-30": 163.6, "2005-06-30": 179.9, "2005-03-31": "53.40000"}, "Change In Assets/Liabilities": {"2020-12-31": 63.4, "2020-09-30": -5.3, "2020-06-30": -12.6, "2020-03-31": "-45.50000", "2019-12-31": 10.4, "2019-09-30": -13.9, "2019-06-30": -44.2, "2019-03-31": "-15.30000", "2018-12-31": -95.7, "2018-09-30": -4.7, "2018-06-30": -26.3, "2018-03-31": "22.50000", "2017-12-31": 64.5, "2017-09-30": -29.3, "2017-06-30": -15.5, "2017-03-31": "7.40000", "2016-12-31": 6.4, "2016-09-30": -17.5, "2016-06-30": 14.4, "2016-03-31": "5.20000", "2015-12-31": -1.5, "2015-09-30": -10.3, "2015-06-30": -14.1, "2015-03-31": "-7.80000", "2014-12-31": 58.8, "2014-09-30": -19.2, "2014-06-30": 6.5, "2014-03-31": "8.30000", "2013-12-31": 7.7, "2013-09-30": -30.5, "2013-06-30": -6.7, "2013-03-31": "20.00000", "2012-12-31": -13.2, "2012-09-30": -10.5, "2012-06-30": -19.4, "2012-03-31": "-36.70000", "2011-12-31": 41.9, "2011-09-30": -47.5, "2011-06-30": -1.8, "2011-03-31": "15.30000", "2010-12-31": -75.7, "2010-09-30": 0, "2010-06-30": -2, "2010-03-31": "2.00000", "2009-12-31": -256.7, "2009-09-30": 2.1, "2009-06-30": -11.8, "2009-03-31": "6.30000", "2008-12-31": 34.6, "2008-09-30": -8.4, "2008-06-30": -6.9, "2008-03-31": "2.90000", "2007-12-31": -119.8, "2007-09-30": 1.3, "2007-06-30": -1.5, "2007-03-31": "23.80000", "2006-12-31": -163.3, "2006-09-30": 19.4, "2006-06-30": -24.6, "2006-03-31": "128.60000", "2005-12-31": 398.7, "2005-09-30": -12.3, "2005-06-30": -25.1, "2005-03-31": "-62.70000"}, "Total Change In Assets/Liabilities": {"2020-12-31": 201.5, "2020-09-30": 215.4, "2020-06-30": -348.2, "2020-03-31": "-68.70000", "2019-12-31": 172.4, "2019-09-30": 16.9, "2019-06-30": 50.5, "2019-03-31": "-302.80000", "2018-12-31": 233.1, "2018-09-30": -143.3, "2018-06-30": 36.1, "2018-03-31": "-230.10000", "2017-12-31": 95.5, "2017-09-30": -80.3, "2017-06-30": 149.8, "2017-03-31": "-137.90000", "2016-12-31": 91.5, "2016-09-30": -64.4, "2016-06-30": 141.8, "2016-03-31": "-72.30000", "2015-12-31": 221.9, "2015-09-30": -17.8, "2015-06-30": 172.1999, "2015-03-31": "-351.99990", "2014-12-31": 240.3, "2014-09-30": -17.9999, "2014-06-30": -29.6001, "2014-03-31": "-278.50000", "2013-12-31": 157.2, "2013-09-30": -26, "2013-06-30": -9.3, "2013-03-31": "-139.60000", "2012-12-31": 105.1, "2012-09-30": 4.2, "2012-06-30": -41.9, "2012-03-31": "-196.00000", "2011-12-31": 147.9, "2011-09-30": -16.9, "2011-06-30": -49.2, "2011-03-31": "-73.90000", "2010-12-31": -20.8, "2010-09-30": -5.9, "2010-06-30": 48.5, "2010-03-31": "-97.50000", "2009-12-31": -174.3, "2009-09-30": 95.2, "2009-06-30": 4.8, "2009-03-31": "-185.80000", "2008-12-31": -103.2, "2008-09-30": 26.7, "2008-06-30": -28.4, "2008-03-31": "-22.60000", "2007-12-31": 37.2, "2007-09-30": -49.8, "2007-06-30": 81.9, "2007-03-31": "-165.50000", "2006-12-31": 132.8, "2006-09-30": -80.7, "2006-06-30": -22.9, "2006-03-31": "-69.10000", "2005-12-31": 389.8, "2005-09-30": -403.7, "2005-06-30": 314, "2005-03-31": "8.20000"}, "Cash Flow From Operating Activities": {"2020-12-31": -262.3, "2020-09-30": 564.5, "2020-06-30": -524.5, "2020-03-31": "222.30000", "2019-12-31": 485, "2019-09-30": 343.4, "2019-06-30": 404.3, "2019-03-31": "51.60000", "2018-12-31": 758.2, "2018-09-30": 267.9, "2018-06-30": 516.9, "2018-03-31": "236.80000", "2017-12-31": 598.8, "2017-09-30": 339, "2017-06-30": 566.4, "2017-03-31": "278.90000", "2016-12-31": 525.4, "2016-09-30": 276.3, "2016-06-30": 529, "2016-03-31": "288.60000", "2015-12-31": 585.1, "2015-09-30": 278, "2015-06-30": 474.6, "2015-03-31": "-66.60000", "2014-12-31": 516.1, "2014-09-30": 236.7, "2014-06-30": 229.2, "2014-03-31": "-54.20000", "2013-12-31": 390.5, "2013-09-30": 164.2, "2013-06-30": 201.6, "2013-03-31": "63.80000", "2012-12-31": 369.1, "2012-09-30": 200.9, "2012-06-30": 155.6, "2012-03-31": "4.20000", "2011-12-31": 273.8, "2011-09-30": 155.6, "2011-06-30": 206.7, "2011-03-31": "154.20000", "2010-12-31": 237.8, "2010-09-30": 118.1, "2010-06-30": 227.1, "2010-03-31": "38.90000", "2009-12-31": 67.4, "2009-09-30": 153.9, "2009-06-30": -59.7, "2009-03-31": "-336.80000", "2008-12-31": -88, "2008-09-30": 42.7, "2008-06-30": 72.9, "2008-03-31": "136.00000", "2007-12-31": 178, "2007-09-30": 62, "2007-06-30": 289.3, "2007-03-31": "-41.80000", "2006-12-31": 179.2, "2006-09-30": -8.1, "2006-06-30": 74.8, "2006-03-31": "39.40000", "2005-12-31": 332, "2005-09-30": -297.3, "2005-06-30": 407.6, "2005-03-31": "118.50000"}, "Net Change In Property, Plant, And Equipment": {"2020-12-31": 285.3, "2020-09-30": -90.1, "2020-06-30": -86.1, "2020-03-31": "-109.10000", "2019-12-31": -193.8, "2019-09-30": -150.8, "2019-06-30": -136.5, "2019-03-31": "-122.80000", "2018-12-31": -184.3, "2018-09-30": -160.5, "2018-06-30": -169.4, "2018-03-31": "-162.80000", "2017-12-31": -164.3, "2017-09-30": -156.2, "2017-06-30": -153.2, "2017-03-31": "-120.80000", "2016-12-31": -228, "2016-09-30": -118.6, "2016-06-30": -93.6, "2016-03-31": "-88.10000", "2015-12-31": -158.1, "2015-09-30": -114.8, "2015-06-30": -114.1, "2015-03-31": "-98.80000", "2014-12-31": -143.9, "2014-09-30": -91.7, "2014-06-30": -92.7, "2014-03-31": "-96.40000", "2013-12-31": -131.4, "2013-09-30": -102.8, "2013-06-30": -127.7, "2013-03-31": "-98.70000", "2012-12-31": -157.8, "2012-09-30": -120.1, "2012-06-30": -110.1, "2012-03-31": "-70.30000", "2011-12-31": -81.8, "2011-09-30": -91.5, "2011-06-30": -85.7, "2011-03-31": "-70.50000", "2010-12-31": -78, "2010-09-30": -38.9, "2010-06-30": -41.6, "2010-03-31": "-34.80000", "2009-12-31": -56.1, "2009-09-30": -20.6, "2009-06-30": -21.4, "2009-03-31": "-20.70000", "2008-12-31": -33.9, "2008-09-30": -38.3, "2008-06-30": -50, "2008-03-31": "-45.50000", "2007-12-31": -88.1, "2007-09-30": -45.8, "2007-06-30": -39.1, "2007-03-31": "-29.20000", "2006-12-31": -79.1, "2006-09-30": -83.8, "2006-06-30": -92.1, "2006-03-31": "-92.60000", "2005-12-31": -154.1, "2005-09-30": -135.2, "2005-06-30": -149.7, "2005-03-31": "-129.40000"}, "Net Change In Intangible Assets": {"2020-12-31": 0, "2020-09-30": 0, "2020-06-30": 0, "2020-03-31": "", "2019-12-31": 0, "2019-09-30": 0, "2019-06-30": 0, "2019-03-31": "", "2018-12-31": 0, "2018-09-30": 0, "2018-06-30": 0, "2018-03-31": "", "2017-12-31": 0, "2017-09-30": 0, "2017-06-30": 0, "2017-03-31": "", "2016-12-31": 0, "2016-09-30": 0, "2016-06-30": 0, "2016-03-31": "", "2015-12-31": 0, "2015-09-30": 0, "2015-06-30": 0, "2015-03-31": "", "2014-12-31": 0, "2014-09-30": 0, "2014-06-30": 0, "2014-03-31": "", "2013-12-31": 0, "2013-09-30": 0, "2013-06-30": 0, "2013-03-31": "", "2012-12-31": 0, "2012-09-30": 0, "2012-06-30": 0, "2012-03-31": "", "2011-12-31": 0, "2011-09-30": 0, "2011-06-30": 0, "2011-03-31": "", "2010-12-31": 0, "2010-09-30": 0, "2010-06-30": 0, "2010-03-31": "", "2009-12-31": 0, "2009-09-30": 0, "2009-06-30": 0, "2009-03-31": "", "2008-12-31": 0, "2008-09-30": 0, "2008-06-30": 0, "2008-03-31": "", "2007-12-31": 0, "2007-09-30": 0, "2007-06-30": 0, "2007-03-31": "", "2006-12-31": 0, "2006-09-30": 0, "2006-06-30": 0, "2006-03-31": "", "2005-12-31": 0, "2005-09-30": 0, "2005-06-30": 0, "2005-03-31": ""}, "Net Acquisitions/Divestitures": {"2020-12-31": 0, "2020-09-30": 0, "2020-06-30": 0, "2020-03-31": "", "2019-12-31": 0, "2019-09-30": -0.8, "2019-06-30": -320.9, "2019-03-31": "", "2018-12-31": 0, "2018-09-30": 0, "2018-06-30": 0, "2018-03-31": "", "2017-12-31": -5.6, "2017-09-30": 0, "2017-06-30": -286.8, "2017-03-31": "", "2016-12-31": -155.9, "2016-09-30": 0, "2016-06-30": 0, "2016-03-31": "", "2015-12-31": -33.9, "2015-09-30": 0, "2015-06-30": 8, "2015-03-31": "-473.30000", "2014-12-31": -350, "2014-09-30": 0, "2014-06-30": 0, "2014-03-31": "", "2013-12-31": 0, "2013-09-30": 0, "2013-06-30": 0, "2013-03-31": "", "2012-12-31": 0, "2012-09-30": 0, "2012-06-30": -243.9, "2012-03-31": "", "2011-12-31": 0, "2011-09-30": 0, "2011-06-30": -8.4, "2011-03-31": "", "2010-12-31": 0, "2010-09-30": 0, "2010-06-30": 0, "2010-03-31": "", "2009-12-31": 29.3, "2009-09-30": 0, "2009-06-30": 0, "2009-03-31": "", "2008-12-31": 24, "2008-09-30": 0, "2008-06-30": 0, "2008-03-31": "", "2007-12-31": -76, "2007-09-30": 7.6, "2007-06-30": 1.4, "2007-03-31": "-57.30000", "2006-12-31": 35.4, "2006-09-30": 0, "2006-06-30": 0, "2006-03-31": "", "2005-12-31": 21.5, "2005-09-30": 0, "2005-06-30": 0, "2005-03-31": ""}, "Net Change In Short-term Investments": {"2020-12-31": 0, "2020-09-30": 0, "2020-06-30": 0, "2020-03-31": "", "2019-12-31": 0, "2019-09-30": 0, "2019-06-30": 0, "2019-03-31": "", "2018-12-31": 0, "2018-09-30": 0, "2018-06-30": 0, "2018-03-31": "", "2017-12-31": 0, "2017-09-30": 0, "2017-06-30": 0, "2017-03-31": "", "2016-12-31": 0, "2016-09-30": 0, "2016-06-30": 0, "2016-03-31": "", "2015-12-31": 0, "2015-09-30": 0, "2015-06-30": 0, "2015-03-31": "", "2014-12-31": 0, "2014-09-30": 0, "2014-06-30": 0, "2014-03-31": "", "2013-12-31": 0, "2013-09-30": 0, "2013-06-30": 0, "2013-03-31": "", "2012-12-31": 0, "2012-09-30": 0, "2012-06-30": 0, "2012-03-31": "", "2011-12-31": 0, "2011-09-30": 0, "2011-06-30": 0, "2011-03-31": "", "2010-12-31": 0, "2010-09-30": 0, "2010-06-30": 0, "2010-03-31": "", "2009-12-31": 0, "2009-09-30": 0, "2009-06-30": 0, "2009-03-31": "", "2008-12-31": 0, "2008-09-30": 0, "2008-06-30": 0, "2008-03-31": "", "2007-12-31": 0, "2007-09-30": 0, "2007-06-30": 0, "2007-03-31": "", "2006-12-31": 0, "2006-09-30": 0, "2006-06-30": 0, "2006-03-31": "", "2005-12-31": 0, "2005-09-30": 0, "2005-06-30": 0, "2005-03-31": ""}, "Net Change In Long-Term Investments": {"2020-12-31": 0, "2020-09-30": 0, "2020-06-30": 0, "2020-03-31": "", "2019-12-31": 0, "2019-09-30": 0, "2019-06-30": 0, "2019-03-31": "", "2018-12-31": 0, "2018-09-30": 0, "2018-06-30": 0, "2018-03-31": "", "2017-12-31": 0, "2017-09-30": 0, "2017-06-30": 0, "2017-03-31": "", "2016-12-31": 0, "2016-09-30": 0, "2016-06-30": 0, "2016-03-31": "", "2015-12-31": 0, "2015-09-30": 0, "2015-06-30": 0, "2015-03-31": "", "2014-12-31": 0, "2014-09-30": 0, "2014-06-30": 0, "2014-03-31": "", "2013-12-31": 0, "2013-09-30": 0, "2013-06-30": 0, "2013-03-31": "", "2012-12-31": 0, "2012-09-30": 0, "2012-06-30": 0, "2012-03-31": "", "2011-12-31": 0, "2011-09-30": 0, "2011-06-30": 0, "2011-03-31": "", "2010-12-31": 0, "2010-09-30": 0, "2010-06-30": 0, "2010-03-31": "", "2009-12-31": 0, "2009-09-30": 0, "2009-06-30": 0, "2009-03-31": "", "2008-12-31": 0, "2008-09-30": 0, "2008-06-30": 0, "2008-03-31": "", "2007-12-31": 0, "2007-09-30": 0, "2007-06-30": 0, "2007-03-31": "", "2006-12-31": 0, "2006-09-30": 0, "2006-06-30": 0, "2006-03-31": "", "2005-12-31": 0, "2005-09-30": 0, "2005-06-30": 0, "2005-03-31": ""}, "Net Change In Investments - Total": {"2020-12-31": 0, "2020-09-30": 0, "2020-06-30": 0, "2020-03-31": "", "2019-12-31": 0, "2019-09-30": 0, "2019-06-30": 0, "2019-03-31": "", "2018-12-31": 0, "2018-09-30": 0, "2018-06-30": 0, "2018-03-31": "", "2017-12-31": 0, "2017-09-30": 0, "2017-06-30": 0, "2017-03-31": "", "2016-12-31": 0, "2016-09-30": 0, "2016-06-30": 0, "2016-03-31": "", "2015-12-31": 0, "2015-09-30": 0, "2015-06-30": 0, "2015-03-31": "", "2014-12-31": 0, "2014-09-30": 0, "2014-06-30": 0, "2014-03-31": "", "2013-12-31": 0, "2013-09-30": 0, "2013-06-30": 0, "2013-03-31": "", "2012-12-31": 0, "2012-09-30": 0, "2012-06-30": 0, "2012-03-31": "", "2011-12-31": 0, "2011-09-30": 0, "2011-06-30": 0, "2011-03-31": "", "2010-12-31": 0, "2010-09-30": 0, "2010-06-30": 0, "2010-03-31": "", "2009-12-31": 0, "2009-09-30": 0, "2009-06-30": 0, "2009-03-31": "", "2008-12-31": 0, "2008-09-30": 0, "2008-06-30": 0, "2008-03-31": "", "2007-12-31": 0, "2007-09-30": 0, "2007-06-30": 0, "2007-03-31": "", "2006-12-31": 0, "2006-09-30": 0, "2006-06-30": 0, "2006-03-31": "", "2005-12-31": 0, "2005-09-30": 0, "2005-06-30": 0, "2005-03-31": ""}, "Investing Activities - Other": {"2020-12-31": 11.8, "2020-09-30": -31, "2020-06-30": 0.2, "2020-03-31": "19.00000", "2019-12-31": 10.7, "2019-09-30": -7.6, "2019-06-30": -6.1, "2019-03-31": "6.20000", "2018-12-31": 2, "2018-09-30": 6.6, "2018-06-30": 0.2, "2018-03-31": "-25.30000", "2017-12-31": 1.4, "2017-09-30": 22.4, "2017-06-30": 2.4, "2017-03-31": "-7.90000", "2016-12-31": -4.7, "2016-09-30": 1.3, "2016-06-30": 52.3, "2016-03-31": "-1.80000", "2015-12-31": 30.3, "2015-09-30": -18.9, "2015-06-30": 0.4, "2015-03-31": "7.90000", "2014-12-31": 3.1, "2014-09-30": 5.9, "2014-06-30": -0.9, "2014-03-31": "-14.00000", "2013-12-31": 8.9, "2013-09-30": 0.1, "2013-06-30": -10.7, "2013-03-31": "58.40000", "2012-12-31": 6, "2012-09-30": 5.9, "2012-06-30": -3.5, "2012-03-31": "5.90000", "2011-12-31": 3.4, "2011-09-30": 2.2, "2011-06-30": 35.7, "2011-03-31": "-6.60000", "2010-12-31": -0.9, "2010-09-30": -0.5, "2010-06-30": -1.5, "2010-03-31": "4.10000", "2009-12-31": -25.3, "2009-09-30": 13.4, "2009-06-30": 0.8, "2009-03-31": "8.40000", "2008-12-31": 10.8, "2008-09-30": -21.6, "2008-06-30": -3.2, "2008-03-31": "13.30000", "2007-12-31": 15.3, "2007-09-30": 1.3, "2007-06-30": -1.5, "2007-03-31": "-28.60000", "2006-12-31": -21.1, "2006-09-30": 54.5, "2006-06-30": -61.3, "2006-03-31": "27.90000", "2005-12-31": -9.8, "2005-09-30": 12, "2005-06-30": 7.4, "2005-03-31": "-4.30000"}, "Cash Flow From Investing Activities": {"2020-12-31": 297.1, "2020-09-30": -121.1, "2020-06-30": -85.9, "2020-03-31": "-90.10000", "2019-12-31": -183.1, "2019-09-30": -159.2, "2019-06-30": -463.5, "2019-03-31": "-116.60000", "2018-12-31": -182.3, "2018-09-30": -153.9, "2018-06-30": -169.2, "2018-03-31": "-188.10000", "2017-12-31": -168.5, "2017-09-30": -133.8, "2017-06-30": -437.6, "2017-03-31": "-128.70000", "2016-12-31": -388.6, "2016-09-30": -117.3, "2016-06-30": -41.3, "2016-03-31": "-89.90000", "2015-12-31": -161.7, "2015-09-30": -133.7, "2015-06-30": -105.7, "2015-03-31": "-564.20000", "2014-12-31": -490.8, "2014-09-30": -85.8, "2014-06-30": -93.6, "2014-03-31": "-110.40000", "2013-12-31": -122.5, "2013-09-30": -102.7, "2013-06-30": -138.4, "2013-03-31": "-40.30000", "2012-12-31": -151.8, "2012-09-30": -114.2, "2012-06-30": -357.5, "2012-03-31": "-64.40000", "2011-12-31": -78.4, "2011-09-30": -89.3, "2011-06-30": -58.4, "2011-03-31": "-77.10000", "2010-12-31": -78.9, "2010-09-30": -39.4, "2010-06-30": -43.1, "2010-03-31": "-30.70000", "2009-12-31": -52.1, "2009-09-30": -7.2, "2009-06-30": -20.6, "2009-03-31": "-12.30000", "2008-12-31": 0.9, "2008-09-30": -59.9, "2008-06-30": -53.2, "2008-03-31": "-32.20000", "2007-12-31": -148.8, "2007-09-30": -36.9, "2007-06-30": -39.2, "2007-03-31": "-115.10000", "2006-12-31": -64.8, "2006-09-30": -29.3, "2006-06-30": -153.4, "2006-03-31": "-64.70000", "2005-12-31": -142.4, "2005-09-30": -123.2, "2005-06-30": -142.3, "2005-03-31": "-133.70000"}, "Net Long-Term Debt": {"2020-12-31": 7.4, "2020-09-30": -3.1, "2020-06-30": -3.2, "2020-03-31": "-1.10000", "2019-12-31": -4.7, "2019-09-30": 0, "2019-06-30": 358.1, "2019-03-31": "-1.60000", "2018-12-31": -1.6, "2018-09-30": -1.6, "2018-06-30": -1.6, "2018-03-31": "-1.50000", "2017-12-31": 248.4, "2017-09-30": -225.4, "2017-06-30": -9.4, "2017-03-31": "-6.20000", "2016-12-31": 15.6, "2016-09-30": -6.2, "2016-06-30": -6.3, "2016-03-31": "-3.10000", "2015-12-31": -6.3, "2015-09-30": -3.1, "2015-06-30": 500, "2015-03-31": "-5.00000", "2014-12-31": 400, "2014-09-30": 0, "2014-06-30": 0, "2014-03-31": "-2.10000", "2013-12-31": 0, "2013-09-30": 13.4, "2013-06-30": -13.4, "2013-03-31": "427.90000", "2012-12-31": 0, "2012-09-30": -72.1, "2012-06-30": 0, "2012-03-31": "", "2011-12-31": 0, "2011-09-30": 0, "2011-06-30": 0, "2011-03-31": "-1.10000", "2010-12-31": -0.1, "2010-09-30": -3.1, "2010-06-30": -4.4, "2010-03-31": "-232.20000", "2009-12-31": -247.8, "2009-09-30": 502.4, "2009-06-30": -1.3, "2009-03-31": "-1.30000", "2008-12-31": 130.7, "2008-09-30": -62.2, "2008-06-30": -89, "2008-03-31": "-2.40000", "2007-12-31": -14.7, "2007-09-30": -2.1, "2007-06-30": -4, "2007-03-31": "-3.60000", "2006-12-31": 45.7, "2006-09-30": -74.9, "2006-06-30": -458.1, "2006-03-31": "-6.10000", "2005-12-31": -12.2, "2005-09-30": 1.7, "2005-06-30": -627.3, "2005-03-31": "5.10000"}, "Net Current Debt": {"2020-12-31": 14.9, "2020-09-30": -1002.9, "2020-06-30": -2.5, "2020-03-31": "990.50000", "2019-12-31": 0, "2019-09-30": 4.8, "2019-06-30": -0.1, "2019-03-31": "4.80000", "2018-12-31": 1.7, "2018-09-30": 5.6, "2018-06-30": 0, "2018-03-31": "", "2017-12-31": -251.7, "2017-09-30": 247.7, "2017-06-30": -6.3, "2017-03-31": "1.40000", "2016-12-31": -21.7, "2016-09-30": 3.7, "2016-06-30": 2.6, "2016-03-31": "2.60000", "2015-12-31": 0, "2015-09-30": 0, "2015-06-30": -500, "2015-03-31": "500.00000", "2014-12-31": 0, "2014-09-30": 0, "2014-06-30": 0, "2014-03-31": "", "2013-12-31": 0, "2013-09-30": 0, "2013-06-30": 0, "2013-03-31": "", "2012-12-31": 0, "2012-09-30": 0, "2012-06-30": 0, "2012-03-31": "", "2011-12-31": 0.2, "2011-09-30": -2.6, "2011-06-30": -1.1, "2011-03-31": "-0.50000", "2010-12-31": -0.2, "2010-09-30": -19.9, "2010-06-30": -19.5, "2010-03-31": "5.60000", "2009-12-31": 5.7, "2009-09-30": -1.2, "2009-06-30": -8, "2009-03-31": "-1.30000", "2008-12-31": 1072.4, "2008-09-30": -2.5, "2008-06-30": -2.1, "2008-03-31": "-2.70000", "2007-12-31": 6.3, "2007-09-30": 4, "2007-06-30": -2, "2007-03-31": "-24.50000", "2006-12-31": -17.9, "2006-09-30": 12.8, "2006-06-30": 589.2, "2006-03-31": "1.10000", "2005-12-31": -81.4, "2005-09-30": 438.5, "2005-06-30": 9.9, "2005-03-31": "5.90000"}, "Debt Issuance/Retirement Net - Total": {"2020-12-31": 22.3, "2020-09-30": -1006, "2020-06-30": -5.7, "2020-03-31": "989.40000", "2019-12-31": -4.7, "2019-09-30": 4.8, "2019-06-30": 358, "2019-03-31": "3.20000", "2018-12-31": 0.1, "2018-09-30": 4, "2018-06-30": -1.6, "2018-03-31": "-1.50000", "2017-12-31": -3.3, "2017-09-30": 22.3, "2017-06-30": -15.7, "2017-03-31": "-4.80000", "2016-12-31": -6.1, "2016-09-30": -2.5, "2016-06-30": -3.7, "2016-03-31": "-0.50000", "2015-12-31": -6.3, "2015-09-30": -3.1, "2015-06-30": 0, "2015-03-31": "495.00000", "2014-12-31": 400, "2014-09-30": 0, "2014-06-30": 0, "2014-03-31": "-2.10000", "2013-12-31": 0, "2013-09-30": 13.4, "2013-06-30": -13.4, "2013-03-31": "427.90000", "2012-12-31": 0, "2012-09-30": -72.1, "2012-06-30": 0, "2012-03-31": "", "2011-12-31": 0.2, "2011-09-30": -2.6, "2011-06-30": -1.1, "2011-03-31": "-1.60000", "2010-12-31": -0.3, "2010-09-30": -23, "2010-06-30": -23.9, "2010-03-31": "-226.60000", "2009-12-31": -242.1, "2009-09-30": 501.2, "2009-06-30": -9.3, "2009-03-31": "-2.60000", "2008-12-31": 1203.1, "2008-09-30": -64.7, "2008-06-30": -91.1, "2008-03-31": "-5.10000", "2007-12-31": -8.4, "2007-09-30": 1.9, "2007-06-30": -6, "2007-03-31": "-28.10000", "2006-12-31": 27.8001, "2006-09-30": -62.1001, "2006-06-30": 131.1, "2006-03-31": "-5.00000", "2005-12-31": -93.6, "2005-09-30": 440.2, "2005-06-30": -617.4, "2005-03-31": "11.00000"}, "Net Common Equity Issued/Repurchased": {"2020-12-31": 70, "2020-09-30": 0, "2020-06-30": 0, "2020-03-31": "-70.00000", "2019-12-31": -25, "2019-09-30": -83.2, "2019-06-30": -154.3, "2019-03-31": "-122.20000", "2018-12-31": -216.8, "2018-09-30": -203.4, "2018-06-30": -139.3, "2018-03-31": "-145.40000", "2017-12-31": -118.3, "2017-09-30": -92.5, "2017-06-30": -124.1, "2017-03-31": "-115.60000", "2016-12-31": -101.1, "2016-09-30": -190.6, "2016-06-30": -212.4, "2016-03-31": "-154.70000", "2015-12-31": -104.4, "2015-09-30": -148.2, "2015-06-30": -122.4, "2015-03-31": "-112.40000", "2014-12-31": -152, "2014-09-30": -103.4, "2014-06-30": -156, "2014-03-31": "", "2013-12-31": 0, "2013-09-30": 0, "2013-06-30": -800, "2013-03-31": "-200.10000", "2012-12-31": -50.2, "2012-09-30": -50.1, "2012-06-30": -70, "2012-03-31": "-52.50000", "2011-12-31": -84.9, "2011-09-30": -94.2, "2011-06-30": -72.6, "2011-03-31": "-27.40000", "2010-12-31": 0, "2010-09-30": 0, "2010-06-30": 0, "2010-03-31": "", "2009-12-31": 0, "2009-09-30": 0, "2009-06-30": 0, "2009-03-31": "", "2008-12-31": 4.2, "2008-09-30": -2.6, "2008-06-30": 0, "2008-03-31": "-1.60000", "2007-12-31": 0.2, "2007-09-30": 0.7, "2007-06-30": 1, "2007-03-31": "5.70000", "2006-12-31": 199.4, "2006-09-30": 0, "2006-06-30": 0, "2006-03-31": "", "2005-12-31": 0, "2005-09-30": 1.7, "2005-06-30": 0.8, "2005-03-31": "-23.20000"}, "Net Total Equity Issued/Repurchased": {"2020-12-31": 70, "2020-09-30": 0, "2020-06-30": 0, "2020-03-31": "-70.00000", "2019-12-31": -25, "2019-09-30": -83.2, "2019-06-30": -154.3, "2019-03-31": "-122.20000", "2018-12-31": -216.8, "2018-09-30": -203.4, "2018-06-30": -139.3, "2018-03-31": "-145.40000", "2017-12-31": -118.3, "2017-09-30": -92.5, "2017-06-30": -124.1, "2017-03-31": "-115.60000", "2016-12-31": -101.1, "2016-09-30": -190.6, "2016-06-30": -212.4, "2016-03-31": "-154.70000", "2015-12-31": -104.4, "2015-09-30": -148.2, "2015-06-30": -122.4, "2015-03-31": "-112.40000", "2014-12-31": -152, "2014-09-30": -103.4, "2014-06-30": -156, "2014-03-31": "", "2013-12-31": 0, "2013-09-30": 0, "2013-06-30": -800, "2013-03-31": "-200.10000", "2012-12-31": -50.2, "2012-09-30": -50.1, "2012-06-30": -70, "2012-03-31": "-52.50000", "2011-12-31": -84.9, "2011-09-30": -94.2, "2011-06-30": -72.6, "2011-03-31": "-27.40000", "2010-12-31": 0, "2010-09-30": 0, "2010-06-30": 0, "2010-03-31": "", "2009-12-31": 0, "2009-09-30": 0, "2009-06-30": 0, "2009-03-31": "", "2008-12-31": 4.2, "2008-09-30": -2.6, "2008-06-30": 0, "2008-03-31": "-1.60000", "2007-12-31": 0.2, "2007-09-30": 0.7, "2007-06-30": 1, "2007-03-31": "5.70000", "2006-12-31": 199.4, "2006-09-30": 0, "2006-06-30": 0, "2006-03-31": "", "2005-12-31": 0, "2005-09-30": 1.7, "2005-06-30": 0.8, "2005-03-31": "-23.20000"}, "Total Common And Preferred Stock Dividends Paid": {"2020-12-31": 97.8, "2020-09-30": -6.9, "2020-06-30": -43.1, "2020-03-31": "-47.80000", "2019-12-31": -90.5, "2019-09-30": -47.9, "2019-06-30": -46, "2019-03-31": "-80.80000", "2018-12-31": -59, "2018-09-30": -45.4, "2018-06-30": -91.1, "2018-03-31": "-69.90000", "2017-12-31": -72.2, "2017-09-30": -48.7, "2017-06-30": -35.2, "2017-03-31": "-63.20000", "2016-12-31": -39.2, "2016-09-30": -21.6, "2016-06-30": -36, "2016-03-31": "-25.30000", "2015-12-31": -30.1, "2015-09-30": -23.2, "2015-06-30": -30.9, "2015-03-31": "-22.10000", "2014-12-31": -24.1, "2014-09-30": -26.7, "2014-06-30": -17.1, "2014-03-31": "-23.30000", "2013-12-31": -24.2, "2013-09-30": -33.8, "2013-06-30": -24.3, "2013-03-31": "-20.10000", "2012-12-31": -32.5, "2012-09-30": -13.3, "2012-06-30": -14.9, "2012-03-31": "-17.00000", "2011-12-31": -12.8, "2011-09-30": -12.9, "2011-06-30": -21.1, "2011-03-31": "-22.80000", "2010-12-31": -2.3, "2010-09-30": -9.3, "2010-06-30": -4.6, "2010-03-31": "", "2009-12-31": -8.4, "2009-09-30": 0, "2009-06-30": -12.2, "2009-03-31": "-3.20000", "2008-12-31": -2.9, "2008-09-30": -1.8, "2008-06-30": -4.5, "2008-03-31": "-10.20000", "2007-12-31": -20.6, "2007-09-30": 0, "2007-06-30": 0, "2007-03-31": "", "2006-12-31": 16.8, "2006-09-30": 0, "2006-06-30": 0, "2006-03-31": "-16.80000", "2005-12-31": -16.8, "2005-09-30": -16.8, "2005-06-30": -16.8, "2005-03-31": "-16.80000"}, "Financial Activities - Other": {"2020-12-31": 21.7, "2020-09-30": -0.2, "2020-06-30": -0.5, "2020-03-31": "-21.00000", "2019-12-31": -5.2, "2019-09-30": -4.9, "2019-06-30": -28.3, "2019-03-31": "-34.90000", "2018-12-31": -1.6, "2018-09-30": -1.3, "2018-06-30": -2.5, "2018-03-31": "-55.80000", "2017-12-31": -2.4, "2017-09-30": -10, "2017-06-30": -16.6, "2017-03-31": "-41.70000", "2016-12-31": -27.1, "2016-09-30": -0.8, "2016-06-30": -0.3, "2016-03-31": "-51.00000", "2015-12-31": 5.4, "2015-09-30": -5, "2015-06-30": -2.6, "2015-03-31": "-46.00000", "2014-12-31": -13.1, "2014-09-30": -1, "2014-06-30": -17.1, "2014-03-31": "-24.90000", "2013-12-31": -0.8, "2013-09-30": -13.8, "2013-06-30": 9.2, "2013-03-31": "-18.50000", "2012-12-31": -8.1, "2012-09-30": -17.4, "2012-06-30": 5.2, "2012-03-31": "-3.20000", "2011-12-31": -10.3, "2011-09-30": -1.8, "2011-06-30": -5, "2011-03-31": "-1.40000", "2010-12-31": -9.7, "2010-09-30": -4.5, "2010-06-30": -0.6, "2010-03-31": "-15.90000", "2009-12-31": 29.5, "2009-09-30": -36.5, "2009-06-30": -13.4, "2009-03-31": "-7.80000", "2008-12-31": -35.5, "2008-09-30": 0, "2008-06-30": 0, "2008-03-31": "", "2007-12-31": -16.8, "2007-09-30": 0, "2007-06-30": 0, "2007-03-31": "", "2006-12-31": -13.8, "2006-09-30": 0, "2006-06-30": 0, "2006-03-31": "", "2005-12-31": 0.1, "2005-09-30": 0, "2005-06-30": 0.3, "2005-03-31": "0.30000"}, "Cash Flow From Financial Activities": {"2020-12-31": 211.8, "2020-09-30": -1013.1, "2020-06-30": -49.3, "2020-03-31": "850.60000", "2019-12-31": -125.4, "2019-09-30": -131.2, "2019-06-30": 129.4, "2019-03-31": "-234.70000", "2018-12-31": -277.3, "2018-09-30": -246.1, "2018-06-30": -234.5, "2018-03-31": "-272.60000", "2017-12-31": -196.2, "2017-09-30": -128.9, "2017-06-30": -191.6, "2017-03-31": "-225.30000", "2016-12-31": -173.5, "2016-09-30": -215.5, "2016-06-30": -252.4, "2016-03-31": "-231.50000", "2015-12-31": -135.4, "2015-09-30": -179.5, "2015-06-30": -155.9, "2015-03-31": "314.50000", "2014-12-31": 210.8, "2014-09-30": -131.1, "2014-06-30": -190.2, "2014-03-31": "-50.30000", "2013-12-31": -25, "2013-09-30": -34.2, "2013-06-30": -828.5, "2013-03-31": "189.20000", "2012-12-31": -90.8, "2012-09-30": -152.9, "2012-06-30": -79.7, "2012-03-31": "-72.70000", "2011-12-31": -107.8, "2011-09-30": -111.5, "2011-06-30": -99.8, "2011-03-31": "-53.20000", "2010-12-31": -12.3, "2010-09-30": -36.8, "2010-06-30": -29.1, "2010-03-31": "-242.50000", "2009-12-31": -221, "2009-09-30": 464.7, "2009-06-30": -34.9, "2009-03-31": "-13.60000", "2008-12-31": 1168.9, "2008-09-30": -69.1, "2008-06-30": -95.6, "2008-03-31": "-16.90000", "2007-12-31": -45.6, "2007-09-30": 2.6, "2007-06-30": -5, "2007-03-31": "-22.40000", "2006-12-31": 230.2, "2006-09-30": -62.1, "2006-06-30": 131.1, "2006-03-31": "-21.80000", "2005-12-31": -110.3, "2005-09-30": 425.1, "2005-06-30": -633.1, "2005-03-31": "-28.70000"}, "Net Cash Flow": {"2020-12-31": 252.2, "2020-09-30": -554.9, "2020-06-30": -648.8, "2020-03-31": "951.50000", "2019-12-31": 187.1, "2019-09-30": 32.4, "2019-06-30": 70, "2019-03-31": "-298.90000", "2018-12-31": 294.9, "2018-09-30": -141.9, "2018-06-30": 72.3, "2018-03-31": "-205.90000", "2017-12-31": 246.7, "2017-09-30": 87, "2017-06-30": -43, "2017-03-31": "-61.90000", "2016-12-31": -70, "2016-09-30": -53.1, "2016-06-30": 220.6, "2016-03-31": "-22.50000", "2015-12-31": 273.8, "2015-09-30": -45.1, "2015-06-30": 219.7, "2015-03-31": "-345.90000", "2014-12-31": 221.4, "2014-09-30": 7.6, "2014-06-30": -54.3, "2014-03-31": "-218.30000", "2013-12-31": 253.7, "2013-09-30": 42.9, "2013-06-30": -760.2, "2013-03-31": "199.10000", "2012-12-31": 132.6, "2012-09-30": -62.8, "2012-06-30": -298.5, "2012-03-31": "-123.40000", "2011-12-31": 77.8, "2011-09-30": -94.7, "2011-06-30": 64.1, "2011-03-31": "53.00000", "2010-12-31": 140.6, "2010-09-30": 93.2, "2010-06-30": 119.9, "2010-03-31": "-253.60000", "2009-12-31": -217.3, "2009-09-30": 637.8, "2009-06-30": -100.8, "2009-03-31": "-357.80000", "2008-12-31": 1068.9, "2008-09-30": -100.3, "2008-06-30": -78.4, "2008-03-31": "100.60000", "2007-12-31": -0.7, "2007-09-30": 36.8, "2007-06-30": 234.8, "2007-03-31": "-172.30000", "2006-12-31": 360, "2006-09-30": -97.6, "2006-06-30": 79.4, "2006-03-31": "-36.40000", "2005-12-31": 61.9, "2005-09-30": 2.5, "2005-06-30": -392.7, "2005-03-31": "-59.30000"}, "Stock-Based Compensation": {"2020-12-31": 0, "2020-09-30": 0, "2020-06-30": 0, "2020-03-31": "", "2019-12-31": 23.3, "2019-09-30": 0, "2019-06-30": 0, "2019-03-31": "", "2018-12-31": 41.4, "2018-09-30": 0, "2018-06-30": 0, "2018-03-31": "", "2017-12-31": 70.2, "2017-09-30": 0, "2017-06-30": 0, "2017-03-31": "", "2016-12-31": 68.2, "2016-09-30": 0, "2016-06-30": 0, "2016-03-31": "", "2015-12-31": 65.7, "2015-09-30": 0, "2015-06-30": 0, "2015-03-31": "", "2014-12-31": 70.7, "2014-09-30": 0, "2014-06-30": 0, "2014-03-31": "", "2013-12-31": 59.4, "2013-09-30": 0, "2013-06-30": 0, "2013-03-31": "", "2012-12-31": 39.8, "2012-09-30": 0, "2012-06-30": 0, "2012-03-31": "", "2011-12-31": 34.6, "2011-09-30": 0, "2011-06-30": 0, "2011-03-31": "", "2010-12-31": 22.9, "2010-09-30": 0, "2010-06-30": 0, "2010-03-31": "", "2009-12-31": 15.3, "2009-09-30": 0, "2009-06-30": 0, "2009-03-31": "", "2008-12-31": 19.2, "2008-09-30": 0, "2008-06-30": 0, "2008-03-31": "", "2007-12-31": 24.4, "2007-09-30": 0, "2007-06-30": 0, "2007-03-31": "", "2006-12-31": 31.7, "2006-09-30": 0, "2006-06-30": 0, "2006-03-31": "", "2005-12-31": 0, "2005-09-30": 0, "2005-06-30": 0, "2005-03-31": ""}, "Common Stock Dividends Paid": {"2020-12-31": 97.8, "2020-09-30": -6.9, "2020-06-30": -43.1, "2020-03-31": "-47.80000", "2019-12-31": -90.5, "2019-09-30": -47.9, "2019-06-30": -46, "2019-03-31": "-80.80000", "2018-12-31": -59, "2018-09-30": -45.4, "2018-06-30": -91.1, "2018-03-31": "-69.90000", "2017-12-31": -72.2, "2017-09-30": -48.7, "2017-06-30": -35.2, "2017-03-31": "-63.20000", "2016-12-31": -39.2, "2016-09-30": -21.6, "2016-06-30": -36, "2016-03-31": "-25.30000", "2015-12-31": -30.1, "2015-09-30": -23.2, "2015-06-30": -30.9, "2015-03-31": "-22.10000", "2014-12-31": -24.1, "2014-09-30": -26.7, "2014-06-30": -17.1, "2014-03-31": "-23.30000", "2013-12-31": -24.2, "2013-09-30": -33.8, "2013-06-30": -24.3, "2013-03-31": "-20.10000", "2012-12-31": -32.5, "2012-09-30": -13.3, "2012-06-30": -14.9, "2012-03-31": "-17.00000", "2011-12-31": -12.8, "2011-09-30": -12.9, "2011-06-30": -21.1, "2011-03-31": "-22.80000", "2010-12-31": -2.3, "2010-09-30": -9.3, "2010-06-30": -4.6, "2010-03-31": "", "2009-12-31": -8.4, "2009-09-30": 0, "2009-06-30": -12.2, "2009-03-31": "-3.20000", "2008-12-31": -2.9, "2008-09-30": -1.8, "2008-06-30": -4.5, "2008-03-31": "-10.20000", "2007-12-31": -20.6, "2007-09-30": 0, "2007-06-30": 0, "2007-03-31": "", "2006-12-31": 16.8, "2006-09-30": 0, "2006-06-30": 0, "2006-03-31": "-16.80000", "2005-12-31": -16.8, "2005-09-30": -16.8, "2005-06-30": -16.8, "2005-03-31": "-16.80000"}}, "financial ratios": {"Current Ratio": {"2019-12-31": "1.37300", "2018-12-31": "1.39550", "2017-12-31": "1.36230", "2016-12-31": "1.35080", "2015-12-31": "1.37690", "2014-12-31": "1.30940", "2013-12-31": "1.37530", "2012-12-31": "1.51500", "2011-12-31": "1.55430", "2010-12-31": "1.55600", "2009-12-31": "1.57740", "2008-12-31": "0.79700", "2007-12-31": "1.03170", "2006-12-31": "1.00080", "2005-12-31": "0.93660"}, "Long-term Debt / Capital": {"2019-12-31": "0.33760", "2018-12-31": "0.30800", "2017-12-31": "0.31250", "2016-12-31": "0.37280", "2015-12-31": "0.39030", "2014-12-31": "0.32430", "2013-12-31": "0.25130", "2012-12-31": "0.14780", "2011-12-31": "0.21350", "2010-12-31": "0.21290", "2009-12-31": "0.29820", "2008-12-31": "0.84030", "2007-12-31": "0.68250", "2006-12-31": "0.80170", "2005-12-31": "0.66880"}, "Debt/Equity Ratio": {"2019-12-31": "0.51700", "2018-12-31": "0.45040", "2017-12-31": "0.45670", "2016-12-31": "0.60830", "2015-12-31": "0.64780", "2014-12-31": "0.55940", "2013-12-31": "0.33560", "2012-12-31": "0.17340", "2011-12-31": "0.27150", "2010-12-31": "0.27210", "2009-12-31": "0.44560", "2008-12-31": "14.23820", "2007-12-31": "2.25050", "2006-12-31": "4.15180", "2005-12-31": "2.04850"}, "Gross Margin": {"2019-12-31": "8.77070", "2018-12-31": "10.96200", "2017-12-31": "11.19410", "2016-12-31": "11.43790", "2015-12-31": "9.99260", "2014-12-31": "8.42090", "2013-12-31": "8.00600", "2012-12-31": "8.35790", "2011-12-31": "8.42860", "2010-12-31": "8.51810", "2009-12-31": "3.69830", "2008-12-31": "5.50900", "2007-12-31": "7.20100", "2006-12-31": "5.20040", "2005-12-31": "4.30680"}, "Operating Margin": {"2019-12-31": "5.40220", "2018-12-31": "7.82140", "2017-12-31": "7.85800", "2016-12-31": "7.87490", "2015-12-31": "6.51680", "2014-12-31": "5.24160", "2013-12-31": "4.53740", "2012-12-31": "4.84110", "2011-12-31": "4.80060", "2010-12-31": "4.50370", "2009-12-31": "-0.98880", "2008-12-31": "1.70070", "2007-12-31": "3.58740", "2006-12-31": "1.57520", "2005-12-31": "0.61680"}, "EBIT Margin": {"2019-12-31": "5.40220", "2018-12-31": "7.82140", "2017-12-31": "7.85800", "2016-12-31": "7.87490", "2015-12-31": "6.51680", "2014-12-31": "5.24160", "2013-12-31": "4.53740", "2012-12-31": "4.84110", "2011-12-31": "4.80060", "2010-12-31": "4.50370", "2009-12-31": "-0.98880", "2008-12-31": "1.70070", "2007-12-31": "3.58740", "2006-12-31": "1.57520", "2005-12-31": "0.61680"}, "EBITDA Margin": {"2019-12-31": "8.04930", "2018-12-31": "10.14070", "2017-12-31": "9.96430", "2016-12-31": "9.91290", "2015-12-31": "8.42660", "2014-12-31": "6.99540", "2013-12-31": "6.29600", "2012-12-31": "6.48520", "2011-12-31": "6.54050", "2010-12-31": "6.47700", "2009-12-31": "4.99400", "2008-12-31": "7.81180", "2007-12-31": "5.44360", "2006-12-31": "3.79000", "2005-12-31": "8.84530"}, "Pre-Tax Profit Margin": {"2019-12-31": "4.81370", "2018-12-31": "7.27430", "2017-12-31": "7.45930", "2016-12-31": "7.21160", "2015-12-31": "5.66400", "2014-12-31": "4.44170", "2013-12-31": "3.75820", "2012-12-31": "4.45460", "2011-12-31": "4.34920", "2010-12-31": "3.75420", "2009-12-31": "-3.18600", "2008-12-31": "-3.98950", "2007-12-31": "2.02060", "2006-12-31": "-3.66280", "2005-12-31": "-6.60420"}, "Net Profit Margin": {"2019-12-31": "3.98530", "2018-12-31": "5.38760", "2017-12-31": "6.29260", "2016-12-31": "5.25450", "2015-12-31": "4.09360", "2014-12-31": "3.79300", "2013-12-31": "2.65740", "2012-12-31": "8.80620", "2011-12-31": "3.81940", "2010-12-31": "3.41120", "2009-12-31": "-4.00120", "2008-12-31": "-5.08380", "2007-12-31": "1.50980", "2006-12-31": "-3.96610", "2005-12-31": "-8.08410"}, "Asset Turnover": {"2019-12-31": "1.56220", "2018-12-31": "1.82300", "2017-12-31": "1.71330", "2016-12-31": "1.87440", "2015-12-31": "1.93620", "2014-12-31": "1.94530", "2013-12-31": "1.94860", "2012-12-31": "1.77770", "2011-12-31": "2.01920", "2010-12-31": "1.80550", "2009-12-31": "1.60370", "2008-12-31": "1.97450", "2007-12-31": "2.05050", "2006-12-31": "2.27230", "2005-12-31": "2.06180"}, "Inventory Turnover Ratio": {"2019-12-31": "14.36400", "2018-12-31": "15.73380", "2017-12-31": "15.07500", "2016-12-31": "16.10330", "2015-12-31": "17.29800", "2014-12-31": "19.01660", "2013-12-31": "18.24150", "2012-12-31": "18.35990", "2011-12-31": "20.32500", "2010-12-31": "19.73350", "2009-12-31": "20.96420", "2008-12-31": "24.09410", "2007-12-31": "24.51400", "2006-12-31": "29.08200", "2005-12-31": "27.45670"}, "Receiveable Turnover": {"2019-12-31": "6.64200", "2018-12-31": "7.34250", "2017-12-31": "6.33500", "2016-12-31": "6.75680", "2015-12-31": "7.03140", "2014-12-31": "7.17210", "2013-12-31": "7.12550", "2012-12-31": "7.13820", "2011-12-31": "7.52970", "2010-12-31": "6.79860", "2009-12-31": "6.58130", "2008-12-31": "11.20880", "2007-12-31": "7.44780", "2006-12-31": "8.88880", "2005-12-31": "8.54420"}, "Days Sales In Receivables": {"2019-12-31": "54.95370", "2018-12-31": "49.71080", "2017-12-31": "57.61680", "2016-12-31": "54.01950", "2015-12-31": "51.90980", "2014-12-31": "50.89160", "2013-12-31": "51.22460", "2012-12-31": "51.13310", "2011-12-31": "48.47500", "2010-12-31": "53.68780", "2009-12-31": "55.46060", "2008-12-31": "32.56370", "2007-12-31": "49.00740", "2006-12-31": "41.06300", "2005-12-31": "42.71920"}, "ROE - Return On Equity": {"2019-12-31": "18.45550", "2018-12-31": "28.59010", "2017-12-31": "32.16930", "2016-12-31": "32.58790", "2015-12-31": "26.37110", "2014-12-31": "23.18360", "2013-12-31": "14.47210", "2012-12-31": "36.46530", "2011-12-31": "22.27170", "2010-12-31": "17.96170", "2009-12-31": "-21.27760", "2008-12-31": "-268.22770", "2007-12-31": "24.48890", "2006-12-31": "-118.00670", "2005-12-31": "-124.34750"}, "Return On Tangible Equity": {"2019-12-31": "28.77580", "2018-12-31": "42.18520", "2017-12-31": "47.76050", "2016-12-31": "50.22690", "2015-12-31": "40.52140", "2014-12-31": "30.49370", "2013-12-31": "19.05280", "2012-12-31": "45.96430", "2011-12-31": "29.51620", "2010-12-31": "23.61070", "2009-12-31": "-24.18610", "2008-12-31": "53.88920", "2007-12-31": "-27.72760", "2006-12-31": "50.93570", "2005-12-31": "166.68690"}, "ROA - Return On Assets": {"2019-12-31": "6.55090", "2018-12-31": "10.74680", "2017-12-31": "11.55960", "2016-12-31": "10.50950", "2015-12-31": "8.46070", "2014-12-31": "7.70650", "2013-12-31": "5.47120", "2012-12-31": "16.07500", "2011-12-31": "8.13590", "2010-12-31": "6.96860", "2009-12-31": "-6.21410", "2008-12-31": "-9.66700", "2007-12-31": "3.42420", "2006-12-31": "-9.04910", "2005-12-31": "-16.66790"}, "ROI - Return On Investment": {"2019-12-31": "12.22550", "2018-12-31": "19.78390", "2017-12-31": "22.11530", "2016-12-31": "20.43840", "2015-12-31": "16.07870", "2014-12-31": "15.66480", "2013-12-31": "10.83540", "2012-12-31": "31.07700", "2011-12-31": "17.51570", "2010-12-31": "14.13730", "2009-12-31": "-12.13930", "2008-12-31": "-42.84520", "2007-12-31": "7.77520", "2006-12-31": "-23.39540", "2005-12-31": "-41.18840"}, "Book Value Per Share": {"2019-12-31": "74.47840", "2018-12-31": "69.28190", "2017-12-31": "64.18940", "2016-12-31": "45.98600", "2015-12-31": "40.52560", "2014-12-31": "38.82620", "2013-12-31": "39.00260", "2012-12-31": "37.64980", "2011-12-31": "25.43630", "2010-12-31": "24.42360", "2009-12-31": "29.64890", "2008-12-31": "1.60000", "2007-12-31": "7.06500", "2006-12-31": "3.94740", "2005-12-31": "8.26800"}, "Operating Cash Flow Per Share": {"2019-12-31": -6.1607, "2018-12-31": 1.1623, "2017-12-31": 3.594, "2016-12-31": 5.7993, "2015-12-31": 4.9927, "2014-12-31": 1.8622, "2013-12-31": 2.1794, "2012-12-31": -0.1208, "2011-12-31": 1.6797, "2010-12-31": 8.2891, "2009-12-31": -3.5963, "2008-12-31": -2.0575, "2007-12-31": 1.0373, "2006-12-31": -2.0955, "2005-12-31": 4.1747}, "Free Cash Flow Per Share": {"2019-12-31": -5.6805, "2018-12-31": -0.4888, "2017-12-31": 2.2373, "2016-12-31": 4.8216, "2015-12-31": 3.9423, "2014-12-31": 1.9957, "2013-12-31": 1.4404, "2012-12-31": -1.6134, "2011-12-31": 0.3691, "2010-12-31": 8.2218, "2009-12-31": -4.2313, "2008-12-31": -1.8503, "2007-12-31": 2.2778, "2006-12-31": -0.3974, "2005-12-31": -0.0566}}, "financial ratios, quarterly": {"Current Ratio": {"2020-09-30": "1.30550", "2020-06-30": "1.26370", "2020-03-31": "1.29170", "2019-12-31": "1.37300", "2019-09-30": "1.34850", "2019-06-30": "1.34000", "2019-03-31": "1.34250", "2018-12-31": "1.39550", "2018-09-30": "1.37400", "2018-06-30": "1.35220", "2018-03-31": "1.34050", "2017-12-31": "1.36230", "2017-09-30": "1.34130", "2017-06-30": "1.28320", "2017-03-31": "1.34510", "2016-12-31": "1.35080", "2016-09-30": "1.35030", "2016-06-30": "1.33960", "2016-03-31": "1.35280", "2015-12-31": "1.37690", "2015-09-30": "1.38840", "2015-06-30": "1.39110", "2015-03-31": "1.38980", "2014-12-31": "1.30940", "2014-09-30": "1.34980", "2014-06-30": "1.33390", "2014-03-31": "1.33380", "2013-12-31": "1.37530", "2013-09-30": "1.33440", "2013-06-30": "1.33390", "2013-03-31": "1.55340", "2012-12-31": "1.51500", "2012-09-30": "1.46890", "2012-06-30": "1.46960", "2012-03-31": "1.52600", "2011-12-31": "1.55430", "2011-09-30": "1.53940", "2011-06-30": "1.54680", "2011-03-31": "1.50430", "2010-12-31": "1.55600", "2010-09-30": "1.51650", "2010-06-30": "1.48540", "2010-03-31": "1.46110", "2009-12-31": "1.57740", "2009-09-30": "1.37690", "2009-06-30": "0.56910", "2009-03-31": "0.75400", "2008-12-31": "0.79700", "2008-09-30": "1.05030", "2008-06-30": "1.05710", "2008-03-31": "1.05410", "2007-12-31": "1.03170", "2007-09-30": "1.04390", "2007-06-30": "1.01830", "2007-03-31": "1.00280", "2006-12-31": "1.00080", "2006-09-30": "0.96920", "2006-06-30": "0.97250", "2006-03-31": "0.95550", "2005-12-31": "0.93660", "2005-09-30": "0.96870", "2005-06-30": "0.89740", "2005-03-31": "0.92990"}, "Long-term Debt / Capital": {"2020-09-30": "0.34970", "2020-06-30": "0.36630", "2020-03-31": "0.35540", "2019-12-31": "0.33760", "2019-09-30": "0.34430", "2019-06-30": "0.34330", "2019-03-31": "0.30610", "2018-12-31": "0.30800", "2018-09-30": "0.30500", "2018-06-30": "0.30560", "2018-03-31": "0.29980", "2017-12-31": "0.31250", "2017-09-30": "0.32660", "2017-06-30": "0.33320", "2017-03-31": "0.35290", "2016-12-31": "0.37280", "2016-09-30": "0.37030", "2016-06-30": "0.37780", "2016-03-31": "0.38020", "2015-12-31": "0.39030", "2015-09-30": "0.40160", "2015-06-30": "0.39800", "2015-03-31": "0.40550", "2014-12-31": "0.32430", "2014-09-30": "0.25300", "2014-06-30": "0.24910", "2014-03-31": "0.24790", "2013-12-31": "0.25130", "2013-09-30": "0.26580", "2013-06-30": "0.27470", "2013-03-31": "0.23260", "2012-12-31": "0.14780", "2012-09-30": "0.18270", "2012-06-30": "0.20480", "2012-03-31": "0.20450", "2011-12-31": "0.21350", "2011-09-30": "0.20220", "2011-06-30": "0.19320", "2011-03-31": "0.20090", "2010-12-31": "0.21290", "2010-09-30": "0.21490", "2010-06-30": "0.23040", "2010-03-31": "0.23780", "2009-12-31": "0.29820", "2009-09-30": "-0.16050", "2009-06-30": "-0.03410", "2009-03-31": "1.03280", "2008-12-31": "0.84030", "2008-09-30": "0.67000", "2008-06-30": "0.63910", "2008-03-31": "0.65240", "2007-12-31": "0.68250", "2007-09-30": "0.71600", "2007-06-30": "0.73840", "2007-03-31": "0.77840", "2006-12-31": "0.80170", "2006-09-30": "0.67660", "2006-06-30": "0.67290", "2006-03-31": "0.66360", "2005-12-31": "0.66880", "2005-09-30": "0.56580", "2005-06-30": "0.42170", "2005-03-31": "0.41140"}, "Debt/Equity Ratio": {"2020-09-30": "0.54330", "2020-06-30": "0.83530", "2020-03-31": "0.79650", "2019-12-31": "0.51700", "2019-09-30": "0.53330", "2019-06-30": "0.52950", "2019-03-31": "0.44780", "2018-12-31": "0.45040", "2018-09-30": "0.44270", "2018-06-30": "0.44270", "2018-03-31": "0.43080", "2017-12-31": "0.45670", "2017-09-30": "0.48760", "2017-06-30": "0.51200", "2017-03-31": "0.55950", "2016-12-31": "0.60830", "2016-09-30": "0.60090", "2016-06-30": "0.61810", "2016-03-31": "0.62250", "2015-12-31": "0.64780", "2015-09-30": "0.67680", "2015-06-30": "0.66570", "2015-03-31": "0.68570", "2014-12-31": "0.55940", "2014-09-30": "0.33860", "2014-06-30": "0.33170", "2014-03-31": "0.32960", "2013-12-31": "0.33560", "2013-09-30": "0.36200", "2013-06-30": "0.37880", "2013-03-31": "0.30320", "2012-12-31": "0.17340", "2012-09-30": "0.22350", "2012-06-30": "0.25760", "2012-03-31": "0.25710", "2011-12-31": "0.27150", "2011-09-30": "0.25340", "2011-06-30": "0.24040", "2011-03-31": "0.25280", "2010-12-31": "0.27210", "2010-09-30": "0.27520", "2010-06-30": "0.31030", "2010-03-31": "0.33240", "2009-12-31": "0.44560", "2009-09-30": "-9.16690", "2009-06-30": "-20.67510", "2009-03-31": "-85.08450", "2008-12-31": "14.23820", "2008-09-30": "2.06780", "2008-06-30": "1.83510", "2008-03-31": "1.96720", "2007-12-31": "2.25050", "2007-09-30": "2.64540", "2007-06-30": "2.95420", "2007-03-31": "3.56640", "2006-12-31": "4.15180", "2006-09-30": "2.12410", "2006-06-30": "2.07880", "2006-03-31": "1.99470", "2005-12-31": "2.04850", "2005-09-30": "1.33160", "2005-06-30": "0.75100", "2005-03-31": "0.95120"}, "Gross Margin": {"2020-09-30": "9.03660", "2020-06-30": "-5.21170", "2020-03-31": "7.49710", "2019-12-31": "6.78350", "2019-09-30": "9.51920", "2019-06-30": "9.54950", "2019-03-31": "9.17040", "2018-12-31": "10.57180", "2018-09-30": "10.75930", "2018-06-30": "11.43380", "2018-03-31": "11.01210", "2017-12-31": "10.71820", "2017-09-30": "11.15930", "2017-06-30": "11.27810", "2017-03-31": "11.65350", "2016-12-31": "11.46980", "2016-09-30": "11.35340", "2016-06-30": "11.43750", "2016-03-31": "11.48860", "2015-12-31": "10.38610", "2015-09-30": "10.46580", "2015-06-30": "9.71280", "2015-03-31": "9.41520", "2014-12-31": "8.61600", "2014-09-30": "8.53360", "2014-06-30": "8.26810", "2014-03-31": "8.26870", "2013-12-31": "7.50450", "2013-09-30": "8.42840", "2013-06-30": "8.21040", "2013-03-31": "7.91470", "2012-12-31": "8.11420", "2012-09-30": "8.23210", "2012-06-30": "8.58390", "2012-03-31": "8.50160", "2011-12-31": "6.91750", "2011-09-30": "8.10690", "2011-06-30": "9.42800", "2011-03-31": "9.20920", "2010-12-31": "7.44180", "2010-09-30": "8.36080", "2010-06-30": "9.63380", "2010-03-31": "8.67110", "2009-12-31": "5.99470", "2009-09-30": "9.20760", "2009-06-30": "1.57390", "2009-03-31": "-3.44510", "2008-12-31": "2.37270", "2008-09-30": "4.10720", "2008-06-30": "6.56200", "2008-03-31": "7.67580", "2007-12-31": "6.11560", "2007-09-30": "7.47780", "2007-06-30": "8.12460", "2007-03-31": "7.05610", "2006-12-31": "5.55080", "2006-09-30": "4.59000", "2006-06-30": "5.90620", "2006-03-31": "4.68530", "2005-12-31": "5.20540", "2005-09-30": "2.16730", "2005-06-30": "4.99630", "2005-03-31": "4.66400"}, "Operating Margin": {"2020-09-30": "5.68970", "2020-06-30": "-12.03930", "2020-03-31": "3.88990", "2019-12-31": "3.15720", "2019-09-30": "6.23210", "2019-06-30": "6.09470", "2019-03-31": "6.05030", "2018-12-31": "7.27780", "2018-09-30": "7.42700", "2018-06-30": "8.38950", "2018-03-31": "8.07330", "2017-12-31": "7.40710", "2017-09-30": "7.73260", "2017-06-30": "7.98520", "2017-03-31": "8.33650", "2016-12-31": "7.96810", "2016-09-30": "7.62420", "2016-06-30": "7.89030", "2016-03-31": "8.01000", "2015-12-31": "7.15410", "2015-09-30": "6.98800", "2015-06-30": "6.15950", "2015-03-31": "5.76590", "2014-12-31": "5.63990", "2014-09-30": "5.30390", "2014-06-30": "5.07730", "2014-03-31": "4.93830", "2013-12-31": "3.95200", "2013-09-30": "4.92640", "2013-06-30": "4.89170", "2013-03-31": "4.41340", "2012-12-31": "4.26950", "2012-09-30": "4.79290", "2012-06-30": "5.18420", "2012-03-31": "5.12620", "2011-12-31": "2.90150", "2011-09-30": "4.58090", "2011-06-30": "5.98970", "2011-03-31": "5.66960", "2010-12-31": "3.99180", "2010-09-30": "4.21230", "2010-06-30": "5.70530", "2010-03-31": "4.09050", "2009-12-31": "1.55340", "2009-09-30": "5.31420", "2009-06-30": "-3.78780", "2009-03-31": "-8.66580", "2008-12-31": "-1.48050", "2008-09-30": "0.02870", "2008-06-30": "2.65140", "2008-03-31": "4.22280", "2007-12-31": "2.24410", "2007-09-30": "3.02130", "2007-06-30": "4.68800", "2007-03-31": "4.18510", "2006-12-31": "1.98110", "2006-09-30": "0.70770", "2006-06-30": "2.35330", "2006-03-31": "1.15850", "2005-12-31": "1.88520", "2005-09-30": "-1.41220", "2005-06-30": "0.67880", "2005-03-31": "1.13860"}, "EBIT Margin": {"2020-09-30": "5.68970", "2020-06-30": "-12.03930", "2020-03-31": "3.88990", "2019-12-31": "3.15720", "2019-09-30": "6.23210", "2019-06-30": "6.09470", "2019-03-31": "6.05030", "2018-12-31": "7.27780", "2018-09-30": "7.42700", "2018-06-30": "8.38950", "2018-03-31": "8.07330", "2017-12-31": "7.40710", "2017-09-30": "7.73260", "2017-06-30": "7.98520", "2017-03-31": "8.33650", "2016-12-31": "7.96810", "2016-09-30": "7.62420", "2016-06-30": "7.89030", "2016-03-31": "8.01000", "2015-12-31": "7.15410", "2015-09-30": "6.98800", "2015-06-30": "6.15950", "2015-03-31": "5.76590", "2014-12-31": "5.64000", "2014-09-30": "5.30390", "2014-06-30": "5.07730", "2014-03-31": "4.93830", "2013-12-31": "3.95200", "2013-09-30": "4.92640", "2013-06-30": "4.89170", "2013-03-31": "4.41340", "2012-12-31": "4.26950", "2012-09-30": "4.79290", "2012-06-30": "5.18420", "2012-03-31": "5.12620", "2011-12-31": "2.90150", "2011-09-30": "4.58090", "2011-06-30": "5.98970", "2011-03-31": "5.66960", "2010-12-31": "3.99170", "2010-09-30": "4.21230", "2010-06-30": "5.70530", "2010-03-31": "4.09050", "2009-12-31": "1.55340", "2009-09-30": "5.31420", "2009-06-30": "-3.78780", "2009-03-31": "-8.66580", "2008-12-31": "-1.48060", "2008-09-30": "0.02870", "2008-06-30": "2.65140", "2008-03-31": "4.22280", "2007-12-31": "2.24410", "2007-09-30": "3.02130", "2007-06-30": "4.68800", "2007-03-31": "4.18510", "2006-12-31": "1.98110", "2006-09-30": "0.70770", "2006-06-30": "2.35330", "2006-03-31": "1.15850", "2005-12-31": "1.88520", "2005-09-30": "-1.41220", "2005-06-30": "0.67880", "2005-03-31": "1.13860"}, "EBITDA Margin": {"2020-09-30": "", "2020-06-30": "", "2020-03-31": "", "2019-12-31": "", "2019-09-30": "", "2019-06-30": "", "2019-03-31": "", "2018-12-31": "", "2018-09-30": "", "2018-06-30": "", "2018-03-31": "", "2017-12-31": "", "2017-09-30": "", "2017-06-30": "", "2017-03-31": "", "2016-12-31": "", "2016-09-30": "", "2016-06-30": "", "2016-03-31": "", "2015-12-31": "", "2015-09-30": "", "2015-06-30": "", "2015-03-31": "", "2014-12-31": "", "2014-09-30": "", "2014-06-30": "", "2014-03-31": "", "2013-12-31": "", "2013-09-30": "", "2013-06-30": "", "2013-03-31": "", "2012-12-31": "", "2012-09-30": "", "2012-06-30": "", "2012-03-31": "", "2011-12-31": "", "2011-09-30": "", "2011-06-30": "", "2011-03-31": "", "2010-12-31": "", "2010-09-30": "", "2010-06-30": "", "2010-03-31": "", "2009-12-31": "", "2009-09-30": "", "2009-06-30": "", "2009-03-31": "", "2008-12-31": "", "2008-09-30": "", "2008-06-30": "", "2008-03-31": "", "2007-12-31": "", "2007-09-30": "", "2007-06-30": "", "2007-03-31": "", "2006-12-31": "", "2006-09-30": "", "2006-06-30": "", "2006-03-31": "", "2005-12-31": "", "2005-09-30": "", "2005-06-30": "", "2005-03-31": ""}, "Pre-Tax Profit Margin": {"2020-09-30": "4.79990", "2020-06-30": "-13.02110", "2020-03-31": "2.43400", "2019-12-31": "2.75660", "2019-09-30": "5.53370", "2019-06-30": "5.32990", "2019-03-31": "5.56000", "2018-12-31": "6.43610", "2018-09-30": "6.72380", "2018-06-30": "7.94870", "2018-03-31": "7.81000", "2017-12-31": "6.84780", "2017-09-30": "7.73460", "2017-06-30": "7.45430", "2017-03-31": "7.84640", "2016-12-31": "6.63510", "2016-09-30": "6.85530", "2016-06-30": "7.95800", "2016-03-31": "7.37520", "2015-12-31": "6.54870", "2015-09-30": "5.99270", "2015-06-30": "5.52950", "2015-03-31": "4.56270", "2014-12-31": "4.81350", "2014-09-30": "4.67080", "2014-06-30": "4.39250", "2014-03-31": "3.88320", "2013-12-31": "3.08030", "2013-09-30": "4.05080", "2013-06-30": "4.21820", "2013-03-31": "3.71920", "2012-12-31": "4.15930", "2012-09-30": "4.36330", "2012-06-30": "4.52390", "2012-03-31": "4.77500", "2011-12-31": "2.22600", "2011-09-30": "3.97400", "2011-06-30": "5.48110", "2011-03-31": "5.65540", "2010-12-31": "2.60100", "2010-09-30": "3.68400", "2010-06-30": "6.00800", "2010-03-31": "2.72930", "2009-12-31": "1.88890", "2009-09-30": "1.93890", "2009-06-30": "-6.76900", "2009-03-31": "-11.85720", "2008-12-31": "-24.83080", "2008-09-30": "-2.28180", "2008-06-30": "1.56570", "2008-03-31": "2.94220", "2007-12-31": "0.95620", "2007-09-30": "1.68130", "2007-06-30": "3.46300", "2007-03-31": "1.86790", "2006-12-31": "-14.80670", "2006-09-30": "-1.61930", "2006-06-30": "0.65490", "2006-03-31": "0.31630", "2005-12-31": "-6.53810", "2005-09-30": "-19.76120", "2005-06-30": "-1.14050", "2005-03-31": "-0.06770"}, "Net Profit Margin": {"2020-09-30": "3.55910", "2020-06-30": "-12.02290", "2020-03-31": "1.71390", "2019-12-31": "3.16550", "2019-09-30": "4.54920", "2019-06-30": "3.63250", "2019-03-31": "4.56580", "2018-12-31": "4.42500", "2018-09-30": "5.11490", "2018-06-30": "5.77340", "2018-03-31": "6.07460", "2017-12-31": "7.41450", "2017-09-30": "5.47020", "2017-06-30": "6.08800", "2017-03-31": "6.11780", "2016-12-31": "4.95100", "2016-09-30": "4.73670", "2016-06-30": "5.97700", "2016-03-31": "5.32720", "2015-12-31": "4.98030", "2015-09-30": "4.17980", "2015-06-30": "3.92440", "2015-03-31": "3.25780", "2014-12-31": "5.75420", "2014-09-30": "3.30990", "2014-06-30": "3.23880", "2014-03-31": "2.79830", "2013-12-31": "1.71050", "2013-09-30": "2.87920", "2013-06-30": "3.33810", "2013-03-31": "2.74890", "2012-12-31": "23.71080", "2012-09-30": "3.43070", "2012-06-30": "3.96730", "2012-03-31": "3.68000", "2011-12-31": "3.03550", "2011-09-30": "2.91040", "2011-06-30": "4.82820", "2011-03-31": "4.44230", "2010-12-31": "2.74350", "2010-09-30": "3.37910", "2010-06-30": "5.25780", "2010-03-31": "2.24940", "2009-12-31": "0.87880", "2009-09-30": "0.96550", "2009-06-30": "-7.61070", "2009-03-31": "-12.21230", "2008-12-31": "-26.46520", "2008-09-30": "-3.13390", "2008-06-30": "0.45990", "2008-03-31": "2.02720", "2007-12-31": "0.69970", "2007-09-30": "1.14700", "2007-06-30": "2.97450", "2007-03-31": "1.13250", "2006-12-31": "-15.06830", "2006-09-30": "-1.81830", "2006-06-30": "-0.13310", "2006-03-31": "0.38260", "2005-12-31": "-13.70390", "2005-09-30": "-18.81550", "2005-06-30": "-1.00470", "2005-03-31": "0.36400"}, "Asset Turnover": {"2020-09-30": "0.38000", "2020-06-30": "0.19920", "2020-03-31": "0.34230", "2019-12-31": "0.37990", "2019-09-30": "0.37830", "2019-06-30": "0.38980", "2019-03-31": "0.41740", "2018-12-31": "0.42600", "2018-09-30": "0.40730", "2018-06-30": "0.45440", "2018-03-31": "0.45210", "2017-12-31": "0.44900", "2017-09-30": "0.42530", "2017-06-30": "0.45590", "2017-03-31": "0.47150", "2016-12-31": "0.46900", "2016-09-30": "0.44040", "2016-06-30": "0.46590", "2016-03-31": "0.46820", "2015-12-31": "0.50230", "2015-09-30": "0.44930", "2015-06-30": "0.47170", "2015-03-31": "0.47010", "2014-12-31": "0.49920", "2014-09-30": "0.48700", "2014-06-30": "0.51160", "2014-03-31": "0.48450", "2013-12-31": "0.51090", "2013-09-30": "0.46290", "2013-06-30": "0.50360", "2013-03-31": "0.44730", "2012-12-31": "0.45390", "2012-09-30": "0.47420", "2012-06-30": "0.48840", "2012-03-31": "0.48350", "2011-12-31": "0.50040", "2011-09-30": "0.47950", "2011-06-30": "0.48760", "2011-03-31": "0.47690", "2010-12-31": "0.47670", "2010-09-30": "0.42500", "2010-06-30": "0.48200", "2010-03-31": "0.47140", "2009-12-31": "0.45160", "2009-09-30": "0.35240", "2009-06-30": "0.35800", "2009-03-31": "0.33680", "2008-12-31": "0.37840", "2008-09-30": "0.40930", "2008-06-30": "0.47670", "2008-03-31": "0.46570", "2007-12-31": "0.49470", "2007-09-30": "0.44990", "2007-06-30": "0.52450", "2007-03-31": "0.57510", "2006-12-31": "0.54530", "2006-09-30": "0.48150", "2006-06-30": "0.54820", "2006-03-31": "0.55160", "2005-12-31": "0.53050", "2005-09-30": "0.44400", "2005-06-30": "0.48620", "2005-03-31": "0.43640"}, "Inventory Turnover Ratio": {"2020-09-30": "3.52190", "2020-06-30": "2.06510", "2020-03-31": "3.11370", "2019-12-31": "3.56920", "2019-09-30": "3.37350", "2019-06-30": "3.65190", "2019-03-31": "3.90410", "2018-12-31": "3.69310", "2018-09-30": "3.39660", "2018-06-30": "3.95800", "2018-03-31": "4.02930", "2017-12-31": "3.97190", "2017-09-30": "3.58960", "2017-06-30": "4.03180", "2017-03-31": "4.13560", "2016-12-31": "4.02790", "2016-09-30": "3.77470", "2016-06-30": "4.13760", "2016-03-31": "4.08760", "2015-12-31": "4.46800", "2015-09-30": "3.71620", "2015-06-30": "4.14920", "2015-03-31": "4.15470", "2014-12-31": "4.87020", "2014-09-30": "4.30600", "2014-06-30": "4.77090", "2014-03-31": "4.58640", "2013-12-31": "4.80850", "2013-09-30": "4.27490", "2013-06-30": "4.79170", "2013-03-31": "4.58120", "2012-12-31": "4.70030", "2012-09-30": "4.25370", "2012-06-30": "4.46780", "2012-03-31": "4.66000", "2011-12-31": "5.12040", "2011-09-30": "4.48510", "2011-06-30": "5.06340", "2011-03-31": "5.08500", "2010-12-31": "5.27170", "2010-09-30": "4.43010", "2010-06-30": "5.38530", "2010-03-31": "5.37170", "2009-12-31": "5.76220", "2009-09-30": "5.11450", "2009-06-30": "5.19220", "2009-03-31": "4.82880", "2008-12-31": "4.77020", "2008-09-30": "4.40390", "2008-06-30": "5.38050", "2008-03-31": "5.31730", "2007-12-31": "5.98350", "2007-09-30": "5.20750", "2007-06-30": "6.76060", "2007-03-31": "6.83670", "2006-12-31": "6.95250", "2006-09-30": "5.18830", "2006-06-30": "6.52180", "2006-03-31": "6.64080", "2005-12-31": "6.99870", "2005-09-30": "5.66150", "2005-06-30": "7.23510", "2005-03-31": "6.58410"}, "Receiveable Turnover": {"2020-09-30": "1.44680", "2020-06-30": "1.03800", "2020-03-31": "1.80320", "2019-12-31": "1.61520", "2019-09-30": "1.45300", "2019-06-30": "1.44410", "2019-03-31": "1.48760", "2018-12-31": "1.71590", "2018-09-30": "1.48150", "2018-06-30": "1.62230", "2018-03-31": "1.51080", "2017-12-31": "1.66020", "2017-09-30": "1.48350", "2017-06-30": "1.52580", "2017-03-31": "1.51070", "2016-12-31": "1.69070", "2016-09-30": "1.45570", "2016-06-30": "1.58160", "2016-03-31": "1.52940", "2015-12-31": "1.82420", "2015-09-30": "1.46300", "2015-06-30": "1.49250", "2015-03-31": "1.42610", "2014-12-31": "1.84070", "2014-09-30": "1.48880", "2014-06-30": "1.49620", "2014-03-31": "1.43990", "2013-12-31": "1.86810", "2013-09-30": "1.50860", "2013-06-30": "1.66660", "2013-03-31": "1.61900", "2012-12-31": "1.82260", "2012-09-30": "1.61370", "2012-06-30": "1.59810", "2012-03-31": "1.54000", "2011-12-31": "1.86610", "2011-09-30": "1.66160", "2011-06-30": "1.61260", "2011-03-31": "1.55500", "2010-12-31": "1.79510", "2010-09-30": "1.46200", "2010-06-30": "1.60970", "2010-03-31": "1.56780", "2009-12-31": "1.85310", "2009-09-30": "1.54620", "2009-06-30": "1.62130", "2009-03-31": "1.59870", "2008-12-31": "2.14780", "2008-09-30": "1.57800", "2008-06-30": "1.62100", "2008-03-31": "1.62080", "2007-12-31": "1.79690", "2007-09-30": "1.46540", "2007-06-30": "1.63780", "2007-03-31": "1.82620", "2006-12-31": "2.13290", "2006-09-30": "1.58240", "2006-06-30": "1.75090", "2006-03-31": "1.71590", "2005-12-31": "2.19850", "2005-09-30": "1.46290", "2005-06-30": "1.96260", "2005-03-31": "1.69550"}, "Days Sales In Receivables": {"2020-09-30": "62.20530", "2020-06-30": "86.70120", "2020-03-31": "49.91120", "2019-12-31": "55.71940", "2019-09-30": "61.94050", "2019-06-30": "62.32390", "2019-03-31": "60.50120", "2018-12-31": "52.44960", "2018-09-30": "60.74950", "2018-06-30": "55.47750", "2018-03-31": "59.57200", "2017-12-31": "54.21010", "2017-09-30": "60.66670", "2017-06-30": "58.98520", "2017-03-31": "59.57630", "2016-12-31": "53.23250", "2016-09-30": "61.82730", "2016-06-30": "56.90340", "2016-03-31": "58.84580", "2015-12-31": "49.33750", "2015-09-30": "61.51790", "2015-06-30": "60.29970", "2015-03-31": "63.10990", "2014-12-31": "48.89400", "2014-09-30": "60.45080", "2014-06-30": "60.15050", "2014-03-31": "62.50330", "2013-12-31": "48.17720", "2013-09-30": "59.65770", "2013-06-30": "54.00310", "2013-03-31": "55.59020", "2012-12-31": "49.37970", "2012-09-30": "55.77120", "2012-06-30": "56.31570", "2012-03-31": "58.44320", "2011-12-31": "48.22830", "2011-09-30": "54.16390", "2011-06-30": "55.80960", "2011-03-31": "57.87970", "2010-12-31": "50.13650", "2010-09-30": "61.56050", "2010-06-30": "55.91060", "2010-03-31": "57.40580", "2009-12-31": "48.56730", "2009-09-30": "58.20560", "2009-06-30": "55.51120", "2009-03-31": "56.29620", "2008-12-31": "41.90240", "2008-09-30": "57.03590", "2008-06-30": "55.52220", "2008-03-31": "55.52910", "2007-12-31": "50.08660", "2007-09-30": "61.41580", "2007-06-30": "54.95340", "2007-03-31": "49.28240", "2006-12-31": "42.19620", "2006-09-30": "56.87450", "2006-06-30": "51.40080", "2006-03-31": "52.45140", "2005-12-31": "40.93630", "2005-09-30": "61.52090", "2005-06-30": "45.85840", "2005-03-31": "53.08030"}, "ROE - Return On Equity": {"2020-09-30": "4.60930", "2020-06-30": "-6.76590", "2020-03-31": "1.99840", "2019-12-31": "3.19920", "2019-09-30": "5.45360", "2019-06-30": "4.59140", "2019-03-31": "5.60120", "2018-12-31": "5.56800", "2018-09-30": "6.19290", "2018-06-30": "8.01830", "2018-03-31": "8.21590", "2017-12-31": "9.79360", "2017-09-30": "7.82160", "2017-06-30": "8.70560", "2017-03-31": "9.19590", "2016-12-31": "7.78290", "2016-09-30": "7.24640", "2016-06-30": "9.33110", "2016-03-31": "8.34820", "2015-12-31": "8.38060", "2015-09-30": "6.60900", "2015-06-30": "6.47690", "2015-03-31": "5.41880", "2014-12-31": "8.84690", "2014-09-30": "4.68660", "2014-06-30": "4.89880", "2014-03-31": "3.96610", "2013-12-31": "2.53690", "2013-09-30": "3.99660", "2013-06-30": "5.09980", "2013-03-31": "3.35360", "2012-12-31": "24.64150", "2012-09-30": "4.57140", "2012-06-30": "5.72490", "2012-03-31": "5.33750", "2011-12-31": "4.44730", "2011-09-30": "3.94070", "2011-06-30": "6.39930", "2011-03-31": "5.88700", "2010-12-31": "4.81940", "2010-09-30": "3.99790", "2010-06-30": "7.54480", "2010-03-31": "3.63980", "2009-12-31": "1.32490", "2009-09-30": "-51.09620", "2009-06-30": "99.11710", "2009-03-31": "634.78390", "2008-12-31": "-274.12190", "2008-09-30": "-8.16540", "2008-06-30": "1.90730", "2008-03-31": "6.57710", "2007-12-31": "4.82260", "2007-09-30": "4.39580", "2007-06-30": "14.82730", "2007-03-31": "7.20580", "2006-12-31": "-107.14290", "2006-09-30": "-6.58830", "2006-06-30": "-0.54490", "2006-03-31": "1.32210", "2005-12-31": "-54.23940", "2005-09-30": "-42.65080", "2005-06-30": "-1.76150", "2005-03-31": "0.58830"}, "Return On Tangible Equity": {"2020-09-30": "7.44590", "2020-06-30": "-11.33730", "2020-03-31": "3.22640", "2019-12-31": "4.98820", "2019-09-30": "8.59910", "2019-06-30": "7.21610", "2019-03-31": "8.23790", "2018-12-31": "8.21570", "2018-09-30": "9.07710", "2018-06-30": "11.80970", "2018-03-31": "12.11040", "2017-12-31": "14.54020", "2017-09-30": "11.93090", "2017-06-30": "13.16370", "2017-03-31": "13.64550", "2016-12-31": "11.99560", "2016-09-30": "10.81160", "2016-06-30": "14.12470", "2016-03-31": "12.62570", "2015-12-31": "12.87740", "2015-09-30": "10.37180", "2015-06-30": "10.02860", "2015-03-31": "8.54460", "2014-12-31": "11.63650", "2014-09-30": "6.12270", "2014-06-30": "6.39770", "2014-03-31": "5.17110", "2013-12-31": "3.33990", "2013-09-30": "5.38560", "2013-06-30": "6.95780", "2013-03-31": "4.25970", "2012-12-31": "31.06050", "2012-09-30": "6.17770", "2012-06-30": "7.81640", "2012-03-31": "6.97420", "2011-12-31": "5.89390", "2011-09-30": "5.12030", "2011-06-30": "8.25220", "2011-03-31": "7.66840", "2010-12-31": "6.33510", "2010-09-30": "5.13100", "2010-06-30": "9.58260", "2010-03-31": "4.52260", "2009-12-31": "1.50600", "2009-09-30": "-1.92880", "2009-06-30": "10.16230", "2009-03-31": "17.45140", "2008-12-31": "55.07340", "2008-09-30": "10.03480", "2008-06-30": "-3.16330", "2008-03-31": "-9.81260", "2007-12-31": "-5.46040", "2007-09-30": "-3.70600", "2007-06-30": "-10.48970", "2007-03-31": "-3.79730", "2006-12-31": "46.24650", "2006-09-30": "8.58970", "2006-06-30": "0.79630", "2006-03-31": "-1.86270", "2005-12-31": "72.70760", "2005-09-30": "139.94400", "2005-06-30": "9.48110", "2005-03-31": "-4.20940"}, "ROA - Return On Assets": {"2020-09-30": "1.52850", "2020-06-30": "-2.19660", "2020-03-31": "0.64200", "2019-12-31": "1.13560", "2019-09-30": "1.87090", "2019-06-30": "1.57230", "2019-03-31": "1.99080", "2018-12-31": "2.09300", "2018-09-30": "2.28740", "2018-06-30": "2.89030", "2018-03-31": "2.95080", "2017-12-31": "3.51920", "2017-09-30": "2.68950", "2017-06-30": "2.91000", "2017-03-31": "3.00460", "2016-12-31": "2.50990", "2016-09-30": "2.28660", "2016-06-30": "2.90420", "2016-03-31": "2.63570", "2015-12-31": "2.68880", "2015-09-30": "2.00550", "2015-06-30": "1.96330", "2015-03-31": "1.62920", "2014-12-31": "2.94080", "2014-09-30": "1.70170", "2014-06-30": "1.76080", "2014-03-31": "1.42920", "2013-12-31": "0.95910", "2013-09-30": "1.37870", "2013-06-30": "1.74240", "2013-03-31": "1.32480", "2012-12-31": "10.86270", "2012-09-30": "1.71660", "2012-06-30": "2.06030", "2012-03-31": "1.91610", "2011-12-31": "1.62460", "2011-09-30": "1.49810", "2011-06-30": "2.46320", "2011-03-31": "2.20970", "2010-12-31": "1.86980", "2010-09-30": "1.48430", "2010-06-30": "2.62160", "2010-03-31": "1.18400", "2009-12-31": "0.38690", "2009-09-30": "0.41910", "2009-06-30": "-2.64290", "2009-03-31": "-4.08140", "2008-12-31": "-9.87940", "2008-09-30": "-1.20700", "2008-06-30": "0.29710", "2008-03-31": "0.99230", "2007-12-31": "0.67430", "2007-09-30": "0.51610", "2007-06-30": "1.56030", "2007-03-31": "0.65140", "2006-12-31": "-8.21600", "2006-09-30": "-0.87560", "2006-06-30": "-0.07290", "2006-03-31": "0.17690", "2005-12-31": "-7.27040", "2005-09-30": "-8.35340", "2005-06-30": "-0.48850", "2005-03-31": "0.15880"}, "ROI - Return On Investment": {"2020-09-30": "2.99730", "2020-06-30": "-4.28740", "2020-03-31": "1.28810", "2019-12-31": "2.11930", "2019-09-30": "3.57580", "2019-06-30": "3.01510", "2019-03-31": "3.88640", "2018-12-31": "3.85300", "2018-09-30": "4.30410", "2018-06-30": "5.56810", "2018-03-31": "5.75290", "2017-12-31": "6.73280", "2017-09-30": "5.26730", "2017-06-30": "5.80480", "2017-03-31": "5.95050", "2016-12-31": "4.88130", "2016-09-30": "4.56280", "2016-06-30": "5.80580", "2016-03-31": "5.17460", "2015-12-31": "5.10970", "2015-09-30": "3.95510", "2015-06-30": "3.89900", "2015-03-31": "3.22150", "2014-12-31": "5.97770", "2014-09-30": "3.50100", "2014-06-30": "3.67850", "2014-03-31": "2.98300", "2013-12-31": "1.89940", "2013-09-30": "2.93440", "2013-06-30": "3.69880", "2013-03-31": "2.57340", "2012-12-31": "21.00040", "2012-09-30": "3.73640", "2012-06-30": "4.55230", "2012-03-31": "4.24590", "2011-12-31": "3.49760", "2011-09-30": "3.14390", "2011-06-30": "5.16260", "2011-03-31": "4.70410", "2010-12-31": "3.79320", "2010-09-30": "3.04690", "2010-06-30": "5.47750", "2010-03-31": "2.50980", "2009-12-31": "0.75590", "2009-09-30": "-59.29550", "2009-06-30": "102.49540", "2009-03-31": "-20.84720", "2008-12-31": "-43.78670", "2008-09-30": "-2.69470", "2008-06-30": "0.68840", "2008-03-31": "2.28630", "2007-12-31": "1.53120", "2007-09-30": "1.24840", "2007-06-30": "3.87950", "2007-03-31": "1.59720", "2006-12-31": "-21.24160", "2006-09-30": "-2.13080", "2006-06-30": "-0.17830", "2006-03-31": "0.44480", "2005-12-31": "-17.96610", "2005-09-30": "-18.52010", "2005-06-30": "-1.01870", "2005-03-31": "0.34630"}, "Book Value Per Share": {"2020-09-30": "71.28620", "2020-06-30": "66.45310", "2020-03-31": "69.81710", "2019-12-31": "74.47840", "2019-09-30": "72.14400", "2019-06-30": "71.84380", "2019-03-31": "70.39490", "2018-12-31": "69.28190", "2018-09-30": "68.72260", "2018-06-30": "67.41790", "2018-03-31": "68.62230", "2017-12-31": "64.18940", "2017-09-30": "59.61070", "2017-06-30": "55.18630", "2017-03-31": "50.23420", "2016-12-31": "45.98600", "2016-09-30": "46.18150", "2016-06-30": "44.12650", "2016-03-31": "42.62610", "2015-12-31": "40.52560", "2015-09-30": "38.84150", "2015-06-30": "38.82900", "2015-03-31": "37.18970", "2014-12-31": "38.82620", "2014-09-30": "39.82180", "2014-06-30": "40.15810", "2014-03-31": "39.88660", "2013-12-31": "39.00260", "2013-09-30": "36.18610", "2013-06-30": "34.60280", "2013-03-31": "37.70680", "2012-12-31": "37.64980", "2012-09-30": "28.91880", "2012-06-30": "27.56030", "2012-03-31": "27.15260", "2011-12-31": "25.43630", "2011-09-30": "26.81890", "2011-06-30": "27.94050", "2011-03-31": "26.38700", "2010-12-31": "24.42360", "2010-09-30": "25.12230", "2010-06-30": "24.15750", "2010-03-31": "25.25920", "2009-12-31": "29.64890", "2009-09-30": "-0.38250", "2009-06-30": "-1.09580", "2009-03-31": "-0.26700", "2008-12-31": "1.60000", "2008-09-30": "7.33350", "2008-06-30": "8.40930", "2008-03-31": "8.08370", "2007-12-31": "7.06500", "2007-09-30": "6.04920", "2007-06-30": "5.43410", "2007-03-31": "4.51680", "2006-12-31": "3.94740", "2006-09-30": "8.33560", "2006-06-30": "8.72090", "2006-03-31": "8.42570", "2005-12-31": "8.26800", "2005-09-30": "13.09180", "2005-06-30": "18.77960", "2005-03-31": "19.76550"}, "Operating Cash Flow Per Share": {"2020-09-30": 9.3757, "2020-06-30": -8.6915, "2020-03-31": "3.66350", "2019-12-31": 7.7071, "2019-09-30": 5.7213, "2019-06-30": 6.494, "2019-03-31": "0.81750", "2018-12-31": 11.391, "2018-09-30": 4.2111, "2018-06-30": 7.7936, "2018-03-31": "3.50490", "2017-12-31": 8.5331, "2017-09-30": 5.0337, "2017-06-30": 8.2057, "2017-03-31": "3.96580", "2016-12-31": 6.9622, "2016-09-30": 4.1131, "2016-06-30": 7.2452, "2016-03-31": "3.82380", "2015-12-31": 7.4838, "2015-09-30": 3.6355, "2015-06-30": 6.0679, "2015-03-31": "-0.84220", "2014-12-31": 6.2947, "2014-09-30": 2.9219, "2014-06-30": 2.7906, "2014-03-31": "-0.65490", "2013-12-31": 4.2353, "2013-09-30": 2.1526, "2013-06-30": 2.4367, "2013-03-31": "0.66550", "2012-12-31": 3.6623, "2012-09-30": 2.0601, "2012-06-30": 1.5471, "2012-03-31": "0.04120", "2011-12-31": 2.5501, "2011-09-30": 1.5215, "2011-06-30": 1.9353, "2011-03-31": "1.42460", "2010-12-31": 2.2024, "2010-09-30": 1.0886, "2010-06-30": 2.1006, "2010-03-31": "0.36020", "2009-12-31": -0.9729, "2009-09-30": 0.993, "2009-06-30": -0.3831, "2009-03-31": "-2.17430", "2008-12-31": -0.5714, "2008-09-30": 0.2973, "2008-06-30": 0.4659, "2008-03-31": "0.86720", "2007-12-31": 1.1435, "2007-09-30": 0.3899, "2007-06-30": 1.8511, "2007-03-31": "-0.26800", "2006-12-31": 1.2916, "2006-09-30": -0.0604, "2006-06-30": 0.558, "2006-03-31": "0.29000", "2005-12-31": 2.4709, "2005-09-30": -2.2166, "2005-06-30": 3.0585, "2005-03-31": "0.86190"}, "Free Cash Flow Per Share": {"2020-09-30": 7.8946, "2020-06-30": -10.1414, "2020-03-31": "1.86560", "2019-12-31": 4.6417, "2019-09-30": 3.193, "2019-06-30": 4.281, "2019-03-31": "-1.12800", "2018-12-31": 8.6386, "2018-09-30": 1.711, "2018-06-30": 5.2233, "2018-03-31": "1.09530", "2017-12-31": 6.2017, "2017-09-30": 2.7291, "2017-06-30": 5.9781, "2017-03-31": "2.24810", "2016-12-31": 3.9054, "2016-09-30": 2.4052, "2016-06-30": 5.9526, "2016-03-31": "2.65650", "2015-12-31": 5.4699, "2015-09-30": 2.1294, "2015-06-30": 4.5904, "2015-03-31": "-2.09160", "2014-12-31": 4.5478, "2014-09-30": 1.7801, "2014-06-30": 1.6476, "2014-03-31": "-1.81970", "2013-12-31": 2.932, "2013-09-30": 0.7722, "2013-06-30": 0.8199, "2013-03-31": "-0.36400", "2012-12-31": 2.1108, "2012-09-30": 0.8136, "2012-06-30": 0.4438, "2012-03-31": "-0.64850", "2011-12-31": 1.7927, "2011-09-30": 0.6347, "2011-06-30": 1.1324, "2011-03-31": "0.77330", "2010-12-31": 1.4801, "2010-09-30": 0.7299, "2010-06-30": 1.716, "2010-03-31": "0.03800", "2009-12-31": -2.289, "2009-09-30": 0.8601, "2009-06-30": -0.521, "2009-03-31": "-2.30790", "2008-12-31": -0.7899, "2008-09-30": 0.0397, "2008-06-30": 0.1466, "2008-03-31": "0.57710", "2007-12-31": 0.5782, "2007-09-30": 0.0994, "2007-06-30": 1.6014, "2007-03-31": "-0.45520", "2006-12-31": 0.7516, "2006-09-30": -0.6821, "2006-06-30": -0.132, "2006-03-31": "-0.39150", "2005-12-31": 1.3248, "2005-09-30": -3.222, "2005-06-30": 1.9199, "2005-03-31": "-0.07930"}}, "revenue": {"Lear Annual Revenue (Millions of US $)": {"2020": "$17,046", "2019": "$19,810", "2018": "$21,149", "2017": "$20,467", "2016": "$18,558", "2015": "$18,211", "2014": "$17,727", "2013": "$16,234", "2012": "$14,567", "2011": "$14,157", "2010": "$11,955", "2009": "$9,740", "2008": "$13,571", "2007": "$15,995", "2006": "$17,839", "2005": "$17,089"}, "Lear Quarterly Revenue (Millions of US $)": {"2020-12-31": "$5,243", "2020-09-30": "$4,900", "2020-06-30": "$2,445", "2020-03-31": "$4,458", "2019-12-31": "$4,818", "2019-09-30": "$4,825", "2019-06-30": "$5,008", "2019-03-31": "$5,160", "2018-12-31": "$4,942", "2018-09-30": "$4,892", "2018-06-30": "$5,581", "2018-03-31": "$5,734", "2017-12-31": "$5,364", "2017-09-30": "$4,982", "2017-06-30": "$5,123", "2017-03-31": "$4,999", "2016-12-31": "$4,644", "2016-09-30": "$4,526", "2016-06-30": "$4,725", "2016-03-31": "$4,663", "2015-12-31": "$4,725", "2015-09-30": "$4,330", "2015-06-30": "$4,635", "2015-03-31": "$4,521", "2014-12-31": "$4,550", "2014-09-30": "$4,233", "2014-06-30": "$4,585", "2014-03-31": "$4,360", "2013-12-31": "$4,256", "2013-09-30": "$3,918", "2013-06-30": "$4,113", "2013-03-31": "$3,947", "2012-12-31": "$3,719", "2012-09-30": "$3,539", "2012-06-30": "$3,665", "2012-03-31": "$3,644", "2011-12-31": "$3,509", "2011-09-30": "$3,460", "2011-06-30": "$3,676", "2011-03-31": "$3,512", "2010-12-31": "$3,157", "2010-09-30": "$2,820", "2010-06-30": "$3,039", "2010-03-31": "$2,939", "2009-12-31": "$2,742", "2009-09-30": "$2,548", "2009-06-30": "$2,281", "2009-03-31": "$2,168", "2008-12-31": "$2,600", "2008-09-30": "$3,134", "2008-06-30": "$3,979", "2008-03-31": "$3,858", "2007-12-31": "$3,859", "2007-09-30": "$3,575", "2007-06-30": "$4,155", "2007-03-31": "$4,406", "2006-12-31": "$4,281", "2006-09-30": "$4,070", "2006-06-30": "$4,810", "2006-03-31": "$4,679", "2005-12-31": "$4,397", "2005-09-30": "$3,987", "2005-06-30": "$4,419", "2005-03-31": "$4,286"}}, "gross-profit": {"Lear Annual Gross Profit (Millions of US $)": {"2020": "$1,109", "2019": "$1,738", "2018": "$2,318", "2017": "$2,291", "2016": "$2,123", "2015": "$1,820", "2014": "$1,493", "2013": "$1,300", "2012": "$1,218", "2011": "$1,193", "2010": "$1,018", "2009": "$360", "2008": "$748", "2007": "$1,152", "2006": "$928", "2005": "$736"}, "Lear Quarterly Gross Profit (Millions of US $)": {"2020-12-31": "$459", "2020-09-30": "$443", "2020-06-30": "$-127", "2020-03-31": "$334", "2019-12-31": "$327", "2019-09-30": "$459", "2019-06-30": "$478", "2019-03-31": "$473", "2018-12-31": "$523", "2018-09-30": "$526", "2018-06-30": "$638", "2018-03-31": "$631", "2017-12-31": "$575", "2017-09-30": "$556", "2017-06-30": "$578", "2017-03-31": "$583", "2016-12-31": "$533", "2016-09-30": "$514", "2016-06-30": "$540", "2016-03-31": "$536", "2015-12-31": "$491", "2015-09-30": "$453", "2015-06-30": "$450", "2015-03-31": "$426", "2014-12-31": "$392", "2014-09-30": "$361", "2014-06-30": "$379", "2014-03-31": "$361", "2013-12-31": "$319", "2013-09-30": "$330", "2013-06-30": "$338", "2013-03-31": "$312", "2012-12-31": "$302", "2012-09-30": "$291", "2012-06-30": "$315", "2012-03-31": "$310", "2011-12-31": "$243", "2011-09-30": "$281", "2011-06-30": "$347", "2011-03-31": "$323", "2010-12-31": "$235", "2010-09-30": "$236", "2010-06-30": "$293", "2010-03-31": "$255", "2009-12-31": "$164", "2009-09-30": "$235", "2009-06-30": "$36", "2009-03-31": "$-75", "2008-12-31": "$62", "2008-09-30": "$129", "2008-06-30": "$261", "2008-03-31": "$296", "2007-12-31": "$236", "2007-09-30": "$267", "2007-06-30": "$338", "2007-03-31": "$311", "2006-12-31": "$238", "2006-09-30": "$187", "2006-06-30": "$284", "2006-03-31": "$219", "2005-12-31": "$229", "2005-09-30": "$86", "2005-06-30": "$221", "2005-03-31": "$200"}}, "operating-income": {"Lear Annual Operating Income (Millions of US $)": {"2020": "$454", "2019": "$1,070", "2018": "$1,654", "2017": "$1,608", "2016": "$1,461", "2015": "$1,187", "2014": "$929", "2013": "$737", "2012": "$705", "2011": "$680", "2010": "$538", "2009": "$-96", "2008": "$231", "2007": "$574", "2006": "$281", "2005": "$105"}, "Lear Quarterly Operating Income (Millions of US $)": {"2020-12-31": "$296", "2020-09-30": "$279", "2020-06-30": "$-294", "2020-03-31": "$173", "2019-12-31": "$152", "2019-09-30": "$301", "2019-06-30": "$305", "2019-03-31": "$312", "2018-12-31": "$360", "2018-09-30": "$363", "2018-06-30": "$468", "2018-03-31": "$463", "2017-12-31": "$397", "2017-09-30": "$385", "2017-06-30": "$409", "2017-03-31": "$417", "2016-12-31": "$370", "2016-09-30": "$345", "2016-06-30": "$373", "2016-03-31": "$374", "2015-12-31": "$338", "2015-09-30": "$303", "2015-06-30": "$286", "2015-03-31": "$261", "2014-12-31": "$257", "2014-09-30": "$225", "2014-06-30": "$233", "2014-03-31": "$215", "2013-12-31": "$168", "2013-09-30": "$193", "2013-06-30": "$201", "2013-03-31": "$174", "2012-12-31": "$159", "2012-09-30": "$170", "2012-06-30": "$190", "2012-03-31": "$187", "2011-12-31": "$102", "2011-09-30": "$159", "2011-06-30": "$220", "2011-03-31": "$199", "2010-12-31": "$126", "2010-09-30": "$119", "2010-06-30": "$173", "2010-03-31": "$120", "2009-12-31": "$43", "2009-09-30": "$135", "2009-06-30": "$-86", "2009-03-31": "$-188", "2008-12-31": "$-39", "2008-09-30": "$1", "2008-06-30": "$106", "2008-03-31": "$163", "2007-12-31": "$87", "2007-09-30": "$108", "2007-06-30": "$195", "2007-03-31": "$184", "2006-12-31": "$85", "2006-09-30": "$29", "2006-06-30": "$113", "2006-03-31": "$54", "2005-12-31": "$83", "2005-09-30": "$-56", "2005-06-30": "$30", "2005-03-31": "$49"}}, "ebitda": {"Lear Annual EBITDA (Millions of US $)": {"2019": "$1,595", "2018": "$2,145", "2017": "$2,039", "2016": "$1,840", "2015": "$1,535", "2014": "$1,240", "2013": "$1,022", "2012": "$945", "2011": "$926", "2010": "$774", "2009": "$486", "2008": "$1,060", "2007": "$871", "2006": "$676", "2005": "$1,512"}, "Lear Quarterly EBITDA (Millions of US $)": {"2020-09-30": "$415", "2020-06-30": "$-164", "2020-03-31": "$304", "2019-12-31": "$296", "2019-09-30": "$429", "2019-06-30": "$434", "2019-03-31": "$436", "2018-12-31": "$488", "2018-09-30": "$483", "2018-06-30": "$590", "2018-03-31": "$583", "2017-12-31": "$515", "2017-09-30": "$497", "2017-06-30": "$514", "2017-03-31": "$514", "2016-12-31": "$465", "2016-09-30": "$444", "2016-06-30": "$467", "2016-03-31": "$464", "2015-12-31": "$428", "2015-09-30": "$391", "2015-06-30": "$370", "2015-03-31": "$345", "2014-12-31": "$335", "2014-09-30": "$304", "2014-06-30": "$311", "2014-03-31": "$290", "2013-12-31": "$245", "2013-09-30": "$266", "2013-06-30": "$270", "2013-03-31": "$241", "2012-12-31": "$225", "2012-09-30": "$233", "2012-06-30": "$247", "2012-03-31": "$241", "2011-12-31": "$159", "2011-09-30": "$222", "2011-06-30": "$285", "2011-03-31": "$261", "2010-12-31": "$188", "2010-09-30": "$178", "2010-06-30": "$231", "2010-03-31": "$179", "2009-12-31": "$426", "2009-09-30": "$200", "2009-06-30": "$-18", "2009-03-31": "$-122", "2008-12-31": "$563", "2008-09-30": "$77", "2008-06-30": "$183", "2008-03-31": "$237", "2007-12-31": "$163", "2007-09-30": "$179", "2007-06-30": "$271", "2007-03-31": "$259", "2006-12-31": "$181", "2006-09-30": "$127", "2006-06-30": "$217", "2006-03-31": "$152", "2005-12-31": "$528", "2005-09-30": "$713", "2005-06-30": "$126", "2005-03-31": "$144"}}, "net-income": {"Lear Annual Net Income (Millions of US $)": {"2020": "$159", "2019": "$790", "2018": "$1,139", "2017": "$1,288", "2016": "$975", "2015": "$746", "2014": "$672", "2013": "$431", "2012": "$1,283", "2011": "$541", "2010": "$408", "2009": "$-390", "2008": "$-690", "2007": "$242", "2006": "$-708", "2005": "$-1,382"}, "Lear Quarterly Net Income (Millions of US $)": {"2020-12-31": "$202", "2020-09-30": "$174", "2020-06-30": "$-294", "2020-03-31": "$76", "2019-12-31": "$153", "2019-09-30": "$220", "2019-06-30": "$182", "2019-03-31": "$236", "2018-12-31": "$219", "2018-09-30": "$250", "2018-06-30": "$322", "2018-03-31": "$348", "2017-12-31": "$398", "2017-09-30": "$273", "2017-06-30": "$312", "2017-03-31": "$306", "2016-12-31": "$230", "2016-09-30": "$214", "2016-06-30": "$282", "2016-03-31": "$248", "2015-12-31": "$235", "2015-09-30": "$181", "2015-06-30": "$182", "2015-03-31": "$147", "2014-12-31": "$262", "2014-09-30": "$140", "2014-06-30": "$149", "2014-03-31": "$122", "2013-12-31": "$73", "2013-09-30": "$113", "2013-06-30": "$137", "2013-03-31": "$109", "2012-12-31": "$882", "2012-09-30": "$121", "2012-06-30": "$145", "2012-03-31": "$134", "2011-12-31": "$107", "2011-09-30": "$101", "2011-06-30": "$178", "2011-03-31": "$156", "2010-12-31": "$87", "2010-09-30": "$95", "2010-06-30": "$160", "2010-03-31": "$66", "2009-12-31": "$24", "2009-09-30": "$25", "2009-06-30": "$-174", "2009-03-31": "$-265", "2008-12-31": "$-688", "2008-09-30": "$-98", "2008-06-30": "$18", "2008-03-31": "$78", "2007-12-31": "$27", "2007-09-30": "$41", "2007-06-30": "$124", "2007-03-31": "$50", "2006-12-31": "$-645", "2006-09-30": "$-74", "2006-06-30": "$-6", "2006-03-31": "$18", "2005-12-31": "$-603", "2005-09-30": "$-750", "2005-06-30": "$-44", "2005-03-31": "$16"}}, "eps-earnings-per-share-diluted": {"Lear Annual EPS": {"2020": "$2.62", "2019": "$12.75", "2018": "$17.22", "2017": "$18.59", "2016": "$13.33", "2015": "$9.59", "2014": "$8.23", "2013": "$4.99", "2012": "$12.85", "2011": "$5.08", "2010": "$4.05", "2009": "$-5.64", "2008": "$-4.47", "2007": "$1.55", "2006": "$-5.16", "2005": "$-10.29"}, "Lear Quarterly EPS": {"2020-12-31": "$3.33", "2020-09-30": "$2.89", "2020-06-30": "$-4.89", "2020-03-31": "$1.26", "2019-12-31": "$2.52", "2019-09-30": "$3.58", "2019-06-30": "$2.92", "2019-03-31": "$3.73", "2018-12-31": "$3.43", "2018-09-30": "$3.80", "2018-06-30": "$4.83", "2018-03-31": "$5.16", "2017-12-31": "$5.79", "2017-09-30": "$3.96", "2017-06-30": "$4.49", "2017-03-31": "$4.35", "2016-12-31": "$3.24", "2016-09-30": "$2.98", "2016-06-30": "$3.82", "2016-03-31": "$3.29", "2015-12-31": "$3.06", "2015-09-30": "$2.34", "2015-06-30": "$2.33", "2015-03-31": "$1.86", "2014-12-31": "$3.23", "2014-09-30": "$1.72", "2014-06-30": "$1.81", "2014-03-31": "$1.47", "2013-12-31": "$0.88", "2013-09-30": "$1.38", "2013-06-30": "$1.60", "2013-03-31": "$1.13", "2012-12-31": "$8.85", "2012-09-30": "$1.23", "2012-06-30": "$1.45", "2012-03-31": "$1.32", "2011-12-31": "$1.04", "2011-09-30": "$0.95", "2011-06-30": "$1.65", "2011-03-31": "$1.44", "2010-12-31": "$1.08", "2010-09-30": "$0.88", "2010-06-30": "$1.48", "2010-03-31": "$0.61", "2009-12-31": "$-2.97", "2009-09-30": "$0.16", "2009-06-30": "$-1.12", "2009-03-31": "$-1.71", "2008-12-31": "$-4.45", "2008-09-30": "$-0.64", "2008-06-30": "$0.12", "2008-03-31": "$0.50", "2007-12-31": "$0.17", "2007-09-30": "$0.26", "2007-06-30": "$0.79", "2007-03-31": "$0.33", "2006-12-31": "$-4.69", "2006-09-30": "$-0.55", "2006-06-30": "$-0.05", "2006-03-31": "$0.13", "2005-12-31": "$-4.49", "2005-09-30": "$-5.59", "2005-06-30": "$-0.33", "2005-03-31": "$0.12"}}, "shares-outstanding": {"Lear Annual Shares Outstanding (Millions of Shares)": {"2020": "60", "2019": "62", "2018": "66", "2017": "69", "2016": "73", "2015": "78", "2014": "82", "2013": "86", "2012": "100", "2011": "106", "2010": "108", "2009": "69", "2008": "154", "2007": "156", "2006": "137", "2005": "134"}, "Lear Quarterly Shares Outstanding (Millions of Shares)": {"2020-12-31": "61", "2020-09-30": "60", "2020-06-30": "60", "2020-03-31": "61", "2019-12-31": "62", "2019-09-30": "61", "2019-06-30": "62", "2019-03-31": "63", "2018-12-31": "66", "2018-09-30": "66", "2018-06-30": "67", "2018-03-31": "68", "2017-12-31": "69", "2017-09-30": "69", "2017-06-30": "69", "2017-03-31": "70", "2016-12-31": "73", "2016-09-30": "72", "2016-06-30": "74", "2016-03-31": "75", "2015-12-31": "78", "2015-09-30": "77", "2015-06-30": "78", "2015-03-31": "79", "2014-12-31": "82", "2014-09-30": "81", "2014-06-30": "82", "2014-03-31": "83", "2013-12-31": "86", "2013-09-30": "82", "2013-06-30": "86", "2013-03-31": "96", "2012-12-31": "100", "2012-09-30": "99", "2012-06-30": "101", "2012-03-31": "102", "2011-12-31": "106", "2011-09-30": "106", "2011-06-30": "107", "2011-03-31": "108", "2010-12-31": "108", "2010-09-30": "108", "2010-06-30": "108", "2010-03-31": "108", "2009-12-31": "69", "2009-09-30": "155", "2009-06-30": "155", "2009-03-31": "155", "2008-12-31": "154", "2008-09-30": "154", "2008-06-30": "157", "2008-03-31": "157", "2007-12-31": "156", "2007-09-30": "157", "2007-06-30": "156", "2007-03-31": "156", "2006-12-31": "137", "2006-09-30": "135", "2006-06-30": "135", "2006-03-31": "136", "2005-12-31": "134", "2005-09-30": "134", "2005-06-30": "134", "2005-03-31": "137"}}, "total-assets": {"Lear Annual Total Assets (Millions of US $)": {"2019": "$12,681", "2018": "$11,601", "2017": "$11,946", "2016": "$9,901", "2015": "$9,406", "2014": "$9,113", "2013": "$8,331", "2012": "$8,194", "2011": "$7,011", "2010": "$6,621", "2009": "$6,073", "2008": "$6,873", "2007": "$7,800", "2006": "$7,851", "2005": "$8,288"}, "Lear Quarterly Total Assets (Millions of US $)": {"2020-09-30": "$12,895", "2020-06-30": "$12,269", "2020-03-31": "$13,022", "2019-12-31": "$12,681", "2019-09-30": "$12,753", "2019-06-30": "$12,848", "2019-03-31": "$12,362", "2018-12-31": "$11,601", "2018-09-30": "$12,009", "2018-06-30": "$12,282", "2018-03-31": "$12,681", "2017-12-31": "$11,946", "2017-09-30": "$11,712", "2017-06-30": "$11,237", "2017-03-31": "$10,601", "2016-12-31": "$9,901", "2016-09-30": "$10,277", "2016-06-30": "$10,141", "2016-03-31": "$9,960", "2015-12-31": "$9,406", "2015-09-30": "$9,639", "2015-06-30": "$9,825", "2015-03-31": "$9,618", "2014-12-31": "$9,113", "2014-09-30": "$8,691", "2014-06-30": "$8,962", "2014-03-31": "$8,998", "2013-12-31": "$8,331", "2013-09-30": "$8,464", "2013-06-30": "$8,167", "2013-03-31": "$8,824", "2012-12-31": "$8,194", "2012-09-30": "$7,462", "2012-06-30": "$7,504", "2012-03-31": "$7,536", "2011-12-31": "$7,011", "2011-09-30": "$7,216", "2011-06-30": "$7,539", "2011-03-31": "$7,363", "2010-12-31": "$6,621", "2010-09-30": "$6,636", "2010-06-30": "$6,305", "2010-03-31": "$6,233", "2009-12-31": "$6,073", "2009-09-30": "$7,230", "2009-06-30": "$6,372", "2009-03-31": "$6,439", "2008-12-31": "$6,873", "2008-09-30": "$7,655", "2008-06-30": "$8,348", "2008-03-31": "$8,284", "2007-12-31": "$7,800", "2007-09-30": "$7,945", "2007-06-30": "$7,922", "2007-03-31": "$7,661", "2006-12-31": "$7,851", "2006-09-30": "$8,451", "2006-06-30": "$8,774", "2006-03-31": "$8,481", "2005-12-31": "$8,288", "2005-09-30": "$8,980", "2005-06-30": "$9,090", "2005-03-31": "$9,821"}}, "cash-on-hand": {"Lear Annual Cash on Hand (Millions of US $)": {"2019": "$1,488", "2018": "$1,493", "2017": "$1,500", "2016": "$1,272", "2015": "$1,197", "2014": "$1,094", "2013": "$1,138", "2012": "$1,402", "2011": "$1,754", "2010": "$1,654", "2009": "$1,554", "2008": "$1,592", "2007": "$601", "2006": "$503", "2005": "$197"}, "Lear Quarterly Cash on Hand (Millions of US $)": {"2020-09-30": "$1,250", "2020-06-30": "$1,776", "2020-03-31": "$2,449", "2019-12-31": "$1,488", "2019-09-30": "$1,301", "2019-06-30": "$1,269", "2019-03-31": "$1,199", "2018-12-31": "$1,493", "2018-09-30": "$1,199", "2018-06-30": "$1,328", "2018-03-31": "$1,269", "2017-12-31": "$1,500", "2017-09-30": "$1,254", "2017-06-30": "$1,167", "2017-03-31": "$1,210", "2016-12-31": "$1,272", "2016-09-30": "$1,342", "2016-06-30": "$1,395", "2016-03-31": "$1,174", "2015-12-31": "$1,197", "2015-09-30": "$923", "2015-06-30": "$968", "2015-03-31": "$748", "2014-12-31": "$1,094", "2014-09-30": "$873", "2014-06-30": "$865", "2014-03-31": "$919", "2013-12-31": "$1,138", "2013-09-30": "$884", "2013-06-30": "$841", "2013-03-31": "$1,601", "2012-12-31": "$1,402", "2012-09-30": "$1,270", "2012-06-30": "$1,332", "2012-03-31": "$1,631", "2011-12-31": "$1,754", "2011-09-30": "$1,677", "2011-06-30": "$1,771", "2011-03-31": "$1,707", "2010-12-31": "$1,654", "2010-09-30": "$1,514", "2010-06-30": "$1,420", "2010-03-31": "$1,300", "2009-12-31": "$1,554", "2009-09-30": "$1,771", "2009-06-30": "$1,134", "2009-03-31": "$1,234", "2008-12-31": "$1,592", "2008-09-30": "$523", "2008-06-30": "$624", "2008-03-31": "$702", "2007-12-31": "$601", "2007-09-30": "$602", "2007-06-30": "$565", "2007-03-31": "$330", "2006-12-31": "$503", "2006-09-30": "$153", "2006-06-30": "$251", "2006-03-31": "$171", "2005-12-31": "$197", "2005-09-30": "$135", "2005-06-30": "$133", "2005-03-31": "$526"}}, "long-term-debt": {"Lear Annual Long Term Debt (Millions of US $)": {"2019": "$2,294", "2018": "$1,941", "2017": "$1,952", "2016": "$1,898", "2015": "$1,932", "2014": "$1,454", "2013": "$1,057", "2012": "$626", "2011": "$695", "2010": "$695", "2009": "$927", "2008": "$1,303", "2007": "$2,345", "2006": "$2,435", "2005": "$2,243"}, "Lear Quarterly Long Term Debt (Millions of US $)": {"2020-09-30": "$2,300", "2020-06-30": "$2,303", "2020-03-31": "$2,307", "2019-12-31": "$2,294", "2019-09-30": "$2,298", "2019-06-30": "$2,300", "2019-03-31": "$1,939", "2018-12-31": "$1,941", "2018-09-30": "$1,947", "2018-06-30": "$1,948", "2018-03-31": "$1,950", "2017-12-31": "$1,952", "2017-09-30": "$1,953", "2017-06-30": "$1,877", "2017-03-31": "$1,889", "2016-12-31": "$1,898", "2016-09-30": "$1,907", "2016-06-30": "$1,916", "2016-03-31": "$1,929", "2015-12-31": "$1,932", "2015-09-30": "$1,963", "2015-06-30": "$1,969", "2015-03-31": "$1,972", "2014-12-31": "$1,454", "2014-09-30": "$1,069", "2014-06-30": "$1,069", "2014-03-31": "$1,069", "2013-12-31": "$1,057", "2013-09-30": "$1,057", "2013-06-30": "$1,057", "2013-03-31": "$1,057", "2012-12-31": "$626", "2012-09-30": "$626", "2012-06-30": "$696", "2012-03-31": "$696", "2011-12-31": "$695", "2011-09-30": "$695", "2011-06-30": "$695", "2011-03-31": "$695", "2010-12-31": "$695", "2010-09-30": "$695", "2010-06-30": "$695", "2010-03-31": "$699", "2009-12-31": "$927", "2009-09-30": "$8", "2009-06-30": "$6", "2009-03-31": "$1,302", "2008-12-31": "$1,303", "2008-09-30": "$2,297", "2008-06-30": "$2,302", "2008-03-31": "$2,346", "2007-12-31": "$2,345", "2007-09-30": "$2,352", "2007-06-30": "$2,352", "2007-03-31": "$2,432", "2006-12-31": "$2,435", "2006-09-30": "$2,350", "2006-06-30": "$2,416", "2006-03-31": "$2,238", "2005-12-31": "$2,243", "2005-09-30": "$2,292", "2005-06-30": "$1,838", "2005-03-31": "$1,853"}}, "total-liabilities": {"Lear Annual Total Liabilities (Millions of US $)": {"2019": "$8,180", "2018": "$7,240", "2017": "$7,653", "2016": "$6,708", "2015": "$6,388", "2014": "$6,084", "2013": "$5,181", "2012": "$4,582", "2011": "$4,450", "2010": "$4,052", "2009": "$3,892", "2008": "$6,625", "2007": "$6,710", "2006": "$7,249", "2005": "$7,177"}, "Lear Quarterly Total Liabilities (Millions of US $)": {"2020-09-30": "$8,619", "2020-06-30": "$8,286", "2020-03-31": "$8,839", "2019-12-31": "$8,180", "2019-09-30": "$8,378", "2019-06-30": "$8,448", "2019-03-31": "$7,968", "2018-12-31": "$7,240", "2018-09-30": "$7,574", "2018-06-30": "$7,855", "2018-03-31": "$8,127", "2017-12-31": "$7,653", "2017-09-30": "$7,685", "2017-06-30": "$7,481", "2017-03-31": "$7,137", "2016-12-31": "$6,708", "2016-09-30": "$7,034", "2016-06-30": "$6,984", "2016-03-31": "$6,815", "2015-12-31": "$6,388", "2015-09-30": "$6,714", "2015-06-30": "$6,847", "2015-03-31": "$6,727", "2014-12-31": "$6,084", "2014-09-30": "$5,535", "2014-06-30": "$5,741", "2014-03-31": "$5,756", "2013-12-31": "$5,181", "2013-09-30": "$5,544", "2013-06-30": "$5,377", "2013-03-31": "$5,338", "2012-12-31": "$4,582", "2012-09-30": "$4,660", "2012-06-30": "$4,803", "2012-03-31": "$4,831", "2011-12-31": "$4,450", "2011-09-30": "$4,473", "2011-06-30": "$4,637", "2011-03-31": "$4,599", "2010-12-31": "$4,052", "2010-09-30": "$4,098", "2010-06-30": "$3,983", "2010-03-31": "$3,992", "2009-12-31": "$3,892", "2009-09-30": "$7,290", "2009-06-30": "$6,542", "2009-03-31": "$6,480", "2008-12-31": "$6,625", "2008-09-30": "$6,524", "2008-06-30": "$7,047", "2008-03-31": "$7,034", "2007-12-31": "$6,710", "2007-09-30": "$7,012", "2007-06-30": "$7,088", "2007-03-31": "$6,969", "2006-12-31": "$7,249", "2006-09-30": "$7,328", "2006-06-30": "$7,600", "2006-03-31": "$7,347", "2005-12-31": "$7,177", "2005-09-30": "$7,221", "2005-06-30": "$6,569", "2005-03-31": "$7,170"}}, "total-share-holder-equity": {"Lear Annual Share Holder Equity (Millions of US $)": {"2019": "$4,501", "2018": "$4,361", "2017": "$4,293", "2016": "$3,193", "2015": "$3,018", "2014": "$3,029", "2013": "$3,150", "2012": "$3,612", "2011": "$2,561", "2010": "$2,569", "2009": "$2,182", "2008": "$248", "2007": "$1,091", "2006": "$602", "2005": "$1,111"}, "Lear Quarterly Share Holder Equity (Millions of US $)": {"2020-09-30": "$4,276", "2020-06-30": "$3,983", "2020-03-31": "$4,183", "2019-12-31": "$4,501", "2019-09-30": "$4,375", "2019-06-30": "$4,400", "2019-03-31": "$4,394", "2018-12-31": "$4,361", "2018-09-30": "$4,436", "2018-06-30": "$4,427", "2018-03-31": "$4,555", "2017-12-31": "$4,293", "2017-09-30": "$4,027", "2017-06-30": "$3,756", "2017-03-31": "$3,464", "2016-12-31": "$3,193", "2016-09-30": "$3,243", "2016-06-30": "$3,156", "2016-03-31": "$3,144", "2015-12-31": "$3,018", "2015-09-30": "$2,925", "2015-06-30": "$2,978", "2015-03-31": "$2,892", "2014-12-31": "$3,029", "2014-09-30": "$3,156", "2014-06-30": "$3,221", "2014-03-31": "$3,243", "2013-12-31": "$3,150", "2013-09-30": "$2,920", "2013-06-30": "$2,790", "2013-03-31": "$3,486", "2012-12-31": "$3,612", "2012-09-30": "$2,802", "2012-06-30": "$2,701", "2012-03-31": "$2,705", "2011-12-31": "$2,561", "2011-09-30": "$2,743", "2011-06-30": "$2,902", "2011-03-31": "$2,764", "2010-12-31": "$2,569", "2010-09-30": "$2,538", "2010-06-30": "$2,323", "2010-03-31": "$2,241", "2009-12-31": "$2,182", "2009-09-30": "$-59", "2009-06-30": "$-170", "2009-03-31": "$-41", "2008-12-31": "$248", "2008-09-30": "$1,132", "2008-06-30": "$1,300", "2008-03-31": "$1,250", "2007-12-31": "$1,091", "2007-09-30": "$933", "2007-06-30": "$834", "2007-03-31": "$693", "2006-12-31": "$602", "2006-09-30": "$1,123", "2006-06-30": "$1,175", "2006-03-31": "$1,135", "2005-12-31": "$1,111", "2005-09-30": "$1,759", "2005-06-30": "$2,521", "2005-03-31": "$2,652"}}, "profit-margins": {"current": "0.93%"}, "gross margin": {"2020-12-31": "6.51%", "2020-09-30": "5.88%", "2020-06-30": "6.00%", "2020-03-31": "8.36%", "2019-12-31": "8.77%", "2019-09-30": "9.70%", "2019-06-30": "10.00%", "2019-03-31": "10.50%", "2018-12-31": "10.96%", "2018-09-30": "10.99%", "2018-06-30": "11.08%", "2018-03-31": "11.04%", "2017-12-31": "11.20%", "2017-09-30": "11.39%", "2017-06-30": "11.45%", "2017-03-31": "11.49%", "2016-12-31": "11.44%", "2016-09-30": "11.16%", "2016-06-30": "10.95%", "2016-03-31": "10.52%", "2015-12-31": "9.99%", "2015-09-30": "9.54%", "2015-06-30": "9.08%", "2015-03-31": "8.71%", "2014-12-31": "8.42%", "2014-09-30": "8.14%", "2014-06-30": "8.11%", "2014-03-31": "8.09%", "2013-12-31": "8.00%", "2013-09-30": "8.17%", "2013-06-30": "8.11%", "2013-03-31": "8.20%", "2012-12-31": "8.36%", "2012-09-30": "8.07%", "2012-06-30": "8.05%", "2012-03-31": "8.27%", "2011-12-31": "8.43%", "2011-09-30": "8.59%", "2011-06-30": "8.67%", "2011-03-31": "8.68%", "2010-12-31": "8.52%", "2010-09-30": "8.21%", "2010-06-30": "8.40%", "2010-03-31": "6.57%", "2009-12-31": "3.70%", "2009-09-30": "2.69%", "2009-06-30": "1.49%", "2009-03-31": "3.17%", "2008-12-31": "5.51%", "2008-09-30": "6.22%", "2008-06-30": "6.94%", "2008-03-31": "7.36%", "2007-12-31": "7.20%", "2007-09-30": "7.03%", "2007-06-30": "6.35%", "2007-03-31": "5.81%", "2006-12-31": "5.20%", "2006-09-30": "5.12%", "2006-06-30": "4.58%", "2006-03-31": "4.32%", "2005-12-31": "4.31%"}, "operating margin": {"2020-12-31": "2.66%", "2020-09-30": "1.87%", "2020-06-30": "2.01%", "2020-03-31": "4.87%", "2019-12-31": "5.40%", "2019-09-30": "6.41%", "2019-06-30": "6.70%", "2019-03-31": "7.30%", "2018-12-31": "7.82%", "2018-09-30": "7.84%", "2018-06-30": "7.91%", "2018-03-31": "7.80%", "2017-12-31": "7.86%", "2017-09-30": "8.01%", "2017-06-30": "7.99%", "2017-03-31": "7.97%", "2016-12-31": "7.87%", "2016-09-30": "7.67%", "2016-06-30": "7.52%", "2016-03-31": "7.08%", "2015-12-31": "6.52%", "2015-09-30": "6.14%", "2015-06-30": "5.74%", "2015-03-31": "5.46%", "2014-12-31": "5.25%", "2014-09-30": "4.82%", "2014-06-30": "4.73%", "2014-03-31": "4.67%", "2013-12-31": "4.53%", "2013-09-30": "4.63%", "2013-06-30": "4.60%", "2013-03-31": "4.66%", "2012-12-31": "4.85%", "2012-09-30": "4.52%", "2012-06-30": "4.47%", "2012-03-31": "4.67%", "2011-12-31": "4.80%", "2011-09-30": "5.10%", "2011-06-30": "5.04%", "2011-03-31": "4.92%", "2010-12-31": "4.50%", "2010-09-30": "3.94%", "2010-06-30": "4.18%", "2010-03-31": "2.02%", "2009-12-31": "-0.99%", "2009-09-30": "-1.84%", "2009-06-30": "-3.05%", "2009-03-31": "-1.00%", "2008-12-31": "1.71%", "2008-09-30": "2.41%", "2008-06-30": "3.04%", "2008-03-31": "3.58%", "2007-12-31": "3.59%", "2007-09-30": "3.48%", "2007-06-30": "2.92%", "2007-03-31": "2.34%", "2006-12-31": "1.58%", "2006-09-30": "1.55%", "2006-06-30": "1.09%", "2006-03-31": "0.63%", "2005-12-31": "0.62%"}, "ebitda margin": {"2020-09-30": "5.12%", "2020-06-30": "5.23%", "2020-03-31": "7.66%", "2019-12-31": "8.05%", "2019-09-30": "8.96%", "2019-06-30": "9.20%", "2019-03-31": "9.71%", "2018-12-31": "10.14%", "2018-09-30": "10.06%", "2018-06-30": "10.09%", "2018-03-31": "9.95%", "2017-12-31": "9.97%", "2017-09-30": "10.08%", "2017-06-30": "10.04%", "2017-03-31": "10.00%", "2016-12-31": "9.91%", "2016-09-30": "9.67%", "2016-06-30": "9.49%", "2016-03-31": "9.01%", "2015-12-31": "8.42%", "2015-09-30": "7.99%", "2015-06-30": "7.55%", "2015-03-31": "7.24%", "2014-12-31": "6.99%", "2014-09-30": "6.60%", "2014-06-30": "6.50%", "2014-03-31": "6.43%", "2013-12-31": "6.30%", "2013-09-30": "6.38%", "2013-06-30": "6.33%", "2013-03-31": "6.36%", "2012-12-31": "6.49%", "2012-09-30": "6.13%", "2012-06-30": "6.09%", "2012-03-31": "6.35%", "2011-12-31": "6.55%", "2011-09-30": "6.93%", "2011-06-30": "6.93%", "2011-03-31": "6.84%", "2010-12-31": "6.48%", "2010-09-30": "8.78%", "2010-06-30": "9.19%", "2010-03-31": "7.49%", "2009-12-31": "4.99%", "2009-09-30": "6.49%", "2009-06-30": "4.90%", "2009-03-31": "5.89%", "2008-12-31": "7.80%", "2008-09-30": "4.44%", "2008-06-30": "4.99%", "2008-03-31": "5.50%", "2007-12-31": "5.45%", "2007-09-30": "5.42%", "2007-06-30": "4.95%", "2007-03-31": "4.46%", "2006-12-31": "3.79%", "2006-09-30": "5.70%", "2006-06-30": "9.01%", "2006-03-31": "8.69%", "2005-12-31": "8.84%"}, "pre tax profit margin": {"2020-12-31": "1.76%", "2020-09-30": "0.96%", "2020-06-30": "1.15%", "2020-03-31": "4.06%", "2019-12-31": "4.82%", "2019-09-30": "5.71%", "2019-06-30": "6.00%", "2019-03-31": "6.70%", "2018-12-31": "7.28%", "2018-09-30": "7.36%", "2018-06-30": "7.59%", "2018-03-31": "7.46%", "2017-12-31": "7.46%", "2017-09-30": "7.43%", "2017-06-30": "7.22%", "2017-03-31": "7.34%", "2016-12-31": "7.21%", "2016-09-30": "7.18%", "2016-06-30": "6.99%", "2016-03-31": "6.37%", "2015-12-31": "5.66%", "2015-09-30": "5.22%", "2015-06-30": "4.90%", "2015-03-31": "4.61%", "2014-12-31": "4.44%", "2014-09-30": "4.01%", "2014-06-30": "3.86%", "2014-03-31": "3.80%", "2013-12-31": "3.76%", "2013-09-30": "4.05%", "2013-06-30": "4.11%", "2013-03-31": "4.18%", "2012-12-31": "4.46%", "2012-09-30": "3.98%", "2012-06-30": "3.89%", "2012-03-31": "4.14%", "2011-12-31": "4.36%", "2011-09-30": "4.50%", "2011-06-30": "4.46%", "2011-03-31": "4.53%", "2010-12-31": "3.76%", "2010-09-30": "3.63%", "2010-06-30": "3.23%", "2010-03-31": "0.26%", "2009-12-31": "-3.18%", "2009-09-30": "-10.50%", "2009-06-30": "-11.09%", "2009-03-31": "-7.68%", "2008-12-31": "-3.99%", "2008-09-30": "0.95%", "2008-06-30": "1.79%", "2008-03-31": "2.30%", "2007-12-31": "2.02%", "2007-09-30": "-2.12%", "2007-06-30": "-2.80%", "2007-03-31": "-3.34%", "2006-12-31": "-3.66%", "2006-09-30": "-1.71%", "2006-06-30": "-5.76%", "2006-03-31": "-6.36%", "2005-12-31": "-6.61%"}, "net profit margin": {"2020-12-31": "0.93%", "2020-09-30": "0.66%", "2020-06-30": "0.94%", "2020-03-31": "3.30%", "2019-12-31": "3.99%", "2019-09-30": "4.30%", "2019-06-30": "4.43%", "2019-03-31": "4.99%", "2018-12-31": "5.39%", "2018-09-30": "6.11%", "2018-06-30": "6.19%", "2018-03-31": "6.28%", "2017-12-31": "6.30%", "2017-09-30": "5.68%", "2017-06-30": "5.50%", "2017-03-31": "5.46%", "2016-12-31": "5.25%", "2016-09-30": "5.25%", "2016-06-30": "5.13%", "2016-03-31": "4.61%", "2015-12-31": "4.09%", "2015-09-30": "4.28%", "2015-06-30": "4.07%", "2015-03-31": "3.90%", "2014-12-31": "3.80%", "2014-09-30": "2.78%", "2014-06-30": "2.67%", "2014-03-31": "2.67%", "2013-12-31": "2.66%", "2013-09-30": "7.91%", "2013-06-30": "8.15%", "2013-03-31": "8.45%", "2012-12-31": "8.80%", "2012-09-30": "3.53%", "2012-06-30": "3.41%", "2012-03-31": "3.64%", "2011-12-31": "3.83%", "2011-09-30": "3.78%", "2011-06-30": "3.92%", "2011-03-31": "3.98%", "2010-12-31": "3.41%", "2010-09-30": "2.99%", "2010-06-30": "2.44%", "2010-03-31": "-0.56%", "2009-12-31": "-4.00%", "2009-09-30": "-11.48%", "2009-06-30": "-12.03%", "2009-03-31": "-8.69%", "2008-12-31": "-5.08%", "2008-09-30": "0.17%", "2008-06-30": "1.07%", "2008-03-31": "1.75%", "2007-12-31": "1.51%", "2007-09-30": "-2.62%", "2007-06-30": "-3.22%", "2007-03-31": "-3.84%", "2006-12-31": "-3.96%", "2006-09-30": "-3.70%", "2006-06-30": "-7.50%", "2006-03-31": "-7.89%", "2005-12-31": "-8.08%"}, "pe ratio": {"current": "29.38", "2021-02-05": "0.00", "2020-12-31": "0.00", "2020-09-30": "61.86", "2020-06-30": "44.43", "2020-03-31": "7.91", "2019-12-31": "10.69", "2019-09-30": "8.53", "2019-06-30": "9.85", "2019-03-31": "8.38", "2018-12-31": "6.92", "2018-09-30": "7.13", "2018-06-30": "9.02", "2018-03-31": "9.16", "2017-12-31": "9.04", "2017-09-30": "10.25", "2017-06-30": "8.93", "2017-03-31": "9.28", "2016-12-31": "9.33", "2016-09-30": "8.64", "2016-06-30": "7.60", "2016-03-31": "9.40", "2015-12-31": "11.90", "2015-09-30": "10.34", "2015-06-30": "11.36", "2015-03-31": "11.87", "2014-12-31": "10.98", "2014-09-30": "13.52", "2014-06-30": "14.81", "2014-03-31": "14.39", "2013-12-31": "14.83", "2013-09-30": "4.98", "2013-06-30": "4.25", "2013-03-31": "3.89", "2012-12-31": "3.26", "2012-09-30": "6.79", "2012-06-30": "7.15", "2012-03-31": "8.42", "2011-12-31": "7.02", "2011-09-30": "7.45", "2011-06-30": "9.40", "2011-03-31": "8.86", "2010-12-31": "10.76", "2010-09-30": "3.19"}, "price sales": {"2021-02-05": "0.55", "2020-12-31": "0.56", "2020-09-30": "0.40", "2020-06-30": "0.40", "2020-03-31": "0.26", "2019-12-31": "0.43", "2019-09-30": "0.37", "2019-06-30": "0.44", "2019-03-31": "0.42", "2018-12-31": "0.37", "2018-09-30": "0.44", "2018-06-30": "0.56", "2018-03-31": "0.58", "2017-12-31": "0.57", "2017-09-30": "0.59", "2017-06-30": "0.50", "2017-03-31": "0.51", "2016-12-31": "0.49", "2016-09-30": "0.46", "2016-06-30": "0.39", "2016-03-31": "0.44", "2015-12-31": "0.49", "2015-09-30": "0.44", "2015-06-30": "0.46", "2015-03-31": "0.46", "2014-12-31": "0.42", "2014-09-30": "0.38", "2014-06-30": "0.40", "2014-03-31": "0.39", "2013-12-31": "0.40", "2013-09-30": "0.37", "2013-06-30": "0.34", "2013-03-31": "0.33", "2012-12-31": "0.29", "2012-09-30": "0.24", "2012-06-30": "0.25", "2012-03-31": "0.31", "2011-12-31": "0.27", "2011-09-30": "0.30", "2011-06-30": "0.39", "2011-03-31": "0.37", "2010-12-31": "0.39", "2010-09-30": "0.29"}, "price book": {"current": "2.03", "2021-02-05": "2.18", "2020-09-30": "1.53", "2020-06-30": "1.64", "2020-03-31": "1.16", "2019-12-31": "1.83", "2019-09-30": "1.61", "2019-06-30": "1.90", "2019-03-31": "1.88", "2018-12-31": "1.72", "2018-09-30": "2.03", "2018-06-30": "2.64", "2018-03-31": "2.59", "2017-12-31": "2.62", "2017-09-30": "2.76", "2017-06-30": "2.44", "2017-03-31": "2.66", "2016-12-31": "2.71", "2016-09-30": "2.46", "2016-06-30": "2.16", "2016-03-31": "2.43", "2015-12-31": "2.82", "2015-09-30": "2.60", "2015-06-30": "2.68", "2015-03-31": "2.75", "2014-12-31": "2.33", "2014-09-30": "2.00", "2014-06-30": "2.04", "2014-03-31": "1.92", "2013-12-31": "1.90", "2013-09-30": "1.80", "2013-06-30": "1.59", "2013-03-31": "1.32", "2012-12-31": "1.13", "2012-09-30": "1.18", "2012-06-30": "1.23", "2012-03-31": "1.53", "2011-12-31": "1.40", "2011-09-30": "1.42", "2011-06-30": "1.70", "2011-03-31": "1.64", "2010-12-31": "1.78", "2010-09-30": "1.39", "2010-06-30": "1.21", "2010-03-31": "1.39", "2009-12-31": "1.01"}, "price fcf": {"2021-02-05": "", "2020-09-30": "$4.26", "2020-06-30": "$-0.44", "2020-03-31": "$13.98", "2019-12-31": "$10.99", "2019-09-30": "$14.98", "2019-06-30": "$13.50", "2019-03-31": "$14.44", "2018-12-31": "$16.67", "2018-09-30": "$14.23", "2018-06-30": "$15.25", "2018-03-31": "$16.00", "2017-12-31": "$17.16", "2017-09-30": "$14.86", "2017-06-30": "$14.54", "2017-03-31": "$14.51", "2016-12-31": "$14.92", "2016-09-30": "$16.48", "2016-06-30": "$16.21", "2016-03-31": "$14.85", "2015-12-31": "$10.10", "2015-09-30": "$9.18", "2015-06-30": "$8.83", "2015-03-31": "$5.88", "2014-12-31": "$6.16", "2014-09-30": "$4.54", "2014-06-30": "$3.53", "2014-03-31": "$2.70", "2013-12-31": "$4.16", "2013-09-30": "$3.34", "2013-06-30": "$3.38", "2013-03-31": "$3.00", "2012-12-31": "$2.72", "2012-09-30": "$2.40", "2012-06-30": "$2.22", "2012-03-31": "$2.91", "2011-12-31": "$4.33", "2011-09-30": "$4.02", "2011-06-30": "$4.12", "2011-03-31": "$4.70", "2010-12-31": "$3.96", "2010-09-30": "$-1.77"}, "net worth": {"value": "$9.35B"}, "current ratio": {"2020-12-31": "1.34", "2020-09-30": "1.31", "2020-06-30": "1.26", "2020-03-31": "1.29", "2019-12-31": "1.37", "2019-09-30": "1.35", "2019-06-30": "1.34", "2019-03-31": "1.34", "2018-12-31": "1.40", "2018-09-30": "1.37", "2018-06-30": "1.35", "2018-03-31": "1.34", "2017-12-31": "1.36", "2017-09-30": "1.34", "2017-06-30": "1.28", "2017-03-31": "1.35", "2016-12-31": "1.35", "2016-09-30": "1.35", "2016-06-30": "1.34", "2016-03-31": "1.35", "2015-12-31": "1.38", "2015-09-30": "1.39", "2015-06-30": "1.39", "2015-03-31": "1.39", "2014-12-31": "1.31", "2014-09-30": "1.35", "2014-06-30": "1.33", "2014-03-31": "1.33", "2013-12-31": "1.38", "2013-09-30": "1.33", "2013-06-30": "1.33", "2013-03-31": "1.55", "2012-12-31": "1.52", "2012-09-30": "1.47", "2012-06-30": "1.47", "2012-03-31": "1.53", "2011-12-31": "1.55", "2011-09-30": "1.54", "2011-06-30": "1.55", "2011-03-31": "1.50", "2010-12-31": "1.56", "2010-09-30": "1.52", "2010-06-30": "1.49", "2010-03-31": "1.46", "2009-12-31": "1.58", "2009-09-30": "1.38", "2009-06-30": "0.57", "2009-03-31": "0.75", "2008-12-31": "0.80", "2008-09-30": "1.05", "2008-06-30": "1.06", "2008-03-31": "1.05", "2007-12-31": "1.03", "2007-09-30": "1.04", "2007-06-30": "1.02", "2007-03-31": "1.00", "2006-12-31": "1.00", "2006-09-30": "0.97", "2006-06-30": "0.97", "2006-03-31": "0.96", "2005-12-31": "0.94", "2005-09-30": "0.97", "2005-06-30": "0.90", "2005-03-31": "0.93"}, "quick ratio": {"2020-12-31": "1.06", "2020-09-30": "1.06", "2020-06-30": "1.00", "2020-03-31": "1.04", "2019-12-31": "1.10", "2019-09-30": "1.09", "2019-06-30": "1.09", "2019-03-31": "1.10", "2018-12-31": "1.13", "2018-09-30": "1.11", "2018-06-30": "1.11", "2018-03-31": "1.10", "2017-12-31": "1.11", "2017-09-30": "1.09", "2017-06-30": "1.06", "2017-03-31": "1.12", "2016-12-31": "1.11", "2016-09-30": "1.11", "2016-06-30": "1.11", "2016-03-31": "1.12", "2015-12-31": "1.13", "2015-09-30": "1.13", "2015-06-30": "1.15", "2015-03-31": "1.15", "2014-12-31": "1.09", "2014-09-30": "1.12", "2014-06-30": "1.12", "2014-03-31": "1.13", "2013-12-31": "1.15", "2013-09-30": "1.11", "2013-06-30": "1.12", "2013-03-31": "1.33", "2012-12-31": "1.29", "2012-09-30": "1.24", "2012-06-30": "1.25", "2012-03-31": "1.32", "2011-12-31": "1.35", "2011-09-30": "1.32", "2011-06-30": "1.35", "2011-03-31": "1.32", "2010-12-31": "1.36", "2010-09-30": "1.32", "2010-06-30": "1.30", "2010-03-31": "1.28", "2009-12-31": "1.39", "2009-09-30": "1.23", "2009-06-30": "0.50", "2009-03-31": "0.65", "2008-12-31": "0.68", "2008-09-30": "0.85", "2008-06-30": "0.88", "2008-03-31": "0.88", "2007-12-31": "0.86", "2007-09-30": "0.88", "2007-06-30": "0.87", "2007-03-31": "0.84", "2006-12-31": "0.85", "2006-09-30": "0.79", "2006-06-30": "0.81", "2006-03-31": "0.80", "2005-12-31": "0.79", "2005-09-30": "0.81", "2005-06-30": "0.75", "2005-03-31": "0.80"}, "debt equity ratio": {"current": "0.50", "2020-12-31": "1.86", "2020-09-30": "2.02", "2020-06-30": "2.08", "2020-03-31": "2.11", "2019-12-31": "1.82", "2019-09-30": "1.92", "2019-06-30": "1.92", "2019-03-31": "1.81", "2018-12-31": "1.66", "2018-09-30": "1.71", "2018-06-30": "1.77", "2018-03-31": "1.78", "2017-12-31": "1.78", "2017-09-30": "1.91", "2017-06-30": "1.99", "2017-03-31": "2.06", "2016-12-31": "2.10", "2016-09-30": "2.17", "2016-06-30": "2.21", "2016-03-31": "2.17", "2015-12-31": "2.12", "2015-09-30": "2.30", "2015-06-30": "2.30", "2015-03-31": "2.33", "2014-12-31": "2.01", "2014-09-30": "1.75", "2014-06-30": "1.78", "2014-03-31": "1.78", "2013-12-31": "1.65", "2013-09-30": "1.90", "2013-06-30": "1.93", "2013-03-31": "1.53", "2012-12-31": "1.27", "2012-09-30": "1.66", "2012-06-30": "1.78", "2012-03-31": "1.79", "2011-12-31": "1.74", "2011-09-30": "1.63", "2011-06-30": "1.60", "2011-03-31": "1.66", "2010-12-31": "1.58", "2010-09-30": "1.62", "2010-06-30": "1.72", "2010-03-31": "1.78", "2009-12-31": "1.78", "2009-09-30": "-122.93", "2009-06-30": "-38.50", "2009-03-31": "-156.53", "2008-12-31": "26.75", "2008-09-30": "5.77", "2008-06-30": "5.42", "2008-03-31": "5.63", "2007-12-31": "6.15", "2007-09-30": "7.52", "2007-06-30": "8.50", "2007-03-31": "10.06", "2006-12-31": "12.04", "2006-09-30": "6.52", "2006-06-30": "6.47", "2006-03-31": "6.48", "2005-12-31": "6.46", "2005-09-30": "4.11", "2005-06-30": "2.61", "2005-03-31": "2.70"}, "return on equity": {"2020-12-31": "3.71%", "2020-09-30": "2.57%", "2020-06-30": "3.64%", "2020-03-31": "14.46%", "2019-12-31": "17.91%", "2019-09-30": "19.56%", "2019-06-30": "20.17%", "2019-03-31": "23.32%", "2018-12-31": "25.63%", "2018-09-30": "29.77%", "2018-06-30": "31.00%", "2018-03-31": "32.01%", "2017-12-31": "33.18%", "2017-09-30": "31.05%", "2017-06-30": "31.11%", "2017-03-31": "31.62%", "2016-12-31": "30.59%", "2016-09-30": "31.18%", "2016-06-30": "30.91%", "2016-03-31": "28.05%", "2015-12-31": "25.23%", "2015-09-30": "26.12%", "2015-06-30": "24.26%", "2015-03-31": "22.70%", "2014-12-31": "21.28%", "2014-09-30": "15.16%", "2014-06-30": "14.58%", "2014-03-31": "14.71%", "2013-12-31": "14.00%", "2013-09-30": "38.76%", "2013-06-30": "39.37%", "2013-03-31": "39.90%", "2012-12-31": "43.38%", "2012-09-30": "18.83%", "2012-06-30": "18.19%", "2012-03-31": "19.06%", "2011-12-31": "19.76%", "2011-09-30": "19.02%", "2011-06-30": "19.16%", "2011-03-31": "19.54%", "2010-12-31": "16.88%", "2010-09-30": "14.86%", "2010-06-30": "16.45%", "2010-03-31": "-5.63%", "2009-12-31": "-81.59%", "2009-09-30": "20036.36%", "2009-06-30": "-419.16%", "2009-03-31": "-156.57%", "2008-12-31": "-70.23%", "2008-09-30": "2.10%", "2008-06-30": "14.34%", "2008-03-31": "26.29%", "2007-12-31": "27.26%", "2007-09-30": "-56.17%", "2007-06-30": "-67.04%", "2007-03-31": "-75.15%", "2006-12-31": "-70.09%", "2006-09-30": "-58.54%", "2006-06-30": "-103.55%", "2006-03-31": "-84.52%", "2005-12-31": "-68.68%"}, "return on assets": {"2020-12-31": "1.23%", "2020-09-30": "0.86%", "2020-06-30": "1.22%", "2020-03-31": "4.92%", "2019-12-31": "6.25%", "2019-09-30": "6.92%", "2019-06-30": "7.27%", "2019-03-31": "8.51%", "2018-12-31": "9.38%", "2018-09-30": "10.78%", "2018-06-30": "11.03%", "2018-03-31": "11.19%", "2017-12-31": "11.33%", "2017-09-30": "10.32%", "2017-06-30": "10.11%", "2017-03-31": "10.09%", "2016-12-31": "9.67%", "2016-09-30": "9.84%", "2016-06-30": "9.67%", "2016-03-31": "8.71%", "2015-12-31": "7.74%", "2015-09-30": "8.08%", "2015-06-30": "7.85%", "2015-03-31": "7.67%", "2014-12-31": "7.53%", "2014-09-30": "5.53%", "2014-06-30": "5.26%", "2014-03-31": "5.24%", "2013-12-31": "5.11%", "2013-09-30": "14.75%", "2013-06-30": "15.30%", "2013-03-31": "15.72%", "2012-12-31": "16.71%", "2012-09-30": "6.87%", "2012-06-30": "6.66%", "2012-03-31": "7.10%", "2011-12-31": "7.44%", "2011-09-30": "7.27%", "2011-06-30": "7.33%", "2011-03-31": "7.40%", "2010-12-31": "6.33%", "2010-09-30": "5.47%", "2010-06-30": "4.26%", "2010-03-31": "-0.91%", "2009-12-31": "-5.97%", "2009-09-30": "-16.38%", "2009-06-30": "-17.92%", "2009-03-31": "-14.10%", "2008-12-31": "-8.86%", "2008-09-30": "0.31%", "2008-06-30": "2.03%", "2008-03-31": "3.38%", "2007-12-31": "3.09%", "2007-09-30": "-5.48%", "2007-06-30": "-6.84%", "2007-03-31": "-8.25%", "2006-12-31": "-8.43%", "2006-09-30": "-7.82%", "2006-06-30": "-15.54%", "2006-03-31": "-15.83%", "2005-12-31": "-15.27%"}, "return on investments": {"2020-12-31": "6.91%", "2020-09-30": "4.74%", "2020-06-30": "5.06%", "2020-03-31": "13.97%", "2019-12-31": "16.15%", "2019-09-30": "19.66%", "2019-06-30": "20.84%", "2019-03-31": "23.68%", "2018-12-31": "25.88%", "2018-09-30": "26.52%", "2018-06-30": "27.29%", "2018-03-31": "27.16%", "2017-12-31": "27.71%", "2017-09-30": "28.67%", "2017-06-30": "29.04%", "2017-03-31": "29.13%", "2016-12-31": "28.67%", "2016-09-30": "28.23%", "2016-06-30": "27.76%", "2016-03-31": "26.19%", "2015-12-31": "24.19%", "2015-09-30": "23.09%", "2015-06-30": "22.23%", "2015-03-31": "21.86%", "2014-12-31": "21.49%", "2014-09-30": "19.75%", "2014-06-30": "19.28%", "2014-03-31": "19.02%", "2013-12-31": "17.76%", "2013-09-30": "17.51%", "2013-06-30": "17.54%", "2013-03-31": "17.76%", "2012-12-31": "19.52%", "2012-09-30": "19.26%", "2012-06-30": "18.91%", "2012-03-31": "19.51%", "2011-12-31": "19.78%", "2011-09-30": "20.47%", "2011-06-30": "19.60%", "2011-03-31": "19.02%", "2010-12-31": "17.28%", "2010-09-30": "14.80%", "2010-06-30": "20.89%", "2010-03-31": "14.53%", "2009-12-31": "-9.24%", "2009-09-30": "-27.26%", "2009-06-30": "-20.47%", "2009-03-31": "-4.84%", "2008-12-31": "7.62%", "2008-09-30": "10.16%", "2008-06-30": "13.34%", "2008-03-31": "16.39%", "2007-12-31": "17.62%", "2007-09-30": "18.11%", "2007-06-30": "15.38%", "2007-03-31": "12.43%", "2006-12-31": "8.34%", "2006-09-30": "8.09%", "2006-06-30": "5.40%", "2006-03-31": "2.93%", "2005-12-31": "2.61%"}, "return on tangible equity": {"2020-09-30": "4.15%", "2020-06-30": "5.83%", "2020-03-31": "22.84%", "2019-12-31": "27.64%", "2019-09-30": "29.77%", "2019-06-30": "30.15%", "2019-03-31": "34.31%", "2018-12-31": "37.72%", "2018-09-30": "43.89%", "2018-06-30": "46.13%", "2018-03-31": "47.94%", "2017-12-31": "49.82%", "2017-09-30": "47.05%", "2017-06-30": "46.87%", "2017-03-31": "47.64%", "2016-12-31": "46.33%", "2016-09-30": "47.17%", "2016-06-30": "47.35%", "2016-03-31": "43.21%", "2015-12-31": "39.28%", "2015-09-30": "38.97%", "2015-06-30": "34.49%", "2015-03-31": "30.95%", "2014-12-31": "27.83%", "2014-09-30": "19.83%", "2014-06-30": "19.22%", "2014-03-31": "19.58%", "2013-12-31": "18.49%", "2013-09-30": "50.54%", "2013-06-30": "51.35%", "2013-03-31": "52.04%", "2012-12-31": "57.05%", "2012-09-30": "25.17%", "2012-06-30": "24.07%", "2012-03-31": "24.87%", "2011-12-31": "25.76%", "2011-09-30": "24.75%", "2011-06-30": "25.03%", "2011-03-31": "25.80%", "2010-12-31": "22.57%", "2010-09-30": "20.18%", "2010-06-30": "32.88%", "2010-03-31": "655.56%", "2009-12-31": "49.15%", "2009-09-30": "73.87%", "2009-06-30": "92.16%", "2009-03-31": "92.98%", "2008-12-31": "73.09%", "2008-09-30": "-2.85%", "2008-06-30": "-17.77%", "2008-03-31": "-26.44%", "2007-12-31": "-21.22%", "2007-09-30": "34.45%", "2007-06-30": "45.91%", "2007-03-31": "61.73%", "2006-12-31": "73.17%", "2006-09-30": "80.63%", "2006-06-30": "180.36%", "2006-03-31": "209.10%", "2005-12-31": "250.64%"}, "dividend yield history": {"last payout": "$1.00", "last yield": "0.64%"}}