{"ticker": "LEG", "price": {"title": "Leggett & Platt Historical Annual Stock Price Data", "value": 42.88, "historical": {"2021": {"Average Stock Price": "43.2929", "Year Open": "43.3400", "Year High": "44.9600", "Year Low": "41.0000", "Year Close": "42.8800", "Annual % Change": "-3.21%"}, "2020": {"Average Stock Price": "38.8132", "Year Open": "50.3400", "Year High": "51.5800", "Year Low": "22.4700", "Year Close": "44.3000", "Annual % Change": "-12.85%"}, "2019": {"Average Stock Price": "42.4461", "Year Open": "36.0100", "Year High": "55.1800", "Year Low": "35.4500", "Year Close": "50.8300", "Annual % Change": "41.82%"}, "2018": {"Average Stock Price": "42.9290", "Year Open": "47.8600", "Year High": "48.8000", "Year Low": "33.9700", "Year Close": "35.8400", "Annual % Change": "-24.91%"}, "2017": {"Average Stock Price": "49.1457", "Year Open": "49.3500", "Year High": "54.0400", "Year Low": "43.5000", "Year Close": "47.7300", "Annual % Change": "-2.35%"}, "2016": {"Average Stock Price": "47.9398", "Year Open": "41.0200", "Year High": "54.5300", "Year Low": "37.7900", "Year Close": "48.8800", "Annual % Change": "16.33%"}, "2015": {"Average Stock Price": "45.6003", "Year Open": "42.1600", "Year High": "51.0000", "Year Low": "40.6800", "Year Close": "42.0200", "Annual % Change": "-1.38%"}, "2014": {"Average Stock Price": "34.5351", "Year Open": "30.6600", "Year High": "42.9500", "Year Low": "29.0600", "Year Close": "42.6100", "Annual % Change": "37.72%"}, "2013": {"Average Stock Price": "30.8287", "Year Open": "27.7500", "Year High": "34.1900", "Year Low": "27.4000", "Year Close": "30.9400", "Annual % Change": "13.67%"}, "2012": {"Average Stock Price": "23.3456", "Year Open": "23.1400", "Year High": "27.8500", "Year Low": "19.4900", "Year Close": "27.2200", "Annual % Change": "18.14%"}, "2011": {"Average Stock Price": "22.7711", "Year Open": "23.1400", "Year High": "26.3700", "Year Low": "17.8700", "Year Close": "23.0400", "Annual % Change": "1.23%"}, "2010": {"Average Stock Price": "21.4315", "Year Open": "20.5100", "Year High": "25.0200", "Year Low": "18.2600", "Year Close": "22.7600", "Annual % Change": "11.57%"}, "2009": {"Average Stock Price": "16.2492", "Year Open": "15.6800", "Year High": "20.8200", "Year Low": "10.2100", "Year Close": "20.4000", "Annual % Change": "34.30%"}, "2008": {"Average Stock Price": "17.5125", "Year Open": "16.9600", "Year High": "23.9800", "Year Low": "12.2400", "Year Close": "15.1900", "Annual % Change": "-12.90%"}, "2007": {"Average Stock Price": "21.7184", "Year Open": "23.6100", "Year High": "24.6200", "Year Low": "17.2700", "Year Close": "17.4400", "Annual % Change": "-27.03%"}, "2006": {"Average Stock Price": "24.2309", "Year Open": "24.1500", "Year High": "26.9600", "Year Low": "22.3900", "Year Close": "23.9000", "Annual % Change": "4.09%"}, "2005": {"Average Stock Price": "25.4530", "Year Open": "27.7200", "Year High": "29.4400", "Year Low": "18.5500", "Year Close": "22.9600", "Annual % Change": "-19.24%"}, "2004": {"Average Stock Price": "25.7759", "Year Open": "21.5000", "Year High": "30.5600", "Year Low": "21.3500", "Year Close": "28.4300", "Annual % Change": "31.44%"}, "2003": {"Average Stock Price": "20.9152", "Year Open": "23.0800", "Year High": "23.5700", "Year Low": "17.4000", "Year Close": "21.6300", "Annual % Change": "-3.61%"}, "2002": {"Average Stock Price": "23.5035", "Year Open": "22.3300", "Year High": "27.1600", "Year Low": "18.9000", "Year Close": "22.4400", "Annual % Change": "-2.43%"}, "2001": {"Average Stock Price": "21.2042", "Year Open": "17.6900", "Year High": "24.2300", "Year Low": "17.0000", "Year Close": "23.0000", "Annual % Change": "21.44%"}, "2000": {"Average Stock Price": "17.8782", "Year Open": "20.5600", "Year High": "22.2500", "Year Low": "14.2500", "Year Close": "18.9400", "Annual % Change": "-11.66%"}, "1999": {"Average Stock Price": "22.8528", "Year Open": "22.2500", "Year High": "27.8800", "Year Low": "18.8100", "Year Close": "21.4400", "Annual % Change": "-2.55%"}, "1998": {"Average Stock Price": "24.2626", "Year Open": "21.2500", "Year High": "28.4400", "Year Low": "17.1300", "Year Close": "22.0000", "Annual % Change": "5.06%"}, "1997": {"Average Stock Price": "19.8376", "Year Open": "16.8150", "Year High": "23.5650", "Year Low": "15.8150", "Year Close": "20.9400", "Annual % Change": "20.97%"}, "1996": {"Average Stock Price": "13.5227", "Year Open": "11.6250", "Year High": "17.3100", "Year Low": "10.3100", "Year Close": "17.3100", "Annual % Change": "42.76%"}, "1995": {"Average Stock Price": "11.0335", "Year Open": "8.6250", "Year High": "13.3750", "Year Low": "8.6250", "Year Close": "12.1250", "Annual % Change": "38.57%"}, "1994": {"Average Stock Price": "9.8379", "Year Open": "11.7200", "Year High": "11.8450", "Year Low": "8.3750", "Year Close": "8.7500", "Annual % Change": "-30.00%"}, "1993": {"Average Stock Price": "9.8626", "Year Open": "8.5300", "Year High": "12.5000", "Year Low": "8.2200", "Year Close": "12.5000", "Annual % Change": "47.06%"}, "1992": {"Average Stock Price": "6.1198", "Year Open": "4.7813", "Year High": "8.5625", "Year Low": "4.7813", "Year Close": "8.5000", "Annual % Change": "79.51%"}, "1991": {"Average Stock Price": "4.0089", "Year Open": "3.2975", "Year High": "4.7350", "Year Low": "3.2650", "Year Close": "4.7350", "Annual % Change": "43.59%"}, "1990": {"Average Stock Price": "3.7142", "Year Open": "3.7350", "Year High": "4.7188", "Year Low": "2.5150", "Year Close": "3.2975", "Annual % Change": "-12.07%"}, "1989": {"Average Stock Price": "3.6373", "Year Open": "2.9688", "Year High": "4.3438", "Year Low": "2.9525", "Year Close": "3.7500", "Annual % Change": "26.31%"}, "1988": {"Average Stock Price": "3.3031", "Year Open": "2.8600", "Year High": "3.8438", "Year Low": "2.7500", "Year Close": "2.9688", "Annual % Change": "7.96%"}}}, "market cap": {"value": "$5.7B"}, "income statement": {"Revenue": {"2019-12-31": "4752.50000", "2018-12-31": "4269.50000", "2017-12-31": "3943.80000", "2016-12-31": "3749.90000", "2015-12-31": "3917.20000", "2014-12-31": "3782.30000", "2013-12-31": "3477.20000", "2012-12-31": "3414.50000", "2011-12-31": "3618.90000", "2010-12-31": "3359.10000", "2009-12-31": "3055.10000", "2008-12-31": "4076.10000", "2007-12-31": "4250.00000", "2006-12-31": "4266.90000", "2005-12-31": "4257.50000"}, "Cost Of Goods Sold": {"2019-12-31": "3701.90000", "2018-12-31": "3380.80000", "2017-12-31": "3061.40000", "2016-12-31": "2848.20000", "2015-12-31": "2994.00000", "2014-12-31": "2991.90000", "2013-12-31": "2767.30000", "2012-12-31": "2718.90000", "2011-12-31": "2950.40000", "2010-12-31": "2703.70000", "2009-12-31": "2425.40000", "2008-12-31": "3384.90000", "2007-12-31": "3454.20000", "2006-12-31": "3464.30000", "2005-12-31": "3478.30000"}, "Gross Profit": {"2019-12-31": "1050.60000", "2018-12-31": "888.70000", "2017-12-31": "882.40010", "2016-12-31": "901.70000", "2015-12-31": "923.20000", "2014-12-31": "790.40010", "2013-12-31": "709.89990", "2012-12-31": "695.60010", "2011-12-31": "668.50000", "2010-12-31": "655.40010", "2009-12-31": "629.70020", "2008-12-31": "691.20020", "2007-12-31": "795.80000", "2006-12-31": "802.59990", "2005-12-31": "779.20000"}, "Research And Development Expenses": {"2019-12-31": "", "2018-12-31": "", "2017-12-31": "", "2016-12-31": "", "2015-12-31": "", "2014-12-31": "", "2013-12-31": "", "2012-12-31": "", "2011-12-31": "", "2010-12-31": "", "2009-12-31": "", "2008-12-31": "", "2007-12-31": "", "2006-12-31": "", "2005-12-31": ""}, "SG&A Expenses": {"2019-12-31": "469.70000", "2018-12-31": "425.10000", "2017-12-31": "400.50000", "2016-12-31": "395.70000", "2015-12-31": "416.90000", "2014-12-31": "449.60000", "2013-12-31": "367.90000", "2012-12-31": "348.10000", "2011-12-31": "378.00000", "2010-12-31": "354.30000", "2009-12-31": "363.00000", "2008-12-31": "423.20000", "2007-12-31": "429.70000", "2006-12-31": "395.30000", "2005-12-31": "395.50000"}, "Other Operating Income Or Expenses": {"2019-12-31": "", "2018-12-31": "", "2017-12-31": "", "2016-12-31": "", "2015-12-31": "", "2014-12-31": "", "2013-12-31": "", "2012-12-31": "", "2011-12-31": "", "2010-12-31": "", "2009-12-31": "", "2008-12-31": "", "2007-12-31": "", "2006-12-31": "", "2005-12-31": ""}, "Operating Expenses": {"2019-12-31": "4234.90000", "2018-12-31": "3826.40000", "2017-12-31": "3482.60000", "2016-12-31": "3263.80000", "2015-12-31": "3431.70000", "2014-12-31": "3461.20000", "2013-12-31": "3160.60000", "2012-12-31": "3092.10000", "2011-12-31": "3346.10000", "2010-12-31": "3077.80000", "2009-12-31": "2809.10000", "2008-12-31": "3832.60000", "2007-12-31": "3907.20000", "2006-12-31": "3875.30000", "2005-12-31": "3881.60000"}, "Operating Income": {"2019-12-31": "517.60010", "2018-12-31": "443.09990", "2017-12-31": "461.20020", "2016-12-31": "486.10010", "2015-12-31": "485.50000", "2014-12-31": "321.10010", "2013-12-31": "316.60010", "2012-12-31": "322.39990", "2011-12-31": "272.80000", "2010-12-31": "281.30000", "2009-12-31": "246.00020", "2008-12-31": "243.50020", "2007-12-31": "342.80000", "2006-12-31": "391.59990", "2005-12-31": "375.89990"}, "Total Non-Operating Income/Expense": {"2019-12-31": "-87.50000", "2018-12-31": "-58.70000", "2017-12-31": "-29.20000", "2016-12-31": "1.00000", "2015-12-31": "-35.70000", "2014-12-31": "-25.60000", "2013-12-31": "-79.00000", "2012-12-31": "-34.90000", "2011-12-31": "-39.10000", "2010-12-31": "-25.80000", "2009-12-31": "-47.60000", "2008-12-31": "-50.90000", "2007-12-31": "-195.50000", "2006-12-31": "-56.00000", "2005-12-31": "-70.20000"}, "Pre-Tax Income": {"2019-12-31": "430.10000", "2018-12-31": "384.40000", "2017-12-31": "432.00000", "2016-12-31": "487.10000", "2015-12-31": "449.80000", "2014-12-31": "295.50000", "2013-12-31": "237.60000", "2012-12-31": "287.50000", "2011-12-31": "233.70000", "2010-12-31": "255.50000", "2009-12-31": "198.40000", "2008-12-31": "192.60000", "2007-12-31": "147.30000", "2006-12-31": "335.60000", "2005-12-31": "305.70000"}, "Income Taxes": {"2019-12-31": "96.20000", "2018-12-31": "78.30000", "2017-12-31": "138.40000", "2016-12-31": "120.00000", "2015-12-31": "121.80000", "2014-12-31": "70.30000", "2013-12-31": "51.30000", "2012-12-31": "55.70000", "2011-12-31": "59.90000", "2010-12-31": "71.90000", "2009-12-31": "77.30000", "2008-12-31": "65.10000", "2007-12-31": "82.40000", "2006-12-31": "99.50000", "2005-12-31": "87.60000"}, "Income After Taxes": {"2019-12-31": "333.90000", "2018-12-31": "306.10000", "2017-12-31": "293.60000", "2016-12-31": "367.10000", "2015-12-31": "328.00000", "2014-12-31": "225.20000", "2013-12-31": "186.30000", "2012-12-31": "231.80000", "2011-12-31": "173.80000", "2010-12-31": "183.60000", "2009-12-31": "121.10000", "2008-12-31": "127.50000", "2007-12-31": "64.90000", "2006-12-31": "236.10000", "2005-12-31": "218.10000"}, "Other Income": {"2019-12-31": "", "2018-12-31": "", "2017-12-31": "", "2016-12-31": "", "2015-12-31": "", "2014-12-31": "", "2013-12-31": "", "2012-12-31": "", "2011-12-31": "", "2010-12-31": "", "2009-12-31": "", "2008-12-31": "", "2007-12-31": "", "2006-12-31": "", "2005-12-31": ""}, "Income From Continuous Operations": {"2019-12-31": "333.90000", "2018-12-31": "306.10000", "2017-12-31": "293.60000", "2016-12-31": "367.10000", "2015-12-31": "328.00000", "2014-12-31": "225.20000", "2013-12-31": "186.30000", "2012-12-31": "231.80000", "2011-12-31": "173.80000", "2010-12-31": "183.60000", "2009-12-31": "121.10000", "2008-12-31": "127.50000", "2007-12-31": "64.90000", "2006-12-31": "236.10000", "2005-12-31": "218.10000"}, "Income From Discontinued Operations": {"2019-12-31": "", "2018-12-31": "", "2017-12-31": "-0.90000", "2016-12-31": "19.10000", "2015-12-31": "1.20000", "2014-12-31": "-124.00000", "2013-12-31": "13.40000", "2012-12-31": "18.70000", "2011-12-31": "-17.40000", "2010-12-31": "-0.80000", "2009-12-31": "-6.10000", "2008-12-31": "-18.50000", "2007-12-31": "-70.60000", "2006-12-31": "64.20000", "2005-12-31": "33.20000"}, "Net Income": {"2019-12-31": "333.80000", "2018-12-31": "305.90000", "2017-12-31": "292.60000", "2016-12-31": "385.80000", "2015-12-31": "325.10000", "2014-12-31": "98.00000", "2013-12-31": "197.30000", "2012-12-31": "248.20000", "2011-12-31": "153.30000", "2010-12-31": "176.60000", "2009-12-31": "111.80000", "2008-12-31": "104.40000", "2007-12-31": "-11.20000", "2006-12-31": "300.30000", "2005-12-31": "251.30000"}, "EBITDA": {"2019-12-31": "709.50010", "2018-12-31": "579.19980", "2017-12-31": "587.10020", "2016-12-31": "605.60010", "2015-12-31": "598.70000", "2014-12-31": "547.00010", "2013-12-31": "502.20010", "2012-12-31": "441.39990", "2011-12-31": "389.70000", "2010-12-31": "404.10000", "2009-12-31": "379.30020", "2008-12-31": "409.50020", "2007-12-31": "769.20010", "2006-12-31": "566.99990", "2005-12-31": "546.99990"}, "EBIT": {"2019-12-31": "517.60010", "2018-12-31": "443.09990", "2017-12-31": "461.20020", "2016-12-31": "486.10010", "2015-12-31": "485.50000", "2014-12-31": "321.10010", "2013-12-31": "316.60010", "2012-12-31": "322.39990", "2011-12-31": "272.80000", "2010-12-31": "281.30000", "2009-12-31": "246.00020", "2008-12-31": "243.50020", "2007-12-31": "342.80000", "2006-12-31": "391.59990", "2005-12-31": "375.89990"}, "Basic Shares Outstanding": {"2019-12-31": "134.80000", "2018-12-31": "134.30000", "2017-12-31": "136.00000", "2016-12-31": "137.90000", "2015-12-31": "140.90000", "2014-12-31": "141.40000", "2013-12-31": "145.20000", "2012-12-31": "144.30000", "2011-12-31": "145.40000", "2010-12-31": "151.22500", "2009-12-31": "159.33100", "2008-12-31": "167.95200", "2007-12-31": "179.36700", "2006-12-31": "186.05400", "2005-12-31": "192.63700"}, "Shares Outstanding": {"2019-12-31": "135.40000", "2018-12-31": "135.20000", "2017-12-31": "137.30000", "2016-12-31": "140.00000", "2015-12-31": "142.90000", "2014-12-31": "143.20000", "2013-12-31": "147.30000", "2012-12-31": "146.00000", "2011-12-31": "147.00000", "2010-12-31": "153.26800", "2009-12-31": "159.96500", "2008-12-31": "168.18600", "2007-12-31": "179.82800", "2006-12-31": "186.83300", "2005-12-31": "193.57500"}, "Basic EPS": {"2019-12-31": "2.48000", "2018-12-31": "2.28000", "2017-12-31": "2.15000", "2016-12-31": "2.80000", "2015-12-31": "2.31000", "2014-12-31": "0.69000", "2013-12-31": "1.36000", "2012-12-31": "1.72000", "2011-12-31": "1.05000", "2010-12-31": "1.17000", "2009-12-31": "0.70000", "2008-12-31": "0.62000", "2007-12-31": "-0.06000", "2006-12-31": "1.61000", "2005-12-31": "1.30000"}, "EPS - Earnings Per Share": {"2019-12-31": "2.47000", "2018-12-31": "2.26000", "2017-12-31": "2.13000", "2016-12-31": "2.76000", "2015-12-31": "2.28000", "2014-12-31": "0.68000", "2013-12-31": "1.34000", "2012-12-31": "1.70000", "2011-12-31": "1.04000", "2010-12-31": "1.15000", "2009-12-31": "0.70000", "2008-12-31": "0.62000", "2007-12-31": "-0.06000", "2006-12-31": "1.61000", "2005-12-31": "1.30000"}}, "income statement, quarterly": {"Revenue": {"2020-09-30": "1207.60000", "2020-06-30": "845.10000", "2020-03-31": "1045.50000", "2019-12-31": "1144.90000", "2019-09-30": "1239.30000", "2019-06-30": "1213.20000", "2019-03-31": "1155.10000", "2018-12-31": "1046.70000", "2018-09-30": "1091.50000", "2018-06-30": "1102.50000", "2018-03-31": "1028.80000", "2017-12-31": "984.50010", "2017-09-30": "1009.70000", "2017-06-30": "989.30000", "2017-03-31": "960.30000", "2016-12-31": "903.70000", "2016-09-30": "948.90000", "2016-06-30": "958.90000", "2016-03-31": "938.40000", "2015-12-31": "944.60000", "2015-09-30": "1009.10000", "2015-06-30": "997.30000", "2015-03-31": "966.20000", "2014-12-31": "953.29990", "2014-09-30": "997.40000", "2014-06-30": "956.10000", "2014-03-31": "875.50000", "2013-12-31": "708.10000", "2013-09-30": "877.60000", "2013-06-30": "958.80000", "2013-03-31": "932.70000", "2012-12-31": "554.99990", "2012-09-30": "978.10000", "2012-06-30": "934.60000", "2012-03-31": "946.80000", "2011-12-31": "837.00010", "2011-09-30": "940.90000", "2011-06-30": "945.20000", "2011-03-31": "895.80000", "2010-12-31": "801.90000", "2010-09-30": "866.50000", "2010-06-30": "874.30000", "2010-03-31": "816.40000", "2009-12-31": "769.70020", "2009-09-30": "809.90000", "2009-06-30": "757.40000", "2009-03-31": "718.10000", "2008-12-31": "882.50020", "2008-09-30": "1132.20000", "2008-06-30": "1063.10000", "2008-03-31": "998.30000", "2007-12-31": "1039.70000", "2007-09-30": "1092.20000", "2007-06-30": "1070.50000", "2007-03-31": "1047.60000", "2006-12-31": "219.60000", "2006-09-30": "1367.90000", "2006-06-30": "1355.60000", "2006-03-31": "1323.80000", "2005-12-31": "297.79980", "2005-09-30": "1348.60000", "2005-06-30": "1309.80000", "2005-03-31": "1301.30000"}, "Cost Of Goods Sold": {"2020-09-30": "940.80000", "2020-06-30": "698.80000", "2020-03-31": "822.70000", "2019-12-31": "872.49990", "2019-09-30": "963.80000", "2019-06-30": "943.50000", "2019-03-31": "922.10000", "2018-12-31": "833.49990", "2018-09-30": "864.40000", "2018-06-30": "871.50000", "2018-03-31": "811.40000", "2017-12-31": "776.00000", "2017-09-30": "793.20000", "2017-06-30": "758.60000", "2017-03-31": "733.60000", "2016-12-31": "696.99990", "2016-09-30": "721.50000", "2016-06-30": "724.90000", "2016-03-31": "704.80000", "2015-12-31": "711.00000", "2015-09-30": "768.00000", "2015-06-30": "766.60000", "2015-03-31": "748.40000", "2014-12-31": "749.49980", "2014-09-30": "788.30000", "2014-06-30": "755.40000", "2014-03-31": "698.70000", "2013-12-31": "565.80010", "2013-09-30": "698.00000", "2013-06-30": "759.70000", "2013-03-31": "743.80000", "2012-12-31": "429.29990", "2012-09-30": "773.20000", "2012-06-30": "747.90000", "2012-03-31": "768.50000", "2011-12-31": "690.79990", "2011-09-30": "770.50000", "2011-06-30": "763.30000", "2011-03-31": "725.80000", "2010-12-31": "660.39990", "2010-09-30": "697.80000", "2010-06-30": "694.60000", "2010-03-31": "650.90000", "2009-12-31": "599.49990", "2009-09-30": "622.60000", "2009-06-30": "610.20000", "2009-03-31": "593.10000", "2008-12-31": "771.89980", "2008-09-30": "925.10000", "2008-06-30": "866.70000", "2008-03-31": "821.20000", "2007-12-31": "863.00010", "2007-09-30": "876.60000", "2007-06-30": "863.50000", "2007-03-31": "851.10000", "2006-12-31": "146.90000", "2006-09-30": "1116.30000", "2006-06-30": "1106.70000", "2006-03-31": "1094.40000", "2005-12-31": "212.30000", "2005-09-30": "1133.50000", "2005-06-30": "1063.60000", "2005-03-31": "1068.90000"}, "Gross Profit": {"2020-09-30": "266.80000", "2020-06-30": "146.30000", "2020-03-31": "222.80000", "2019-12-31": "272.40010", "2019-09-30": "275.50010", "2019-06-30": "269.70000", "2019-03-31": "233.00000", "2018-12-31": "213.20010", "2018-09-30": "227.10000", "2018-06-30": "231.00000", "2018-03-31": "217.40000", "2017-12-31": "208.50010", "2017-09-30": "216.50000", "2017-06-30": "230.70000", "2017-03-31": "226.70000", "2016-12-31": "206.70000", "2016-09-30": "227.40000", "2016-06-30": "234.00000", "2016-03-31": "233.60000", "2015-12-31": "233.60000", "2015-09-30": "241.10000", "2015-06-30": "230.70000", "2015-03-31": "217.80000", "2014-12-31": "203.80010", "2014-09-30": "209.10000", "2014-06-30": "200.70000", "2014-03-31": "176.80000", "2013-12-31": "142.29990", "2013-09-30": "179.60000", "2013-06-30": "199.10000", "2013-03-31": "188.90000", "2012-12-31": "125.70000", "2012-09-30": "204.90000", "2012-06-30": "186.70000", "2012-03-31": "178.30000", "2011-12-31": "146.20020", "2011-09-30": "170.40000", "2011-06-30": "181.90000", "2011-03-31": "170.00000", "2010-12-31": "141.50010", "2010-09-30": "168.70000", "2010-06-30": "179.70000", "2010-03-31": "165.50000", "2009-12-31": "170.20030", "2009-09-30": "187.30000", "2009-06-30": "147.20000", "2009-03-31": "125.00000", "2008-12-31": "110.60030", "2008-09-30": "207.10000", "2008-06-30": "196.40000", "2008-03-31": "177.10000", "2007-12-31": "176.70000", "2007-09-30": "215.60000", "2007-06-30": "207.00000", "2007-03-31": "196.50000", "2006-12-31": "72.70000", "2006-09-30": "251.60000", "2006-06-30": "248.90000", "2006-03-31": "229.40000", "2005-12-31": "85.49980", "2005-09-30": "215.10000", "2005-06-30": "246.20010", "2005-03-31": "232.40000"}, "Research And Development Expenses": {"2020-09-30": "", "2020-06-30": "", "2020-03-31": "", "2019-12-31": "", "2019-09-30": "", "2019-06-30": "", "2019-03-31": "", "2018-12-31": "", "2018-09-30": "", "2018-06-30": "", "2018-03-31": "", "2017-12-31": "", "2017-09-30": "", "2017-06-30": "", "2017-03-31": "", "2016-12-31": "", "2016-09-30": "", "2016-06-30": "", "2016-03-31": "", "2015-12-31": "", "2015-09-30": "", "2015-06-30": "", "2015-03-31": "", "2014-12-31": "", "2014-09-30": "", "2014-06-30": "", "2014-03-31": "", "2013-12-31": "", "2013-09-30": "", "2013-06-30": "", "2013-03-31": "", "2012-12-31": "", "2012-09-30": "", "2012-06-30": "", "2012-03-31": "", "2011-12-31": "", "2011-09-30": "", "2011-06-30": "", "2011-03-31": "", "2010-12-31": "", "2010-09-30": "", "2010-06-30": "", "2010-03-31": "", "2009-12-31": "", "2009-09-30": "", "2009-06-30": "", "2009-03-31": "", "2008-12-31": "", "2008-09-30": "", "2008-06-30": "", "2008-03-31": "", "2007-12-31": "", "2007-09-30": "", "2007-06-30": "", "2007-03-31": "", "2006-12-31": "", "2006-09-30": "", "2006-06-30": "", "2006-03-31": "", "2005-12-31": "", "2005-09-30": "", "2005-06-30": "", "2005-03-31": ""}, "SG&A Expenses": {"2020-09-30": "105.60000", "2020-06-30": "97.20000", "2020-03-31": "117.80000", "2019-12-31": "117.60000", "2019-09-30": "115.20000", "2019-06-30": "118.30000", "2019-03-31": "118.60000", "2018-12-31": "111.90000", "2018-09-30": "100.70000", "2018-06-30": "107.80000", "2018-03-31": "104.70000", "2017-12-31": "94.30000", "2017-09-30": "95.40000", "2017-06-30": "104.70000", "2017-03-31": "106.10000", "2016-12-31": "97.00000", "2016-09-30": "93.90000", "2016-06-30": "99.70000", "2016-03-31": "105.10000", "2015-12-31": "115.90000", "2015-09-30": "96.90000", "2015-06-30": "106.60000", "2015-03-31": "97.50000", "2014-12-31": "132.00000", "2014-09-30": "131.40000", "2014-06-30": "94.10000", "2014-03-31": "92.10000", "2013-12-31": "76.50000", "2013-09-30": "85.40000", "2013-06-30": "98.80000", "2013-03-31": "107.20000", "2012-12-31": "64.30000", "2012-09-30": "94.10000", "2012-06-30": "91.80000", "2012-03-31": "97.90000", "2011-12-31": "90.20000", "2011-09-30": "93.90000", "2011-06-30": "98.10000", "2011-03-31": "95.80000", "2010-12-31": "85.60000", "2010-09-30": "87.60000", "2010-06-30": "88.80000", "2010-03-31": "92.30000", "2009-12-31": "87.30000", "2009-09-30": "84.80000", "2009-06-30": "89.00000", "2009-03-31": "101.90000", "2008-12-31": "106.20000", "2008-09-30": "105.50000", "2008-06-30": "107.60000", "2008-03-31": "103.90000", "2007-12-31": "110.00000", "2007-09-30": "105.90000", "2007-06-30": "113.40000", "2007-03-31": "100.40000", "2006-12-31": "32.10000", "2006-09-30": "118.30000", "2006-06-30": "123.40000", "2006-03-31": "121.50000", "2005-12-31": "48.80000", "2005-09-30": "115.80000", "2005-06-30": "118.30000", "2005-03-31": "112.60000"}, "Other Operating Income Or Expenses": {"2020-09-30": "", "2020-06-30": "", "2020-03-31": "", "2019-12-31": "", "2019-09-30": "", "2019-06-30": "", "2019-03-31": "", "2018-12-31": "", "2018-09-30": "", "2018-06-30": "", "2018-03-31": "", "2017-12-31": "", "2017-09-30": "", "2017-06-30": "", "2017-03-31": "", "2016-12-31": "", "2016-09-30": "", "2016-06-30": "", "2016-03-31": "", "2015-12-31": "", "2015-09-30": "", "2015-06-30": "", "2015-03-31": "", "2014-12-31": "", "2014-09-30": "", "2014-06-30": "", "2014-03-31": "", "2013-12-31": "", "2013-09-30": "", "2013-06-30": "", "2013-03-31": "", "2012-12-31": "", "2012-09-30": "", "2012-06-30": "", "2012-03-31": "", "2011-12-31": "", "2011-09-30": "", "2011-06-30": "", "2011-03-31": "", "2010-12-31": "", "2010-09-30": "", "2010-06-30": "", "2010-03-31": "", "2009-12-31": "", "2009-09-30": "", "2009-06-30": "", "2009-03-31": "", "2008-12-31": "", "2008-09-30": "", "2008-06-30": "", "2008-03-31": "", "2007-12-31": "", "2007-09-30": "", "2007-06-30": "", "2007-03-31": "", "2006-12-31": "", "2006-09-30": "", "2006-06-30": "", "2006-03-31": "", "2005-12-31": "", "2005-09-30": "", "2005-06-30": "", "2005-03-31": ""}, "Operating Expenses": {"2020-09-30": "1062.60000", "2020-06-30": "812.30000", "2020-03-31": "956.90000", "2019-12-31": "1006.10000", "2019-09-30": "1095.30000", "2019-06-30": "1078.70000", "2019-03-31": "1054.80000", "2018-12-31": "950.60020", "2018-09-30": "970.30000", "2018-06-30": "984.40000", "2018-03-31": "921.10000", "2017-12-31": "874.99990", "2017-09-30": "894.80000", "2017-06-30": "868.00000", "2017-03-31": "844.79990", "2016-12-31": "798.79970", "2016-09-30": "820.60000", "2016-06-30": "829.40000", "2016-03-31": "814.99990", "2015-12-31": "832.09990", "2015-09-30": "870.10000", "2015-06-30": "878.40000", "2015-03-31": "851.10000", "2014-12-31": "886.70010", "2014-09-30": "924.60000", "2014-06-30": "854.30000", "2014-03-31": "795.60000", "2013-12-31": "651.29990", "2013-09-30": "788.70000", "2013-06-30": "863.90000", "2013-03-31": "856.70000", "2012-12-31": "499.59990", "2012-09-30": "873.80000", "2012-06-30": "846.10000", "2012-03-31": "872.60000", "2011-12-31": "784.29970", "2011-09-30": "869.10000", "2011-06-30": "866.30000", "2011-03-31": "826.40000", "2010-12-31": "750.99990", "2010-09-30": "790.30000", "2010-06-30": "788.30000", "2010-03-31": "748.20000", "2009-12-31": "692.20000", "2009-09-30": "712.90000", "2009-06-30": "704.70000", "2009-03-31": "699.30000", "2008-12-31": "884.09980", "2008-09-30": "1036.80000", "2008-06-30": "980.60000", "2008-03-31": "931.10000", "2007-12-31": "979.69980", "2007-09-30": "987.80000", "2007-06-30": "983.30000", "2007-03-31": "956.40000", "2006-12-31": "194.70000", "2006-09-30": "1234.60000", "2006-06-30": "1230.10000", "2006-03-31": "1215.90000", "2005-12-31": "268.90000", "2005-09-30": "1249.30000", "2005-06-30": "1181.90000", "2005-03-31": "1181.50000"}, "Operating Income": {"2020-09-30": "145.00000", "2020-06-30": "32.80000", "2020-03-31": "88.60000", "2019-12-31": "138.80000", "2019-09-30": "144.00010", "2019-06-30": "134.49990", "2019-03-31": "100.30000", "2018-12-31": "96.09980", "2018-09-30": "121.20000", "2018-06-30": "118.10000", "2018-03-31": "107.70000", "2017-12-31": "109.50020", "2017-09-30": "114.90000", "2017-06-30": "121.30000", "2017-03-31": "115.50010", "2016-12-31": "104.90020", "2016-09-30": "128.30000", "2016-06-30": "129.50000", "2016-03-31": "123.40010", "2015-12-31": "112.50010", "2015-09-30": "138.99990", "2015-06-30": "118.90000", "2015-03-31": "115.10000", "2014-12-31": "66.59990", "2014-09-30": "72.80010", "2014-06-30": "101.80000", "2014-03-31": "79.90000", "2013-12-31": "56.80020", "2013-09-30": "88.90000", "2013-06-30": "94.90000", "2013-03-31": "76.00000", "2012-12-31": "55.40000", "2012-09-30": "104.30000", "2012-06-30": "88.49990", "2012-03-31": "74.20000", "2011-12-31": "52.70030", "2011-09-30": "71.80000", "2011-06-30": "78.90000", "2011-03-31": "69.40000", "2010-12-31": "50.90010", "2010-09-30": "76.20000", "2010-06-30": "86.00000", "2010-03-31": "68.20000", "2009-12-31": "77.50020", "2009-09-30": "97.00010", "2009-06-30": "52.70000", "2009-03-31": "18.80000", "2008-12-31": "-1.59960", "2008-09-30": "95.39990", "2008-06-30": "82.50000", "2008-03-31": "67.20000", "2007-12-31": "60.00020", "2007-09-30": "104.40000", "2007-06-30": "87.20000", "2007-03-31": "91.20000", "2006-12-31": "24.90000", "2006-09-30": "133.29990", "2006-06-30": "125.50000", "2006-03-31": "107.90000", "2005-12-31": "28.89980", "2005-09-30": "99.29990", "2005-06-30": "127.90000", "2005-03-31": "119.80000"}, "Total Non-Operating Income/Expense": {"2020-09-30": "-18.10000", "2020-06-30": "-30.40000", "2020-03-31": "-27.90000", "2019-12-31": "-24.00000", "2019-09-30": "-21.00000", "2019-06-30": "-20.40000", "2019-03-31": "-22.10000", "2018-12-31": "-27.90000", "2018-09-30": "-7.90000", "2018-06-30": "-10.60000", "2018-03-31": "-12.30000", "2017-12-31": "1.10000", "2017-09-30": "-14.20000", "2017-06-30": "-7.90000", "2017-03-31": "-8.20000", "2016-12-31": "5.10000", "2016-09-30": "-7.10000", "2016-06-30": "7.70000", "2016-03-31": "-4.70000", "2015-12-31": "-6.00000", "2015-09-30": "-6.70000", "2015-06-30": "-9.90000", "2015-03-31": "-13.10000", "2014-12-31": "-7.60000", "2014-09-30": "-6.30000", "2014-06-30": "-8.60000", "2014-03-31": "-3.10000", "2013-12-31": "-68.40000", "2013-09-30": "1.60000", "2013-06-30": "-5.50000", "2013-03-31": "-6.70000", "2012-12-31": "-8.70000", "2012-09-30": "-9.10000", "2012-06-30": "-9.70000", "2012-03-31": "-7.40000", "2011-12-31": "-20.60000", "2011-09-30": "-8.40000", "2011-06-30": "-6.90000", "2011-03-31": "-3.20000", "2010-12-31": "-9.50000", "2010-09-30": "-8.20000", "2010-06-30": "-8.90000", "2010-03-31": "0.80000", "2009-12-31": "-8.80000", "2009-09-30": "-10.00000", "2009-06-30": "-20.00000", "2009-03-31": "-8.80000", "2008-12-31": "-23.10000", "2008-09-30": "-8.80000", "2008-06-30": "-11.10000", "2008-03-31": "-7.90000", "2007-12-31": "-159.60000", "2007-09-30": "-11.80000", "2007-06-30": "-12.90000", "2007-03-31": "-11.20000", "2006-12-31": "-0.70000", "2006-09-30": "-12.70000", "2006-06-30": "-18.80000", "2006-03-31": "-23.80000", "2005-12-31": "-26.70000", "2005-09-30": "-21.70000", "2005-06-30": "-9.70000", "2005-03-31": "-12.10000"}, "Pre-Tax Income": {"2020-09-30": "126.90000", "2020-06-30": "2.40000", "2020-03-31": "60.70000", "2019-12-31": "114.80000", "2019-09-30": "123.00000", "2019-06-30": "114.10000", "2019-03-31": "78.20000", "2018-12-31": "68.20000", "2018-09-30": "113.30000", "2018-06-30": "107.50000", "2018-03-31": "95.40000", "2017-12-31": "110.60000", "2017-09-30": "100.70000", "2017-06-30": "113.40000", "2017-03-31": "107.30000", "2016-12-31": "110.00000", "2016-09-30": "121.20000", "2016-06-30": "137.20000", "2016-03-31": "118.70000", "2015-12-31": "106.50000", "2015-09-30": "132.30000", "2015-06-30": "109.00000", "2015-03-31": "102.00000", "2014-12-31": "59.00000", "2014-09-30": "66.50000", "2014-06-30": "93.20000", "2014-03-31": "76.80000", "2013-12-31": "-11.60000", "2013-09-30": "90.50000", "2013-06-30": "89.40000", "2013-03-31": "69.30000", "2012-12-31": "46.70000", "2012-09-30": "95.20000", "2012-06-30": "78.80000", "2012-03-31": "66.80000", "2011-12-31": "32.10000", "2011-09-30": "63.40000", "2011-06-30": "72.00000", "2011-03-31": "66.20000", "2010-12-31": "41.40000", "2010-09-30": "68.00000", "2010-06-30": "77.10000", "2010-03-31": "69.00000", "2009-12-31": "68.70000", "2009-09-30": "87.00000", "2009-06-30": "32.70000", "2009-03-31": "10.00000", "2008-12-31": "-24.70000", "2008-09-30": "86.60000", "2008-06-30": "71.40000", "2008-03-31": "59.30000", "2007-12-31": "-99.60000", "2007-09-30": "92.60000", "2007-06-30": "74.30000", "2007-03-31": "80.00000", "2006-12-31": "24.20000", "2006-09-30": "120.60000", "2006-06-30": "106.70000", "2006-03-31": "84.10000", "2005-12-31": "2.20000", "2005-09-30": "77.60000", "2005-06-30": "118.20000", "2005-03-31": "107.70000"}, "Income Taxes": {"2020-09-30": "22.00000", "2020-06-30": "8.50000", "2020-03-31": "15.00000", "2019-12-31": "27.90000", "2019-09-30": "23.40000", "2019-06-30": "27.80000", "2019-03-31": "17.10000", "2018-12-31": "15.10000", "2018-09-30": "23.30000", "2018-06-30": "22.40000", "2018-03-31": "17.50000", "2017-12-31": "74.20000", "2017-09-30": "17.20000", "2017-06-30": "25.80000", "2017-03-31": "21.20000", "2016-12-31": "27.00000", "2016-09-30": "27.60000", "2016-06-30": "37.70000", "2016-03-31": "27.70000", "2015-12-31": "24.70000", "2015-09-30": "36.10000", "2015-06-30": "32.30000", "2015-03-31": "28.70000", "2014-12-31": "12.80000", "2014-09-30": "13.10000", "2014-06-30": "23.60000", "2014-03-31": "20.80000", "2013-12-31": "-16.90000", "2013-09-30": "24.00000", "2013-06-30": "24.30000", "2013-03-31": "19.90000", "2012-12-31": "-16.70000", "2012-09-30": "28.60000", "2012-06-30": "21.50000", "2012-03-31": "22.30000", "2011-12-31": "5.40000", "2011-09-30": "18.10000", "2011-06-30": "16.50000", "2011-03-31": "19.90000", "2010-12-31": "8.80000", "2010-09-30": "18.10000", "2010-06-30": "23.50000", "2010-03-31": "21.50000", "2009-12-31": "26.20000", "2009-09-30": "30.80000", "2009-06-30": "13.60000", "2009-03-31": "6.70000", "2008-12-31": "-17.10000", "2008-09-30": "37.10000", "2008-06-30": "26.20000", "2008-03-31": "18.90000", "2007-12-31": "12.30000", "2007-09-30": "28.50000", "2007-06-30": "18.00000", "2007-03-31": "23.60000", "2006-12-31": "7.00000", "2006-09-30": "39.50000", "2006-06-30": "25.70000", "2006-03-31": "27.30000", "2005-12-31": "-9.90000", "2005-09-30": "23.60000", "2005-06-30": "39.00000", "2005-03-31": "34.90000"}, "Income After Taxes": {"2020-09-30": "104.90000", "2020-06-30": "-6.10000", "2020-03-31": "45.70000", "2019-12-31": "86.90000", "2019-09-30": "99.60000", "2019-06-30": "86.30000", "2019-03-31": "61.10000", "2018-12-31": "53.10000", "2018-09-30": "90.00000", "2018-06-30": "85.10000", "2018-03-31": "77.90000", "2017-12-31": "36.40000", "2017-09-30": "83.50000", "2017-06-30": "87.60000", "2017-03-31": "86.10000", "2016-12-31": "83.00000", "2016-09-30": "93.60000", "2016-06-30": "99.50000", "2016-03-31": "91.00000", "2015-12-31": "81.80000", "2015-09-30": "96.20000", "2015-06-30": "76.70000", "2015-03-31": "73.30000", "2014-12-31": "46.20000", "2014-09-30": "53.40000", "2014-06-30": "69.60000", "2014-03-31": "56.00000", "2013-12-31": "5.30000", "2013-09-30": "66.50000", "2013-06-30": "65.10000", "2013-03-31": "49.40000", "2012-12-31": "63.40000", "2012-09-30": "66.60000", "2012-06-30": "57.30000", "2012-03-31": "44.50000", "2011-12-31": "26.70000", "2011-09-30": "45.30000", "2011-06-30": "55.50000", "2011-03-31": "46.30000", "2010-12-31": "32.60000", "2010-09-30": "49.90000", "2010-06-30": "53.60000", "2010-03-31": "47.50000", "2009-12-31": "42.50000", "2009-09-30": "56.20000", "2009-06-30": "19.10000", "2009-03-31": "3.30000", "2008-12-31": "-7.60000", "2008-09-30": "49.50000", "2008-06-30": "45.20000", "2008-03-31": "40.40000", "2007-12-31": "-111.90000", "2007-09-30": "64.10000", "2007-06-30": "56.30000", "2007-03-31": "56.40000", "2006-12-31": "17.20000", "2006-09-30": "81.10000", "2006-06-30": "81.00000", "2006-03-31": "56.80000", "2005-12-31": "12.10000", "2005-09-30": "54.00000", "2005-06-30": "79.20000", "2005-03-31": "72.80000"}, "Other Income": {"2020-09-30": "", "2020-06-30": "", "2020-03-31": "", "2019-12-31": "", "2019-09-30": "", "2019-06-30": "", "2019-03-31": "", "2018-12-31": "", "2018-09-30": "", "2018-06-30": "", "2018-03-31": "", "2017-12-31": "", "2017-09-30": "", "2017-06-30": "", "2017-03-31": "", "2016-12-31": "", "2016-09-30": "", "2016-06-30": "", "2016-03-31": "", "2015-12-31": "", "2015-09-30": "", "2015-06-30": "", "2015-03-31": "", "2014-12-31": "", "2014-09-30": "", "2014-06-30": "", "2014-03-31": "", "2013-12-31": "", "2013-09-30": "", "2013-06-30": "", "2013-03-31": "", "2012-12-31": "", "2012-09-30": "", "2012-06-30": "", "2012-03-31": "", "2011-12-31": "", "2011-09-30": "", "2011-06-30": "", "2011-03-31": "", "2010-12-31": "", "2010-09-30": "", "2010-06-30": "", "2010-03-31": "", "2009-12-31": "", "2009-09-30": "", "2009-06-30": "", "2009-03-31": "", "2008-12-31": "", "2008-09-30": "", "2008-06-30": "", "2008-03-31": "", "2007-12-31": "", "2007-09-30": "", "2007-06-30": "", "2007-03-31": "", "2006-12-31": "", "2006-09-30": "", "2006-06-30": "", "2006-03-31": "", "2005-12-31": "", "2005-09-30": "", "2005-06-30": "", "2005-03-31": ""}, "Income From Continuous Operations": {"2020-09-30": "104.90000", "2020-06-30": "-6.10000", "2020-03-31": "45.70000", "2019-12-31": "86.90000", "2019-09-30": "99.60000", "2019-06-30": "86.30000", "2019-03-31": "61.10000", "2018-12-31": "53.10000", "2018-09-30": "90.00000", "2018-06-30": "85.10000", "2018-03-31": "77.90000", "2017-12-31": "36.40000", "2017-09-30": "83.50000", "2017-06-30": "87.60000", "2017-03-31": "86.10000", "2016-12-31": "83.00000", "2016-09-30": "93.60000", "2016-06-30": "99.50000", "2016-03-31": "91.00000", "2015-12-31": "81.80000", "2015-09-30": "96.20000", "2015-06-30": "76.70000", "2015-03-31": "73.30000", "2014-12-31": "46.20000", "2014-09-30": "53.40000", "2014-06-30": "69.60000", "2014-03-31": "56.00000", "2013-12-31": "5.30000", "2013-09-30": "66.50000", "2013-06-30": "65.10000", "2013-03-31": "49.40000", "2012-12-31": "63.40000", "2012-09-30": "66.60000", "2012-06-30": "57.30000", "2012-03-31": "44.50000", "2011-12-31": "26.70000", "2011-09-30": "45.30000", "2011-06-30": "55.50000", "2011-03-31": "46.30000", "2010-12-31": "32.60000", "2010-09-30": "49.90000", "2010-06-30": "53.60000", "2010-03-31": "47.50000", "2009-12-31": "42.50000", "2009-09-30": "56.20000", "2009-06-30": "19.10000", "2009-03-31": "3.30000", "2008-12-31": "-7.60000", "2008-09-30": "49.50000", "2008-06-30": "45.20000", "2008-03-31": "40.40000", "2007-12-31": "-111.90000", "2007-09-30": "64.10000", "2007-06-30": "56.30000", "2007-03-31": "56.40000", "2006-12-31": "17.20000", "2006-09-30": "81.10000", "2006-06-30": "81.00000", "2006-03-31": "56.80000", "2005-12-31": "12.10000", "2005-09-30": "54.00000", "2005-06-30": "79.20000", "2005-03-31": "72.80000"}, "Income From Discontinued Operations": {"2020-09-30": "", "2020-06-30": "", "2020-03-31": "", "2019-12-31": "", "2019-09-30": "", "2019-06-30": "", "2019-03-31": "", "2018-12-31": "", "2018-09-30": "", "2018-06-30": "", "2018-03-31": "", "2017-12-31": "", "2017-09-30": "-0.90000", "2017-06-30": "", "2017-03-31": "", "2016-12-31": "-1.30000", "2016-09-30": "0.00000", "2016-06-30": "20.30000", "2016-03-31": "0.10000", "2015-12-31": "0.00000", "2015-09-30": "-0.10000", "2015-06-30": "1.80000", "2015-03-31": "-0.50000", "2014-12-31": "-24.60000", "2014-09-30": "-4.40000", "2014-06-30": "-92.70000", "2014-03-31": "-2.30000", "2013-12-31": "1.00000", "2013-09-30": "5.50000", "2013-06-30": "6.80000", "2013-03-31": "0.10000", "2012-12-31": "10.60000", "2012-09-30": "0.00000", "2012-06-30": "8.10000", "2012-03-31": "", "2011-12-31": "", "2011-09-30": "", "2011-06-30": "", "2011-03-31": "", "2010-12-31": "-0.10000", "2010-09-30": "-0.60000", "2010-06-30": "0.50000", "2010-03-31": "-0.60000", "2009-12-31": "-5.40000", "2009-09-30": "-0.50000", "2009-06-30": "0.10000", "2009-03-31": "-0.30000", "2008-12-31": "-9.80000", "2008-09-30": "-15.70000", "2008-06-30": "2.80000", "2008-03-31": "4.20000", "2007-12-31": "-95.20000", "2007-09-30": "1.60000", "2007-06-30": "3.70000", "2007-03-31": "19.30000", "2006-12-31": "52.80000", "2006-09-30": "2.90000", "2006-06-30": "3.20000", "2006-03-31": "5.30000", "2005-12-31": "", "2005-09-30": "", "2005-06-30": "", "2005-03-31": ""}, "Net Income": {"2020-09-30": "104.80000", "2020-06-30": "-6.10000", "2020-03-31": "45.70000", "2019-12-31": "86.80000", "2019-09-30": "99.60000", "2019-06-30": "86.20000", "2019-03-31": "61.20000", "2018-12-31": "53.00000", "2018-09-30": "90.00000", "2018-06-30": "85.00000", "2018-03-31": "77.90000", "2017-12-31": "36.30000", "2017-09-30": "82.60000", "2017-06-30": "87.60000", "2017-03-31": "86.10000", "2016-12-31": "81.60000", "2016-09-30": "93.50000", "2016-06-30": "121.20000", "2016-03-31": "89.50000", "2015-12-31": "80.50000", "2015-09-30": "95.20000", "2015-06-30": "77.70000", "2015-03-31": "71.70000", "2014-12-31": "20.60000", "2014-09-30": "48.20000", "2014-06-30": "-23.90000", "2014-03-31": "53.10000", "2013-12-31": "5.60000", "2013-09-30": "71.30000", "2013-06-30": "71.30000", "2013-03-31": "49.10000", "2012-12-31": "73.50000", "2012-09-30": "65.80000", "2012-06-30": "64.90000", "2012-03-31": "44.00000", "2011-12-31": "8.70000", "2011-09-30": "44.90000", "2011-06-30": "54.70000", "2011-03-31": "45.00000", "2010-12-31": "31.40000", "2010-09-30": "47.40000", "2010-06-30": "52.70000", "2010-03-31": "45.10000", "2009-12-31": "35.20000", "2009-09-30": "54.30000", "2009-06-30": "19.00000", "2009-03-31": "3.30000", "2008-12-31": "-18.00000", "2008-09-30": "32.70000", "2008-06-30": "46.30000", "2008-03-31": "43.40000", "2007-12-31": "-212.60000", "2007-09-30": "65.70000", "2007-06-30": "60.00000", "2007-03-31": "75.70000", "2006-12-31": "70.00000", "2006-09-30": "84.00000", "2006-06-30": "84.20000", "2006-03-31": "62.10000", "2005-12-31": "45.30000", "2005-09-30": "54.00000", "2005-06-30": "79.20000", "2005-03-31": "72.80000"}, "EBITDA": {"2020-09-30": "192.00000", "2020-06-30": "104.70000", "2020-03-31": "136.10000", "2019-12-31": "186.00000", "2019-09-30": "192.40010", "2019-06-30": "184.49990", "2019-03-31": "146.60010", "2018-12-31": "131.19980", "2018-09-30": "155.00000", "2018-06-30": "151.90000", "2018-03-31": "141.10000", "2017-12-31": "139.70020", "2017-09-30": "148.40000", "2017-06-30": "153.20000", "2017-03-31": "145.80010", "2016-12-31": "134.30020", "2016-09-30": "157.50000", "2016-06-30": "162.10000", "2016-03-31": "151.70010", "2015-12-31": "136.60010", "2015-09-30": "167.49990", "2015-06-30": "145.80000", "2015-03-31": "148.80000", "2014-12-31": "96.89980", "2014-09-30": "102.00010", "2014-06-30": "239.30000", "2014-03-31": "108.80000", "2013-12-31": "154.10020", "2013-09-30": "118.10000", "2013-06-30": "124.70000", "2013-03-31": "105.30000", "2012-12-31": "85.20000", "2012-09-30": "135.80000", "2012-06-30": "117.19990", "2012-03-31": "103.20000", "2011-12-31": "81.40030", "2011-09-30": "99.70000", "2011-06-30": "109.10000", "2011-03-31": "99.50000", "2010-12-31": "82.50010", "2010-09-30": "106.20000", "2010-06-30": "115.30000", "2010-03-31": "100.10000", "2009-12-31": "113.50020", "2009-09-30": "129.50010", "2009-06-30": "86.10000", "2009-03-31": "50.20000", "2008-12-31": "58.80040", "2008-09-30": "129.79990", "2008-06-30": "118.70000", "2008-03-31": "102.20000", "2007-12-31": "351.30020", "2007-09-30": "149.30000", "2007-06-30": "133.90000", "2007-03-31": "134.70000", "2006-12-31": "68.40000", "2006-09-30": "177.19990", "2006-06-30": "170.30000", "2006-03-31": "151.10000", "2005-12-31": "73.09980", "2005-09-30": "143.59990", "2005-06-30": "167.10000", "2005-03-31": "163.20000"}, "EBIT": {"2020-09-30": "145.00000", "2020-06-30": "32.80000", "2020-03-31": "88.60000", "2019-12-31": "138.80000", "2019-09-30": "144.00010", "2019-06-30": "134.49990", "2019-03-31": "100.30000", "2018-12-31": "96.09990", "2018-09-30": "121.20000", "2018-06-30": "118.10000", "2018-03-31": "107.70000", "2017-12-31": "109.50020", "2017-09-30": "114.90000", "2017-06-30": "121.30000", "2017-03-31": "115.50010", "2016-12-31": "104.90000", "2016-09-30": "128.30000", "2016-06-30": "129.50000", "2016-03-31": "123.40010", "2015-12-31": "112.50010", "2015-09-30": "138.99990", "2015-06-30": "118.90000", "2015-03-31": "115.10000", "2014-12-31": "66.60000", "2014-09-30": "72.80010", "2014-06-30": "101.80000", "2014-03-31": "79.90000", "2013-12-31": "56.80020", "2013-09-30": "88.90000", "2013-06-30": "94.90000", "2013-03-31": "76.00000", "2012-12-31": "55.40000", "2012-09-30": "104.30000", "2012-06-30": "88.49990", "2012-03-31": "74.20000", "2011-12-31": "52.70000", "2011-09-30": "71.80000", "2011-06-30": "78.90000", "2011-03-31": "69.40000", "2010-12-31": "50.90000", "2010-09-30": "76.20000", "2010-06-30": "86.00000", "2010-03-31": "68.20000", "2009-12-31": "77.50020", "2009-09-30": "97.00010", "2009-06-30": "52.70000", "2009-03-31": "18.80000", "2008-12-31": "-1.59960", "2008-09-30": "95.39990", "2008-06-30": "82.50000", "2008-03-31": "67.20000", "2007-12-31": "60.00020", "2007-09-30": "104.40000", "2007-06-30": "87.20000", "2007-03-31": "91.20000", "2006-12-31": "24.89990", "2006-09-30": "133.29990", "2006-06-30": "125.50000", "2006-03-31": "107.90000", "2005-12-31": "28.89990", "2005-09-30": "99.29990", "2005-06-30": "127.90000", "2005-03-31": "119.80000"}, "Basic Shares Outstanding": {"2020-09-30": "135.80000", "2020-06-30": "135.70000", "2020-03-31": "135.40000", "2019-12-31": "134.80000", "2019-09-30": "134.90000", "2019-06-30": "134.70000", "2019-03-31": "134.40000", "2018-12-31": "134.30000", "2018-09-30": "133.80000", "2018-06-30": "134.10000", "2018-03-31": "135.30000", "2017-12-31": "136.00000", "2017-09-30": "135.70000", "2017-06-30": "136.00000", "2017-03-31": "136.80000", "2016-12-31": "137.90000", "2016-09-30": "137.40000", "2016-06-30": "137.80000", "2016-03-31": "139.10000", "2015-12-31": "140.90000", "2015-09-30": "140.40000", "2015-06-30": "141.40000", "2015-03-31": "141.90000", "2014-12-31": "141.40000", "2014-09-30": "140.80000", "2014-06-30": "141.40000", "2014-03-31": "142.40000", "2013-12-31": "145.20000", "2013-09-30": "144.90000", "2013-06-30": "145.80000", "2013-03-31": "145.90000", "2012-12-31": "144.30000", "2012-09-30": "144.40000", "2012-06-30": "144.10000", "2012-03-31": "143.60000", "2011-12-31": "145.40000", "2011-09-30": "143.80000", "2011-06-30": "145.60000", "2011-03-31": "149.20000", "2010-12-31": "151.22500", "2010-09-30": "150.70000", "2010-06-30": "151.50000", "2010-03-31": "152.60000", "2009-12-31": "159.33100", "2009-09-30": "159.70000", "2009-06-30": "161.50000", "2009-03-31": "161.10000", "2008-12-31": "167.95200", "2008-09-30": "165.60000", "2008-06-30": "171.30000", "2008-03-31": "173.10000", "2007-12-31": "179.36700", "2007-09-30": "177.10000", "2007-06-30": "181.90000", "2007-03-31": "183.00000", "2006-12-31": "186.05400", "2006-09-30": "185.60000", "2006-06-30": "186.90000", "2006-03-31": "187.40000", "2005-12-31": "192.63700", "2005-09-30": "193.00000", "2005-06-30": "193.80000", "2005-03-31": "195.20000"}, "Shares Outstanding": {"2020-09-30": "136.10000", "2020-06-30": "135.70000", "2020-03-31": "135.60000", "2019-12-31": "135.40000", "2019-09-30": "135.40000", "2019-06-30": "135.20000", "2019-03-31": "135.00000", "2018-12-31": "135.20000", "2018-09-30": "134.70000", "2018-06-30": "135.00000", "2018-03-31": "136.30000", "2017-12-31": "137.30000", "2017-09-30": "136.90000", "2017-06-30": "137.40000", "2017-03-31": "138.10000", "2016-12-31": "140.00000", "2016-09-30": "139.40000", "2016-06-30": "140.10000", "2016-03-31": "141.20000", "2015-12-31": "142.90000", "2015-09-30": "142.50000", "2015-06-30": "143.40000", "2015-03-31": "143.80000", "2014-12-31": "143.20000", "2014-09-30": "142.50000", "2014-06-30": "143.10000", "2014-03-31": "144.00000", "2013-12-31": "147.30000", "2013-09-30": "147.00000", "2013-06-30": "148.10000", "2013-03-31": "148.00000", "2012-12-31": "146.00000", "2012-09-30": "146.10000", "2012-06-30": "145.40000", "2012-03-31": "145.10000", "2011-12-31": "147.00000", "2011-09-30": "145.10000", "2011-06-30": "147.40000", "2011-03-31": "150.80000", "2010-12-31": "153.26800", "2010-09-30": "152.90000", "2010-06-30": "153.80000", "2010-03-31": "154.30000", "2009-12-31": "159.96500", "2009-09-30": "160.50000", "2009-06-30": "161.80000", "2009-03-31": "161.40000", "2008-12-31": "168.18600", "2008-09-30": "166.10000", "2008-06-30": "171.50000", "2008-03-31": "173.20000", "2007-12-31": "179.82800", "2007-09-30": "177.40000", "2007-06-30": "182.60000", "2007-03-31": "183.70000", "2006-12-31": "186.83300", "2006-09-30": "186.30000", "2006-06-30": "187.90000", "2006-03-31": "188.20000", "2005-12-31": "193.57500", "2005-09-30": "193.80000", "2005-06-30": "195.00000", "2005-03-31": "196.50000"}, "Basic EPS": {"2020-09-30": "0.77000", "2020-06-30": "-0.05000", "2020-03-31": "0.34000", "2019-12-31": "0.64000", "2019-09-30": "0.74000", "2019-06-30": "0.64000", "2019-03-31": "0.46000", "2018-12-31": "0.40000", "2018-09-30": "0.67000", "2018-06-30": "0.63000", "2018-03-31": "0.58000", "2017-12-31": "0.27000", "2017-09-30": "0.61000", "2017-06-30": "0.64000", "2017-03-31": "0.63000", "2016-12-31": "0.60000", "2016-09-30": "0.68000", "2016-06-30": "0.88000", "2016-03-31": "0.64000", "2015-12-31": "0.57000", "2015-09-30": "0.68000", "2015-06-30": "0.55000", "2015-03-31": "0.51000", "2014-12-31": "0.15000", "2014-09-30": "0.34000", "2014-06-30": "-0.17000", "2014-03-31": "0.37000", "2013-12-31": "0.04000", "2013-09-30": "0.49000", "2013-06-30": "0.49000", "2013-03-31": "0.34000", "2012-12-31": "0.50000", "2012-09-30": "0.46000", "2012-06-30": "0.45000", "2012-03-31": "0.31000", "2011-12-31": "0.06000", "2011-09-30": "0.31000", "2011-06-30": "0.38000", "2011-03-31": "0.30000", "2010-12-31": "0.21000", "2010-09-30": "0.31000", "2010-06-30": "0.35000", "2010-03-31": "0.30000", "2009-12-31": "0.22000", "2009-09-30": "0.34000", "2009-06-30": "0.12000", "2009-03-31": "0.02000", "2008-12-31": "-0.10000", "2008-09-30": "0.20000", "2008-06-30": "0.27000", "2008-03-31": "0.25000", "2007-12-31": "-1.17000", "2007-09-30": "0.37000", "2007-06-30": "0.33000", "2007-03-31": "0.41000", "2006-12-31": "0.38000", "2006-09-30": "0.45000", "2006-06-30": "0.45000", "2006-03-31": "0.33000", "2005-12-31": "0.24000", "2005-09-30": "0.28000", "2005-06-30": "0.41000", "2005-03-31": "0.37000"}, "EPS - Earnings Per Share": {"2020-09-30": "0.77000", "2020-06-30": "-0.05000", "2020-03-31": "0.34000", "2019-12-31": "0.64000", "2019-09-30": "0.74000", "2019-06-30": "0.64000", "2019-03-31": "0.45000", "2018-12-31": "0.39000", "2018-09-30": "0.67000", "2018-06-30": "0.63000", "2018-03-31": "0.57000", "2017-12-31": "0.27000", "2017-09-30": "0.60000", "2017-06-30": "0.64000", "2017-03-31": "0.62000", "2016-12-31": "0.59000", "2016-09-30": "0.67000", "2016-06-30": "0.87000", "2016-03-31": "0.63000", "2015-12-31": "0.57000", "2015-09-30": "0.67000", "2015-06-30": "0.54000", "2015-03-31": "0.50000", "2014-12-31": "0.14000", "2014-09-30": "0.34000", "2014-06-30": "-0.17000", "2014-03-31": "0.37000", "2013-12-31": "0.04000", "2013-09-30": "0.49000", "2013-06-30": "0.48000", "2013-03-31": "0.33000", "2012-12-31": "0.50000", "2012-09-30": "0.45000", "2012-06-30": "0.45000", "2012-03-31": "0.30000", "2011-12-31": "0.06000", "2011-09-30": "0.31000", "2011-06-30": "0.37000", "2011-03-31": "0.30000", "2010-12-31": "0.21000", "2010-09-30": "0.31000", "2010-06-30": "0.34000", "2010-03-31": "0.29000", "2009-12-31": "0.22000", "2009-09-30": "0.34000", "2009-06-30": "0.12000", "2009-03-31": "0.02000", "2008-12-31": "-0.10000", "2008-09-30": "0.20000", "2008-06-30": "0.27000", "2008-03-31": "0.25000", "2007-12-31": "-1.17000", "2007-09-30": "0.37000", "2007-06-30": "0.33000", "2007-03-31": "0.41000", "2006-12-31": "0.38000", "2006-09-30": "0.45000", "2006-06-30": "0.45000", "2006-03-31": "0.33000", "2005-12-31": "0.24000", "2005-09-30": "0.28000", "2005-06-30": "0.41000", "2005-03-31": "0.37000"}}, "balance sheet": {"Cash On Hand": {"2019-12-31": "247.60000", "2018-12-31": "268.10000", "2017-12-31": "526.10000", "2016-12-31": "281.90000", "2015-12-31": "253.20000", "2014-12-31": "332.80000", "2013-12-31": "272.70000", "2012-12-31": "359.10000", "2011-12-31": "236.30000", "2010-12-31": "244.50000", "2009-12-31": "260.50000", "2008-12-31": "164.70000", "2007-12-31": "205.40000", "2006-12-31": "131.90000", "2005-12-31": "64.90000"}, "Receivables": {"2019-12-31": "591.90000", "2018-12-31": "571.60000", "2017-12-31": "595.10000", "2016-12-31": "486.60000", "2015-12-31": "520.20000", "2014-12-31": "523.30000", "2013-12-31": "467.40000", "2012-12-31": "446.20000", "2011-12-31": "503.60000", "2010-12-31": "478.90000", "2009-12-31": "469.50000", "2008-12-31": "550.50000", "2007-12-31": "640.20000", "2006-12-31": "853.80000", "2005-12-31": "847.60000"}, "Inventory": {"2019-12-31": "636.70000", "2018-12-31": "633.90000", "2017-12-31": "571.10000", "2016-12-31": "519.60000", "2015-12-31": "504.60000", "2014-12-31": "481.40000", "2013-12-31": "495.90000", "2012-12-31": "489.00000", "2011-12-31": "441.00000", "2010-12-31": "435.30000", "2009-12-31": "409.10000", "2008-12-31": "495.00000", "2007-12-31": "599.20000", "2006-12-31": "826.30000", "2005-12-31": "767.10000"}, "Pre-Paid Expenses": {"2019-12-31": "", "2018-12-31": "", "2017-12-31": "", "2016-12-31": "", "2015-12-31": "", "2014-12-31": "", "2013-12-31": "", "2012-12-31": "", "2011-12-31": "", "2010-12-31": "", "2009-12-31": "", "2008-12-31": "", "2007-12-31": "", "2006-12-31": "", "2005-12-31": ""}, "Other Current Assets": {"2019-12-31": "61.90000", "2018-12-31": "51.00000", "2017-12-31": "74.20000", "2016-12-31": "36.80000", "2015-12-31": "33.20000", "2014-12-31": "91.80000", "2013-12-31": "45.70000", "2012-12-31": "44.80000", "2011-12-31": "43.10000", "2010-12-31": "60.40000", "2009-12-31": "74.50000", "2008-12-31": "96.60000", "2007-12-31": "389.60000", "2006-12-31": "82.10000", "2005-12-31": "82.90000"}, "Total Current Assets": {"2019-12-31": "1538.10000", "2018-12-31": "1524.60000", "2017-12-31": "1766.50000", "2016-12-31": "1324.90000", "2015-12-31": "1311.20000", "2014-12-31": "1429.30000", "2013-12-31": "1281.70000", "2012-12-31": "1339.10000", "2011-12-31": "1224.00000", "2010-12-31": "1219.10000", "2009-12-31": "1213.60000", "2008-12-31": "1306.80000", "2007-12-31": "1834.40000", "2006-12-31": "1894.10000", "2005-12-31": "1762.50000"}, "Property, Plant, And Equipment": {"2019-12-31": "830.80000", "2018-12-31": "728.50000", "2017-12-31": "663.90000", "2016-12-31": "565.50000", "2015-12-31": "540.80000", "2014-12-31": "548.80000", "2013-12-31": "574.60000", "2012-12-31": "572.80000", "2011-12-31": "580.60000", "2010-12-31": "624.20000", "2009-12-31": "668.60000", "2008-12-31": "681.40000", "2007-12-31": "726.90000", "2006-12-31": "962.80000", "2005-12-31": "971.10000"}, "Long-Term Investments": {"2019-12-31": "", "2018-12-31": "", "2017-12-31": "", "2016-12-31": "", "2015-12-31": "", "2014-12-31": "", "2013-12-31": "", "2012-12-31": "", "2011-12-31": "", "2010-12-31": "", "2009-12-31": "", "2008-12-31": "", "2007-12-31": "", "2006-12-31": "", "2005-12-31": ""}, "Goodwill And Intangible Assets": {"2019-12-31": "2170.30000", "2018-12-31": "1012.50000", "2017-12-31": "991.30000", "2016-12-31": "956.20000", "2015-12-31": "994.50000", "2014-12-31": "1034.10000", "2013-12-31": "1130.20000", "2012-12-31": "1197.80000", "2011-12-31": "1043.20000", "2010-12-31": "1082.60000", "2009-12-31": "1099.30000", "2008-12-31": "1073.00000", "2007-12-31": "1163.50000", "2006-12-31": "1332.20000", "2005-12-31": "1236.00000"}, "Other Long-Term Assets": {"2019-12-31": "118.40000", "2018-12-31": "116.40000", "2017-12-31": "129.10000", "2016-12-31": "137.50000", "2015-12-31": "117.20000", "2014-12-31": "128.40000", "2013-12-31": "121.60000", "2012-12-31": "145.20000", "2011-12-31": "67.30000", "2010-12-31": "75.10000", "2009-12-31": "79.70000", "2008-12-31": "100.70000", "2007-12-31": "347.70000", "2006-12-31": "76.20000", "2005-12-31": "102.80000"}, "Total Long-Term Assets": {"2019-12-31": "3278.30000", "2018-12-31": "1857.40000", "2017-12-31": "1784.30000", "2016-12-31": "1659.20000", "2015-12-31": "1652.50000", "2014-12-31": "1711.30000", "2013-12-31": "1826.40000", "2012-12-31": "1915.80000", "2011-12-31": "1691.10000", "2010-12-31": "1781.90000", "2009-12-31": "1847.60000", "2008-12-31": "1855.10000", "2007-12-31": "2238.10000", "2006-12-31": "2371.20000", "2005-12-31": "2309.90000"}, "Total Assets": {"2019-12-31": "4816.40000", "2018-12-31": "3382.00000", "2017-12-31": "3550.80000", "2016-12-31": "2984.10000", "2015-12-31": "2963.70000", "2014-12-31": "3140.60000", "2013-12-31": "3108.10000", "2012-12-31": "3254.90000", "2011-12-31": "2915.10000", "2010-12-31": "3001.00000", "2009-12-31": "3061.20000", "2008-12-31": "3161.90000", "2007-12-31": "4072.50000", "2006-12-31": "4265.30000", "2005-12-31": "4072.40000"}, "Total Current Liabilities": {"2019-12-31": "928.10000", "2018-12-31": "815.70000", "2017-12-31": "976.20000", "2016-12-31": "706.60000", "2015-12-31": "701.20000", "2014-12-31": "992.20000", "2013-12-31": "829.50000", "2012-12-31": "731.00000", "2011-12-31": "586.00000", "2010-12-31": "523.00000", "2009-12-31": "535.10000", "2008-12-31": "524.20000", "2007-12-31": "799.60000", "2006-12-31": "691.20000", "2005-12-31": "745.80000"}, "Long Term Debt": {"2019-12-31": "2066.50000", "2018-12-31": "1167.80000", "2017-12-31": "1097.90000", "2016-12-31": "956.20000", "2015-12-31": "941.50000", "2014-12-31": "766.70000", "2013-12-31": "688.40000", "2012-12-31": "853.90000", "2011-12-31": "833.30000", "2010-12-31": "762.20000", "2009-12-31": "789.30000", "2008-12-31": "851.20000", "2007-12-31": "1000.60000", "2006-12-31": "1060.00000", "2005-12-31": "921.60000"}, "Other Non-Current Liabilities": {"2019-12-31": "173.50000", "2018-12-31": "155.30000", "2017-12-31": "202.90000", "2016-12-31": "173.00000", "2015-12-31": "184.70000", "2014-12-31": "185.00000", "2013-12-31": "127.70000", "2012-12-31": "158.20000", "2011-12-31": "130.30000", "2010-12-31": "121.90000", "2009-12-31": "112.30000", "2008-12-31": "98.40000", "2007-12-31": "97.30000", "2006-12-31": "95.90000", "2005-12-31": "84.60000"}, "Total Long Term Liabilities": {"2019-12-31": "2575.80000", "2018-12-31": "1408.70000", "2017-12-31": "1383.80000", "2016-12-31": "1183.50000", "2015-12-31": "1164.80000", "2014-12-31": "993.50000", "2013-12-31": "879.40000", "2012-12-31": "1081.70000", "2011-12-31": "1021.40000", "2010-12-31": "953.60000", "2009-12-31": "950.60000", "2008-12-31": "966.80000", "2007-12-31": "1140.20000", "2006-12-31": "1223.00000", "2005-12-31": "1077.60000"}, "Total Liabilities": {"2019-12-31": "3503.90000", "2018-12-31": "2224.40000", "2017-12-31": "2360.00000", "2016-12-31": "1890.10000", "2015-12-31": "1866.00000", "2014-12-31": "1985.70000", "2013-12-31": "1708.90000", "2012-12-31": "1812.70000", "2011-12-31": "1607.40000", "2010-12-31": "1476.60000", "2009-12-31": "1485.70000", "2008-12-31": "1491.00000", "2007-12-31": "1939.80000", "2006-12-31": "1914.20000", "2005-12-31": "1823.40000"}, "Common Stock Net": {"2019-12-31": "2.00000", "2018-12-31": "2.00000", "2017-12-31": "2.00000", "2016-12-31": "2.00000", "2015-12-31": "2.00000", "2014-12-31": "2.00000", "2013-12-31": "2.00000", "2012-12-31": "2.00000", "2011-12-31": "2.00000", "2010-12-31": "2.00000", "2009-12-31": "2.00000", "2008-12-31": "2.00000", "2007-12-31": "2.00000", "2006-12-31": "2.00000", "2005-12-31": "2.00000"}, "Retained Earnings (Accumulated Deficit)": {"2019-12-31": "2734.50000", "2018-12-31": "2613.80000", "2017-12-31": "2511.30000", "2016-12-31": "2410.50000", "2015-12-31": "2209.20000", "2014-12-31": "2061.30000", "2013-12-31": "2136.40000", "2012-12-31": "2109.60000", "2011-12-31": "2027.40000", "2010-12-31": "2033.30000", "2009-12-31": "2013.30000", "2008-12-31": "2062.10000", "2007-12-31": "2122.30000", "2006-12-31": "2270.70000", "2005-12-31": "2093.10000"}, "Comprehensive Income": {"2019-12-31": "-76.80000", "2018-12-31": "-77.60000", "2017-12-31": "-9.50000", "2016-12-31": "-113.60000", "2015-12-31": "-91.10000", "2014-12-31": "-2.60000", "2013-12-31": "94.50000", "2012-12-31": "71.00000", "2011-12-31": "65.20000", "2010-12-31": "101.80000", "2009-12-31": "104.80000", "2008-12-31": "11.40000", "2007-12-31": "193.50000", "2006-12-31": "75.60000", "2005-12-31": "66.30000"}, "Other Share Holders Equity": {"2019-12-31": "", "2018-12-31": "", "2017-12-31": "", "2016-12-31": "", "2015-12-31": "", "2014-12-31": "", "2013-12-31": "", "2012-12-31": "", "2011-12-31": "", "2010-12-31": "", "2009-12-31": "", "2008-12-31": "", "2007-12-31": "", "2006-12-31": "", "2005-12-31": ""}, "Share Holder Equity": {"2019-12-31": "1312.50000", "2018-12-31": "1157.60000", "2017-12-31": "1190.80000", "2016-12-31": "1094.00000", "2015-12-31": "1097.70000", "2014-12-31": "1154.90000", "2013-12-31": "1399.20000", "2012-12-31": "1442.20000", "2011-12-31": "1307.70000", "2010-12-31": "1524.40000", "2009-12-31": "1575.50000", "2008-12-31": "1670.90000", "2007-12-31": "2132.70000", "2006-12-31": "2351.10000", "2005-12-31": "2249.00000"}, "Total Liabilities And Share Holders Equity": {"2019-12-31": "4816.40000", "2018-12-31": "3382.00000", "2017-12-31": "3550.80000", "2016-12-31": "2984.10000", "2015-12-31": "2963.70000", "2014-12-31": "3140.60000", "2013-12-31": "3108.10000", "2012-12-31": "3254.90000", "2011-12-31": "2915.10000", "2010-12-31": "3001.00000", "2009-12-31": "3061.20000", "2008-12-31": "3161.90000", "2007-12-31": "4072.50000", "2006-12-31": "4265.30000", "2005-12-31": "4072.40000"}}, "balance sheet, quarterly": {"Cash On Hand": {"2020-09-30": "245.00000", "2020-06-30": "208.80000", "2020-03-31": "505.80000", "2019-12-31": "247.60000", "2019-09-30": "242.00000", "2019-06-30": "289.70000", "2019-03-31": "263.30000", "2018-12-31": "268.10000", "2018-09-30": "363.50000", "2018-06-30": "446.40000", "2018-03-31": "494.60000", "2017-12-31": "526.10000", "2017-09-30": "342.90000", "2017-06-30": "335.10000", "2017-03-31": "268.60000", "2016-12-31": "281.90000", "2016-09-30": "317.30000", "2016-06-30": "284.80000", "2016-03-31": "250.20000", "2015-12-31": "253.20000", "2015-09-30": "251.20000", "2015-06-30": "275.10000", "2015-03-31": "262.20000", "2014-12-31": "332.80000", "2014-09-30": "242.90000", "2014-06-30": "304.20000", "2014-03-31": "268.60000", "2013-12-31": "272.70000", "2013-09-30": "298.90000", "2013-06-30": "280.30000", "2013-03-31": "449.40000", "2012-12-31": "359.10000", "2012-09-30": "264.90000", "2012-06-30": "254.50000", "2012-03-31": "261.20000", "2011-12-31": "236.30000", "2011-09-30": "218.80000", "2011-06-30": "203.30000", "2011-03-31": "195.40000", "2010-12-31": "244.50000", "2010-09-30": "276.70000", "2010-06-30": "243.50000", "2010-03-31": "247.20000", "2009-12-31": "260.50000", "2009-09-30": "221.50000", "2009-06-30": "222.20000", "2009-03-31": "160.20000", "2008-12-31": "164.70000", "2008-09-30": "211.40000", "2008-06-30": "203.10000", "2008-03-31": "188.10000", "2007-12-31": "205.40000", "2007-09-30": "188.30000", "2007-06-30": "168.20000", "2007-03-31": "234.60000", "2006-12-31": "131.90000", "2006-09-30": "94.10000", "2006-06-30": "94.80000", "2006-03-31": "130.30000", "2005-12-31": "64.90000", "2005-09-30": "251.80000", "2005-06-30": "71.40000", "2005-03-31": "143.00000"}, "Receivables": {"2020-09-30": "642.30000", "2020-06-30": "577.30000", "2020-03-31": "568.20000", "2019-12-31": "591.90000", "2019-09-30": "677.30000", "2019-06-30": "700.30000", "2019-03-31": "665.30000", "2018-12-31": "571.60000", "2018-09-30": "625.50000", "2018-06-30": "649.80000", "2018-03-31": "658.20000", "2017-12-31": "595.10000", "2017-09-30": "585.80000", "2017-06-30": "577.70000", "2017-03-31": "555.40000", "2016-12-31": "486.60000", "2016-09-30": "543.80000", "2016-06-30": "534.70000", "2016-03-31": "531.30000", "2015-12-31": "520.20000", "2015-09-30": "529.60000", "2015-06-30": "549.60000", "2015-03-31": "532.00000", "2014-12-31": "523.30000", "2014-09-30": "584.40000", "2014-06-30": "603.40000", "2014-03-31": "573.90000", "2013-12-31": "467.40000", "2013-09-30": "574.70000", "2013-06-30": "553.00000", "2013-03-31": "528.60000", "2012-12-31": "446.20000", "2012-09-30": "589.70000", "2012-06-30": "557.60000", "2012-03-31": "571.60000", "2011-12-31": "503.60000", "2011-09-30": "576.70000", "2011-06-30": "567.90000", "2011-03-31": "575.60000", "2010-12-31": "478.90000", "2010-09-30": "546.60000", "2010-06-30": "537.20000", "2010-03-31": "523.90000", "2009-12-31": "469.50000", "2009-09-30": "548.70000", "2009-06-30": "492.70000", "2009-03-31": "493.00000", "2008-12-31": "550.50000", "2008-09-30": "721.00000", "2008-06-30": "683.60000", "2008-03-31": "666.40000", "2007-12-31": "640.20000", "2007-09-30": "857.60000", "2007-06-30": "848.20000", "2007-03-31": "851.00000", "2006-12-31": "853.80000", "2006-09-30": "946.10000", "2006-06-30": "908.50000", "2006-03-31": "867.50000", "2005-12-31": "847.60000", "2005-09-30": "879.50000", "2005-06-30": "825.90000", "2005-03-31": "831.60000"}, "Inventory": {"2020-09-30": "585.30000", "2020-06-30": "574.10000", "2020-03-31": "655.50000", "2019-12-31": "636.70000", "2019-09-30": "635.80000", "2019-06-30": "656.70000", "2019-03-31": "676.80000", "2018-12-31": "633.90000", "2018-09-30": "634.00000", "2018-06-30": "634.20000", "2018-03-31": "610.60000", "2017-12-31": "571.10000", "2017-09-30": "558.00000", "2017-06-30": "580.00000", "2017-03-31": "556.20000", "2016-12-31": "519.60000", "2016-09-30": "518.60000", "2016-06-30": "523.40000", "2016-03-31": "522.10000", "2015-12-31": "504.60000", "2015-09-30": "504.60000", "2015-06-30": "510.80000", "2015-03-31": "506.20000", "2014-12-31": "481.40000", "2014-09-30": "476.50000", "2014-06-30": "527.10000", "2014-03-31": "519.50000", "2013-12-31": "495.90000", "2013-09-30": "488.90000", "2013-06-30": "510.40000", "2013-03-31": "502.50000", "2012-12-31": "489.00000", "2012-09-30": "471.20000", "2012-06-30": "517.60000", "2012-03-31": "473.30000", "2011-12-31": "441.00000", "2011-09-30": "456.50000", "2011-06-30": "507.10000", "2011-03-31": "462.20000", "2010-12-31": "435.30000", "2010-09-30": "448.90000", "2010-06-30": "451.50000", "2010-03-31": "438.60000", "2009-12-31": "409.10000", "2009-09-30": "397.40000", "2009-06-30": "411.10000", "2009-03-31": "452.70000", "2008-12-31": "495.00000", "2008-09-30": "644.80000", "2008-06-30": "669.20000", "2008-03-31": "599.20000", "2007-12-31": "599.20000", "2007-09-30": "754.10000", "2007-06-30": "811.80000", "2007-03-31": "808.00000", "2006-12-31": "826.30000", "2006-09-30": "806.90000", "2006-06-30": "806.20000", "2006-03-31": "771.60000", "2005-12-31": "767.10000", "2005-09-30": "759.10000", "2005-06-30": "803.00000", "2005-03-31": "761.40000"}, "Pre-Paid Expenses": {"2020-09-30": "", "2020-06-30": "", "2020-03-31": "", "2019-12-31": "", "2019-09-30": "", "2019-06-30": "", "2019-03-31": "", "2018-12-31": "", "2018-09-30": "", "2018-06-30": "", "2018-03-31": "", "2017-12-31": "", "2017-09-30": "", "2017-06-30": "", "2017-03-31": "", "2016-12-31": "", "2016-09-30": "", "2016-06-30": "", "2016-03-31": "", "2015-12-31": "", "2015-09-30": "", "2015-06-30": "", "2015-03-31": "", "2014-12-31": "", "2014-09-30": "", "2014-06-30": "", "2014-03-31": "", "2013-12-31": "", "2013-09-30": "", "2013-06-30": "", "2013-03-31": "", "2012-12-31": "", "2012-09-30": "", "2012-06-30": "", "2012-03-31": "", "2011-12-31": "", "2011-09-30": "", "2011-06-30": "", "2011-03-31": "", "2010-12-31": "", "2010-09-30": "", "2010-06-30": "", "2010-03-31": "", "2009-12-31": "", "2009-09-30": "", "2009-06-30": "", "2009-03-31": "", "2008-12-31": "", "2008-09-30": "", "2008-06-30": "", "2008-03-31": "", "2007-12-31": "", "2007-09-30": "", "2007-06-30": "", "2007-03-31": "", "2006-12-31": "", "2006-09-30": "", "2006-06-30": "", "2006-03-31": "", "2005-12-31": "", "2005-09-30": "", "2005-06-30": "", "2005-03-31": ""}, "Other Current Assets": {"2020-09-30": "45.70000", "2020-06-30": "50.10000", "2020-03-31": "52.50000", "2019-12-31": "61.90000", "2019-09-30": "49.50000", "2019-06-30": "56.30000", "2019-03-31": "53.60000", "2018-12-31": "51.00000", "2018-09-30": "44.00000", "2018-06-30": "52.40000", "2018-03-31": "50.70000", "2017-12-31": "74.20000", "2017-09-30": "63.00000", "2017-06-30": "47.40000", "2017-03-31": "32.90000", "2016-12-31": "36.80000", "2016-09-30": "33.60000", "2016-06-30": "37.20000", "2016-03-31": "38.30000", "2015-12-31": "33.20000", "2015-09-30": "94.30000", "2015-06-30": "100.70000", "2015-03-31": "108.90000", "2014-12-31": "91.80000", "2014-09-30": "131.20000", "2014-06-30": "54.80000", "2014-03-31": "47.80000", "2013-12-31": "45.70000", "2013-09-30": "45.40000", "2013-06-30": "43.50000", "2013-03-31": "44.20000", "2012-12-31": "44.80000", "2012-09-30": "52.90000", "2012-06-30": "53.70000", "2012-03-31": "44.10000", "2011-12-31": "43.10000", "2011-09-30": "39.30000", "2011-06-30": "39.60000", "2011-03-31": "57.20000", "2010-12-31": "60.40000", "2010-09-30": "36.20000", "2010-06-30": "74.80000", "2010-03-31": "69.80000", "2009-12-31": "74.50000", "2009-09-30": "83.30000", "2009-06-30": "94.20000", "2009-03-31": "97.50000", "2008-12-31": "96.60000", "2008-09-30": "137.30000", "2008-06-30": "410.00000", "2008-03-31": "416.90000", "2007-12-31": "389.60000", "2007-09-30": "85.00000", "2007-06-30": "96.50000", "2007-03-31": "87.80000", "2006-12-31": "82.10000", "2006-09-30": "100.60000", "2006-06-30": "97.90000", "2006-03-31": "93.30000", "2005-12-31": "82.90000", "2005-09-30": "86.20000", "2005-06-30": "82.90000", "2005-03-31": "67.10000"}, "Total Current Assets": {"2020-09-30": "1518.30000", "2020-06-30": "1410.30000", "2020-03-31": "1782.00000", "2019-12-31": "1538.10000", "2019-09-30": "1604.60000", "2019-06-30": "1703.00000", "2019-03-31": "1659.00000", "2018-12-31": "1524.60000", "2018-09-30": "1667.00000", "2018-06-30": "1782.80000", "2018-03-31": "1814.10000", "2017-12-31": "1766.50000", "2017-09-30": "1549.70000", "2017-06-30": "1540.20000", "2017-03-31": "1413.10000", "2016-12-31": "1324.90000", "2016-09-30": "1413.30000", "2016-06-30": "1380.10000", "2016-03-31": "1341.90000", "2015-12-31": "1311.20000", "2015-09-30": "1379.70000", "2015-06-30": "1436.20000", "2015-03-31": "1409.30000", "2014-12-31": "1429.30000", "2014-09-30": "1435.00000", "2014-06-30": "1489.50000", "2014-03-31": "1409.80000", "2013-12-31": "1281.70000", "2013-09-30": "1407.90000", "2013-06-30": "1387.20000", "2013-03-31": "1524.70000", "2012-12-31": "1339.10000", "2012-09-30": "1378.70000", "2012-06-30": "1383.40000", "2012-03-31": "1350.20000", "2011-12-31": "1224.00000", "2011-09-30": "1291.30000", "2011-06-30": "1317.90000", "2011-03-31": "1290.40000", "2010-12-31": "1219.10000", "2010-09-30": "1308.40000", "2010-06-30": "1307.00000", "2010-03-31": "1279.50000", "2009-12-31": "1213.60000", "2009-09-30": "1250.90000", "2009-06-30": "1220.20000", "2009-03-31": "1203.40000", "2008-12-31": "1306.80000", "2008-09-30": "1714.50000", "2008-06-30": "1965.90000", "2008-03-31": "1870.60000", "2007-12-31": "1834.40000", "2007-09-30": "1885.00000", "2007-06-30": "1924.70000", "2007-03-31": "1981.40000", "2006-12-31": "1894.10000", "2006-09-30": "1947.70000", "2006-06-30": "1907.40000", "2006-03-31": "1862.70000", "2005-12-31": "1762.50000", "2005-09-30": "1976.60000", "2005-06-30": "1783.20000", "2005-03-31": "1803.10000"}, "Property, Plant, And Equipment": {"2020-09-30": "785.70000", "2020-06-30": "797.40000", "2020-03-31": "809.50000", "2019-12-31": "830.80000", "2019-09-30": "817.30000", "2019-06-30": "817.90000", "2019-03-31": "810.30000", "2018-12-31": "728.50000", "2018-09-30": "723.00000", "2018-06-30": "709.30000", "2018-03-31": "710.10000", "2017-12-31": "663.90000", "2017-09-30": "644.30000", "2017-06-30": "616.20000", "2017-03-31": "588.80000", "2016-12-31": "565.50000", "2016-09-30": "554.10000", "2016-06-30": "553.10000", "2016-03-31": "554.70000", "2015-12-31": "540.80000", "2015-09-30": "543.70000", "2015-06-30": "538.60000", "2015-03-31": "533.20000", "2014-12-31": "548.80000", "2014-09-30": "546.60000", "2014-06-30": "582.60000", "2014-03-31": "564.30000", "2013-12-31": "574.60000", "2013-09-30": "579.90000", "2013-06-30": "562.10000", "2013-03-31": "566.80000", "2012-12-31": "572.80000", "2012-09-30": "575.40000", "2012-06-30": "581.10000", "2012-03-31": "592.40000", "2011-12-31": "580.60000", "2011-09-30": "600.90000", "2011-06-30": "618.00000", "2011-03-31": "616.10000", "2010-12-31": "624.20000", "2010-09-30": "621.30000", "2010-06-30": "624.60000", "2010-03-31": "641.40000", "2009-12-31": "668.60000", "2009-09-30": "664.00000", "2009-06-30": "685.60000", "2009-03-31": "671.40000", "2008-12-31": "681.40000", "2008-09-30": "722.40000", "2008-06-30": "739.60000", "2008-03-31": "736.40000", "2007-12-31": "726.90000", "2007-09-30": "964.70000", "2007-06-30": "962.90000", "2007-03-31": "965.00000", "2006-12-31": "962.80000", "2006-09-30": "962.50000", "2006-06-30": "970.40000", "2006-03-31": "962.70000", "2005-12-31": "971.10000", "2005-09-30": "949.60000", "2005-06-30": "953.90000", "2005-03-31": "948.00000"}, "Long-Term Investments": {"2020-09-30": "", "2020-06-30": "", "2020-03-31": "", "2019-12-31": "", "2019-09-30": "", "2019-06-30": "", "2019-03-31": "", "2018-12-31": "", "2018-09-30": "", "2018-06-30": "", "2018-03-31": "", "2017-12-31": "", "2017-09-30": "", "2017-06-30": "", "2017-03-31": "", "2016-12-31": "", "2016-09-30": "", "2016-06-30": "", "2016-03-31": "", "2015-12-31": "", "2015-09-30": "", "2015-06-30": "", "2015-03-31": "", "2014-12-31": "", "2014-09-30": "", "2014-06-30": "", "2014-03-31": "", "2013-12-31": "", "2013-09-30": "", "2013-06-30": "", "2013-03-31": "", "2012-12-31": "", "2012-09-30": "", "2012-06-30": "", "2012-03-31": "", "2011-12-31": "", "2011-09-30": "", "2011-06-30": "", "2011-03-31": "", "2010-12-31": "", "2010-09-30": "", "2010-06-30": "", "2010-03-31": "", "2009-12-31": "", "2009-09-30": "", "2009-06-30": "", "2009-03-31": "", "2008-12-31": "", "2008-09-30": "", "2008-06-30": "", "2008-03-31": "", "2007-12-31": "", "2007-09-30": "", "2007-06-30": "", "2007-03-31": "", "2006-12-31": "", "2006-09-30": "", "2006-06-30": "", "2006-03-31": "", "2005-12-31": "", "2005-09-30": "", "2005-06-30": "", "2005-03-31": ""}, "Goodwill And Intangible Assets": {"2020-09-30": "2094.90000", "2020-06-30": "2104.30000", "2020-03-31": "2135.40000", "2019-12-31": "2170.30000", "2019-09-30": "2162.60000", "2019-06-30": "2188.50000", "2019-03-31": "2203.40000", "2018-12-31": "1012.50000", "2018-09-30": "1028.70000", "2018-06-30": "1021.50000", "2018-03-31": "1038.50000", "2017-12-31": "991.30000", "2017-09-30": "993.20000", "2017-06-30": "992.50000", "2017-03-31": "987.30000", "2016-12-31": "956.20000", "2016-09-30": "978.20000", "2016-06-30": "975.30000", "2016-03-31": "997.30000", "2015-12-31": "994.50000", "2015-09-30": "1015.70000", "2015-06-30": "1029.70000", "2015-03-31": "1020.90000", "2014-12-31": "1034.10000", "2014-09-30": "1044.60000", "2014-06-30": "1045.60000", "2014-03-31": "1125.70000", "2013-12-31": "1130.20000", "2013-09-30": "1202.90000", "2013-06-30": "1192.50000", "2013-03-31": "1195.50000", "2012-12-31": "1197.80000", "2012-09-30": "1190.40000", "2012-06-30": "1185.70000", "2012-03-31": "1200.50000", "2011-12-31": "1043.20000", "2011-09-30": "1064.50000", "2011-06-30": "1090.00000", "2011-03-31": "1088.10000", "2010-12-31": "1082.60000", "2010-09-30": "1072.10000", "2010-06-30": "1064.60000", "2010-03-31": "1087.50000", "2009-12-31": "1099.30000", "2009-09-30": "1094.10000", "2009-06-30": "1087.00000", "2009-03-31": "1063.30000", "2008-12-31": "1073.00000", "2008-09-30": "1143.20000", "2008-06-30": "1162.40000", "2008-03-31": "1155.40000", "2007-12-31": "1163.50000", "2007-09-30": "1416.50000", "2007-06-30": "1412.00000", "2007-03-31": "1404.30000", "2006-12-31": "1332.20000", "2006-09-30": "1313.10000", "2006-06-30": "1316.40000", "2006-03-31": "1241.60000", "2005-12-31": "1236.00000", "2005-09-30": "1129.40000", "2005-06-30": "1120.50000", "2005-03-31": "1095.20000"}, "Other Long-Term Assets": {"2020-09-30": "100.50000", "2020-06-30": "102.20000", "2020-03-31": "99.80000", "2019-12-31": "118.40000", "2019-09-30": "117.30000", "2019-06-30": "122.80000", "2019-03-31": "123.20000", "2018-12-31": "116.40000", "2018-09-30": "130.40000", "2018-06-30": "130.40000", "2018-03-31": "129.70000", "2017-12-31": "129.10000", "2017-09-30": "136.50000", "2017-06-30": "132.60000", "2017-03-31": "130.30000", "2016-12-31": "137.50000", "2016-09-30": "124.70000", "2016-06-30": "123.30000", "2016-03-31": "130.50000", "2015-12-31": "117.20000", "2015-09-30": "127.10000", "2015-06-30": "139.20000", "2015-03-31": "139.80000", "2014-12-31": "128.40000", "2014-09-30": "158.50000", "2014-06-30": "125.70000", "2014-03-31": "121.70000", "2013-12-31": "121.60000", "2013-09-30": "114.40000", "2013-06-30": "136.90000", "2013-03-31": "140.90000", "2012-12-31": "145.20000", "2012-09-30": "101.40000", "2012-06-30": "73.20000", "2012-03-31": "69.60000", "2011-12-31": "67.30000", "2011-09-30": "65.60000", "2011-06-30": "68.80000", "2011-03-31": "72.30000", "2010-12-31": "75.10000", "2010-09-30": "77.50000", "2010-06-30": "83.10000", "2010-03-31": "82.30000", "2009-12-31": "79.70000", "2009-09-30": "86.40000", "2009-06-30": "76.60000", "2009-03-31": "82.50000", "2008-12-31": "100.70000", "2008-09-30": "150.40000", "2008-06-30": "350.70000", "2008-03-31": "340.60000", "2007-12-31": "347.70000", "2007-09-30": "76.00000", "2007-06-30": "78.80000", "2007-03-31": "83.50000", "2006-12-31": "76.20000", "2006-09-30": "90.70000", "2006-06-30": "81.90000", "2006-03-31": "81.00000", "2005-12-31": "102.80000", "2005-09-30": "80.80000", "2005-06-30": "76.50000", "2005-03-31": "76.50000"}, "Total Long-Term Assets": {"2020-09-30": "3145.50000", "2020-06-30": "3171.80000", "2020-03-31": "3200.00000", "2019-12-31": "3278.30000", "2019-09-30": "3253.20000", "2019-06-30": "3299.00000", "2019-03-31": "3294.80000", "2018-12-31": "1857.40000", "2018-09-30": "1882.10000", "2018-06-30": "1861.20000", "2018-03-31": "1878.30000", "2017-12-31": "1784.30000", "2017-09-30": "1774.00000", "2017-06-30": "1741.30000", "2017-03-31": "1706.40000", "2016-12-31": "1659.20000", "2016-09-30": "1657.00000", "2016-06-30": "1651.70000", "2016-03-31": "1682.50000", "2015-12-31": "1652.50000", "2015-09-30": "1686.50000", "2015-06-30": "1707.50000", "2015-03-31": "1693.90000", "2014-12-31": "1711.30000", "2014-09-30": "1749.70000", "2014-06-30": "1753.90000", "2014-03-31": "1811.70000", "2013-12-31": "1826.40000", "2013-09-30": "1897.20000", "2013-06-30": "1891.50000", "2013-03-31": "1903.20000", "2012-12-31": "1915.80000", "2012-09-30": "1867.20000", "2012-06-30": "1840.00000", "2012-03-31": "1862.50000", "2011-12-31": "1691.10000", "2011-09-30": "1731.00000", "2011-06-30": "1776.80000", "2011-03-31": "1776.50000", "2010-12-31": "1781.90000", "2010-09-30": "1770.90000", "2010-06-30": "1772.30000", "2010-03-31": "1811.20000", "2009-12-31": "1847.60000", "2009-09-30": "1844.50000", "2009-06-30": "1849.20000", "2009-03-31": "1817.20000", "2008-12-31": "1855.10000", "2008-09-30": "2016.00000", "2008-06-30": "2252.70000", "2008-03-31": "2232.40000", "2007-12-31": "2238.10000", "2007-09-30": "2457.20000", "2007-06-30": "2453.70000", "2007-03-31": "2452.80000", "2006-12-31": "2371.20000", "2006-09-30": "2366.30000", "2006-06-30": "2368.70000", "2006-03-31": "2285.30000", "2005-12-31": "2309.90000", "2005-09-30": "2159.80000", "2005-06-30": "2150.90000", "2005-03-31": "2119.70000"}, "Total Assets": {"2020-09-30": "4663.80000", "2020-06-30": "4582.10000", "2020-03-31": "4982.00000", "2019-12-31": "4816.40000", "2019-09-30": "4857.80000", "2019-06-30": "5002.00000", "2019-03-31": "4953.80000", "2018-12-31": "3382.00000", "2018-09-30": "3549.10000", "2018-06-30": "3644.00000", "2018-03-31": "3692.40000", "2017-12-31": "3550.80000", "2017-09-30": "3323.70000", "2017-06-30": "3281.50000", "2017-03-31": "3119.50000", "2016-12-31": "2984.10000", "2016-09-30": "3070.30000", "2016-06-30": "3031.80000", "2016-03-31": "3024.40000", "2015-12-31": "2963.70000", "2015-09-30": "3066.20000", "2015-06-30": "3143.70000", "2015-03-31": "3103.20000", "2014-12-31": "3140.60000", "2014-09-30": "3184.70000", "2014-06-30": "3243.40000", "2014-03-31": "3221.50000", "2013-12-31": "3108.10000", "2013-09-30": "3305.10000", "2013-06-30": "3278.70000", "2013-03-31": "3427.90000", "2012-12-31": "3254.90000", "2012-09-30": "3245.90000", "2012-06-30": "3223.40000", "2012-03-31": "3212.70000", "2011-12-31": "2915.10000", "2011-09-30": "3022.30000", "2011-06-30": "3094.70000", "2011-03-31": "3066.90000", "2010-12-31": "3001.00000", "2010-09-30": "3079.30000", "2010-06-30": "3079.30000", "2010-03-31": "3090.70000", "2009-12-31": "3061.20000", "2009-09-30": "3095.40000", "2009-06-30": "3069.40000", "2009-03-31": "3020.60000", "2008-12-31": "3161.90000", "2008-09-30": "3730.50000", "2008-06-30": "4218.60000", "2008-03-31": "4103.00000", "2007-12-31": "4072.50000", "2007-09-30": "4342.20000", "2007-06-30": "4378.40000", "2007-03-31": "4434.20000", "2006-12-31": "4265.30000", "2006-09-30": "4314.00000", "2006-06-30": "4276.10000", "2006-03-31": "4148.00000", "2005-12-31": "4072.40000", "2005-09-30": "4136.40000", "2005-06-30": "3934.10000", "2005-03-31": "3922.80000"}, "Total Current Liabilities": {"2020-09-30": "947.40000", "2020-06-30": "775.50000", "2020-03-31": "854.70000", "2019-12-31": "928.10000", "2019-09-30": "920.80000", "2019-06-30": "900.30000", "2019-03-31": "867.00000", "2018-12-31": "815.70000", "2018-09-30": "784.90000", "2018-06-30": "936.90000", "2018-03-31": "978.10000", "2017-12-31": "976.20000", "2017-09-30": "891.50000", "2017-06-30": "741.70000", "2017-03-31": "716.60000", "2016-12-31": "706.60000", "2016-09-30": "686.90000", "2016-06-30": "699.00000", "2016-03-31": "680.00000", "2015-12-31": "701.20000", "2015-09-30": "751.00000", "2015-06-30": "964.00000", "2015-03-31": "953.10000", "2014-12-31": "992.20000", "2014-09-30": "1144.40000", "2014-06-30": "864.80000", "2014-03-31": "834.00000", "2013-12-31": "829.50000", "2013-09-30": "638.80000", "2013-06-30": "630.70000", "2013-03-31": "792.60000", "2012-12-31": "731.00000", "2012-09-30": "795.70000", "2012-06-30": "864.10000", "2012-03-31": "626.10000", "2011-12-31": "586.00000", "2011-09-30": "604.00000", "2011-06-30": "577.80000", "2011-03-31": "585.70000", "2010-12-31": "523.00000", "2010-09-30": "549.90000", "2010-06-30": "571.60000", "2010-03-31": "566.70000", "2009-12-31": "535.10000", "2009-09-30": "539.10000", "2009-06-30": "502.30000", "2009-03-31": "489.10000", "2008-12-31": "524.20000", "2008-09-30": "685.80000", "2008-06-30": "745.40000", "2008-03-31": "772.50000", "2007-12-31": "799.60000", "2007-09-30": "755.50000", "2007-06-30": "759.70000", "2007-03-31": "738.90000", "2006-12-31": "691.20000", "2006-09-30": "762.00000", "2006-06-30": "754.40000", "2006-03-31": "803.80000", "2005-12-31": "745.80000", "2005-09-30": "766.90000", "2005-06-30": "707.50000", "2005-03-31": "674.90000"}, "Long Term Debt": {"2020-09-30": "1909.10000", "2020-06-30": "2083.20000", "2020-03-31": "2415.20000", "2019-12-31": "2066.50000", "2019-09-30": "2197.10000", "2019-06-30": "2363.50000", "2019-03-31": "2409.60000", "2018-12-31": "1167.80000", "2018-09-30": "1353.20000", "2018-06-30": "1298.00000", "2018-03-31": "1239.00000", "2017-12-31": "1097.90000", "2017-09-30": "1044.40000", "2017-06-30": "1183.50000", "2017-03-31": "1119.90000", "2016-12-31": "956.20000", "2016-09-30": "1055.40000", "2016-06-30": "1044.30000", "2016-03-31": "1032.00000", "2015-12-31": "941.50000", "2015-09-30": "989.10000", "2015-06-30": "831.70000", "2015-03-31": "798.00000", "2014-12-31": "766.70000", "2014-09-30": "619.20000", "2014-06-30": "926.00000", "2014-03-31": "811.00000", "2013-12-31": "688.40000", "2013-09-30": "957.50000", "2013-06-30": "973.90000", "2013-03-31": "953.80000", "2012-12-31": "853.90000", "2012-09-30": "860.20000", "2012-06-30": "821.00000", "2012-03-31": "1046.80000", "2011-12-31": "833.30000", "2011-09-30": "897.30000", "2011-06-30": "856.60000", "2011-03-31": "821.90000", "2010-12-31": "762.20000", "2010-09-30": "833.50000", "2010-06-30": "854.80000", "2010-03-31": "822.20000", "2009-12-31": "789.30000", "2009-09-30": "772.40000", "2009-06-30": "772.80000", "2009-03-31": "793.20000", "2008-12-31": "851.20000", "2008-09-30": "998.20000", "2008-06-30": "1227.90000", "2008-03-31": "1095.80000", "2007-12-31": "1000.60000", "2007-09-30": "1067.50000", "2007-06-30": "1054.80000", "2007-03-31": "1139.10000", "2006-12-31": "1060.00000", "2006-09-30": "1048.70000", "2006-06-30": "1032.20000", "2006-03-31": "920.90000", "2005-12-31": "921.60000", "2005-09-30": "898.00000", "2005-06-30": "765.00000", "2005-03-31": "776.40000"}, "Other Non-Current Liabilities": {"2020-09-30": "177.40000", "2020-06-30": "168.00000", "2020-03-31": "158.50000", "2019-12-31": "173.50000", "2019-09-30": "148.20000", "2019-06-30": "149.20000", "2019-03-31": "146.80000", "2018-12-31": "155.30000", "2018-09-30": "157.40000", "2018-06-30": "191.50000", "2018-03-31": "186.30000", "2017-12-31": "202.90000", "2017-09-30": "152.00000", "2017-06-30": "165.70000", "2017-03-31": "165.70000", "2016-12-31": "173.00000", "2016-09-30": "171.00000", "2016-06-30": "178.30000", "2016-03-31": "177.10000", "2015-12-31": "184.70000", "2015-09-30": "179.90000", "2015-06-30": "187.30000", "2015-03-31": "184.90000", "2014-12-31": "185.00000", "2014-09-30": "130.00000", "2014-06-30": "133.60000", "2014-03-31": "130.60000", "2013-12-31": "127.70000", "2013-09-30": "158.20000", "2013-06-30": "158.50000", "2013-03-31": "162.30000", "2012-12-31": "158.20000", "2012-09-30": "127.50000", "2012-06-30": "130.90000", "2012-03-31": "132.10000", "2011-12-31": "130.30000", "2011-09-30": "113.20000", "2011-06-30": "129.20000", "2011-03-31": "127.50000", "2010-12-31": "121.90000", "2010-09-30": "121.80000", "2010-06-30": "117.80000", "2010-03-31": "111.90000", "2009-12-31": "112.30000", "2009-09-30": "109.60000", "2009-06-30": "101.80000", "2009-03-31": "97.90000", "2008-12-31": "98.40000", "2008-09-30": "107.90000", "2008-06-30": "109.30000", "2008-03-31": "102.80000", "2007-12-31": "97.30000", "2007-09-30": "116.00000", "2007-06-30": "113.10000", "2007-03-31": "109.60000", "2006-12-31": "95.90000", "2006-09-30": "88.70000", "2006-06-30": "90.30000", "2006-03-31": "88.50000", "2005-12-31": "84.60000", "2005-09-30": "147.80000", "2005-06-30": "143.50000", "2005-03-31": "146.80000"}, "Total Long Term Liabilities": {"2020-09-30": "2416.40000", "2020-06-30": "2592.00000", "2020-03-31": "2888.70000", "2019-12-31": "2575.80000", "2019-09-30": "2681.40000", "2019-06-30": "2862.90000", "2019-03-31": "2891.60000", "2018-12-31": "1408.70000", "2018-09-30": "1598.20000", "2018-06-30": "1578.50000", "2018-03-31": "1518.00000", "2017-12-31": "1383.80000", "2017-09-30": "1259.40000", "2017-06-30": "1406.20000", "2017-03-31": "1337.50000", "2016-12-31": "1183.50000", "2016-09-30": "1279.80000", "2016-06-30": "1267.20000", "2016-03-31": "1253.20000", "2015-12-31": "1164.80000", "2015-09-30": "1214.80000", "2015-06-30": "1069.70000", "2015-03-31": "1033.70000", "2014-12-31": "993.50000", "2014-09-30": "811.70000", "2014-06-30": "1116.20000", "2014-03-31": "1016.60000", "2013-12-31": "879.40000", "2013-09-30": "1202.60000", "2013-06-30": "1214.30000", "2013-03-31": "1195.40000", "2012-12-31": "1081.70000", "2012-09-30": "1049.40000", "2012-06-30": "1012.30000", "2012-03-31": "1243.40000", "2011-12-31": "1021.40000", "2011-09-30": "1080.20000", "2011-06-30": "1062.20000", "2011-03-31": "1023.40000", "2010-12-31": "953.60000", "2010-09-30": "1013.90000", "2010-06-30": "1019.40000", "2010-03-31": "984.50010", "2009-12-31": "950.60000", "2009-09-30": "927.40000", "2009-06-30": "901.40000", "2009-03-31": "910.50010", "2008-12-31": "966.80000", "2008-09-30": "1145.20000", "2008-06-30": "1392.60000", "2008-03-31": "1243.30000", "2007-12-31": "1140.20000", "2007-09-30": "1239.60000", "2007-06-30": "1229.20000", "2007-03-31": "1314.60000", "2006-12-31": "1223.00000", "2006-09-30": "1205.30000", "2006-06-30": "1193.90000", "2006-03-31": "1065.00000", "2005-12-31": "1077.60000", "2005-09-30": "1045.80000", "2005-06-30": "908.50000", "2005-03-31": "923.20000"}, "Total Liabilities": {"2020-09-30": "3363.80000", "2020-06-30": "3367.50000", "2020-03-31": "3743.40000", "2019-12-31": "3503.90000", "2019-09-30": "3602.20000", "2019-06-30": "3763.20000", "2019-03-31": "3758.60000", "2018-12-31": "2224.40000", "2018-09-30": "2383.10000", "2018-06-30": "2515.40000", "2018-03-31": "2496.10000", "2017-12-31": "2360.00000", "2017-09-30": "2150.90000", "2017-06-30": "2147.90000", "2017-03-31": "2054.10000", "2016-12-31": "1890.10000", "2016-09-30": "1966.70000", "2016-06-30": "1966.20000", "2016-03-31": "1933.20000", "2015-12-31": "1866.00000", "2015-09-30": "1965.80000", "2015-06-30": "2033.70000", "2015-03-31": "1986.80000", "2014-12-31": "1985.70000", "2014-09-30": "1956.10000", "2014-06-30": "1981.00000", "2014-03-31": "1850.60000", "2013-12-31": "1708.90000", "2013-09-30": "1841.40000", "2013-06-30": "1845.00000", "2013-03-31": "1988.00000", "2012-12-31": "1812.70000", "2012-09-30": "1845.10000", "2012-06-30": "1876.40000", "2012-03-31": "1869.50000", "2011-12-31": "1607.40000", "2011-09-30": "1684.20000", "2011-06-30": "1640.00000", "2011-03-31": "1609.10000", "2010-12-31": "1476.60000", "2010-09-30": "1563.80000", "2010-06-30": "1591.00000", "2010-03-31": "1551.20000", "2009-12-31": "1485.70000", "2009-09-30": "1466.50000", "2009-06-30": "1403.70000", "2009-03-31": "1399.60000", "2008-12-31": "1491.00000", "2008-09-30": "1831.00000", "2008-06-30": "2138.00000", "2008-03-31": "2015.80000", "2007-12-31": "1939.80000", "2007-09-30": "1995.10000", "2007-06-30": "1988.90000", "2007-03-31": "2053.50000", "2006-12-31": "1914.20000", "2006-09-30": "1967.30000", "2006-06-30": "1948.30000", "2006-03-31": "1868.80000", "2005-12-31": "1823.40000", "2005-09-30": "1812.70000", "2005-06-30": "1616.00000", "2005-03-31": "1598.10000"}, "Common Stock Net": {"2020-09-30": "2.00000", "2020-06-30": "2.00000", "2020-03-31": "2.00000", "2019-12-31": "2.00000", "2019-09-30": "2.00000", "2019-06-30": "2.00000", "2019-03-31": "2.00000", "2018-12-31": "2.00000", "2018-09-30": "2.00000", "2018-06-30": "2.00000", "2018-03-31": "2.00000", "2017-12-31": "2.00000", "2017-09-30": "2.00000", "2017-06-30": "2.00000", "2017-03-31": "2.00000", "2016-12-31": "2.00000", "2016-09-30": "2.00000", "2016-06-30": "2.00000", "2016-03-31": "2.00000", "2015-12-31": "2.00000", "2015-09-30": "2.00000", "2015-06-30": "2.00000", "2015-03-31": "2.00000", "2014-12-31": "2.00000", "2014-09-30": "2.00000", "2014-06-30": "2.00000", "2014-03-31": "2.00000", "2013-12-31": "2.00000", "2013-09-30": "2.00000", "2013-06-30": "2.00000", "2013-03-31": "2.00000", "2012-12-31": "2.00000", "2012-09-30": "2.00000", "2012-06-30": "2.00000", "2012-03-31": "2.00000", "2011-12-31": "2.00000", "2011-09-30": "2.00000", "2011-06-30": "2.00000", "2011-03-31": "2.00000", "2010-12-31": "2.00000", "2010-09-30": "2.00000", "2010-06-30": "2.00000", "2010-03-31": "2.00000", "2009-12-31": "2.00000", "2009-09-30": "2.00000", "2009-06-30": "2.00000", "2009-03-31": "2.00000", "2008-12-31": "2.00000", "2008-09-30": "2.00000", "2008-06-30": "2.00000", "2008-03-31": "2.00000", "2007-12-31": "2.00000", "2007-09-30": "2.00000", "2007-06-30": "2.00000", "2007-03-31": "2.00000", "2006-12-31": "2.00000", "2006-09-30": "2.00000", "2006-06-30": "2.00000", "2006-03-31": "2.00000", "2005-12-31": "2.00000", "2005-09-30": "2.00000", "2005-06-30": "2.00000", "2005-03-31": "2.00000"}, "Retained Earnings (Accumulated Deficit)": {"2020-09-30": "2713.50000", "2020-06-30": "2663.10000", "2020-03-31": "2723.50000", "2019-12-31": "2734.50000", "2019-09-30": "2701.80000", "2019-06-30": "2656.20000", "2019-03-31": "2623.90000", "2018-12-31": "2613.80000", "2018-09-30": "2611.70000", "2018-06-30": "2572.60000", "2018-03-31": "2538.30000", "2017-12-31": "2511.30000", "2017-09-30": "2523.90000", "2017-06-30": "2490.20000", "2017-03-31": "2451.60000", "2016-12-31": "2410.50000", "2016-09-30": "2375.60000", "2016-06-30": "2329.00000", "2016-03-31": "2254.40000", "2015-12-31": "2209.20000", "2015-09-30": "2173.40000", "2015-06-30": "2123.00000", "2015-03-31": "2089.00000", "2014-12-31": "2061.30000", "2014-09-30": "2084.80000", "2014-06-30": "2080.50000", "2014-03-31": "2146.80000", "2013-12-31": "2136.40000", "2013-09-30": "2174.00000", "2013-06-30": "2146.30000", "2013-03-31": "2117.20000", "2012-12-31": "2109.60000", "2012-09-30": "2079.40000", "2012-06-30": "2055.60000", "2012-03-31": "2031.10000", "2011-12-31": "2027.40000", "2011-09-30": "2058.80000", "2011-06-30": "2053.70000", "2011-03-31": "2038.10000", "2010-12-31": "2033.30000", "2010-09-30": "2039.10000", "2010-06-30": "2032.30000", "2010-03-31": "2018.90000", "2009-12-31": "2013.30000", "2009-09-30": "2017.80000", "2009-06-30": "2004.30000", "2009-03-31": "2025.40000", "2008-12-31": "2062.10000", "2008-09-30": "2120.10000", "2008-06-30": "2127.80000", "2008-03-31": "2123.50000", "2007-12-31": "2122.30000", "2007-09-30": "2377.90000", "2007-06-30": "2343.40000", "2007-03-31": "2315.70000", "2006-12-31": "2270.70000", "2006-09-30": "2231.60000", "2006-06-30": "2178.60000", "2006-03-31": "2125.60000", "2005-12-31": "2093.10000", "2005-09-30": "2077.50000", "2005-06-30": "2054.10000", "2005-03-31": "2005.50000"}, "Comprehensive Income": {"2020-09-30": "-87.40000", "2020-06-30": "-117.20000", "2020-03-31": "-147.30000", "2019-12-31": "-76.80000", "2019-09-30": "-95.80000", "2019-06-30": "-62.20000", "2019-03-31": "-64.40000", "2018-12-31": "-77.60000", "2018-09-30": "-58.70000", "2018-06-30": "-48.70000", "2018-03-31": "9.90000", "2017-12-31": "-9.50000", "2017-09-30": "-36.90000", "2017-06-30": "-63.80000", "2017-03-31": "-96.20000", "2016-12-31": "-113.60000", "2016-09-30": "-77.20000", "2016-06-30": "-77.00000", "2016-03-31": "-61.50000", "2015-12-31": "-91.10000", "2015-09-30": "-68.40000", "2015-06-30": "-36.30000", "2015-03-31": "-40.80000", "2014-12-31": "-2.60000", "2014-09-30": "60.80000", "2014-06-30": "92.90000", "2014-03-31": "80.10000", "2013-12-31": "94.50000", "2013-09-30": "70.00000", "2013-06-30": "46.80000", "2013-03-31": "56.90000", "2012-12-31": "71.00000", "2012-09-30": "75.20000", "2012-06-30": "55.40000", "2012-03-31": "85.10000", "2011-12-31": "65.20000", "2011-09-30": "76.40000", "2011-06-30": "135.30000", "2011-03-31": "124.20000", "2010-12-31": "101.80000", "2010-09-30": "63.50000", "2010-06-30": "42.70000", "2010-03-31": "81.40000", "2009-12-31": "104.80000", "2009-09-30": "83.80000", "2009-06-30": "62.30000", "2009-03-31": "-3.30000", "2008-12-31": "11.40000", "2008-09-30": "184.10000", "2008-06-30": "211.00000", "2008-03-31": "182.70000", "2007-12-31": "193.50000", "2007-09-30": "133.90000", "2007-06-30": "115.50000", "2007-03-31": "78.60000", "2006-12-31": "75.60000", "2006-09-30": "90.50000", "2006-06-30": "89.00000", "2006-03-31": "66.70000", "2005-12-31": "66.30000", "2005-09-30": "78.20000", "2005-06-30": "58.80000", "2005-03-31": "79.10000"}, "Other Share Holders Equity": {"2020-09-30": "", "2020-06-30": "", "2020-03-31": "", "2019-12-31": "", "2019-09-30": "", "2019-06-30": "", "2019-03-31": "", "2018-12-31": "", "2018-09-30": "", "2018-06-30": "", "2018-03-31": "", "2017-12-31": "", "2017-09-30": "", "2017-06-30": "", "2017-03-31": "", "2016-12-31": "", "2016-09-30": "", "2016-06-30": "", "2016-03-31": "", "2015-12-31": "", "2015-09-30": "", "2015-06-30": "", "2015-03-31": "", "2014-12-31": "", "2014-09-30": "", "2014-06-30": "", "2014-03-31": "", "2013-12-31": "", "2013-09-30": "", "2013-06-30": "", "2013-03-31": "", "2012-12-31": "", "2012-09-30": "", "2012-06-30": "", "2012-03-31": "", "2011-12-31": "", "2011-09-30": "", "2011-06-30": "", "2011-03-31": "", "2010-12-31": "", "2010-09-30": "", "2010-06-30": "", "2010-03-31": "", "2009-12-31": "", "2009-09-30": "", "2009-06-30": "", "2009-03-31": "", "2008-12-31": "", "2008-09-30": "", "2008-06-30": "", "2008-03-31": "", "2007-12-31": "", "2007-09-30": "", "2007-06-30": "", "2007-03-31": "", "2006-12-31": "", "2006-09-30": "", "2006-06-30": "", "2006-03-31": "", "2005-12-31": "", "2005-09-30": "", "2005-06-30": "", "2005-03-31": ""}, "Share Holder Equity": {"2020-09-30": "1300.00000", "2020-06-30": "1214.60000", "2020-03-31": "1238.60000", "2019-12-31": "1312.50000", "2019-09-30": "1255.60000", "2019-06-30": "1238.80000", "2019-03-31": "1195.20000", "2018-12-31": "1157.60000", "2018-09-30": "1166.00000", "2018-06-30": "1128.60000", "2018-03-31": "1196.30000", "2017-12-31": "1190.80000", "2017-09-30": "1172.80000", "2017-06-30": "1133.60000", "2017-03-31": "1065.40000", "2016-12-31": "1094.00000", "2016-09-30": "1103.60000", "2016-06-30": "1065.60000", "2016-03-31": "1091.20000", "2015-12-31": "1097.70000", "2015-09-30": "1100.40000", "2015-06-30": "1110.00000", "2015-03-31": "1116.40000", "2014-12-31": "1154.90000", "2014-09-30": "1228.60000", "2014-06-30": "1262.40000", "2014-03-31": "1370.90000", "2013-12-31": "1399.20000", "2013-09-30": "1463.70000", "2013-06-30": "1433.70000", "2013-03-31": "1439.90000", "2012-12-31": "1442.20000", "2012-09-30": "1400.80000", "2012-06-30": "1347.00000", "2012-03-31": "1343.20000", "2011-12-31": "1307.70000", "2011-09-30": "1338.10000", "2011-06-30": "1454.70000", "2011-03-31": "1457.80000", "2010-12-31": "1524.40000", "2010-09-30": "1515.50000", "2010-06-30": "1488.30000", "2010-03-31": "1539.50000", "2009-12-31": "1575.50000", "2009-09-30": "1628.90000", "2009-06-30": "1665.70000", "2009-03-31": "1621.00000", "2008-12-31": "1670.90000", "2008-09-30": "1899.50000", "2008-06-30": "2080.60000", "2008-03-31": "2087.20000", "2007-12-31": "2132.70000", "2007-09-30": "2347.10000", "2007-06-30": "2389.50000", "2007-03-31": "2380.70000", "2006-12-31": "2351.10000", "2006-09-30": "2346.70000", "2006-06-30": "2327.80000", "2006-03-31": "2279.20000", "2005-12-31": "2249.00000", "2005-09-30": "2323.70000", "2005-06-30": "2318.10000", "2005-03-31": "2324.70000"}, "Total Liabilities And Share Holders Equity": {"2020-09-30": "4663.80000", "2020-06-30": "4582.10000", "2020-03-31": "4982.00000", "2019-12-31": "4816.40000", "2019-09-30": "4857.80000", "2019-06-30": "5002.00000", "2019-03-31": "4953.80000", "2018-12-31": "3382.00000", "2018-09-30": "3549.10000", "2018-06-30": "3644.00000", "2018-03-31": "3692.40000", "2017-12-31": "3550.80000", "2017-09-30": "3323.70000", "2017-06-30": "3281.50000", "2017-03-31": "3119.50000", "2016-12-31": "2984.10000", "2016-09-30": "3070.30000", "2016-06-30": "3031.80000", "2016-03-31": "3024.40000", "2015-12-31": "2963.70000", "2015-09-30": "3066.20000", "2015-06-30": "3143.70000", "2015-03-31": "3103.20000", "2014-12-31": "3140.60000", "2014-09-30": "3184.70000", "2014-06-30": "3243.40000", "2014-03-31": "3221.50000", "2013-12-31": "3108.10000", "2013-09-30": "3305.10000", "2013-06-30": "3278.70000", "2013-03-31": "3427.90000", "2012-12-31": "3254.90000", "2012-09-30": "3245.90000", "2012-06-30": "3223.40000", "2012-03-31": "3212.70000", "2011-12-31": "2915.10000", "2011-09-30": "3022.30000", "2011-06-30": "3094.70000", "2011-03-31": "3066.90000", "2010-12-31": "3001.00000", "2010-09-30": "3079.30000", "2010-06-30": "3079.30000", "2010-03-31": "3090.70000", "2009-12-31": "3061.20000", "2009-09-30": "3095.40000", "2009-06-30": "3069.40000", "2009-03-31": "3020.60000", "2008-12-31": "3161.90000", "2008-09-30": "3730.50000", "2008-06-30": "4218.60000", "2008-03-31": "4103.00000", "2007-12-31": "4072.50000", "2007-09-30": "4342.20000", "2007-06-30": "4378.40000", "2007-03-31": "4434.20000", "2006-12-31": "4265.30000", "2006-09-30": "4314.00000", "2006-06-30": "4276.10000", "2006-03-31": "4148.00000", "2005-12-31": "4072.40000", "2005-09-30": "4136.40000", "2005-06-30": "3934.10000", "2005-03-31": "3922.80000"}}, "cash flow statement": {"Net Income/Loss": {"2019-12-31": "333.90000", "2018-12-31": "306.10000", "2017-12-31": "292.70000", "2016-12-31": "386.20000", "2015-12-31": "329.20000", "2014-12-31": "101.20000", "2013-12-31": "199.70000", "2012-12-31": "250.50000", "2011-12-31": "156.40000", "2010-12-31": "182.80000", "2009-12-31": "115.00000", "2008-12-31": "109.00000", "2007-12-31": "-5.70000", "2006-12-31": "300.30000", "2005-12-31": "251.30000"}, "Total Depreciation And Amortization - Cash Flow": {"2019-12-31": "191.90000", "2018-12-31": "136.10000", "2017-12-31": "125.90000", "2016-12-31": "119.50000", "2015-12-31": "113.20000", "2014-12-31": "225.90000", "2013-12-31": "185.60000", "2012-12-31": "119.00000", "2011-12-31": "116.90000", "2010-12-31": "122.80000", "2009-12-31": "133.30000", "2008-12-31": "166.00000", "2007-12-31": "426.40000", "2006-12-31": "175.40000", "2005-12-31": "171.10000"}, "Other Non-Cash Items": {"2019-12-31": "59.50000", "2018-12-31": "42.10000", "2017-12-31": "113.80000", "2016-12-31": "24.50000", "2015-12-31": "84.40000", "2014-12-31": "10.60000", "2013-12-31": "4.20000", "2012-12-31": "18.70000", "2011-12-31": "77.20000", "2010-12-31": "78.10000", "2009-12-31": "127.50000", "2008-12-31": "139.10000", "2007-12-31": "32.20000", "2006-12-31": "58.60000", "2005-12-31": "8.70000"}, "Total Non-Cash Items": {"2019-12-31": "251.40000", "2018-12-31": "178.20000", "2017-12-31": "239.70000", "2016-12-31": "144.00000", "2015-12-31": "197.60000", "2014-12-31": "236.50000", "2013-12-31": "189.80000", "2012-12-31": "137.70000", "2011-12-31": "194.10000", "2010-12-31": "200.90000", "2009-12-31": "260.80000", "2008-12-31": "305.10000", "2007-12-31": "458.60000", "2006-12-31": "234.00000", "2005-12-31": "179.80000"}, "Change In Accounts Receivable": {"2019-12-31": "53.00000", "2018-12-31": "-25.80000", "2017-12-31": "-40.60000", "2016-12-31": "3.40000", "2015-12-31": "-16.40000", "2014-12-31": "-97.70000", "2013-12-31": "-13.30000", "2012-12-31": "60.60000", "2011-12-31": "-29.50000", "2010-12-31": "-34.70000", "2009-12-31": "105.70000", "2008-12-31": "36.50000", "2007-12-31": "90.40000", "2006-12-31": "11.10000", "2005-12-31": "-18.00000"}, "Change In Inventories": {"2019-12-31": "53.30000", "2018-12-31": "-54.30000", "2017-12-31": "-48.10000", "2016-12-31": "-33.30000", "2015-12-31": "-49.10000", "2014-12-31": "-21.90000", "2013-12-31": "-4.10000", "2012-12-31": "-39.10000", "2011-12-31": "-16.30000", "2010-12-31": "-31.20000", "2009-12-31": "87.60000", "2008-12-31": "49.90000", "2007-12-31": "65.50000", "2006-12-31": "-61.20000", "2005-12-31": "-50.40000"}, "Change In Accounts Payable": {"2019-12-31": "-39.40000", "2018-12-31": "36.20000", "2017-12-31": "58.80000", "2016-12-31": "50.80000", "2015-12-31": "-54.30000", "2014-12-31": "47.50000", "2013-12-31": "35.00000", "2012-12-31": "27.40000", "2011-12-31": "29.40000", "2010-12-31": "24.90000", "2009-12-31": "18.40000", "2008-12-31": "-46.80000", "2007-12-31": "13.00000", "2006-12-31": "-5.30000", "2005-12-31": ""}, "Change In Assets/Liabilities": {"2019-12-31": "-2.80000", "2018-12-31": "-1.90000", "2017-12-31": "-36.80000", "2016-12-31": "-2.10000", "2015-12-31": "-0.40000", "2014-12-31": "1.40000", "2013-12-31": "-1.00000", "2012-12-31": "-2.90000", "2011-12-31": "-1.70000", "2010-12-31": "21.60000", "2009-12-31": "1.40000", "2008-12-31": "9.50000", "2007-12-31": "10.50000", "2006-12-31": "-2.90000", "2005-12-31": "9.90000"}, "Total Change In Assets/Liabilities": {"2019-12-31": "80.50000", "2018-12-31": "-46.00000", "2017-12-31": "-80.20000", "2016-12-31": "15.10000", "2015-12-31": "-170.80000", "2014-12-31": "53.60000", "2013-12-31": "26.40000", "2012-12-31": "57.40000", "2011-12-31": "-13.80000", "2010-12-31": "-17.50000", "2009-12-31": "185.60000", "2008-12-31": "32.80000", "2007-12-31": "173.20000", "2006-12-31": "-64.00000", "2005-12-31": "-30.20000"}, "Cash Flow From Operating Activities": {"2019-12-31": "668.00000", "2018-12-31": "440.30000", "2017-12-31": "443.70000", "2016-12-31": "552.60000", "2015-12-31": "359.10000", "2014-12-31": "381.90000", "2013-12-31": "416.90000", "2012-12-31": "449.70000", "2011-12-31": "328.90000", "2010-12-31": "362.50000", "2009-12-31": "565.30000", "2008-12-31": "436.20000", "2007-12-31": "613.70000", "2006-12-31": "478.90000", "2005-12-31": "448.30000"}, "Net Change In Property, Plant, And Equipment": {"2019-12-31": "-143.10000", "2018-12-31": "-159.60000", "2017-12-31": "-159.40000", "2016-12-31": "-124.00000", "2015-12-31": "-103.20000", "2014-12-31": "-94.10000", "2013-12-31": "-80.60000", "2012-12-31": "-71.00000", "2011-12-31": "-75.00000", "2010-12-31": "-67.70000", "2009-12-31": "-68.90000", "2008-12-31": "289.30000", "2007-12-31": "-36.90000", "2006-12-31": "-134.50000", "2005-12-31": "-142.70000"}, "Net Change In Intangible Assets": {"2019-12-31": "", "2018-12-31": "", "2017-12-31": "", "2016-12-31": "", "2015-12-31": "", "2014-12-31": "", "2013-12-31": "", "2012-12-31": "", "2011-12-31": "", "2010-12-31": "", "2009-12-31": "", "2008-12-31": "", "2007-12-31": "", "2006-12-31": "", "2005-12-31": ""}, "Net Acquisitions/Divestitures": {"2019-12-31": "-1259.60000", "2018-12-31": "-104.30000", "2017-12-31": "6.10000", "2016-12-31": "56.60000", "2015-12-31": "40.30000", "2014-12-31": "6.10000", "2013-12-31": "-9.00000", "2012-12-31": "-195.80000", "2011-12-31": "20.20000", "2010-12-31": "24.00000", "2009-12-31": "-2.80000", "2008-12-31": "-10.30000", "2007-12-31": "-111.30000", "2006-12-31": "-83.20000", "2005-12-31": "-181.00000"}, "Net Change In Short-term Investments": {"2019-12-31": "", "2018-12-31": "", "2017-12-31": "", "2016-12-31": "", "2015-12-31": "", "2014-12-31": "", "2013-12-31": "", "2012-12-31": "", "2011-12-31": "22.80000", "2010-12-31": "-21.50000", "2009-12-31": "-1.30000", "2008-12-31": "", "2007-12-31": "", "2006-12-31": "", "2005-12-31": ""}, "Net Change In Long-Term Investments": {"2019-12-31": "", "2018-12-31": "", "2017-12-31": "", "2016-12-31": "", "2015-12-31": "", "2014-12-31": "", "2013-12-31": "21.20000", "2012-12-31": "-22.40000", "2011-12-31": "", "2010-12-31": "", "2009-12-31": "", "2008-12-31": "", "2007-12-31": "", "2006-12-31": "", "2005-12-31": ""}, "Net Change In Investments - Total": {"2019-12-31": "", "2018-12-31": "", "2017-12-31": "", "2016-12-31": "", "2015-12-31": "", "2014-12-31": "", "2013-12-31": "21.20000", "2012-12-31": "-22.40000", "2011-12-31": "22.80000", "2010-12-31": "-21.50000", "2009-12-31": "-1.30000", "2008-12-31": "", "2007-12-31": "", "2006-12-31": "", "2005-12-31": ""}, "Investing Activities - Other": {"2019-12-31": "-15.50000", "2018-12-31": "-13.90000", "2017-12-31": "-11.70000", "2016-12-31": "-34.60000", "2015-12-31": "-6.70000", "2014-12-31": "-14.70000", "2013-12-31": "-6.90000", "2012-12-31": "-4.80000", "2011-12-31": "-4.60000", "2010-12-31": "0.10000", "2009-12-31": "0.50000", "2008-12-31": "-15.70000", "2007-12-31": "-9.80000", "2006-12-31": "-13.80000", "2005-12-31": "-14.80000"}, "Cash Flow From Investing Activities": {"2019-12-31": "-1418.20000", "2018-12-31": "-277.80000", "2017-12-31": "-165.00000", "2016-12-31": "-102.00000", "2015-12-31": "-69.60000", "2014-12-31": "-102.70000", "2013-12-31": "-75.30000", "2012-12-31": "-294.00000", "2011-12-31": "-36.60000", "2010-12-31": "-65.10000", "2009-12-31": "-72.50000", "2008-12-31": "263.30000", "2007-12-31": "-158.00000", "2006-12-31": "-231.50000", "2005-12-31": "-338.50000"}, "Net Long-Term Debt": {"2019-12-31": "955.70000", "2018-12-31": "-155.40000", "2017-12-31": "484.20000", "2016-12-31": "-5.00000", "2015-12-31": "-204.60000", "2014-12-31": "111.20000", "2013-12-31": "-203.70000", "2012-12-31": "287.40000", "2011-12-31": "-3.40000", "2010-12-31": "-13.50000", "2009-12-31": "-64.20000", "2008-12-31": "-275.80000", "2007-12-31": "-34.00000", "2006-12-31": "73.00000", "2005-12-31": "-187.00000"}, "Net Current Debt": {"2019-12-31": "-8.70000", "2018-12-31": "69.60000", "2017-12-31": "-202.70000", "2016-12-31": "11.50000", "2015-12-31": "201.30000", "2014-12-31": "-24.20000", "2013-12-31": "23.30000", "2012-12-31": "-85.80000", "2011-12-31": "68.50000", "2010-12-31": "-32.30000", "2009-12-31": "", "2008-12-31": "", "2007-12-31": "", "2006-12-31": "", "2005-12-31": ""}, "Debt Issuance/Retirement Net - Total": {"2019-12-31": "947.00000", "2018-12-31": "-85.80000", "2017-12-31": "281.50000", "2016-12-31": "6.50000", "2015-12-31": "-3.30000", "2014-12-31": "87.00000", "2013-12-31": "-180.40000", "2012-12-31": "201.60000", "2011-12-31": "65.10000", "2010-12-31": "-45.80000", "2009-12-31": "-64.20000", "2008-12-31": "-275.80000", "2007-12-31": "-34.00000", "2006-12-31": "73.00000", "2005-12-31": "-187.00000"}, "Net Common Equity Issued/Repurchased": {"2019-12-31": "-7.10000", "2018-12-31": "-107.60000", "2017-12-31": "-155.00000", "2016-12-31": "-193.10000", "2015-12-31": "-183.20000", "2014-12-31": "-127.90000", "2013-12-31": "-132.50000", "2012-12-31": "5.60000", "2011-12-31": "-204.80000", "2010-12-31": "-106.30000", "2009-12-31": "-188.00000", "2008-12-31": "-290.60000", "2007-12-31": "-229.90000", "2006-12-31": "-139.70000", "2005-12-31": "-226.90000"}, "Net Total Equity Issued/Repurchased": {"2019-12-31": "-7.10000", "2018-12-31": "-107.60000", "2017-12-31": "-155.00000", "2016-12-31": "-193.10000", "2015-12-31": "-183.20000", "2014-12-31": "-127.90000", "2013-12-31": "-132.50000", "2012-12-31": "5.60000", "2011-12-31": "-204.80000", "2010-12-31": "-106.30000", "2009-12-31": "-188.00000", "2008-12-31": "-290.60000", "2007-12-31": "-229.90000", "2006-12-31": "-139.70000", "2005-12-31": "-226.90000"}, "Total Common And Preferred Stock Dividends Paid": {"2019-12-31": "-204.60000", "2018-12-31": "-193.70000", "2017-12-31": "-185.60000", "2016-12-31": "-177.40000", "2015-12-31": "-171.60000", "2014-12-31": "-167.50000", "2013-12-31": "-124.90000", "2012-12-31": "-199.50000", "2011-12-31": "-155.90000", "2010-12-31": "-154.90000", "2009-12-31": "-157.20000", "2008-12-31": "-165.10000", "2007-12-31": "-124.80000", "2006-12-31": "-121.10000", "2005-12-31": "-118.40000"}, "Financial Activities - Other": {"2019-12-31": "-4.20000", "2018-12-31": "-9.80000", "2017-12-31": "-5.40000", "2016-12-31": "-38.20000", "2015-12-31": "8.90000", "2014-12-31": "4.80000", "2013-12-31": "3.50000", "2012-12-31": "-44.30000", "2011-12-31": "-8.00000", "2010-12-31": "-6.60000", "2009-12-31": "0.70000", "2008-12-31": "-2.00000", "2007-12-31": "-2.80000", "2006-12-31": "1.70000", "2005-12-31": ""}, "Cash Flow From Financial Activities": {"2019-12-31": "731.10000", "2018-12-31": "-396.90000", "2017-12-31": "-64.50000", "2016-12-31": "-402.20000", "2015-12-31": "-349.20000", "2014-12-31": "-203.60000", "2013-12-31": "-434.30000", "2012-12-31": "-36.60000", "2011-12-31": "-303.60000", "2010-12-31": "-313.60000", "2009-12-31": "-408.70000", "2008-12-31": "-733.50000", "2007-12-31": "-391.50000", "2006-12-31": "-186.10000", "2005-12-31": "-532.30000"}, "Net Cash Flow": {"2019-12-31": "-20.50000", "2018-12-31": "-258.00000", "2017-12-31": "244.20000", "2016-12-31": "28.70000", "2015-12-31": "-79.60000", "2014-12-31": "60.10000", "2013-12-31": "-86.40000", "2012-12-31": "122.80000", "2011-12-31": "-8.20000", "2010-12-31": "-16.00000", "2009-12-31": "95.80000", "2008-12-31": "-40.70000", "2007-12-31": "73.50000", "2006-12-31": "67.00000", "2005-12-31": "-426.40000"}, "Stock-Based Compensation": {"2019-12-31": "33.00000", "2018-12-31": "35.50000", "2017-12-31": "36.60000", "2016-12-31": "37.10000", "2015-12-31": "45.20000", "2014-12-31": "41.60000", "2013-12-31": "36.30000", "2012-12-31": "33.80000", "2011-12-31": "35.30000", "2010-12-31": "37.60000", "2009-12-31": "38.00000", "2008-12-31": "41.60000", "2007-12-31": "49.00000", "2006-12-31": "48.60000", "2005-12-31": ""}, "Common Stock Dividends Paid": {"2019-12-31": "-204.60000", "2018-12-31": "-193.70000", "2017-12-31": "-185.60000", "2016-12-31": "-177.40000", "2015-12-31": "-171.60000", "2014-12-31": "-167.50000", "2013-12-31": "-124.90000", "2012-12-31": "-199.50000", "2011-12-31": "-155.90000", "2010-12-31": "-154.90000", "2009-12-31": "-157.20000", "2008-12-31": "-165.10000", "2007-12-31": "-124.80000", "2006-12-31": "-121.10000", "2005-12-31": "-118.40000"}}, "cash flow statement, quarterly": {"Net Income/Loss": {"2020-09-30": 104.9, "2020-06-30": -6.1, "2020-03-31": "45.70000", "2019-12-31": 86.9, "2019-09-30": 99.6, "2019-06-30": 86.3, "2019-03-31": "61.10000", "2018-12-31": 53.1, "2018-09-30": 90, "2018-06-30": 85.1, "2018-03-31": "77.90000", "2017-12-31": 36.4, "2017-09-30": 82.6, "2017-06-30": 87.6, "2017-03-31": "86.10000", "2016-12-31": 81.7, "2016-09-30": 93.6, "2016-06-30": 119.8, "2016-03-31": "91.10000", "2015-12-31": 81.8, "2015-09-30": 96.1, "2015-06-30": 78.5, "2015-03-31": "72.80000", "2014-12-31": 21.6, "2014-09-30": 49, "2014-06-30": -23.1, "2014-03-31": "53.70000", "2013-12-31": 6.3, "2013-09-30": 72, "2013-06-30": 71.9, "2013-03-31": "49.50000", "2012-12-31": 74, "2012-09-30": 66.6, "2012-06-30": 65.4, "2012-03-31": "44.50000", "2011-12-31": 9.3, "2011-09-30": 45.3, "2011-06-30": 55.5, "2011-03-31": "46.30000", "2010-12-31": 32.5, "2010-09-30": 49.3, "2010-06-30": 54.1, "2010-03-31": "46.90000", "2009-12-31": 37.1, "2009-09-30": 55.7, "2009-06-30": 19.2, "2009-03-31": "3.00000", "2008-12-31": -17.4, "2008-09-30": 33.8, "2008-06-30": 48, "2008-03-31": "44.60000", "2007-12-31": -207.1, "2007-09-30": 65.7, "2007-06-30": 60, "2007-03-31": "75.70000", "2006-12-31": 70, "2006-09-30": 84, "2006-06-30": 84.2, "2006-03-31": "62.10000", "2005-12-31": 45.3, "2005-09-30": 54, "2005-06-30": 79.2, "2005-03-31": "72.80000"}, "Total Depreciation And Amortization - Cash Flow": {"2020-09-30": 47, "2020-06-30": 71.9, "2020-03-31": "47.50000", "2019-12-31": 47.2, "2019-09-30": 48.4, "2019-06-30": 50, "2019-03-31": "46.30000", "2018-12-31": 35.1, "2018-09-30": 33.8, "2018-06-30": 33.8, "2018-03-31": "33.40000", "2017-12-31": 30.2, "2017-09-30": 33.5, "2017-06-30": 31.9, "2017-03-31": "30.30000", "2016-12-31": 29.4, "2016-09-30": 29.2, "2016-06-30": 32.6, "2016-03-31": "28.30000", "2015-12-31": 24.1, "2015-09-30": 28.5, "2015-06-30": 26.9, "2015-03-31": "33.70000", "2014-12-31": 30.3, "2014-09-30": 29.2, "2014-06-30": 137.5, "2014-03-31": "28.90000", "2013-12-31": 97.3, "2013-09-30": 29.2, "2013-06-30": 29.8, "2013-03-31": "29.30000", "2012-12-31": 29.8, "2012-09-30": 31.5, "2012-06-30": 28.7, "2012-03-31": "29.00000", "2011-12-31": 28.7, "2011-09-30": 27.9, "2011-06-30": 30.2, "2011-03-31": "30.10000", "2010-12-31": 31.6, "2010-09-30": 30, "2010-06-30": 29.3, "2010-03-31": "31.90000", "2009-12-31": 36, "2009-09-30": 32.5, "2009-06-30": 33.4, "2009-03-31": "31.40000", "2008-12-31": 60.4, "2008-09-30": 34.4, "2008-06-30": 36.2, "2008-03-31": "35.00000", "2007-12-31": 291.3, "2007-09-30": 44.9, "2007-06-30": 46.7, "2007-03-31": "43.50000", "2006-12-31": 43.5, "2006-09-30": 43.9, "2006-06-30": 44.8, "2006-03-31": "43.20000", "2005-12-31": 44.2, "2005-09-30": 44.3, "2005-06-30": 39.2, "2005-03-31": "43.40000"}, "Other Non-Cash Items": {"2020-09-30": -3.1, "2020-06-30": 24, "2020-03-31": "18.80000", "2019-12-31": 14.2, "2019-09-30": 7.8, "2019-06-30": 17.4, "2019-03-31": "20.10000", "2018-12-31": 26.9, "2018-09-30": -8.3, "2018-06-30": 11.1, "2018-03-31": "12.40000", "2017-12-31": 80.9, "2017-09-30": 3.2, "2017-06-30": 10.3, "2017-03-31": "19.40000", "2016-12-31": -4.3, "2016-09-30": 15.3, "2016-06-30": -5.2, "2016-03-31": "18.70000", "2015-12-31": 52.6, "2015-09-30": -1, "2015-06-30": 17.8, "2015-03-31": "15.00000", "2014-12-31": 0.6, "2014-09-30": -4.7, "2014-06-30": -5.1, "2014-03-31": "19.80000", "2013-12-31": -25.2, "2013-09-30": -10.5, "2013-06-30": 20.7, "2013-03-31": "19.20000", "2012-12-31": -14.5, "2012-09-30": 12.5, "2012-06-30": 3.5, "2012-03-31": "17.20000", "2011-12-31": 32, "2011-09-30": 11.4, "2011-06-30": 12.6, "2011-03-31": "21.20000", "2010-12-31": 18.5, "2010-09-30": 32.1, "2010-06-30": 14, "2010-03-31": "13.50000", "2009-12-31": 28.8, "2009-09-30": 36.6, "2009-06-30": 34.8, "2009-03-31": "27.30000", "2008-12-31": 3.7, "2008-09-30": 74.5, "2008-06-30": 38.8, "2008-03-31": "22.10000", "2007-12-31": 30.1, "2007-09-30": 14.3, "2007-06-30": 0, "2007-03-31": "-12.20000", "2006-12-31": 65, "2006-09-30": -5.5, "2006-06-30": -1.1, "2006-03-31": "0.20000", "2005-12-31": 17.2, "2005-09-30": 0.9, "2005-06-30": -19.7, "2005-03-31": "10.30000"}, "Total Non-Cash Items": {"2020-09-30": 43.9, "2020-06-30": 95.9, "2020-03-31": "66.30000", "2019-12-31": 61.4, "2019-09-30": 56.2, "2019-06-30": 67.4, "2019-03-31": "66.40000", "2018-12-31": 62, "2018-09-30": 25.5, "2018-06-30": 44.9, "2018-03-31": "45.80000", "2017-12-31": 111.1, "2017-09-30": 36.7, "2017-06-30": 42.2, "2017-03-31": "49.70000", "2016-12-31": 25.1, "2016-09-30": 44.5, "2016-06-30": 27.4, "2016-03-31": "47.00000", "2015-12-31": 76.7, "2015-09-30": 27.5, "2015-06-30": 44.7, "2015-03-31": "48.70000", "2014-12-31": 30.9, "2014-09-30": 24.5, "2014-06-30": 132.4, "2014-03-31": "48.70000", "2013-12-31": 72.1, "2013-09-30": 18.7, "2013-06-30": 50.5, "2013-03-31": "48.50000", "2012-12-31": 15.3, "2012-09-30": 44, "2012-06-30": 32.2, "2012-03-31": "46.20000", "2011-12-31": 60.7, "2011-09-30": 39.3, "2011-06-30": 42.8, "2011-03-31": "51.30000", "2010-12-31": 50.1, "2010-09-30": 62.1, "2010-06-30": 43.3, "2010-03-31": "45.40000", "2009-12-31": 64.8, "2009-09-30": 69.1, "2009-06-30": 68.2, "2009-03-31": "58.70000", "2008-12-31": 64.1, "2008-09-30": 108.9, "2008-06-30": 75, "2008-03-31": "57.10000", "2007-12-31": 321.4, "2007-09-30": 59.2, "2007-06-30": 46.7, "2007-03-31": "31.30000", "2006-12-31": 108.5, "2006-09-30": 38.4, "2006-06-30": 43.7, "2006-03-31": "43.40000", "2005-12-31": 61.4, "2005-09-30": 45.2, "2005-06-30": 19.5, "2005-03-31": "53.70000"}, "Change In Accounts Receivable": {"2020-09-30": -56.6, "2020-06-30": -6.1, "2020-03-31": "-7.10000", "2019-12-31": 98.4, "2019-09-30": 12.8, "2019-06-30": -40.8, "2019-03-31": "-17.40000", "2018-12-31": 50.4, "2018-09-30": 10.1, "2018-06-30": -47.1, "2018-03-31": "-39.20000", "2017-12-31": 38.7, "2017-09-30": -6.9, "2017-06-30": -12.7, "2017-03-31": "-59.70000", "2016-12-31": 44.4, "2016-09-30": -14.6, "2016-06-30": -22.4, "2016-03-31": "-4.00000", "2015-12-31": 9, "2015-09-30": 15.5, "2015-06-30": -12.4, "2015-03-31": "-28.50000", "2014-12-31": 57.5, "2014-09-30": -18.3, "2014-06-30": -40.4, "2014-03-31": "-96.50000", "2013-12-31": 105.5, "2013-09-30": -6.5, "2013-06-30": -32.6, "2013-03-31": "-79.70000", "2012-12-31": 147.8, "2012-09-30": -42.1, "2012-06-30": 11.4, "2012-03-31": "-56.50000", "2011-12-31": 71.2, "2011-09-30": -18.3, "2011-06-30": 5.8, "2011-03-31": "-88.20000", "2010-12-31": 68.2, "2010-09-30": -20.2, "2010-06-30": -23.8, "2010-03-31": "-58.90000", "2009-12-31": 79.7, "2009-09-30": -34.4, "2009-06-30": 13.4, "2009-03-31": "47.00000", "2008-12-31": 139.3, "2008-09-30": -37.9, "2008-06-30": -0.4, "2008-03-31": "-64.50000", "2007-12-31": 99, "2007-09-30": -6.5, "2007-06-30": 8.9, "2007-03-31": "-11.00000", "2006-12-31": 97.6, "2006-09-30": -35.8, "2006-06-30": -33.1, "2006-03-31": "-17.60000", "2005-12-31": 71.1, "2005-09-30": -46, "2005-06-30": -1.2, "2005-03-31": "-41.90000"}, "Change In Inventories": {"2020-09-30": -8.4, "2020-06-30": 81.2, "2020-03-31": "-34.30000", "2019-12-31": 5.8, "2019-09-30": 14.2, "2019-06-30": 19.4, "2019-03-31": "13.90000", "2018-12-31": -8.5, "2018-09-30": 7.6, "2018-06-30": -32.3, "2018-03-31": "-21.10000", "2017-12-31": -8.6, "2017-09-30": 12.3, "2017-06-30": -21.7, "2017-03-31": "-30.10000", "2016-12-31": -13, "2016-09-30": 4, "2016-06-30": -10.4, "2016-03-31": "-13.90000", "2015-12-31": -7.1, "2015-09-30": 1, "2015-06-30": -6.2, "2015-03-31": "-36.80000", "2014-12-31": -15.7, "2014-09-30": 19, "2014-06-30": 2.4, "2014-03-31": "-27.60000", "2013-12-31": -8.2, "2013-09-30": 38.7, "2013-06-30": -17.6, "2013-03-31": "-17.00000", "2012-12-31": -18.9, "2012-09-30": 45.8, "2012-06-30": -51.4, "2012-03-31": "-14.60000", "2011-12-31": 12.8, "2011-09-30": 41.9, "2011-06-30": -43.7, "2011-03-31": "-27.30000", "2010-12-31": 22.8, "2010-09-30": 1.8, "2010-06-30": -19.3, "2010-03-31": "-36.50000", "2009-12-31": -12.3, "2009-09-30": 13.8, "2009-06-30": 45.8, "2009-03-31": "40.30000", "2008-12-31": 117.6, "2008-09-30": 13.6, "2008-06-30": -67.7, "2008-03-31": "-13.60000", "2007-12-31": 1.9, "2007-09-30": 52.2, "2007-06-30": 1, "2007-03-31": "10.40000", "2006-12-31": -18.4, "2006-09-30": -11.8, "2006-06-30": -27.4, "2006-03-31": "-3.60000", "2005-12-31": 2.8, "2005-09-30": 48.6, "2005-06-30": -43.2, "2005-03-31": "-58.60000"}, "Change In Accounts Payable": {"2020-09-30": 128, "2020-06-30": -62.1, "2020-03-31": "-27.80000", "2019-12-31": -9.2, "2019-09-30": 15.9, "2019-06-30": 21, "2019-03-31": "-67.10000", "2018-12-31": 36.8, "2018-09-30": -20.5, "2018-06-30": 27.8, "2018-03-31": "-7.90000", "2017-12-31": 44.4, "2017-09-30": -9.8, "2017-06-30": -4.6, "2017-03-31": "28.80000", "2016-12-31": 22.9, "2016-09-30": -6.1, "2016-06-30": 11.8, "2016-03-31": "22.20000", "2015-12-31": -32.3, "2015-09-30": -12.7, "2015-06-30": -4.3, "2015-03-31": "-5.00000", "2014-12-31": 12.4, "2014-09-30": -6.7, "2014-06-30": 23.8, "2014-03-31": "18.00000", "2013-12-31": 8.3, "2013-09-30": -26.8, "2013-06-30": 20, "2013-03-31": "33.50000", "2012-12-31": -7.3, "2012-09-30": -30.4, "2012-06-30": 25.2, "2012-03-31": "39.90000", "2011-12-31": -17.6, "2011-09-30": -5, "2011-06-30": -11.5, "2011-03-31": "63.50000", "2010-12-31": -10.9, "2010-09-30": -26.3, "2010-06-30": 22.9, "2010-03-31": "39.20000", "2009-12-31": -11.7, "2009-09-30": 22.6, "2009-06-30": 21.8, "2009-03-31": "-14.30000", "2008-12-31": -73.5, "2008-09-30": -16.1, "2008-06-30": 26.6, "2008-03-31": "16.20000", "2007-12-31": 1.5, "2007-09-30": -5, "2007-06-30": -1.8, "2007-03-31": "18.30000", "2006-12-31": -30.8, "2006-09-30": -7.4, "2006-06-30": 6, "2006-03-31": "26.90000", "2005-12-31": -38.9, "2005-09-30": -1.6, "2005-06-30": 1.9, "2005-03-31": "38.60000"}, "Change In Assets/Liabilities": {"2020-09-30": 5, "2020-06-30": 4.8, "2020-03-31": "-3.40000", "2019-12-31": -2.4, "2019-09-30": 4.1, "2019-06-30": -1.6, "2019-03-31": "-2.90000", "2018-12-31": -2.8, "2018-09-30": 8.6, "2018-06-30": -7.1, "2018-03-31": "-0.60000", "2017-12-31": -25.3, "2017-09-30": -4.3, "2017-06-30": -11.7, "2017-03-31": "4.50000", "2016-12-31": -2.9, "2016-09-30": 2.5, "2016-06-30": -3.5, "2016-03-31": "1.80000", "2015-12-31": -2.5, "2015-09-30": 5.6, "2015-06-30": -3.4, "2015-03-31": "-0.10000", "2014-12-31": 1.1, "2014-09-30": 4.8, "2014-06-30": -2.8, "2014-03-31": "-1.70000", "2013-12-31": 0.5, "2013-09-30": -0.1, "2013-06-30": -3.8, "2013-03-31": "2.40000", "2012-12-31": 0.3, "2012-09-30": 0.7, "2012-06-30": -4.2, "2012-03-31": "0.30000", "2011-12-31": -0.5, "2011-09-30": 0.6, "2011-06-30": -4.1, "2011-03-31": "2.30000", "2010-12-31": 9.4, "2010-09-30": 13.8, "2010-06-30": -4, "2010-03-31": "2.40000", "2009-12-31": -4.7, "2009-09-30": 3, "2009-06-30": 2, "2009-03-31": "1.10000", "2008-12-31": 4.2, "2008-09-30": 1.1, "2008-06-30": -5.4, "2008-03-31": "9.60000", "2007-12-31": 8.8, "2007-09-30": 10.7, "2007-06-30": -4.7, "2007-03-31": "-4.30000", "2006-12-31": 12.8, "2006-09-30": -3.9, "2006-06-30": -0.5, "2006-03-31": "-11.30000", "2005-12-31": 4.9, "2005-09-30": 6.8, "2005-06-30": -12.1, "2005-03-31": "10.30000"}, "Total Change In Assets/Liabilities": {"2020-09-30": 110, "2020-06-30": 22, "2020-03-31": "-109.40000", "2019-12-31": 101.1, "2019-09-30": 55.2, "2019-06-30": 17, "2019-03-31": "-92.80000", "2018-12-31": 75.5, "2018-09-30": 11.9, "2018-06-30": -55.5, "2018-03-31": "-77.90000", "2017-12-31": 37.5, "2017-09-30": -8.1, "2017-06-30": -30.1, "2017-03-31": "-79.50000", "2016-12-31": 50.9, "2016-09-30": -10.3, "2016-06-30": 1.2, "2016-03-31": "-26.70000", "2015-12-31": -60.1, "2015-09-30": 5.8, "2015-06-30": -22.2, "2015-03-31": "-94.30000", "2014-12-31": 112.7, "2014-09-30": 67.2, "2014-06-30": -2.6, "2014-03-31": "-123.70000", "2013-12-31": 102, "2013-09-30": 21.3, "2013-06-30": -25, "2013-03-31": "-71.90000", "2012-12-31": 112.5, "2012-09-30": -8.4, "2012-06-30": -19.9, "2012-03-31": "-26.80000", "2011-12-31": 56.1, "2011-09-30": 22.1, "2011-06-30": -45.5, "2011-03-31": "-46.50000", "2010-12-31": 73.4, "2010-09-30": -20.6, "2010-06-30": -30.4, "2010-03-31": "-39.90000", "2009-12-31": 29, "2009-09-30": 16.7, "2009-06-30": 88.4, "2009-03-31": "51.50000", "2008-12-31": 192.3, "2008-09-30": -64.4, "2008-06-30": -47.6, "2008-03-31": "-47.50000", "2007-12-31": 86.4, "2007-09-30": 60.5, "2007-06-30": -17.3, "2007-03-31": "43.60000", "2006-12-31": 30.7, "2006-09-30": -49.1, "2006-06-30": -74.6, "2006-03-31": "29.00000", "2005-12-31": 25.9, "2005-09-30": 33.2, "2005-06-30": -51.6, "2005-03-31": "-37.70000"}, "Cash Flow From Operating Activities": {"2020-09-30": 261.3, "2020-06-30": 112.1, "2020-03-31": "10.40000", "2019-12-31": 251.4, "2019-09-30": 212.9, "2019-06-30": 172.3, "2019-03-31": "31.40000", "2018-12-31": 189.2, "2018-09-30": 126.5, "2018-06-30": 80.5, "2018-03-31": "44.10000", "2017-12-31": 182.2, "2017-09-30": 105.4, "2017-06-30": 98.4, "2017-03-31": "57.70000", "2016-12-31": 166.9, "2016-09-30": 123.6, "2016-06-30": 150.8, "2016-03-31": "111.30000", "2015-12-31": 102.3, "2015-09-30": 129.9, "2015-06-30": 94.8, "2015-03-31": "32.10000", "2014-12-31": 166.2, "2014-09-30": 132.3, "2014-06-30": 103.1, "2014-03-31": "-19.70000", "2013-12-31": 178.1, "2013-09-30": 115.6, "2013-06-30": 99.2, "2013-03-31": "24.00000", "2012-12-31": 208.7, "2012-09-30": 94.7, "2012-06-30": 81.2, "2012-03-31": "65.10000", "2011-12-31": 126.9, "2011-09-30": 101, "2011-06-30": 54.2, "2011-03-31": "46.80000", "2010-12-31": 154.1, "2010-09-30": 90.5, "2010-06-30": 66.8, "2010-03-31": "51.10000", "2009-12-31": 134.9, "2009-09-30": 142, "2009-06-30": 173.6, "2009-03-31": "114.80000", "2008-12-31": 233.1, "2008-09-30": 76.6, "2008-06-30": 73.4, "2008-03-31": "53.10000", "2007-12-31": 178.2, "2007-09-30": 194.2, "2007-06-30": 92.7, "2007-03-31": "148.60000", "2006-12-31": 169.9, "2006-09-30": 93.5, "2006-06-30": 67.8, "2006-03-31": "147.70000", "2005-12-31": 143.9, "2005-09-30": 147, "2005-06-30": 66.7, "2005-03-31": "90.70000"}, "Net Change In Property, Plant, And Equipment": {"2020-09-30": -9.3, "2020-06-30": -18.8, "2020-03-31": "-24.20000", "2019-12-31": -40.1, "2019-09-30": -32.5, "2019-06-30": -38.7, "2019-03-31": "-31.80000", "2018-12-31": -37, "2018-09-30": -41.4, "2018-06-30": -40.9, "2018-03-31": "-40.30000", "2017-12-31": -40.4, "2017-09-30": -39.9, "2017-06-30": -44.8, "2017-03-31": "-34.30000", "2016-12-31": -40.9, "2016-09-30": -25.2, "2016-06-30": -30.2, "2016-03-31": "-27.70000", "2015-12-31": -42.5, "2015-09-30": -9.4, "2015-06-30": -35.9, "2015-03-31": "-15.40000", "2014-12-31": -31.1, "2014-09-30": -24.6, "2014-06-30": -31.8, "2014-03-31": "-6.60000", "2013-12-31": -20.6, "2013-09-30": -18.1, "2013-06-30": -22.1, "2013-03-31": "-19.80000", "2012-12-31": -17.5, "2012-09-30": -16.2, "2012-06-30": -19.7, "2012-03-31": "-17.60000", "2011-12-31": -18.3, "2011-09-30": -18.9, "2011-06-30": -21.1, "2011-03-31": "-16.70000", "2010-12-31": -19.1, "2010-09-30": -18.6, "2010-06-30": -16.5, "2010-03-31": "-13.50000", "2009-12-31": -3.5, "2009-09-30": -13.9, "2009-06-30": -32.8, "2009-03-31": "-18.70000", "2008-12-31": -5.9, "2008-09-30": 343.8, "2008-06-30": -28.4, "2008-03-31": "-20.20000", "2007-12-31": -34.2, "2007-09-30": -33.2, "2007-06-30": -12.2, "2007-03-31": "42.70000", "2006-12-31": -35.7, "2006-09-30": -33.2, "2006-06-30": -36, "2006-03-31": "-29.60000", "2005-12-31": -37.3, "2005-09-30": -38, "2005-06-30": -39, "2005-03-31": "-28.40000"}, "Net Change In Intangible Assets": {"2020-09-30": 0, "2020-06-30": 0, "2020-03-31": "", "2019-12-31": 0, "2019-09-30": 0, "2019-06-30": 0, "2019-03-31": "", "2018-12-31": 0, "2018-09-30": 0, "2018-06-30": 0, "2018-03-31": "", "2017-12-31": 0, "2017-09-30": 0, "2017-06-30": 0, "2017-03-31": "", "2016-12-31": 0, "2016-09-30": 0, "2016-06-30": 0, "2016-03-31": "", "2015-12-31": 0, "2015-09-30": 0, "2015-06-30": 0, "2015-03-31": "", "2014-12-31": 0, "2014-09-30": 0, "2014-06-30": 0, "2014-03-31": "", "2013-12-31": 0, "2013-09-30": 0, "2013-06-30": 0, "2013-03-31": "", "2012-12-31": 0, "2012-09-30": 0, "2012-06-30": 0, "2012-03-31": "", "2011-12-31": 0, "2011-09-30": 0, "2011-06-30": 0, "2011-03-31": "", "2010-12-31": 0, "2010-09-30": 0, "2010-06-30": 0, "2010-03-31": "", "2009-12-31": 0, "2009-09-30": 0, "2009-06-30": 0, "2009-03-31": "", "2008-12-31": 0, "2008-09-30": 0, "2008-06-30": 0, "2008-03-31": "", "2007-12-31": 0, "2007-09-30": 0, "2007-06-30": 0, "2007-03-31": "", "2006-12-31": 0, "2006-09-30": 0, "2006-06-30": 0, "2006-03-31": "", "2005-12-31": 0, "2005-09-30": 0, "2005-06-30": 0, "2005-03-31": ""}, "Net Acquisitions/Divestitures": {"2020-09-30": 2.4, "2020-06-30": 3.6, "2020-03-31": "", "2019-12-31": -20.6, "2019-09-30": 3.3, "2019-06-30": 2, "2019-03-31": "-1244.30000", "2018-12-31": -0.1, "2018-09-30": -15.9, "2018-06-30": -4.1, "2018-03-31": "-84.20000", "2017-12-31": 32.5, "2017-09-30": 10.8, "2017-06-30": -0.6, "2017-03-31": "-36.60000", "2016-12-31": 30.4, "2016-09-30": -10.9, "2016-06-30": 51.2, "2016-03-31": "-14.10000", "2015-12-31": 51.4, "2015-09-30": -15.5, "2015-06-30": 16.6, "2015-03-31": "-12.20000", "2014-12-31": 64.3, "2014-09-30": -16.8, "2014-06-30": -39.4, "2014-03-31": "-2.00000", "2013-12-31": 0.7, "2013-09-30": -14, "2013-06-30": 2.5, "2013-03-31": "1.80000", "2012-12-31": -14.8, "2012-09-30": 1.4, "2012-06-30": 2.2, "2012-03-31": "-184.60000", "2011-12-31": 6.5, "2011-09-30": -0.2, "2011-06-30": -2.6, "2011-03-31": "16.50000", "2010-12-31": -2.8, "2010-09-30": 16.4, "2010-06-30": 0.8, "2010-03-31": "9.60000", "2009-12-31": -9.1, "2009-09-30": 0.8, "2009-06-30": 5.8, "2009-03-31": "-0.30000", "2008-12-31": -1, "2008-09-30": -8.2, "2008-06-30": -0.5, "2008-03-31": "-0.60000", "2007-12-31": -25.6, "2007-09-30": -2, "2007-06-30": -1.1, "2007-03-31": "-82.60000", "2006-12-31": -14.8, "2006-09-30": -3.7, "2006-06-30": -59.1, "2006-03-31": "-5.60000", "2005-12-31": -123.9, "2005-09-30": -6.8, "2005-06-30": -43.9, "2005-03-31": "-6.40000"}, "Net Change In Short-term Investments": {"2020-09-30": 0, "2020-06-30": 0, "2020-03-31": "", "2019-12-31": 0, "2019-09-30": 0, "2019-06-30": 0, "2019-03-31": "", "2018-12-31": 0, "2018-09-30": 0, "2018-06-30": 0, "2018-03-31": "", "2017-12-31": 0, "2017-09-30": 0, "2017-06-30": 0, "2017-03-31": "", "2016-12-31": 0, "2016-09-30": 0, "2016-06-30": 0, "2016-03-31": "", "2015-12-31": 0, "2015-09-30": 0, "2015-06-30": 0, "2015-03-31": "", "2014-12-31": 0, "2014-09-30": 0, "2014-06-30": 0, "2014-03-31": "", "2013-12-31": 0, "2013-09-30": 0, "2013-06-30": 0, "2013-03-31": "", "2012-12-31": 0, "2012-09-30": 0, "2012-06-30": 0, "2012-03-31": "", "2011-12-31": 0, "2011-09-30": 0, "2011-06-30": 22.8, "2011-03-31": "", "2010-12-31": -22.8, "2010-09-30": 0, "2010-06-30": 1.3, "2010-03-31": "", "2009-12-31": -1.3, "2009-09-30": 0, "2009-06-30": 0, "2009-03-31": "", "2008-12-31": 0, "2008-09-30": 0, "2008-06-30": 0, "2008-03-31": "", "2007-12-31": 0, "2007-09-30": 0, "2007-06-30": 0, "2007-03-31": "", "2006-12-31": 0, "2006-09-30": 0, "2006-06-30": 0, "2006-03-31": "", "2005-12-31": 0, "2005-09-30": 0, "2005-06-30": 0, "2005-03-31": ""}, "Net Change In Long-Term Investments": {"2020-09-30": 0, "2020-06-30": 0, "2020-03-31": "", "2019-12-31": 0, "2019-09-30": 0, "2019-06-30": 0, "2019-03-31": "", "2018-12-31": 0, "2018-09-30": 0, "2018-06-30": 0, "2018-03-31": "", "2017-12-31": 0, "2017-09-30": 0, "2017-06-30": 0, "2017-03-31": "", "2016-12-31": 0, "2016-09-30": 0, "2016-06-30": 0, "2016-03-31": "", "2015-12-31": 0, "2015-09-30": 0, "2015-06-30": 0, "2015-03-31": "", "2014-12-31": 0, "2014-09-30": 0, "2014-06-30": 0, "2014-03-31": "", "2013-12-31": 0, "2013-09-30": 21.2, "2013-06-30": 0, "2013-03-31": "", "2012-12-31": 0, "2012-09-30": -22.4, "2012-06-30": 0, "2012-03-31": "", "2011-12-31": 0, "2011-09-30": 0, "2011-06-30": 0, "2011-03-31": "", "2010-12-31": 0, "2010-09-30": 0, "2010-06-30": 0, "2010-03-31": "", "2009-12-31": 0, "2009-09-30": 0, "2009-06-30": 0, "2009-03-31": "", "2008-12-31": 0, "2008-09-30": 0, "2008-06-30": 0, "2008-03-31": "", "2007-12-31": 0, "2007-09-30": 0, "2007-06-30": 0, "2007-03-31": "", "2006-12-31": 0, "2006-09-30": 0, "2006-06-30": 0, "2006-03-31": "", "2005-12-31": 0, "2005-09-30": 0, "2005-06-30": 0, "2005-03-31": ""}, "Net Change In Investments - Total": {"2020-09-30": 0, "2020-06-30": 0, "2020-03-31": "", "2019-12-31": 0, "2019-09-30": 0, "2019-06-30": 0, "2019-03-31": "", "2018-12-31": 0, "2018-09-30": 0, "2018-06-30": 0, "2018-03-31": "", "2017-12-31": 0, "2017-09-30": 0, "2017-06-30": 0, "2017-03-31": "", "2016-12-31": 0, "2016-09-30": 0, "2016-06-30": 0, "2016-03-31": "", "2015-12-31": 0, "2015-09-30": 0, "2015-06-30": 0, "2015-03-31": "", "2014-12-31": 0, "2014-09-30": 0, "2014-06-30": 0, "2014-03-31": "", "2013-12-31": 0, "2013-09-30": 21.2, "2013-06-30": 0, "2013-03-31": "", "2012-12-31": 0, "2012-09-30": -22.4, "2012-06-30": 0, "2012-03-31": "", "2011-12-31": 0, "2011-09-30": 0, "2011-06-30": 22.8, "2011-03-31": "", "2010-12-31": -22.8, "2010-09-30": 0, "2010-06-30": 1.3, "2010-03-31": "", "2009-12-31": -1.3, "2009-09-30": 0, "2009-06-30": 0, "2009-03-31": "", "2008-12-31": 0, "2008-09-30": 0, "2008-06-30": 0, "2008-03-31": "", "2007-12-31": 0, "2007-09-30": 0, "2007-06-30": 0, "2007-03-31": "", "2006-12-31": 0, "2006-09-30": 0, "2006-06-30": 0, "2006-03-31": "", "2005-12-31": 0, "2005-09-30": 0, "2005-06-30": 0, "2005-03-31": ""}, "Investing Activities - Other": {"2020-09-30": 3.1, "2020-06-30": -2.3, "2020-03-31": "6.90000", "2019-12-31": -8, "2019-09-30": 0.2, "2019-06-30": -6.6, "2019-03-31": "-1.10000", "2018-12-31": -0.4, "2018-09-30": -10.6, "2018-06-30": -0.4, "2018-03-31": "-2.50000", "2017-12-31": -1.6, "2017-09-30": -2.3, "2017-06-30": -1.2, "2017-03-31": "-6.60000", "2016-12-31": -25.9, "2016-09-30": -1.3, "2016-06-30": -2.1, "2016-03-31": "-5.30000", "2015-12-31": -1.8, "2015-09-30": 1.4, "2015-06-30": -1.5, "2015-03-31": "-4.80000", "2014-12-31": 1.1, "2014-09-30": -1.2, "2014-06-30": -8.9, "2014-03-31": "-5.70000", "2013-12-31": -1.5, "2013-09-30": -1, "2013-06-30": -1.2, "2013-03-31": "-3.20000", "2012-12-31": 1.6, "2012-09-30": -0.6, "2012-06-30": -1.2, "2012-03-31": "-4.60000", "2011-12-31": -2.1, "2011-09-30": -0.6, "2011-06-30": -1.2, "2011-03-31": "-0.70000", "2010-12-31": -1.3, "2010-09-30": 2.2, "2010-06-30": -0.4, "2010-03-31": "-0.40000", "2009-12-31": -1.2, "2009-09-30": -1.2, "2009-06-30": -1.3, "2009-03-31": "4.20000", "2008-12-31": 2.5, "2008-09-30": -9.8, "2008-06-30": -6.7, "2008-03-31": "-1.70000", "2007-12-31": 0.4, "2007-09-30": -3, "2007-06-30": -3.4, "2007-03-31": "-3.80000", "2006-12-31": -10.1, "2006-09-30": 0.6, "2006-06-30": -0.4, "2006-03-31": "-3.90000", "2005-12-31": -12.2, "2005-09-30": -7.7, "2005-06-30": 4.5, "2005-03-31": "0.60000"}, "Cash Flow From Investing Activities": {"2020-09-30": -3.8, "2020-06-30": -17.5, "2020-03-31": "-17.30000", "2019-12-31": -68.7, "2019-09-30": -29, "2019-06-30": -43.3, "2019-03-31": "-1277.20000", "2018-12-31": -37.5, "2018-09-30": -67.9, "2018-06-30": -45.4, "2018-03-31": "-127.00000", "2017-12-31": -9.5, "2017-09-30": -31.4, "2017-06-30": -46.6, "2017-03-31": "-77.50000", "2016-12-31": -36.4, "2016-09-30": -37.4, "2016-06-30": 18.9, "2016-03-31": "-47.10000", "2015-12-31": 7.1, "2015-09-30": -23.5, "2015-06-30": -20.8, "2015-03-31": "-32.40000", "2014-12-31": 34.3, "2014-09-30": -42.6, "2014-06-30": -80.1, "2014-03-31": "-14.30000", "2013-12-31": -21.4, "2013-09-30": -11.9, "2013-06-30": -20.8, "2013-03-31": "-21.20000", "2012-12-31": -30.7, "2012-09-30": -37.8, "2012-06-30": -18.7, "2012-03-31": "-206.80000", "2011-12-31": -13.9, "2011-09-30": -19.7, "2011-06-30": -2.1, "2011-03-31": "-0.90000", "2010-12-31": -46, "2010-09-30": 0, "2010-06-30": -14.8, "2010-03-31": "-4.30000", "2009-12-31": -15.1, "2009-09-30": -14.3, "2009-06-30": -28.3, "2009-03-31": "-14.80000", "2008-12-31": -4.4, "2008-09-30": 325.8, "2008-06-30": -35.6, "2008-03-31": "-22.50000", "2007-12-31": -59.4, "2007-09-30": -38.2, "2007-06-30": -16.7, "2007-03-31": "-43.70000", "2006-12-31": -60.6, "2006-09-30": -36.3, "2006-06-30": -95.5, "2006-03-31": "-39.10000", "2005-12-31": -173.4, "2005-09-30": -52.5, "2005-06-30": -78.4, "2005-03-31": "-34.20000"}, "Net Long-Term Debt": {"2020-09-30": -72.5, "2020-06-30": -12.5, "2020-03-31": "-12.50000", "2019-12-31": -12.5, "2019-09-30": -12.6, "2019-06-30": -11.6, "2019-03-31": "992.40000", "2018-12-31": -3.1, "2018-09-30": -150.6, "2018-06-30": -0.7, "2018-03-31": "-1.00000", "2017-12-31": 490, "2017-09-30": -0.1, "2017-06-30": -0.8, "2017-03-31": "-4.90000", "2016-12-31": -0.4, "2016-09-30": -3, "2016-06-30": -1, "2016-03-31": "-0.60000", "2015-12-31": -0.5, "2015-09-30": -200.9, "2015-06-30": -1.1, "2015-03-31": "-2.10000", "2014-12-31": 118.5, "2014-09-30": -0.6, "2014-06-30": -0.7, "2014-03-31": "-6.00000", "2013-12-31": -0.5, "2013-09-30": -1.1, "2013-06-30": -201.3, "2013-03-31": "-0.80000", "2012-12-31": -1.2, "2012-09-30": 298.5, "2012-06-30": -8.9, "2012-03-31": "-1.00000", "2011-12-31": -1, "2011-09-30": -86.5, "2011-06-30": 38.4, "2011-03-31": "45.70000", "2010-12-31": -42.8, "2010-09-30": -13.2, "2010-06-30": 27, "2010-03-31": "15.50000", "2009-12-31": 37.6, "2009-09-30": -9.1, "2009-06-30": -41.2, "2009-03-31": "-51.50000", "2008-12-31": -189.2, "2008-09-30": -208.7, "2008-06-30": 66, "2008-03-31": "56.10000", "2007-12-31": -48.6, "2007-09-30": 17.8, "2007-06-30": -66.7, "2007-03-31": "63.50000", "2006-12-31": -10.5, "2006-09-30": 17.3, "2006-06-30": 62.1, "2006-03-31": "4.10000", "2005-12-31": -22.6, "2005-09-30": 150.2, "2005-06-30": 20.7, "2005-03-31": "-335.30000"}, "Net Current Debt": {"2020-09-30": -100.2, "2020-06-30": -319.6, "2020-03-31": "352.60000", "2019-12-31": -115, "2019-09-30": -153.8, "2019-06-30": -36.8, "2019-03-31": "296.90000", "2018-12-31": -182.2, "2018-09-30": 60.1, "2018-06-30": 46.9, "2018-03-31": "144.80000", "2017-12-31": -436.9, "2017-09-30": 13.5, "2017-06-30": 61.6, "2017-03-31": "159.10000", "2016-12-31": -89.9, "2016-09-30": 11.2, "2016-06-30": 8.8, "2016-03-31": "81.40000", "2015-12-31": -28, "2015-09-30": 163.1, "2015-06-30": 33.4, "2015-03-31": "32.80000", "2014-12-31": -164.3, "2014-09-30": -104.3, "2014-06-30": 118, "2014-03-31": "126.40000", "2013-12-31": -87.9, "2013-09-30": -17.6, "2013-06-30": 29.8, "2013-03-31": "99.00000", "2012-12-31": -8.6, "2012-09-30": -266.8, "2012-06-30": -15.6, "2012-03-31": "205.20000", "2011-12-31": -59.1, "2011-09-30": 127.6, "2011-06-30": 0, "2011-03-31": "", "2010-12-31": -32.3, "2010-09-30": 0, "2010-06-30": 0, "2010-03-31": "", "2009-12-31": 0, "2009-09-30": 0, "2009-06-30": 0, "2009-03-31": "", "2008-12-31": 0, "2008-09-30": 0, "2008-06-30": 0, "2008-03-31": "", "2007-12-31": 0, "2007-09-30": 0, "2007-06-30": 0, "2007-03-31": "", "2006-12-31": 0, "2006-09-30": 0, "2006-06-30": 0, "2006-03-31": "", "2005-12-31": 0, "2005-09-30": 0, "2005-06-30": 0, "2005-03-31": ""}, "Debt Issuance/Retirement Net - Total": {"2020-09-30": -172.7, "2020-06-30": -332.1, "2020-03-31": "340.10000", "2019-12-31": -127.5, "2019-09-30": -166.4, "2019-06-30": -48.4, "2019-03-31": "1289.30000", "2018-12-31": -185.3, "2018-09-30": -90.5, "2018-06-30": 46.2, "2018-03-31": "143.80000", "2017-12-31": 53.1, "2017-09-30": 13.4, "2017-06-30": 60.8, "2017-03-31": "154.20000", "2016-12-31": -90.3, "2016-09-30": 8.2, "2016-06-30": 7.8, "2016-03-31": "80.80000", "2015-12-31": -28.5, "2015-09-30": -37.8, "2015-06-30": 32.3, "2015-03-31": "30.70000", "2014-12-31": -45.8, "2014-09-30": -104.9, "2014-06-30": 117.3, "2014-03-31": "120.40000", "2013-12-31": -88.4, "2013-09-30": -18.7, "2013-06-30": -171.5, "2013-03-31": "98.20000", "2012-12-31": -9.8, "2012-09-30": 31.7, "2012-06-30": -24.5, "2012-03-31": "204.20000", "2011-12-31": -60.1, "2011-09-30": 41.1, "2011-06-30": 38.4, "2011-03-31": "45.70000", "2010-12-31": -75.1, "2010-09-30": -13.2, "2010-06-30": 27, "2010-03-31": "15.50000", "2009-12-31": 37.6, "2009-09-30": -9.1, "2009-06-30": -41.2, "2009-03-31": "-51.50000", "2008-12-31": -189.2, "2008-09-30": -208.7, "2008-06-30": 66, "2008-03-31": "56.10000", "2007-12-31": -48.6, "2007-09-30": 17.8, "2007-06-30": -66.7, "2007-03-31": "63.50000", "2006-12-31": -10.5, "2006-09-30": 17.3, "2006-06-30": 62.1, "2006-03-31": "4.10000", "2005-12-31": -22.6, "2005-09-30": 150.2, "2005-06-30": 20.7, "2005-03-31": "-335.30000"}, "Net Common Equity Issued/Repurchased": {"2020-09-30": -1.4, "2020-06-30": 0, "2020-03-31": "-7.60000", "2019-12-31": -2.7, "2019-09-30": -2.1, "2019-06-30": -0.3, "2019-03-31": "-2.00000", "2018-12-31": 0.3, "2018-09-30": -0.6, "2018-06-30": -52.4, "2018-03-31": "-54.90000", "2017-12-31": -0.2, "2017-09-30": -41.5, "2017-06-30": -10.4, "2017-03-31": "-102.90000", "2016-12-31": -15.7, "2016-09-30": -16.6, "2016-06-30": -55.4, "2016-03-31": "-105.40000", "2015-12-31": -27.8, "2015-09-30": -40.8, "2015-06-30": -54.2, "2015-03-31": "-60.40000", "2014-12-31": -15.4, "2014-09-30": -3.2, "2014-06-30": -63.6, "2014-03-31": "-45.70000", "2013-12-31": -54.4, "2013-09-30": -28.4, "2013-06-30": -36.5, "2013-03-31": "-13.20000", "2012-12-31": 6.9, "2012-09-30": 1.5, "2012-06-30": -0.3, "2012-03-31": "-2.50000", "2011-12-31": 2.8, "2011-09-30": -50.5, "2011-06-30": -47.4, "2011-03-31": "-109.70000", "2010-12-31": -25.6, "2010-09-30": -8.9, "2010-06-30": -39.8, "2010-03-31": "-32.00000", "2009-12-31": -83.5, "2009-09-30": -78.5, "2009-06-30": -11.6, "2009-03-31": "-14.40000", "2008-12-31": -39.1, "2008-09-30": -140.6, "2008-06-30": -49.1, "2008-03-31": "-61.80000", "2007-12-31": -22, "2007-09-30": -123.4, "2007-06-30": -48.5, "2007-03-31": "-36.00000", "2006-12-31": -34.1, "2006-09-30": -43.8, "2006-06-30": -42.7, "2006-03-31": "-19.10000", "2005-12-31": -103.8, "2005-09-30": -32.7, "2005-06-30": -49.3, "2005-03-31": "-41.10000"}, "Net Total Equity Issued/Repurchased": {"2020-09-30": -1.4, "2020-06-30": 0, "2020-03-31": "-7.60000", "2019-12-31": -2.7, "2019-09-30": -2.1, "2019-06-30": -0.3, "2019-03-31": "-2.00000", "2018-12-31": 0.3, "2018-09-30": -0.6, "2018-06-30": -52.4, "2018-03-31": "-54.90000", "2017-12-31": -0.2, "2017-09-30": -41.5, "2017-06-30": -10.4, "2017-03-31": "-102.90000", "2016-12-31": -15.7, "2016-09-30": -16.6, "2016-06-30": -55.4, "2016-03-31": "-105.40000", "2015-12-31": -27.8, "2015-09-30": -40.8, "2015-06-30": -54.2, "2015-03-31": "-60.40000", "2014-12-31": -15.4, "2014-09-30": -3.2, "2014-06-30": -63.6, "2014-03-31": "-45.70000", "2013-12-31": -54.4, "2013-09-30": -28.4, "2013-06-30": -36.5, "2013-03-31": "-13.20000", "2012-12-31": 6.9, "2012-09-30": 1.5, "2012-06-30": -0.3, "2012-03-31": "-2.50000", "2011-12-31": 2.8, "2011-09-30": -50.5, "2011-06-30": -47.4, "2011-03-31": "-109.70000", "2010-12-31": -25.6, "2010-09-30": -8.9, "2010-06-30": -39.8, "2010-03-31": "-32.00000", "2009-12-31": -83.5, "2009-09-30": -78.5, "2009-06-30": -11.6, "2009-03-31": "-14.40000", "2008-12-31": -39.1, "2008-09-30": -140.6, "2008-06-30": -49.1, "2008-03-31": "-61.80000", "2007-12-31": -22, "2007-09-30": -123.4, "2007-06-30": -48.5, "2007-03-31": "-36.00000", "2006-12-31": -34.1, "2006-09-30": -43.8, "2006-06-30": -42.7, "2006-03-31": "-19.10000", "2005-12-31": -103.8, "2005-09-30": -32.7, "2005-06-30": -49.3, "2005-03-31": "-41.10000"}, "Total Common And Preferred Stock Dividends Paid": {"2020-09-30": -52.9, "2020-06-30": -52.9, "2020-03-31": "-52.70000", "2019-12-31": -52.6, "2019-09-30": -52.6, "2019-06-30": -49.8, "2019-03-31": "-49.60000", "2018-12-31": -49.5, "2018-09-30": -49.4, "2018-06-30": -47.3, "2018-03-31": "-47.50000", "2017-12-31": -47.6, "2017-09-30": -47.6, "2017-06-30": -45, "2017-03-31": "-45.40000", "2016-12-31": -45.4, "2016-09-30": -45.5, "2016-06-30": -43, "2016-03-31": "-43.50000", "2015-12-31": -43.6, "2015-09-30": -42.5, "2015-06-30": -42.8, "2015-03-31": "-42.70000", "2014-12-31": -42.6, "2014-09-30": -41.2, "2014-06-30": -41.7, "2014-03-31": "-42.00000", "2013-12-31": -42.3, "2013-09-30": -41.2, "2013-06-30": -41.4, "2013-03-31": "", "2012-12-31": -82, "2012-09-30": -39.3, "2012-06-30": -39.2, "2012-03-31": "-39.00000", "2011-12-31": -38.9, "2011-09-30": -38.2, "2011-06-30": -39.1, "2011-03-31": "-39.70000", "2010-12-31": -39.5, "2010-09-30": -38.2, "2010-06-30": -38.5, "2010-03-31": "-38.70000", "2009-12-31": -39.7, "2009-09-30": -39.2, "2009-06-30": -39.2, "2009-03-31": "-39.10000", "2008-12-31": -37.4, "2008-09-30": -42, "2008-06-30": -42.5, "2008-03-31": "-43.20000", "2007-12-31": -31.1, "2007-09-30": -32.2, "2007-06-30": -30.6, "2007-03-31": "-30.90000", "2006-12-31": -31, "2006-09-30": -31.1, "2006-06-30": -29.5, "2006-03-31": "-29.50000", "2005-12-31": -30.4, "2005-09-30": -30.4, "2005-06-30": -28.8, "2005-03-31": "-28.80000"}, "Financial Activities - Other": {"2020-09-30": -0.6, "2020-06-30": -11.4, "2020-03-31": "-0.80000", "2019-12-31": -0.5, "2019-09-30": -0.9, "2019-06-30": -1.8, "2019-03-31": "-1.00000", "2018-12-31": -10.2, "2018-09-30": 8.6, "2018-06-30": -7.9, "2018-03-31": "-0.30000", "2017-12-31": -0.8, "2017-09-30": -0.2, "2017-06-30": -1, "2017-03-31": "-3.40000", "2016-12-31": -0.1, "2016-09-30": -0.1, "2016-06-30": -36.3, "2016-03-31": "-1.70000", "2015-12-31": 0.9, "2015-09-30": -3.6, "2015-06-30": 2, "2015-03-31": "9.60000", "2014-12-31": 0.5, "2014-09-30": 2.7, "2014-06-30": 0.7, "2014-03-31": "0.90000", "2013-12-31": -1.5, "2013-09-30": -0.9, "2013-06-30": 0.9, "2013-03-31": "5.00000", "2012-12-31": -1.2, "2012-09-30": -44.4, "2012-06-30": 0.3, "2012-03-31": "1.00000", "2011-12-31": -0.2, "2011-09-30": -13.6, "2011-06-30": 0.3, "2011-03-31": "5.50000", "2010-12-31": -6.8, "2010-09-30": -1, "2010-06-30": 0.9, "2010-03-31": "0.30000", "2009-12-31": 1.8, "2009-09-30": -1.5, "2009-06-30": -0.4, "2009-03-31": "0.80000", "2008-12-31": -2.9, "2008-09-30": 0.2, "2008-06-30": 0, "2008-03-31": "0.70000", "2007-12-31": -4.8, "2007-09-30": 0.8, "2007-06-30": 0.2, "2007-03-31": "1.00000", "2006-12-31": 1.4, "2006-09-30": -0.7, "2006-06-30": 0.2, "2006-03-31": "0.80000", "2005-12-31": 0, "2005-09-30": 0, "2005-06-30": 0, "2005-03-31": ""}, "Cash Flow From Financial Activities": {"2020-09-30": -227.6, "2020-06-30": -396.4, "2020-03-31": "279.00000", "2019-12-31": -183.3, "2019-09-30": -222, "2019-06-30": -100.3, "2019-03-31": "1236.70000", "2018-12-31": -244.7, "2018-09-30": -131.9, "2018-06-30": -61.4, "2018-03-31": "41.10000", "2017-12-31": 4.5, "2017-09-30": -75.9, "2017-06-30": 4.4, "2017-03-31": "2.50000", "2016-12-31": -151.5, "2016-09-30": -54, "2016-06-30": -126.9, "2016-03-31": "-69.80000", "2015-12-31": -99, "2015-09-30": -124.7, "2015-06-30": -62.7, "2015-03-31": "-62.80000", "2014-12-31": -103.3, "2014-09-30": -146.6, "2014-06-30": 12.7, "2014-03-31": "33.60000", "2013-12-31": -186.6, "2013-09-30": -89.2, "2013-06-30": -248.5, "2013-03-31": "90.00000", "2012-12-31": -86.1, "2012-09-30": -50.5, "2012-06-30": -63.7, "2012-03-31": "163.70000", "2011-12-31": -96.4, "2011-09-30": -61.2, "2011-06-30": -47.8, "2011-03-31": "-98.20000", "2010-12-31": -147, "2010-09-30": -61.3, "2010-06-30": -50.4, "2010-03-31": "-54.90000", "2009-12-31": -83.8, "2009-09-30": -128.3, "2009-06-30": -92.4, "2009-03-31": "-104.20000", "2008-12-31": -268.6, "2008-09-30": -391.1, "2008-06-30": -25.6, "2008-03-31": "-48.20000", "2007-12-31": -106.5, "2007-09-30": -137, "2007-06-30": -145.6, "2007-03-31": "-2.40000", "2006-12-31": -74.2, "2006-09-30": -58.3, "2006-06-30": -9.9, "2006-03-31": "-43.70000", "2005-12-31": -156.8, "2005-09-30": 87.1, "2005-06-30": -57.4, "2005-03-31": "-405.20000"}, "Net Cash Flow": {"2020-09-30": 36.2, "2020-06-30": -297, "2020-03-31": "258.20000", "2019-12-31": 5.6, "2019-09-30": -47.7, "2019-06-30": 26.4, "2019-03-31": "-4.80000", "2018-12-31": -95.4, "2018-09-30": -82.9, "2018-06-30": -48.2, "2018-03-31": "-31.50000", "2017-12-31": 183.2, "2017-09-30": 7.8, "2017-06-30": 66.5, "2017-03-31": "-13.30000", "2016-12-31": -35.4, "2016-09-30": 32.5, "2016-06-30": 34.6, "2016-03-31": "-3.00000", "2015-12-31": 2, "2015-09-30": -23.9, "2015-06-30": 12.9, "2015-03-31": "-70.60000", "2014-12-31": 89.9, "2014-09-30": -61.3, "2014-06-30": 35.6, "2014-03-31": "-4.10000", "2013-12-31": -26.2, "2013-09-30": 18.6, "2013-06-30": -169.1, "2013-03-31": "90.30000", "2012-12-31": 94.2, "2012-09-30": 10.4, "2012-06-30": -6.7, "2012-03-31": "24.90000", "2011-12-31": 17.5, "2011-09-30": 15.5, "2011-06-30": 7.9, "2011-03-31": "-49.10000", "2010-12-31": -32.2, "2010-09-30": 33.2, "2010-06-30": -3.7, "2010-03-31": "-13.30000", "2009-12-31": 39, "2009-09-30": -0.7, "2009-06-30": 62, "2009-03-31": "-4.50000", "2008-12-31": -46.7, "2008-09-30": 8.3, "2008-06-30": 15, "2008-03-31": "-17.30000", "2007-12-31": 17.1, "2007-09-30": 20.1, "2007-06-30": -66.4, "2007-03-31": "102.70000", "2006-12-31": 37.8, "2006-09-30": -0.7, "2006-06-30": -35.5, "2006-03-31": "65.40000", "2005-12-31": -186.9, "2005-09-30": 180.4, "2005-06-30": -71.6, "2005-03-31": "-348.30000"}, "Stock-Based Compensation": {"2020-09-30": 7.7, "2020-06-30": 5.4, "2020-03-31": "7.50000", "2019-12-31": 9.1, "2019-09-30": 7.4, "2019-06-30": 8.7, "2019-03-31": "7.80000", "2018-12-31": 8.9, "2018-09-30": 7.4, "2018-06-30": 10.5, "2018-03-31": "8.70000", "2017-12-31": 8.5, "2017-09-30": 7.9, "2017-06-30": 9.9, "2017-03-31": "10.30000", "2016-12-31": 8.5, "2016-09-30": 6.8, "2016-06-30": 9.4, "2016-03-31": "12.40000", "2015-12-31": 11.7, "2015-09-30": 10.1, "2015-06-30": 11.2, "2015-03-31": "12.20000", "2014-12-31": 11.9, "2014-09-30": 9.5, "2014-06-30": 9.7, "2014-03-31": "10.50000", "2013-12-31": 7.8, "2013-09-30": 8.3, "2013-06-30": 8.7, "2013-03-31": "11.50000", "2012-12-31": 7.8, "2012-09-30": 7.7, "2012-06-30": 7.8, "2012-03-31": "10.50000", "2011-12-31": 6, "2011-09-30": 8.2, "2011-06-30": 7.8, "2011-03-31": "13.30000", "2010-12-31": 7.8, "2010-09-30": 8.1, "2010-06-30": 8.4, "2010-03-31": "13.30000", "2009-12-31": 8, "2009-09-30": 8.4, "2009-06-30": 10.5, "2009-03-31": "11.10000", "2008-12-31": 7.3, "2008-09-30": 10, "2008-06-30": 11.6, "2008-03-31": "12.70000", "2007-12-31": 12.1, "2007-09-30": 11.8, "2007-06-30": 11, "2007-03-31": "14.10000", "2006-12-31": 48.6, "2006-09-30": 0, "2006-06-30": 0, "2006-03-31": "", "2005-12-31": 0, "2005-09-30": 0, "2005-06-30": -12.6, "2005-03-31": "12.60000"}, "Common Stock Dividends Paid": {"2020-09-30": -52.9, "2020-06-30": -52.9, "2020-03-31": "-52.70000", "2019-12-31": -52.6, "2019-09-30": -52.6, "2019-06-30": -49.8, "2019-03-31": "-49.60000", "2018-12-31": -49.5, "2018-09-30": -49.4, "2018-06-30": -47.3, "2018-03-31": "-47.50000", "2017-12-31": -47.6, "2017-09-30": -47.6, "2017-06-30": -45, "2017-03-31": "-45.40000", "2016-12-31": -45.4, "2016-09-30": -45.5, "2016-06-30": -43, "2016-03-31": "-43.50000", "2015-12-31": -43.6, "2015-09-30": -42.5, "2015-06-30": -42.8, "2015-03-31": "-42.70000", "2014-12-31": -42.6, "2014-09-30": -41.2, "2014-06-30": -41.7, "2014-03-31": "-42.00000", "2013-12-31": -42.3, "2013-09-30": -41.2, "2013-06-30": -41.4, "2013-03-31": "0.00000", "2012-12-31": -82, "2012-09-30": -39.3, "2012-06-30": -39.2, "2012-03-31": "-39.00000", "2011-12-31": -38.9, "2011-09-30": -38.2, "2011-06-30": -39.1, "2011-03-31": "-39.70000", "2010-12-31": -39.5, "2010-09-30": -38.2, "2010-06-30": -38.5, "2010-03-31": "-38.70000", "2009-12-31": -39.7, "2009-09-30": -39.2, "2009-06-30": -39.2, "2009-03-31": "-39.10000", "2008-12-31": -37.4, "2008-09-30": -42, "2008-06-30": -42.5, "2008-03-31": "-43.20000", "2007-12-31": -31.1, "2007-09-30": -32.2, "2007-06-30": -30.6, "2007-03-31": "-30.90000", "2006-12-31": -31, "2006-09-30": -31.1, "2006-06-30": -29.5, "2006-03-31": "-29.50000", "2005-12-31": -30.4, "2005-09-30": -30.4, "2005-06-30": -28.8, "2005-03-31": "-28.80000"}}, "financial ratios": {"Current Ratio": {"2019-12-31": "1.65730", "2018-12-31": "1.86910", "2017-12-31": "1.80960", "2016-12-31": "1.87500", "2015-12-31": "1.86990", "2014-12-31": "1.44050", "2013-12-31": "1.54510", "2012-12-31": "1.83190", "2011-12-31": "2.08870", "2010-12-31": "2.33100", "2009-12-31": "2.26800", "2008-12-31": "2.49290", "2007-12-31": "2.29410", "2006-12-31": "2.74030", "2005-12-31": "2.36320"}, "Long-term Debt / Capital": {"2019-12-31": "0.61160", "2018-12-31": "0.50220", "2017-12-31": "0.47970", "2016-12-31": "0.46640", "2015-12-31": "0.46170", "2014-12-31": "0.39900", "2013-12-31": "0.32980", "2012-12-31": "0.37190", "2011-12-31": "0.38920", "2010-12-31": "0.33330", "2009-12-31": "0.33380", "2008-12-31": "0.33750", "2007-12-31": "0.31930", "2006-12-31": "0.31080", "2005-12-31": "0.29070"}, "Debt/Equity Ratio": {"2019-12-31": "1.61340", "2018-12-31": "1.00980", "2017-12-31": "1.05110", "2016-12-31": "0.87730", "2015-12-31": "0.86080", "2014-12-31": "0.83850", "2013-12-31": "0.62140", "2012-12-31": "0.73180", "2011-12-31": "0.63910", "2010-12-31": "0.50140", "2009-12-31": "0.50740", "2008-12-31": "0.52280", "2007-12-31": "0.51080", "2006-12-31": "0.47300", "2005-12-31": "0.45360"}, "Gross Margin": {"2019-12-31": "22.10630", "2018-12-31": "20.81510", "2017-12-31": "22.37440", "2016-12-31": "24.04600", "2015-12-31": "23.56790", "2014-12-31": "20.89730", "2013-12-31": "20.41590", "2012-12-31": "20.37190", "2011-12-31": "18.47250", "2010-12-31": "19.51120", "2009-12-31": "20.61140", "2008-12-31": "16.95740", "2007-12-31": "18.72470", "2006-12-31": "18.80990", "2005-12-31": "18.30180"}, "Operating Margin": {"2019-12-31": "10.89110", "2018-12-31": "10.37830", "2017-12-31": "11.69430", "2016-12-31": "12.96300", "2015-12-31": "12.39410", "2014-12-31": "8.48950", "2013-12-31": "9.10500", "2012-12-31": "9.44210", "2011-12-31": "7.53820", "2010-12-31": "8.37430", "2009-12-31": "8.05210", "2008-12-31": "5.97390", "2007-12-31": "8.06590", "2006-12-31": "9.17760", "2005-12-31": "8.82910"}, "EBIT Margin": {"2019-12-31": "10.89110", "2018-12-31": "10.37830", "2017-12-31": "11.69430", "2016-12-31": "12.96300", "2015-12-31": "12.39410", "2014-12-31": "8.48950", "2013-12-31": "9.10500", "2012-12-31": "9.44210", "2011-12-31": "7.53820", "2010-12-31": "8.37430", "2009-12-31": "8.05210", "2008-12-31": "5.97390", "2007-12-31": "8.06590", "2006-12-31": "9.17760", "2005-12-31": "8.82910"}, "EBITDA Margin": {"2019-12-31": "14.92900", "2018-12-31": "13.56600", "2017-12-31": "14.88670", "2016-12-31": "16.14980", "2015-12-31": "15.28390", "2014-12-31": "14.46210", "2013-12-31": "14.44270", "2012-12-31": "12.92720", "2011-12-31": "10.76850", "2010-12-31": "12.03000", "2009-12-31": "12.41530", "2008-12-31": "10.04640", "2007-12-31": "18.09880", "2006-12-31": "13.28830", "2005-12-31": "12.84790"}, "Pre-Tax Profit Margin": {"2019-12-31": "9.05000", "2018-12-31": "9.00340", "2017-12-31": "10.95390", "2016-12-31": "12.98970", "2015-12-31": "11.48270", "2014-12-31": "7.81270", "2013-12-31": "6.83310", "2012-12-31": "8.42000", "2011-12-31": "6.45780", "2010-12-31": "7.60620", "2009-12-31": "6.49410", "2008-12-31": "4.72510", "2007-12-31": "3.46590", "2006-12-31": "7.86520", "2005-12-31": "7.18030"}, "Net Profit Margin": {"2019-12-31": "7.02370", "2018-12-31": "7.16480", "2017-12-31": "7.41920", "2016-12-31": "10.28830", "2015-12-31": "8.29930", "2014-12-31": "2.59100", "2013-12-31": "5.67410", "2012-12-31": "7.26900", "2011-12-31": "4.23610", "2010-12-31": "5.25740", "2009-12-31": "3.65950", "2008-12-31": "2.56130", "2007-12-31": "-0.26350", "2006-12-31": "7.03790", "2005-12-31": "5.90250"}, "Asset Turnover": {"2019-12-31": "0.98670", "2018-12-31": "1.26240", "2017-12-31": "1.11070", "2016-12-31": "1.25660", "2015-12-31": "1.32170", "2014-12-31": "1.20430", "2013-12-31": "1.11880", "2012-12-31": "1.04900", "2011-12-31": "1.24140", "2010-12-31": "1.11930", "2009-12-31": "0.99800", "2008-12-31": "1.28910", "2007-12-31": "1.04360", "2006-12-31": "1.00040", "2005-12-31": "1.04550"}, "Inventory Turnover Ratio": {"2019-12-31": "5.81420", "2018-12-31": "5.33330", "2017-12-31": "5.36050", "2016-12-31": "5.48150", "2015-12-31": "5.93340", "2014-12-31": "6.21500", "2013-12-31": "5.58040", "2012-12-31": "5.56010", "2011-12-31": "6.69020", "2010-12-31": "6.21110", "2009-12-31": "5.92860", "2008-12-31": "6.83820", "2007-12-31": "5.76470", "2006-12-31": "4.19250", "2005-12-31": "4.53440"}, "Receiveable Turnover": {"2019-12-31": "8.02920", "2018-12-31": "7.46940", "2017-12-31": "6.62710", "2016-12-31": "7.70630", "2015-12-31": "7.53020", "2014-12-31": "7.22780", "2013-12-31": "7.43950", "2012-12-31": "7.65240", "2011-12-31": "7.18610", "2010-12-31": "7.01420", "2009-12-31": "6.50710", "2008-12-31": "7.40440", "2007-12-31": "6.63860", "2006-12-31": "4.99750", "2005-12-31": "5.02300"}, "Days Sales In Receivables": {"2019-12-31": "45.45890", "2018-12-31": "48.86610", "2017-12-31": "55.07670", "2016-12-31": "47.36370", "2015-12-31": "48.47160", "2014-12-31": "50.49960", "2013-12-31": "49.06280", "2012-12-31": "47.69750", "2011-12-31": "50.79280", "2010-12-31": "52.03730", "2009-12-31": "56.09230", "2008-12-31": "49.29530", "2007-12-31": "54.98190", "2006-12-31": "73.03590", "2005-12-31": "72.66560"}, "ROE - Return On Equity": {"2019-12-31": "25.44000", "2018-12-31": "26.44260", "2017-12-31": "24.65570", "2016-12-31": "33.55580", "2015-12-31": "29.88070", "2014-12-31": "19.49950", "2013-12-31": "13.31480", "2012-12-31": "16.07270", "2011-12-31": "13.29050", "2010-12-31": "12.04410", "2009-12-31": "7.68640", "2008-12-31": "7.63060", "2007-12-31": "3.04310", "2006-12-31": "10.04210", "2005-12-31": "9.69760"}, "Return On Tangible Equity": {"2019-12-31": "-38.92520", "2018-12-31": "210.95780", "2017-12-31": "147.16790", "2016-12-31": "266.40030", "2015-12-31": "317.82960", "2014-12-31": "186.42360", "2013-12-31": "69.25650", "2012-12-31": "94.84460", "2011-12-31": "65.70890", "2010-12-31": "41.55730", "2009-12-31": "25.43050", "2008-12-31": "21.32460", "2007-12-31": "6.69620", "2006-12-31": "23.17210", "2005-12-31": "21.53010"}, "ROA - Return On Assets": {"2019-12-31": "6.93260", "2018-12-31": "9.05090", "2017-12-31": "8.26860", "2016-12-31": "12.30190", "2015-12-31": "11.06730", "2014-12-31": "7.17060", "2013-12-31": "5.99400", "2012-12-31": "7.12160", "2011-12-31": "5.96210", "2010-12-31": "6.11800", "2009-12-31": "3.95600", "2008-12-31": "4.03240", "2007-12-31": "1.59360", "2006-12-31": "5.53540", "2005-12-31": "5.35560"}, "ROI - Return On Investment": {"2019-12-31": "9.88160", "2018-12-31": "13.16330", "2017-12-31": "12.82820", "2016-12-31": "17.90560", "2015-12-31": "16.08470", "2014-12-31": "11.71940", "2013-12-31": "8.92410", "2012-12-31": "10.09540", "2011-12-31": "8.11770", "2010-12-31": "8.02940", "2009-12-31": "5.12090", "2008-12-31": "5.05530", "2007-12-31": "2.07130", "2006-12-31": "6.92150", "2005-12-31": "6.87880"}, "Book Value Per Share": {"2019-12-31": "9.95830", "2018-12-31": "8.87050", "2017-12-31": "9.02810", "2016-12-31": "8.19480", "2015-12-31": "8.09510", "2014-12-31": "8.38100", "2013-12-31": "10.03730", "2012-12-31": "10.14920", "2011-12-31": "9.38090", "2010-12-31": "10.42680", "2009-12-31": "10.58800", "2008-12-31": "10.72470", "2007-12-31": "12.64200", "2006-12-31": "13.20840", "2005-12-31": "12.31650"}, "Operating Cash Flow Per Share": {"2019-12-31": 1.6768, "2018-12-31": 0.0251, "2017-12-31": -0.7155, "2016-12-31": 1.4342, "2015-12-31": -0.154, "2014-12-31": -0.1634, "2013-12-31": -0.2498, "2012-12-31": 0.8427, "2011-12-31": -0.1277, "2010-12-31": -1.1688, "2009-12-31": 0.9403, "2008-12-31": -0.8191, "2007-12-31": 0.8494, "2006-12-31": 0.2474, "2005-12-31": 2.3159}, "Free Cash Flow Per Share": {"2019-12-31": 1.8005, "2018-12-31": 0.0056, "2017-12-31": -0.9908, "2016-12-31": 1.2706, "2015-12-31": -0.219, "2014-12-31": -0.2733, "2013-12-31": -0.3107, "2012-12-31": 0.8666, "2011-12-31": -0.1962, "2010-12-31": -1.1798, "2009-12-31": -1.2105, "2008-12-31": 1.1062, "2007-12-31": 1.3641, "2006-12-31": 0.2647, "2005-12-31": 1.5787}}, "financial ratios, quarterly": {"Current Ratio": {"2020-09-30": "1.60260", "2020-06-30": "1.81860", "2020-03-31": "2.08490", "2019-12-31": "1.65730", "2019-09-30": "1.74260", "2019-06-30": "1.89160", "2019-03-31": "1.91350", "2018-12-31": "1.86910", "2018-09-30": "2.12380", "2018-06-30": "1.90290", "2018-03-31": "1.85470", "2017-12-31": "1.80960", "2017-09-30": "1.73830", "2017-06-30": "2.07660", "2017-03-31": "1.97200", "2016-12-31": "1.87500", "2016-09-30": "2.05750", "2016-06-30": "1.97440", "2016-03-31": "1.97340", "2015-12-31": "1.86990", "2015-09-30": "1.83720", "2015-06-30": "1.48980", "2015-03-31": "1.47860", "2014-12-31": "1.44050", "2014-09-30": "1.25390", "2014-06-30": "1.72240", "2014-03-31": "1.69040", "2013-12-31": "1.54510", "2013-09-30": "2.20400", "2013-06-30": "2.19950", "2013-03-31": "1.92370", "2012-12-31": "1.83190", "2012-09-30": "1.73270", "2012-06-30": "1.60100", "2012-03-31": "2.15650", "2011-12-31": "2.08870", "2011-09-30": "2.13790", "2011-06-30": "2.28090", "2011-03-31": "2.20320", "2010-12-31": "2.33100", "2010-09-30": "2.37930", "2010-06-30": "2.28660", "2010-03-31": "2.25780", "2009-12-31": "2.26800", "2009-09-30": "2.32030", "2009-06-30": "2.42920", "2009-03-31": "2.46040", "2008-12-31": "2.49290", "2008-09-30": "2.50000", "2008-06-30": "2.63740", "2008-03-31": "2.42150", "2007-12-31": "2.29410", "2007-09-30": "2.49500", "2007-06-30": "2.53350", "2007-03-31": "2.68160", "2006-12-31": "2.74030", "2006-09-30": "2.55600", "2006-06-30": "2.52840", "2006-03-31": "2.31740", "2005-12-31": "2.36320", "2005-09-30": "2.57740", "2005-06-30": "2.52040", "2005-03-31": "2.67170"}, "Long-term Debt / Capital": {"2020-09-30": "0.59490", "2020-06-30": "0.63170", "2020-03-31": "0.66100", "2019-12-31": "0.61160", "2019-09-30": "0.63630", "2019-06-30": "0.65610", "2019-03-31": "0.66840", "2018-12-31": "0.50220", "2018-09-30": "0.53720", "2018-06-30": "0.53490", "2018-03-31": "0.50880", "2017-12-31": "0.47970", "2017-09-30": "0.47100", "2017-06-30": "0.51080", "2017-03-31": "0.51250", "2016-12-31": "0.46640", "2016-09-30": "0.48880", "2016-06-30": "0.49500", "2016-03-31": "0.48610", "2015-12-31": "0.46170", "2015-09-30": "0.47340", "2015-06-30": "0.42830", "2015-03-31": "0.41680", "2014-12-31": "0.39900", "2014-09-30": "0.33510", "2014-06-30": "0.42310", "2014-03-31": "0.37170", "2013-12-31": "0.32980", "2013-09-30": "0.39550", "2013-06-30": "0.40450", "2013-03-31": "0.39850", "2012-12-31": "0.37190", "2012-09-30": "0.38050", "2012-06-30": "0.37870", "2012-03-31": "0.43800", "2011-12-31": "0.38920", "2011-09-30": "0.40140", "2011-06-30": "0.37060", "2011-03-31": "0.36050", "2010-12-31": "0.33330", "2010-09-30": "0.35480", "2010-06-30": "0.36480", "2010-03-31": "0.34810", "2009-12-31": "0.33380", "2009-09-30": "0.32170", "2009-06-30": "0.31690", "2009-03-31": "0.32860", "2008-12-31": "0.33750", "2008-09-30": "0.34450", "2008-06-30": "0.37110", "2008-03-31": "0.34430", "2007-12-31": "0.31930", "2007-09-30": "0.31260", "2007-06-30": "0.30620", "2007-03-31": "0.32360", "2006-12-31": "0.31080", "2006-09-30": "0.30890", "2006-06-30": "0.30720", "2006-03-31": "0.28780", "2005-12-31": "0.29070", "2005-09-30": "0.27870", "2005-06-30": "0.24810", "2005-03-31": "0.25040"}, "Debt/Equity Ratio": {"2020-09-30": "1.50780", "2020-06-30": "1.75720", "2020-03-31": "1.99130", "2019-12-31": "1.61340", "2019-09-30": "1.79060", "2019-06-30": "1.94930", "2019-03-31": "2.05910", "2018-12-31": "1.00980", "2018-09-30": "1.16360", "2018-06-30": "1.28630", "2018-03-31": "1.16440", "2017-12-31": "1.05110", "2017-09-30": "1.02120", "2017-06-30": "1.04700", "2017-03-31": "1.05430", "2016-12-31": "0.87730", "2016-09-30": "0.95720", "2016-06-30": "0.98340", "2016-03-31": "0.94900", "2015-12-31": "0.86080", "2015-09-30": "0.90190", "2015-06-30": "0.93100", "2015-03-31": "0.89590", "2014-12-31": "0.83850", "2014-09-30": "0.81460", "2014-06-30": "0.87710", "2014-03-31": "0.72390", "2013-12-31": "0.62140", "2013-09-30": "0.65490", "2013-06-30": "0.68050", "2013-03-31": "0.80230", "2012-12-31": "0.73180", "2012-09-30": "0.75810", "2012-06-30": "0.75940", "2012-03-31": "0.78120", "2011-12-31": "0.63910", "2011-09-30": "0.67210", "2011-06-30": "0.59040", "2011-03-31": "0.56530", "2010-12-31": "0.50140", "2010-09-30": "0.55650", "2010-06-30": "0.58110", "2010-03-31": "0.54060", "2009-12-31": "0.50740", "2009-09-30": "0.47540", "2009-06-30": "0.47420", "2009-03-31": "0.49990", "2008-12-31": "0.52280", "2008-09-30": "0.53450", "2008-06-30": "0.59560", "2008-03-31": "0.56060", "2007-12-31": "0.51080", "2007-09-30": "0.49410", "2007-06-30": "0.47610", "2007-03-31": "0.49910", "2006-12-31": "0.47300", "2006-09-30": "0.46860", "2006-06-30": "0.46520", "2006-03-31": "0.44740", "2005-12-31": "0.45360", "2005-09-30": "0.42810", "2005-06-30": "0.37110", "2005-03-31": "0.35440"}, "Gross Margin": {"2020-09-30": "22.09340", "2020-06-30": "17.31160", "2020-03-31": "21.31040", "2019-12-31": "23.79250", "2019-09-30": "22.23030", "2019-06-30": "22.23050", "2019-03-31": "20.17140", "2018-12-31": "20.36880", "2018-09-30": "20.80620", "2018-06-30": "20.95240", "2018-03-31": "21.13140", "2017-12-31": "21.17830", "2017-09-30": "21.44200", "2017-06-30": "23.31950", "2017-03-31": "23.60720", "2016-12-31": "22.87260", "2016-09-30": "23.96460", "2016-06-30": "24.40300", "2016-03-31": "24.89340", "2015-12-31": "24.73000", "2015-09-30": "23.89260", "2015-06-30": "23.13250", "2015-03-31": "22.54190", "2014-12-31": "21.37840", "2014-09-30": "20.96450", "2014-06-30": "20.99150", "2014-03-31": "20.19420", "2013-12-31": "20.09600", "2013-09-30": "20.46490", "2013-06-30": "20.76550", "2013-03-31": "20.25300", "2012-12-31": "22.64870", "2012-09-30": "20.94880", "2012-06-30": "19.97650", "2012-03-31": "18.83190", "2011-12-31": "17.46710", "2011-09-30": "18.11030", "2011-06-30": "19.24460", "2011-03-31": "18.97750", "2010-12-31": "17.64560", "2010-09-30": "19.46910", "2010-06-30": "20.55360", "2010-03-31": "20.27190", "2009-12-31": "22.11250", "2009-09-30": "23.12630", "2009-06-30": "19.43490", "2009-03-31": "17.40710", "2008-12-31": "12.53260", "2008-09-30": "18.29180", "2008-06-30": "18.47430", "2008-03-31": "17.74020", "2007-12-31": "16.99530", "2007-09-30": "19.74000", "2007-06-30": "19.33680", "2007-03-31": "18.75720", "2006-12-31": "33.10560", "2006-09-30": "18.39320", "2006-06-30": "18.36090", "2006-03-31": "17.32890", "2005-12-31": "28.71050", "2005-09-30": "15.94990", "2005-06-30": "18.79680", "2005-03-31": "17.85910"}, "Operating Margin": {"2020-09-30": "12.00730", "2020-06-30": "3.88120", "2020-03-31": "8.47440", "2019-12-31": "12.12330", "2019-09-30": "11.61950", "2019-06-30": "11.08640", "2019-03-31": "8.68320", "2018-12-31": "9.18120", "2018-09-30": "11.10400", "2018-06-30": "10.71200", "2018-03-31": "10.46850", "2017-12-31": "11.12240", "2017-09-30": "11.37960", "2017-06-30": "12.26120", "2017-03-31": "12.02750", "2016-12-31": "11.60790", "2016-09-30": "13.52090", "2016-06-30": "13.50510", "2016-03-31": "13.15010", "2015-12-31": "11.90980", "2015-09-30": "13.77460", "2015-06-30": "11.92220", "2015-03-31": "11.91260", "2014-12-31": "6.98620", "2014-09-30": "7.29900", "2014-06-30": "10.64740", "2014-03-31": "9.12620", "2013-12-31": "8.02150", "2013-09-30": "10.12990", "2013-06-30": "9.89780", "2013-03-31": "8.14840", "2012-12-31": "9.98200", "2012-09-30": "10.66350", "2012-06-30": "9.46930", "2012-03-31": "7.83690", "2011-12-31": "6.29630", "2011-09-30": "7.63100", "2011-06-30": "8.34740", "2011-03-31": "7.74730", "2010-12-31": "6.34740", "2010-09-30": "8.79400", "2010-06-30": "9.83640", "2010-03-31": "8.35370", "2009-12-31": "10.06890", "2009-09-30": "11.97680", "2009-06-30": "6.95800", "2009-03-31": "2.61800", "2008-12-31": "-0.18130", "2008-09-30": "8.42610", "2008-06-30": "7.76030", "2008-03-31": "6.73140", "2007-12-31": "5.77090", "2007-09-30": "9.55870", "2007-06-30": "8.14570", "2007-03-31": "8.70560", "2006-12-31": "11.33880", "2006-09-30": "9.74490", "2006-06-30": "9.25790", "2006-03-31": "8.15080", "2005-12-31": "9.70440", "2005-09-30": "7.36320", "2005-06-30": "9.76490", "2005-03-31": "9.20620"}, "EBIT Margin": {"2020-09-30": "12.00730", "2020-06-30": "3.88120", "2020-03-31": "8.47440", "2019-12-31": "12.12330", "2019-09-30": "11.61950", "2019-06-30": "11.08640", "2019-03-31": "8.68320", "2018-12-31": "9.18120", "2018-09-30": "11.10400", "2018-06-30": "10.71200", "2018-03-31": "10.46850", "2017-12-31": "11.12240", "2017-09-30": "11.37960", "2017-06-30": "12.26120", "2017-03-31": "12.02750", "2016-12-31": "11.60780", "2016-09-30": "13.52090", "2016-06-30": "13.50510", "2016-03-31": "13.15010", "2015-12-31": "11.90980", "2015-09-30": "13.77460", "2015-06-30": "11.92220", "2015-03-31": "11.91260", "2014-12-31": "6.98630", "2014-09-30": "7.29900", "2014-06-30": "10.64740", "2014-03-31": "9.12620", "2013-12-31": "8.02150", "2013-09-30": "10.12990", "2013-06-30": "9.89780", "2013-03-31": "8.14840", "2012-12-31": "9.98200", "2012-09-30": "10.66350", "2012-06-30": "9.46930", "2012-03-31": "7.83690", "2011-12-31": "6.29630", "2011-09-30": "7.63100", "2011-06-30": "8.34740", "2011-03-31": "7.74730", "2010-12-31": "6.34740", "2010-09-30": "8.79400", "2010-06-30": "9.83640", "2010-03-31": "8.35370", "2009-12-31": "10.06890", "2009-09-30": "11.97680", "2009-06-30": "6.95800", "2009-03-31": "2.61800", "2008-12-31": "-0.18130", "2008-09-30": "8.42610", "2008-06-30": "7.76030", "2008-03-31": "6.73140", "2007-12-31": "5.77090", "2007-09-30": "9.55870", "2007-06-30": "8.14570", "2007-03-31": "8.70560", "2006-12-31": "11.33880", "2006-09-30": "9.74490", "2006-06-30": "9.25790", "2006-03-31": "8.15080", "2005-12-31": "9.70450", "2005-09-30": "7.36320", "2005-06-30": "9.76490", "2005-03-31": "9.20620"}, "EBITDA Margin": {"2020-09-30": "", "2020-06-30": "", "2020-03-31": "", "2019-12-31": "", "2019-09-30": "", "2019-06-30": "", "2019-03-31": "", "2018-12-31": "", "2018-09-30": "", "2018-06-30": "", "2018-03-31": "", "2017-12-31": "", "2017-09-30": "", "2017-06-30": "", "2017-03-31": "", "2016-12-31": "", "2016-09-30": "", "2016-06-30": "", "2016-03-31": "", "2015-12-31": "", "2015-09-30": "", "2015-06-30": "", "2015-03-31": "", "2014-12-31": "", "2014-09-30": "", "2014-06-30": "", "2014-03-31": "", "2013-12-31": "", "2013-09-30": "", "2013-06-30": "", "2013-03-31": "", "2012-12-31": "", "2012-09-30": "", "2012-06-30": "", "2012-03-31": "", "2011-12-31": "", "2011-09-30": "", "2011-06-30": "", "2011-03-31": "", "2010-12-31": "", "2010-09-30": "", "2010-06-30": "", "2010-03-31": "", "2009-12-31": "", "2009-09-30": "", "2009-06-30": "", "2009-03-31": "", "2008-12-31": "", "2008-09-30": "", "2008-06-30": "", "2008-03-31": "", "2007-12-31": "", "2007-09-30": "", "2007-06-30": "", "2007-03-31": "", "2006-12-31": "", "2006-09-30": "", "2006-06-30": "", "2006-03-31": "", "2005-12-31": "", "2005-09-30": "", "2005-06-30": "", "2005-03-31": ""}, "Pre-Tax Profit Margin": {"2020-09-30": "10.50850", "2020-06-30": "0.28400", "2020-03-31": "5.80580", "2019-12-31": "10.02710", "2019-09-30": "9.92500", "2019-06-30": "9.40490", "2019-03-31": "6.77000", "2018-12-31": "6.51570", "2018-09-30": "10.38020", "2018-06-30": "9.75060", "2018-03-31": "9.27290", "2017-12-31": "11.23410", "2017-09-30": "9.97330", "2017-06-30": "11.46270", "2017-03-31": "11.17360", "2016-12-31": "12.17220", "2016-09-30": "12.77270", "2016-06-30": "14.30810", "2016-03-31": "12.64920", "2015-12-31": "11.27460", "2015-09-30": "13.11070", "2015-06-30": "10.92950", "2015-03-31": "10.55680", "2014-12-31": "6.18900", "2014-09-30": "6.66730", "2014-06-30": "9.74790", "2014-03-31": "8.77210", "2013-12-31": "-1.63820", "2013-09-30": "10.31220", "2013-06-30": "9.32420", "2013-03-31": "7.43000", "2012-12-31": "8.41440", "2012-09-30": "9.73320", "2012-06-30": "8.43140", "2012-03-31": "7.05530", "2011-12-31": "3.83510", "2011-09-30": "6.73820", "2011-06-30": "7.61740", "2011-03-31": "7.39000", "2010-12-31": "5.16270", "2010-09-30": "7.84770", "2010-06-30": "8.81850", "2010-03-31": "8.45170", "2009-12-31": "8.92560", "2009-09-30": "10.74210", "2009-06-30": "4.31740", "2009-03-31": "1.39260", "2008-12-31": "-2.79890", "2008-09-30": "7.64880", "2008-06-30": "6.71620", "2008-03-31": "5.94010", "2007-12-31": "-9.57970", "2007-09-30": "8.47830", "2007-06-30": "6.94070", "2007-03-31": "7.63650", "2006-12-31": "11.02000", "2006-09-30": "8.81640", "2006-06-30": "7.87110", "2006-03-31": "6.35290", "2005-12-31": "0.73880", "2005-09-30": "5.75410", "2005-06-30": "9.02430", "2005-03-31": "8.27630"}, "Net Profit Margin": {"2020-09-30": "8.67840", "2020-06-30": "-0.72180", "2020-03-31": "4.37110", "2019-12-31": "7.58140", "2019-09-30": "8.03680", "2019-06-30": "7.10520", "2019-03-31": "5.29820", "2018-12-31": "5.06350", "2018-09-30": "8.24550", "2018-06-30": "7.70980", "2018-03-31": "7.57190", "2017-12-31": "3.68720", "2017-09-30": "8.18060", "2017-06-30": "8.85470", "2017-03-31": "8.96590", "2016-12-31": "9.02950", "2016-09-30": "9.85350", "2016-06-30": "12.63950", "2016-03-31": "9.53750", "2015-12-31": "8.52210", "2015-09-30": "9.43420", "2015-06-30": "7.79100", "2015-03-31": "7.42080", "2014-12-31": "2.16090", "2014-09-30": "4.83260", "2014-06-30": "-2.49970", "2014-03-31": "6.06510", "2013-12-31": "0.79080", "2013-09-30": "8.12440", "2013-06-30": "7.43640", "2013-03-31": "5.26430", "2012-12-31": "13.24320", "2012-09-30": "6.72730", "2012-06-30": "6.94410", "2012-03-31": "4.64720", "2011-12-31": "1.03940", "2011-09-30": "4.77200", "2011-06-30": "5.78710", "2011-03-31": "5.02340", "2010-12-31": "3.91570", "2010-09-30": "5.47030", "2010-06-30": "6.02770", "2010-03-31": "5.52430", "2009-12-31": "4.57320", "2009-09-30": "6.70450", "2009-06-30": "2.50860", "2009-03-31": "0.45950", "2008-12-31": "-2.03970", "2008-09-30": "2.88820", "2008-06-30": "4.35520", "2008-03-31": "4.34740", "2007-12-31": "-20.44820", "2007-09-30": "6.01540", "2007-06-30": "5.60490", "2007-03-31": "7.22600", "2006-12-31": "31.87610", "2006-09-30": "6.14080", "2006-06-30": "6.21130", "2006-03-31": "4.69100", "2005-12-31": "15.21160", "2005-09-30": "4.00420", "2005-06-30": "6.04670", "2005-03-31": "5.59440"}, "Asset Turnover": {"2020-09-30": "0.25890", "2020-06-30": "0.18440", "2020-03-31": "0.20990", "2019-12-31": "0.23770", "2019-09-30": "0.25510", "2019-06-30": "0.24250", "2019-03-31": "0.23320", "2018-12-31": "0.30950", "2018-09-30": "0.30750", "2018-06-30": "0.30260", "2018-03-31": "0.27860", "2017-12-31": "0.27730", "2017-09-30": "0.30380", "2017-06-30": "0.30150", "2017-03-31": "0.30780", "2016-12-31": "0.30280", "2016-09-30": "0.30910", "2016-06-30": "0.31630", "2016-03-31": "0.31030", "2015-12-31": "0.31870", "2015-09-30": "0.32910", "2015-06-30": "0.31720", "2015-03-31": "0.31140", "2014-12-31": "0.30350", "2014-09-30": "0.31320", "2014-06-30": "0.29480", "2014-03-31": "0.27180", "2013-12-31": "0.22780", "2013-09-30": "0.26550", "2013-06-30": "0.29240", "2013-03-31": "0.27210", "2012-12-31": "0.17050", "2012-09-30": "0.30130", "2012-06-30": "0.28990", "2012-03-31": "0.29470", "2011-12-31": "0.28710", "2011-09-30": "0.31130", "2011-06-30": "0.30540", "2011-03-31": "0.29210", "2010-12-31": "0.26720", "2010-09-30": "0.28140", "2010-06-30": "0.28390", "2010-03-31": "0.26410", "2009-12-31": "0.25140", "2009-09-30": "0.26160", "2009-06-30": "0.24680", "2009-03-31": "0.23770", "2008-12-31": "0.27910", "2008-09-30": "0.30350", "2008-06-30": "0.25200", "2008-03-31": "0.24330", "2007-12-31": "0.25530", "2007-09-30": "0.25150", "2007-06-30": "0.24450", "2007-03-31": "0.23630", "2006-12-31": "0.05150", "2006-09-30": "0.31710", "2006-06-30": "0.31700", "2006-03-31": "0.31910", "2005-12-31": "0.07310", "2005-09-30": "0.32600", "2005-06-30": "0.33290", "2005-03-31": "0.33170"}, "Inventory Turnover Ratio": {"2020-09-30": "1.60740", "2020-06-30": "1.21720", "2020-03-31": "1.25510", "2019-12-31": "1.37030", "2019-09-30": "1.51590", "2019-06-30": "1.43670", "2019-03-31": "1.36240", "2018-12-31": "1.31490", "2018-09-30": "1.36340", "2018-06-30": "1.37420", "2018-03-31": "1.32890", "2017-12-31": "1.35880", "2017-09-30": "1.42150", "2017-06-30": "1.30790", "2017-03-31": "1.31900", "2016-12-31": "1.34140", "2016-09-30": "1.39120", "2016-06-30": "1.38500", "2016-03-31": "1.34990", "2015-12-31": "1.40900", "2015-09-30": "1.52200", "2015-06-30": "1.50080", "2015-03-31": "1.47850", "2014-12-31": "1.55690", "2014-09-30": "1.65440", "2014-06-30": "1.43310", "2014-03-31": "1.34490", "2013-12-31": "1.14100", "2013-09-30": "1.42770", "2013-06-30": "1.48840", "2013-03-31": "1.48020", "2012-12-31": "0.87790", "2012-09-30": "1.64090", "2012-06-30": "1.44490", "2012-03-31": "1.62370", "2011-12-31": "1.56640", "2011-09-30": "1.68780", "2011-06-30": "1.50520", "2011-03-31": "1.57030", "2010-12-31": "1.51710", "2010-09-30": "1.55450", "2010-06-30": "1.53840", "2010-03-31": "1.48400", "2009-12-31": "1.46540", "2009-09-30": "1.56670", "2009-06-30": "1.48430", "2009-03-31": "1.31010", "2008-12-31": "1.55940", "2008-09-30": "1.43470", "2008-06-30": "1.29510", "2008-03-31": "1.37050", "2007-12-31": "1.44030", "2007-09-30": "1.16240", "2007-06-30": "1.06370", "2007-03-31": "1.05330", "2006-12-31": "0.17780", "2006-09-30": "1.38340", "2006-06-30": "1.37270", "2006-03-31": "1.41840", "2005-12-31": "0.27680", "2005-09-30": "1.49320", "2005-06-30": "1.32450", "2005-03-31": "1.40390"}, "Receiveable Turnover": {"2020-09-30": "1.88010", "2020-06-30": "1.46390", "2020-03-31": "1.84000", "2019-12-31": "1.93430", "2019-09-30": "1.82980", "2019-06-30": "1.73240", "2019-03-31": "1.73620", "2018-12-31": "1.83120", "2018-09-30": "1.74500", "2018-06-30": "1.69670", "2018-03-31": "1.56310", "2017-12-31": "1.65430", "2017-09-30": "1.72360", "2017-06-30": "1.71250", "2017-03-31": "1.72900", "2016-12-31": "1.85720", "2016-09-30": "1.74490", "2016-06-30": "1.79330", "2016-03-31": "1.76620", "2015-12-31": "1.81580", "2015-09-30": "1.90540", "2015-06-30": "1.81460", "2015-03-31": "1.81620", "2014-12-31": "1.82170", "2014-09-30": "1.70670", "2014-06-30": "1.58450", "2014-03-31": "1.52550", "2013-12-31": "1.51500", "2013-09-30": "1.52710", "2013-06-30": "1.73380", "2013-03-31": "1.76450", "2012-12-31": "1.24380", "2012-09-30": "1.65860", "2012-06-30": "1.67610", "2012-03-31": "1.65640", "2011-12-31": "1.66200", "2011-09-30": "1.63150", "2011-06-30": "1.66440", "2011-03-31": "1.55630", "2010-12-31": "1.67450", "2010-09-30": "1.58530", "2010-06-30": "1.62750", "2010-03-31": "1.55830", "2009-12-31": "1.63940", "2009-09-30": "1.47600", "2009-06-30": "1.53720", "2009-03-31": "1.45660", "2008-12-31": "1.60310", "2008-09-30": "1.57030", "2008-06-30": "1.55510", "2008-03-31": "1.49800", "2007-12-31": "1.62400", "2007-09-30": "1.27360", "2007-06-30": "1.26210", "2007-03-31": "1.23100", "2006-12-31": "0.25720", "2006-09-30": "1.44580", "2006-06-30": "1.49210", "2006-03-31": "1.52600", "2005-12-31": "0.35130", "2005-09-30": "1.53340", "2005-06-30": "1.58590", "2005-03-31": "1.56480"}, "Days Sales In Receivables": {"2020-09-30": "47.86930", "2020-06-30": "61.48030", "2020-03-31": "48.91250", "2019-12-31": "46.52900", "2019-09-30": "49.18660", "2019-06-30": "51.95100", "2019-03-31": "51.83710", "2018-12-31": "49.14880", "2018-09-30": "51.57580", "2018-06-30": "53.04490", "2018-03-31": "57.57970", "2017-12-31": "54.40220", "2017-09-30": "52.21550", "2017-06-30": "52.55530", "2017-03-31": "52.05250", "2016-12-31": "48.46080", "2016-09-30": "51.57760", "2016-06-30": "50.18560", "2016-03-31": "50.95590", "2015-12-31": "49.56380", "2015-09-30": "47.23420", "2015-06-30": "49.59790", "2015-03-31": "49.55500", "2014-12-31": "49.40420", "2014-09-30": "52.73310", "2014-06-30": "56.79950", "2014-03-31": "58.99600", "2013-12-31": "59.40690", "2013-09-30": "58.93690", "2013-06-30": "51.90860", "2013-03-31": "51.00680", "2012-12-31": "72.35680", "2012-09-30": "54.26130", "2012-06-30": "53.69570", "2012-03-31": "54.33460", "2011-12-31": "54.15050", "2011-09-30": "55.16310", "2011-06-30": "54.07430", "2011-03-31": "57.82990", "2010-12-31": "53.74860", "2010-09-30": "56.77320", "2010-06-30": "55.29910", "2010-03-31": "57.75480", "2009-12-31": "54.89800", "2009-09-30": "60.97420", "2009-06-30": "58.54630", "2009-03-31": "61.78810", "2008-12-31": "56.14160", "2008-09-30": "57.31320", "2008-06-30": "57.87230", "2008-03-31": "60.07810", "2007-12-31": "55.41790", "2007-09-30": "70.66840", "2007-06-30": "71.31060", "2007-03-31": "73.11000", "2006-12-31": "349.91810", "2006-09-30": "62.24800", "2006-06-30": "60.31650", "2006-03-31": "58.97790", "2005-12-31": "256.15870", "2005-09-30": "58.69420", "2005-06-30": "56.74990", "2005-03-31": "57.51480"}, "ROE - Return On Equity": {"2020-09-30": "8.06920", "2020-06-30": "-0.50220", "2020-03-31": "3.68970", "2019-12-31": "6.62100", "2019-09-30": "7.93250", "2019-06-30": "6.96640", "2019-03-31": "5.11210", "2018-12-31": "4.58710", "2018-09-30": "7.71870", "2018-06-30": "7.54030", "2018-03-31": "6.51170", "2017-12-31": "3.05680", "2017-09-30": "7.11970", "2017-06-30": "7.72760", "2017-03-31": "8.08150", "2016-12-31": "7.58680", "2016-09-30": "8.48130", "2016-06-30": "9.33750", "2016-03-31": "8.33940", "2015-12-31": "7.45190", "2015-09-30": "8.74230", "2015-06-30": "6.90990", "2015-03-31": "6.56570", "2014-12-31": "4.00030", "2014-09-30": "4.34640", "2014-06-30": "5.51330", "2014-03-31": "4.08490", "2013-12-31": "0.37880", "2013-09-30": "4.54330", "2013-06-30": "4.54070", "2013-03-31": "3.43080", "2012-12-31": "4.39610", "2012-09-30": "4.75440", "2012-06-30": "4.25390", "2012-03-31": "3.31300", "2011-12-31": "2.04180", "2011-09-30": "3.38540", "2011-06-30": "3.81520", "2011-03-31": "3.17600", "2010-12-31": "2.13850", "2010-09-30": "3.29260", "2010-06-30": "3.60140", "2010-03-31": "3.08540", "2009-12-31": "2.69760", "2009-09-30": "3.45020", "2009-06-30": "1.14670", "2009-03-31": "0.20360", "2008-12-31": "-0.45480", "2008-09-30": "2.60590", "2008-06-30": "2.17250", "2008-03-31": "1.93560", "2007-12-31": "-5.24690", "2007-09-30": "2.73100", "2007-06-30": "2.35610", "2007-03-31": "2.36910", "2006-12-31": "0.73160", "2006-09-30": "3.45590", "2006-06-30": "3.47970", "2006-03-31": "2.49210", "2005-12-31": "0.53800", "2005-09-30": "2.32390", "2005-06-30": "3.41660", "2005-03-31": "3.13160"}, "Return On Tangible Equity": {"2020-09-30": "-13.19660", "2020-06-30": "0.68560", "2020-03-31": "-5.09590", "2019-12-31": "-10.13060", "2019-09-30": "-10.98130", "2019-06-30": "-9.08710", "2019-03-31": "-6.06030", "2018-12-31": "36.59540", "2018-09-30": "65.54990", "2018-06-30": "79.45840", "2018-03-31": "49.36640", "2017-12-31": "18.24560", "2017-09-30": "46.49220", "2017-06-30": "62.08360", "2017-03-31": "110.24350", "2016-12-31": "60.23210", "2016-09-30": "74.64110", "2016-06-30": "110.18810", "2016-03-31": "96.91160", "2015-12-31": "79.26360", "2015-09-30": "113.57750", "2015-06-30": "95.51680", "2015-03-31": "76.75400", "2014-12-31": "38.24500", "2014-09-30": "29.02170", "2014-06-30": "32.10330", "2014-03-31": "22.83850", "2013-12-31": "1.97030", "2013-09-30": "25.49850", "2013-06-30": "26.99010", "2013-03-31": "20.21280", "2012-12-31": "25.94110", "2012-09-30": "31.65400", "2012-06-30": "35.52390", "2012-03-31": "31.18430", "2011-12-31": "10.09450", "2011-09-30": "16.55700", "2011-06-30": "15.21800", "2011-03-31": "12.52370", "2010-12-31": "7.37890", "2010-09-30": "11.25400", "2010-06-30": "12.65050", "2010-03-31": "10.50890", "2009-12-31": "8.92480", "2009-09-30": "10.50860", "2009-06-30": "3.30050", "2009-03-31": "0.59170", "2008-12-31": "-1.27110", "2008-09-30": "6.54500", "2008-06-30": "4.92270", "2008-03-31": "4.33570", "2007-12-31": "-11.54560", "2007-09-30": "6.88800", "2007-06-30": "5.75960", "2007-03-31": "5.77630", "2006-12-31": "1.68810", "2006-09-30": "7.84640", "2006-06-30": "8.00870", "2006-03-31": "5.47420", "2005-12-31": "1.19450", "2005-09-30": "4.52150", "2005-06-30": "6.61320", "2005-03-31": "5.92110"}, "ROA - Return On Assets": {"2020-09-30": "2.24920", "2020-06-30": "-0.13310", "2020-03-31": "0.91730", "2019-12-31": "1.80430", "2019-09-30": "2.05030", "2019-06-30": "1.72530", "2019-03-31": "1.23340", "2018-12-31": "1.57010", "2018-09-30": "2.53590", "2018-06-30": "2.33530", "2018-03-31": "2.10970", "2017-12-31": "1.02510", "2017-09-30": "2.51230", "2017-06-30": "2.66950", "2017-03-31": "2.76010", "2016-12-31": "2.78140", "2016-09-30": "3.04860", "2016-06-30": "3.28190", "2016-03-31": "3.00890", "2015-12-31": "2.76010", "2015-09-30": "3.13740", "2015-06-30": "2.43980", "2015-03-31": "2.36210", "2014-12-31": "1.47110", "2014-09-30": "1.67680", "2014-06-30": "2.14590", "2014-03-31": "1.73830", "2013-12-31": "0.17050", "2013-09-30": "2.01200", "2013-06-30": "1.98550", "2013-03-31": "1.44110", "2012-12-31": "1.94780", "2012-09-30": "2.05180", "2012-06-30": "1.77760", "2012-03-31": "1.38510", "2011-12-31": "0.91590", "2011-09-30": "1.49890", "2011-06-30": "1.79340", "2011-03-31": "1.50970", "2010-12-31": "1.08630", "2010-09-30": "1.62050", "2010-06-30": "1.74070", "2010-03-31": "1.53690", "2009-12-31": "1.38830", "2009-09-30": "1.81560", "2009-06-30": "0.62230", "2009-03-31": "0.10920", "2008-12-31": "-0.24040", "2008-09-30": "1.32690", "2008-06-30": "1.07140", "2008-03-31": "0.98460", "2007-12-31": "-2.74770", "2007-09-30": "1.47620", "2007-06-30": "1.28590", "2007-03-31": "1.27190", "2006-12-31": "0.40330", "2006-09-30": "1.87990", "2006-06-30": "1.89420", "2006-03-31": "1.36930", "2005-12-31": "0.29710", "2005-09-30": "1.30550", "2005-06-30": "2.01320", "2005-03-31": "1.85580"}, "ROI - Return On Investment": {"2020-09-30": "3.26880", "2020-06-30": "-0.18500", "2020-03-31": "1.25080", "2019-12-31": "2.57180", "2019-09-30": "2.88470", "2019-06-30": "2.39570", "2019-03-31": "1.69500", "2018-12-31": "2.28350", "2018-09-30": "3.57260", "2018-06-30": "3.50700", "2018-03-31": "3.19880", "2017-12-31": "1.59040", "2017-09-30": "3.76600", "2017-06-30": "3.78060", "2017-03-31": "3.94000", "2016-12-31": "4.04840", "2016-09-30": "4.33530", "2016-06-30": "4.71590", "2016-03-31": "4.28600", "2015-12-31": "4.01140", "2015-09-30": "4.60400", "2015-06-30": "3.95010", "2015-03-31": "3.82890", "2014-12-31": "2.40420", "2014-09-30": "2.88990", "2014-06-30": "3.18040", "2014-03-31": "2.56660", "2013-12-31": "0.25390", "2013-09-30": "2.74660", "2013-06-30": "2.70390", "2013-03-31": "2.06380", "2012-12-31": "2.76120", "2012-09-30": "2.94560", "2012-06-30": "2.64300", "2012-03-31": "1.86190", "2011-12-31": "1.24710", "2011-09-30": "2.02650", "2011-06-30": "2.40120", "2011-03-31": "2.03100", "2010-12-31": "1.42570", "2010-09-30": "2.12430", "2010-06-30": "2.28760", "2010-03-31": "2.01130", "2009-12-31": "1.79720", "2009-09-30": "2.34040", "2009-06-30": "0.78330", "2009-03-31": "0.13670", "2008-12-31": "-0.30130", "2008-09-30": "1.70830", "2008-06-30": "1.36620", "2008-03-31": "1.26920", "2007-12-31": "-3.57130", "2007-09-30": "1.87720", "2007-06-30": "1.63460", "2007-03-31": "1.60240", "2006-12-31": "0.50420", "2006-09-30": "2.38850", "2006-06-30": "2.41070", "2006-03-31": "1.77490", "2005-12-31": "0.38160", "2005-09-30": "1.67610", "2005-06-30": "2.56880", "2005-03-31": "2.34760"}, "Book Value Per Share": {"2020-09-30": "9.80990", "2020-06-30": "9.17420", "2020-03-31": "9.36370", "2019-12-31": "9.95830", "2019-09-30": "9.54080", "2019-06-30": "9.42270", "2019-03-31": "9.10500", "2018-12-31": "8.87050", "2018-09-30": "8.94050", "2018-06-30": "8.67090", "2018-03-31": "9.11330", "2017-12-31": "9.02810", "2017-09-30": "8.89720", "2017-06-30": "8.56940", "2017-03-31": "8.05250", "2016-12-31": "8.19480", "2016-09-30": "8.25550", "2016-06-30": "7.97180", "2016-03-31": "8.12350", "2015-12-31": "8.09510", "2015-09-30": "8.08550", "2015-06-30": "8.11230", "2015-03-31": "8.10280", "2014-12-31": "8.38100", "2014-09-30": "8.92720", "2014-06-30": "9.19710", "2014-03-31": "9.88670", "2013-12-31": "10.03730", "2013-09-30": "10.36530", "2013-06-30": "10.09570", "2013-03-31": "10.07670", "2012-12-31": "10.14920", "2012-09-30": "9.91510", "2012-06-30": "9.58070", "2012-03-31": "9.58210", "2011-12-31": "9.38090", "2011-09-30": "9.61750", "2011-06-30": "10.27450", "2011-03-31": "10.20180", "2010-12-31": "10.42680", "2010-09-30": "10.34930", "2010-06-30": "10.16320", "2010-03-31": "10.39610", "2009-12-31": "10.58800", "2009-09-30": "10.70880", "2009-06-30": "10.66820", "2009-03-31": "10.34070", "2008-12-31": "10.72470", "2008-09-30": "12.16080", "2008-06-30": "12.94380", "2008-03-31": "12.54860", "2007-12-31": "12.64200", "2007-09-30": "13.79750", "2007-06-30": "13.85630", "2007-03-31": "13.43940", "2006-12-31": "13.20840", "2006-09-30": "13.11090", "2006-06-30": "12.88510", "2006-03-31": "12.50190", "2005-12-31": "12.31650", "2005-09-30": "12.63110", "2005-06-30": "12.29190", "2005-03-31": "12.25910"}, "Operating Cash Flow Per Share": {"2020-09-30": 1.9173, "2020-06-30": 0.826, "2020-03-31": "0.07670", "2019-12-31": 1.8567, "2019-09-30": 1.5701, "2019-06-30": 1.2741, "2019-03-31": "0.23260", "2018-12-31": 1.3926, "2018-09-30": 0.9411, "2018-06-30": 0.5994, "2018-03-31": "0.32360", "2017-12-31": 1.3214, "2017-09-30": 0.7741, "2017-06-30": 0.7183, "2017-03-31": "0.41780", "2016-12-31": 1.1802, "2016-09-30": 0.8961, "2016-06-30": 1.0826, "2016-03-31": "0.78820", "2015-12-31": 0.7108, "2015-09-30": 0.9172, "2015-06-30": 0.6617, "2015-03-31": "0.22320", "2014-12-31": 1.1532, "2014-09-30": 0.9309, "2014-06-30": 0.7196, "2014-03-31": "-0.13680", "2013-12-31": 1.2058, "2013-09-30": 0.7926, "2013-06-30": 0.6697, "2013-03-31": "0.16220", "2012-12-31": 1.4305, "2012-09-30": 0.6434, "2012-06-30": 0.5575, "2012-03-31": "0.44870", "2011-12-31": 0.8453, "2011-09-30": 0.7069, "2011-06-30": 0.3749, "2011-03-31": "0.31030", "2010-12-31": 1.0021, "2010-09-30": 0.5964, "2010-06-30": 0.4354, "2010-03-31": "0.33120", "2009-12-31": 0.8523, "2009-09-30": 0.8992, "2009-06-30": 1.0711, "2009-03-31": "0.71130", "2008-12-31": 1.3708, "2008-09-30": 0.4852, "2008-06-30": 0.431, "2008-03-31": "0.30660", "2007-12-31": 0.9578, "2007-09-30": 1.1334, "2007-06-30": 0.5126, "2007-03-31": "0.80890", "2006-12-31": 0.9047, "2006-09-30": 0.5117, "2006-06-30": 0.3621, "2006-03-31": "0.78480", "2005-12-31": 0.7452, "2005-09-30": 0.7635, "2005-06-30": 0.3456, "2005-03-31": "0.46160"}, "Free Cash Flow Per Share": {"2020-09-30": 1.8498, "2020-06-30": 0.6877, "2020-03-31": "-0.10180", "2019-12-31": 1.5606, "2019-09-30": 1.3309, "2019-06-30": 0.9882, "2019-03-31": "-0.00300", "2018-12-31": 1.1222, "2018-09-30": 0.6325, "2018-06-30": 0.2936, "2018-03-31": "0.02790", "2017-12-31": 1.0297, "2017-09-30": 0.4805, "2017-06-30": 0.391, "2017-03-31": "0.16940", "2016-12-31": 0.8907, "2016-09-30": 0.7132, "2016-06-30": 0.8654, "2016-03-31": "0.59210", "2015-12-31": 0.4147, "2015-09-30": 0.8489, "2015-06-30": 0.4111, "2015-03-31": "0.11610", "2014-12-31": 0.9382, "2014-09-30": 0.7571, "2014-06-30": 0.4971, "2014-03-31": "-0.18260", "2013-12-31": 1.0668, "2013-09-30": 0.6673, "2013-06-30": 0.5206, "2013-03-31": "0.02840", "2012-12-31": 1.3104, "2012-09-30": 0.5337, "2012-06-30": 0.4223, "2012-03-31": "0.32740", "2011-12-31": 0.7258, "2011-09-30": 0.5726, "2011-06-30": 0.2292, "2011-03-31": "0.19960", "2010-12-31": 0.8783, "2010-09-30": 0.4736, "2010-06-30": 0.3278, "2010-03-31": "0.24370", "2009-12-31": 0.8291, "2009-09-30": 0.8099, "2009-06-30": 0.8688, "2009-03-31": "0.59540", "2008-12-31": 1.3137, "2008-09-30": 2.5458, "2008-06-30": 0.2642, "2008-03-31": "0.19000", "2007-12-31": 0.7678, "2007-09-30": 0.9512, "2007-06-30": 0.4471, "2007-03-31": "1.04140", "2006-12-31": 0.7151, "2006-09-30": 0.3305, "2006-06-30": 0.1703, "2006-03-31": "0.62750", "2005-12-31": 0.5519, "2005-09-30": 0.5653, "2005-06-30": 0.1445, "2005-03-31": "0.31700"}}, "revenue": {"Leggett & Platt Annual Revenue (Millions of US $)": {"2019": "$4,753", "2018": "$4,270", "2017": "$3,944", "2016": "$3,750", "2015": "$3,917", "2014": "$3,782", "2013": "$3,477", "2012": "$3,415", "2011": "$3,619", "2010": "$3,359", "2009": "$3,055", "2008": "$4,076", "2007": "$4,250", "2006": "$4,267", "2005": "$4,258"}, "Leggett & Platt Quarterly Revenue (Millions of US $)": {"2020-09-30": "$1,208", "2020-06-30": "$845", "2020-03-31": "$1,046", "2019-12-31": "$1,145", "2019-09-30": "$1,239", "2019-06-30": "$1,213", "2019-03-31": "$1,155", "2018-12-31": "$1,047", "2018-09-30": "$1,092", "2018-06-30": "$1,103", "2018-03-31": "$1,029", "2017-12-31": "$985", "2017-09-30": "$1,010", "2017-06-30": "$989", "2017-03-31": "$960", "2016-12-31": "$904", "2016-09-30": "$949", "2016-06-30": "$959", "2016-03-31": "$938", "2015-12-31": "$945", "2015-09-30": "$1,009", "2015-06-30": "$997", "2015-03-31": "$966", "2014-12-31": "$953", "2014-09-30": "$997", "2014-06-30": "$956", "2014-03-31": "$876", "2013-12-31": "$708", "2013-09-30": "$878", "2013-06-30": "$959", "2013-03-31": "$933", "2012-12-31": "$555", "2012-09-30": "$978", "2012-06-30": "$935", "2012-03-31": "$947", "2011-12-31": "$837", "2011-09-30": "$941", "2011-06-30": "$945", "2011-03-31": "$896", "2010-12-31": "$802", "2010-09-30": "$867", "2010-06-30": "$874", "2010-03-31": "$816", "2009-12-31": "$770", "2009-09-30": "$810", "2009-06-30": "$757", "2009-03-31": "$718", "2008-12-31": "$883", "2008-09-30": "$1,132", "2008-06-30": "$1,063", "2008-03-31": "$998", "2007-12-31": "$1,040", "2007-09-30": "$1,092", "2007-06-30": "$1,071", "2007-03-31": "$1,048", "2006-12-31": "$220", "2006-09-30": "$1,368", "2006-06-30": "$1,356", "2006-03-31": "$1,324", "2005-12-31": "$298", "2005-09-30": "$1,349", "2005-06-30": "$1,310", "2005-03-31": "$1,301"}}, "gross-profit": {"Leggett & Platt Annual Gross Profit (Millions of US $)": {"2019": "$1,051", "2018": "$889", "2017": "$882", "2016": "$902", "2015": "$923", "2014": "$790", "2013": "$710", "2012": "$696", "2011": "$669", "2010": "$655", "2009": "$630", "2008": "$691", "2007": "$796", "2006": "$803", "2005": "$779"}, "Leggett & Platt Quarterly Gross Profit (Millions of US $)": {"2020-09-30": "$267", "2020-06-30": "$146", "2020-03-31": "$223", "2019-12-31": "$272", "2019-09-30": "$276", "2019-06-30": "$270", "2019-03-31": "$233", "2018-12-31": "$213", "2018-09-30": "$227", "2018-06-30": "$231", "2018-03-31": "$217", "2017-12-31": "$209", "2017-09-30": "$217", "2017-06-30": "$231", "2017-03-31": "$227", "2016-12-31": "$207", "2016-09-30": "$227", "2016-06-30": "$234", "2016-03-31": "$234", "2015-12-31": "$234", "2015-09-30": "$241", "2015-06-30": "$231", "2015-03-31": "$218", "2014-12-31": "$204", "2014-09-30": "$209", "2014-06-30": "$201", "2014-03-31": "$177", "2013-12-31": "$142", "2013-09-30": "$180", "2013-06-30": "$199", "2013-03-31": "$189", "2012-12-31": "$126", "2012-09-30": "$205", "2012-06-30": "$187", "2012-03-31": "$178", "2011-12-31": "$146", "2011-09-30": "$170", "2011-06-30": "$182", "2011-03-31": "$170", "2010-12-31": "$142", "2010-09-30": "$169", "2010-06-30": "$180", "2010-03-31": "$166", "2009-12-31": "$170", "2009-09-30": "$187", "2009-06-30": "$147", "2009-03-31": "$125", "2008-12-31": "$111", "2008-09-30": "$207", "2008-06-30": "$196", "2008-03-31": "$177", "2007-12-31": "$177", "2007-09-30": "$216", "2007-06-30": "$207", "2007-03-31": "$197", "2006-12-31": "$73", "2006-09-30": "$252", "2006-06-30": "$249", "2006-03-31": "$229", "2005-12-31": "$86", "2005-09-30": "$215", "2005-06-30": "$246", "2005-03-31": "$232"}}, "operating-income": {"Leggett & Platt Annual Operating Income (Millions of US $)": {"2019": "$518", "2018": "$443", "2017": "$461", "2016": "$486", "2015": "$486", "2014": "$321", "2013": "$317", "2012": "$322", "2011": "$273", "2010": "$281", "2009": "$246", "2008": "$244", "2007": "$343", "2006": "$392", "2005": "$376"}, "Leggett & Platt Quarterly Operating Income (Millions of US $)": {"2020-09-30": "$145", "2020-06-30": "$33", "2020-03-31": "$89", "2019-12-31": "$139", "2019-09-30": "$144", "2019-06-30": "$135", "2019-03-31": "$100", "2018-12-31": "$96", "2018-09-30": "$121", "2018-06-30": "$118", "2018-03-31": "$108", "2017-12-31": "$110", "2017-09-30": "$115", "2017-06-30": "$121", "2017-03-31": "$116", "2016-12-31": "$105", "2016-09-30": "$128", "2016-06-30": "$130", "2016-03-31": "$123", "2015-12-31": "$113", "2015-09-30": "$139", "2015-06-30": "$119", "2015-03-31": "$115", "2014-12-31": "$67", "2014-09-30": "$73", "2014-06-30": "$102", "2014-03-31": "$80", "2013-12-31": "$57", "2013-09-30": "$89", "2013-06-30": "$95", "2013-03-31": "$76", "2012-12-31": "$55", "2012-09-30": "$104", "2012-06-30": "$89", "2012-03-31": "$74", "2011-12-31": "$53", "2011-09-30": "$72", "2011-06-30": "$79", "2011-03-31": "$69", "2010-12-31": "$51", "2010-09-30": "$76", "2010-06-30": "$86", "2010-03-31": "$68", "2009-12-31": "$78", "2009-09-30": "$97", "2009-06-30": "$53", "2009-03-31": "$19", "2008-12-31": "$-2", "2008-09-30": "$95", "2008-06-30": "$83", "2008-03-31": "$67", "2007-12-31": "$60", "2007-09-30": "$104", "2007-06-30": "$87", "2007-03-31": "$91", "2006-12-31": "$25", "2006-09-30": "$133", "2006-06-30": "$126", "2006-03-31": "$108", "2005-12-31": "$29", "2005-09-30": "$99", "2005-06-30": "$128", "2005-03-31": "$120"}}, "ebitda": {"Leggett & Platt Annual EBITDA (Millions of US $)": {"2019": "$710", "2018": "$579", "2017": "$587", "2016": "$606", "2015": "$599", "2014": "$547", "2013": "$502", "2012": "$441", "2011": "$390", "2010": "$404", "2009": "$379", "2008": "$410", "2007": "$769", "2006": "$567", "2005": "$547"}, "Leggett & Platt Quarterly EBITDA (Millions of US $)": {"2020-09-30": "$192", "2020-06-30": "$105", "2020-03-31": "$136", "2019-12-31": "$186", "2019-09-30": "$192", "2019-06-30": "$185", "2019-03-31": "$147", "2018-12-31": "$131", "2018-09-30": "$155", "2018-06-30": "$152", "2018-03-31": "$141", "2017-12-31": "$140", "2017-09-30": "$148", "2017-06-30": "$153", "2017-03-31": "$146", "2016-12-31": "$134", "2016-09-30": "$158", "2016-06-30": "$162", "2016-03-31": "$152", "2015-12-31": "$137", "2015-09-30": "$168", "2015-06-30": "$146", "2015-03-31": "$149", "2014-12-31": "$97", "2014-09-30": "$102", "2014-06-30": "$239", "2014-03-31": "$109", "2013-12-31": "$154", "2013-09-30": "$118", "2013-06-30": "$125", "2013-03-31": "$105", "2012-12-31": "$85", "2012-09-30": "$136", "2012-06-30": "$117", "2012-03-31": "$103", "2011-12-31": "$81", "2011-09-30": "$100", "2011-06-30": "$109", "2011-03-31": "$100", "2010-12-31": "$83", "2010-09-30": "$106", "2010-06-30": "$115", "2010-03-31": "$100", "2009-12-31": "$114", "2009-09-30": "$130", "2009-06-30": "$86", "2009-03-31": "$50", "2008-12-31": "$59", "2008-09-30": "$130", "2008-06-30": "$119", "2008-03-31": "$102", "2007-12-31": "$351", "2007-09-30": "$149", "2007-06-30": "$134", "2007-03-31": "$135", "2006-12-31": "$68", "2006-09-30": "$177", "2006-06-30": "$170", "2006-03-31": "$151", "2005-12-31": "$73", "2005-09-30": "$144", "2005-06-30": "$167", "2005-03-31": "$163"}}, "net-income": {"Leggett & Platt Annual Net Income (Millions of US $)": {"2019": "$334", "2018": "$306", "2017": "$293", "2016": "$386", "2015": "$325", "2014": "$98", "2013": "$197", "2012": "$248", "2011": "$153", "2010": "$177", "2009": "$112", "2008": "$104", "2007": "$-11", "2006": "$300", "2005": "$251"}, "Leggett & Platt Quarterly Net Income (Millions of US $)": {"2020-09-30": "$105", "2020-06-30": "$-6", "2020-03-31": "$46", "2019-12-31": "$87", "2019-09-30": "$100", "2019-06-30": "$86", "2019-03-31": "$61", "2018-12-31": "$53", "2018-09-30": "$90", "2018-06-30": "$85", "2018-03-31": "$78", "2017-12-31": "$36", "2017-09-30": "$83", "2017-06-30": "$88", "2017-03-31": "$86", "2016-12-31": "$82", "2016-09-30": "$94", "2016-06-30": "$121", "2016-03-31": "$90", "2015-12-31": "$81", "2015-09-30": "$95", "2015-06-30": "$78", "2015-03-31": "$72", "2014-12-31": "$21", "2014-09-30": "$48", "2014-06-30": "$-24", "2014-03-31": "$53", "2013-12-31": "$6", "2013-09-30": "$71", "2013-06-30": "$71", "2013-03-31": "$49", "2012-12-31": "$74", "2012-09-30": "$66", "2012-06-30": "$65", "2012-03-31": "$44", "2011-12-31": "$9", "2011-09-30": "$45", "2011-06-30": "$55", "2011-03-31": "$45", "2010-12-31": "$31", "2010-09-30": "$47", "2010-06-30": "$53", "2010-03-31": "$45", "2009-12-31": "$35", "2009-09-30": "$54", "2009-06-30": "$19", "2009-03-31": "$3", "2008-12-31": "$-18", "2008-09-30": "$33", "2008-06-30": "$46", "2008-03-31": "$43", "2007-12-31": "$-213", "2007-09-30": "$66", "2007-06-30": "$60", "2007-03-31": "$76", "2006-12-31": "$70", "2006-09-30": "$84", "2006-06-30": "$84", "2006-03-31": "$62", "2005-12-31": "$45", "2005-09-30": "$54", "2005-06-30": "$79", "2005-03-31": "$73"}}, "eps-earnings-per-share-diluted": {"Leggett & Platt Annual EPS": {"2019": "$2.47", "2018": "$2.26", "2017": "$2.13", "2016": "$2.76", "2015": "$2.28", "2014": "$0.68", "2013": "$1.34", "2012": "$1.70", "2011": "$1.04", "2010": "$1.15", "2009": "$0.70", "2008": "$0.62", "2007": "$-0.06", "2006": "$1.61", "2005": "$1.30"}, "Leggett & Platt Quarterly EPS": {"2020-09-30": "$0.77", "2020-06-30": "$-0.05", "2020-03-31": "$0.34", "2019-12-31": "$0.64", "2019-09-30": "$0.74", "2019-06-30": "$0.64", "2019-03-31": "$0.45", "2018-12-31": "$0.39", "2018-09-30": "$0.67", "2018-06-30": "$0.63", "2018-03-31": "$0.57", "2017-12-31": "$0.27", "2017-09-30": "$0.60", "2017-06-30": "$0.64", "2017-03-31": "$0.62", "2016-12-31": "$0.59", "2016-09-30": "$0.67", "2016-06-30": "$0.87", "2016-03-31": "$0.63", "2015-12-31": "$0.57", "2015-09-30": "$0.67", "2015-06-30": "$0.54", "2015-03-31": "$0.50", "2014-12-31": "$0.14", "2014-09-30": "$0.34", "2014-06-30": "$-0.17", "2014-03-31": "$0.37", "2013-12-31": "$0.04", "2013-09-30": "$0.49", "2013-06-30": "$0.48", "2013-03-31": "$0.33", "2012-12-31": "$0.50", "2012-09-30": "$0.45", "2012-06-30": "$0.45", "2012-03-31": "$0.30", "2011-12-31": "$0.06", "2011-09-30": "$0.31", "2011-06-30": "$0.37", "2011-03-31": "$0.30", "2010-12-31": "$0.21", "2010-09-30": "$0.31", "2010-06-30": "$0.34", "2010-03-31": "$0.29", "2009-12-31": "$0.22", "2009-09-30": "$0.34", "2009-06-30": "$0.12", "2009-03-31": "$0.02", "2008-12-31": "$-0.10", "2008-09-30": "$0.20", "2008-06-30": "$0.27", "2008-03-31": "$0.25", "2007-12-31": "$-1.17", "2007-09-30": "$0.37", "2007-06-30": "$0.33", "2007-03-31": "$0.41", "2006-12-31": "$0.38", "2006-09-30": "$0.45", "2006-06-30": "$0.45", "2006-03-31": "$0.33", "2005-12-31": "$0.24", "2005-09-30": "$0.28", "2005-06-30": "$0.41", "2005-03-31": "$0.37"}}, "shares-outstanding": {"Leggett & Platt Annual Shares Outstanding (Millions of Shares)": {"2019": "135", "2018": "135", "2017": "137", "2016": "140", "2015": "143", "2014": "143", "2013": "147", "2012": "146", "2011": "147", "2010": "153", "2009": "160", "2008": "168", "2007": "180", "2006": "187", "2005": "194"}, "Leggett & Platt Quarterly Shares Outstanding (Millions of Shares)": {"2020-09-30": "136", "2020-06-30": "136", "2020-03-31": "136", "2019-12-31": "135", "2019-09-30": "135", "2019-06-30": "135", "2019-03-31": "135", "2018-12-31": "135", "2018-09-30": "135", "2018-06-30": "135", "2018-03-31": "136", "2017-12-31": "137", "2017-09-30": "137", "2017-06-30": "137", "2017-03-31": "138", "2016-12-31": "140", "2016-09-30": "139", "2016-06-30": "140", "2016-03-31": "141", "2015-12-31": "143", "2015-09-30": "143", "2015-06-30": "143", "2015-03-31": "144", "2014-12-31": "143", "2014-09-30": "143", "2014-06-30": "143", "2014-03-31": "144", "2013-12-31": "147", "2013-09-30": "147", "2013-06-30": "148", "2013-03-31": "148", "2012-12-31": "146", "2012-09-30": "146", "2012-06-30": "145", "2012-03-31": "145", "2011-12-31": "147", "2011-09-30": "145", "2011-06-30": "147", "2011-03-31": "151", "2010-12-31": "153", "2010-09-30": "153", "2010-06-30": "154", "2010-03-31": "154", "2009-12-31": "160", "2009-09-30": "161", "2009-06-30": "162", "2009-03-31": "161", "2008-12-31": "168", "2008-09-30": "166", "2008-06-30": "172", "2008-03-31": "173", "2007-12-31": "180", "2007-09-30": "177", "2007-06-30": "183", "2007-03-31": "184", "2006-12-31": "187", "2006-09-30": "186", "2006-06-30": "188", "2006-03-31": "188", "2005-12-31": "194", "2005-09-30": "194", "2005-06-30": "195", "2005-03-31": "197"}}, "total-assets": {"Leggett & Platt Annual Total Assets (Millions of US $)": {"2019": "$4,816", "2018": "$3,382", "2017": "$3,551", "2016": "$2,984", "2015": "$2,964", "2014": "$3,141", "2013": "$3,108", "2012": "$3,255", "2011": "$2,915", "2010": "$3,001", "2009": "$3,061", "2008": "$3,162", "2007": "$4,073", "2006": "$4,265", "2005": "$4,072"}, "Leggett & Platt Quarterly Total Assets (Millions of US $)": {"2020-09-30": "$4,664", "2020-06-30": "$4,582", "2020-03-31": "$4,982", "2019-12-31": "$4,816", "2019-09-30": "$4,858", "2019-06-30": "$5,002", "2019-03-31": "$4,954", "2018-12-31": "$3,382", "2018-09-30": "$3,549", "2018-06-30": "$3,644", "2018-03-31": "$3,692", "2017-12-31": "$3,551", "2017-09-30": "$3,324", "2017-06-30": "$3,282", "2017-03-31": "$3,120", "2016-12-31": "$2,984", "2016-09-30": "$3,070", "2016-06-30": "$3,032", "2016-03-31": "$3,024", "2015-12-31": "$2,964", "2015-09-30": "$3,066", "2015-06-30": "$3,144", "2015-03-31": "$3,103", "2014-12-31": "$3,141", "2014-09-30": "$3,185", "2014-06-30": "$3,243", "2014-03-31": "$3,222", "2013-12-31": "$3,108", "2013-09-30": "$3,305", "2013-06-30": "$3,279", "2013-03-31": "$3,428", "2012-12-31": "$3,255", "2012-09-30": "$3,246", "2012-06-30": "$3,223", "2012-03-31": "$3,213", "2011-12-31": "$2,915", "2011-09-30": "$3,022", "2011-06-30": "$3,095", "2011-03-31": "$3,067", "2010-12-31": "$3,001", "2010-09-30": "$3,079", "2010-06-30": "$3,079", "2010-03-31": "$3,091", "2009-12-31": "$3,061", "2009-09-30": "$3,095", "2009-06-30": "$3,069", "2009-03-31": "$3,021", "2008-12-31": "$3,162", "2008-09-30": "$3,731", "2008-06-30": "$4,219", "2008-03-31": "$4,103", "2007-12-31": "$4,073", "2007-09-30": "$4,342", "2007-06-30": "$4,378", "2007-03-31": "$4,434", "2006-12-31": "$4,265", "2006-09-30": "$4,314", "2006-06-30": "$4,276", "2006-03-31": "$4,148", "2005-12-31": "$4,072", "2005-09-30": "$4,136", "2005-06-30": "$3,934", "2005-03-31": "$3,923"}}, "cash-on-hand": {"Leggett & Platt Annual Cash on Hand (Millions of US $)": {"2019": "$248", "2018": "$268", "2017": "$526", "2016": "$282", "2015": "$253", "2014": "$333", "2013": "$273", "2012": "$359", "2011": "$236", "2010": "$245", "2009": "$261", "2008": "$165", "2007": "$205", "2006": "$132", "2005": "$65"}, "Leggett & Platt Quarterly Cash on Hand (Millions of US $)": {"2020-09-30": "$245", "2020-06-30": "$209", "2020-03-31": "$506", "2019-12-31": "$248", "2019-09-30": "$242", "2019-06-30": "$290", "2019-03-31": "$263", "2018-12-31": "$268", "2018-09-30": "$364", "2018-06-30": "$446", "2018-03-31": "$495", "2017-12-31": "$526", "2017-09-30": "$343", "2017-06-30": "$335", "2017-03-31": "$269", "2016-12-31": "$282", "2016-09-30": "$317", "2016-06-30": "$285", "2016-03-31": "$250", "2015-12-31": "$253", "2015-09-30": "$251", "2015-06-30": "$275", "2015-03-31": "$262", "2014-12-31": "$333", "2014-09-30": "$243", "2014-06-30": "$304", "2014-03-31": "$269", "2013-12-31": "$273", "2013-09-30": "$299", "2013-06-30": "$280", "2013-03-31": "$449", "2012-12-31": "$359", "2012-09-30": "$265", "2012-06-30": "$255", "2012-03-31": "$261", "2011-12-31": "$236", "2011-09-30": "$219", "2011-06-30": "$203", "2011-03-31": "$195", "2010-12-31": "$245", "2010-09-30": "$277", "2010-06-30": "$244", "2010-03-31": "$247", "2009-12-31": "$261", "2009-09-30": "$222", "2009-06-30": "$222", "2009-03-31": "$160", "2008-12-31": "$165", "2008-09-30": "$211", "2008-06-30": "$203", "2008-03-31": "$188", "2007-12-31": "$205", "2007-09-30": "$188", "2007-06-30": "$168", "2007-03-31": "$235", "2006-12-31": "$132", "2006-09-30": "$94", "2006-06-30": "$95", "2006-03-31": "$130", "2005-12-31": "$65", "2005-09-30": "$252", "2005-06-30": "$71", "2005-03-31": "$143"}}, "long-term-debt": {"Leggett & Platt Annual Long Term Debt (Millions of US $)": {"2019": "$2,067", "2018": "$1,168", "2017": "$1,098", "2016": "$956", "2015": "$942", "2014": "$767", "2013": "$688", "2012": "$854", "2011": "$833", "2010": "$762", "2009": "$789", "2008": "$851", "2007": "$1,001", "2006": "$1,060", "2005": "$922"}, "Leggett & Platt Quarterly Long Term Debt (Millions of US $)": {"2020-09-30": "$1,909", "2020-06-30": "$2,083", "2020-03-31": "$2,415", "2019-12-31": "$2,067", "2019-09-30": "$2,197", "2019-06-30": "$2,364", "2019-03-31": "$2,410", "2018-12-31": "$1,168", "2018-09-30": "$1,353", "2018-06-30": "$1,298", "2018-03-31": "$1,239", "2017-12-31": "$1,098", "2017-09-30": "$1,044", "2017-06-30": "$1,184", "2017-03-31": "$1,120", "2016-12-31": "$956", "2016-09-30": "$1,055", "2016-06-30": "$1,044", "2016-03-31": "$1,032", "2015-12-31": "$942", "2015-09-30": "$989", "2015-06-30": "$832", "2015-03-31": "$798", "2014-12-31": "$767", "2014-09-30": "$619", "2014-06-30": "$926", "2014-03-31": "$811", "2013-12-31": "$688", "2013-09-30": "$958", "2013-06-30": "$974", "2013-03-31": "$954", "2012-12-31": "$854", "2012-09-30": "$860", "2012-06-30": "$821", "2012-03-31": "$1,047", "2011-12-31": "$833", "2011-09-30": "$897", "2011-06-30": "$857", "2011-03-31": "$822", "2010-12-31": "$762", "2010-09-30": "$834", "2010-06-30": "$855", "2010-03-31": "$822", "2009-12-31": "$789", "2009-09-30": "$772", "2009-06-30": "$773", "2009-03-31": "$793", "2008-12-31": "$851", "2008-09-30": "$998", "2008-06-30": "$1,228", "2008-03-31": "$1,096", "2007-12-31": "$1,001", "2007-09-30": "$1,068", "2007-06-30": "$1,055", "2007-03-31": "$1,139", "2006-12-31": "$1,060", "2006-09-30": "$1,049", "2006-06-30": "$1,032", "2006-03-31": "$921", "2005-12-31": "$922", "2005-09-30": "$898", "2005-06-30": "$765", "2005-03-31": "$776"}}, "total-liabilities": {"Leggett & Platt Annual Total Liabilities (Millions of US $)": {"2019": "$3,504", "2018": "$2,224", "2017": "$2,360", "2016": "$1,890", "2015": "$1,866", "2014": "$1,986", "2013": "$1,709", "2012": "$1,813", "2011": "$1,607", "2010": "$1,477", "2009": "$1,486", "2008": "$1,491", "2007": "$1,940", "2006": "$1,914", "2005": "$1,823"}, "Leggett & Platt Quarterly Total Liabilities (Millions of US $)": {"2020-09-30": "$3,364", "2020-06-30": "$3,368", "2020-03-31": "$3,743", "2019-12-31": "$3,504", "2019-09-30": "$3,602", "2019-06-30": "$3,763", "2019-03-31": "$3,759", "2018-12-31": "$2,224", "2018-09-30": "$2,383", "2018-06-30": "$2,515", "2018-03-31": "$2,496", "2017-12-31": "$2,360", "2017-09-30": "$2,151", "2017-06-30": "$2,148", "2017-03-31": "$2,054", "2016-12-31": "$1,890", "2016-09-30": "$1,967", "2016-06-30": "$1,966", "2016-03-31": "$1,933", "2015-12-31": "$1,866", "2015-09-30": "$1,966", "2015-06-30": "$2,034", "2015-03-31": "$1,987", "2014-12-31": "$1,986", "2014-09-30": "$1,956", "2014-06-30": "$1,981", "2014-03-31": "$1,851", "2013-12-31": "$1,709", "2013-09-30": "$1,841", "2013-06-30": "$1,845", "2013-03-31": "$1,988", "2012-12-31": "$1,813", "2012-09-30": "$1,845", "2012-06-30": "$1,876", "2012-03-31": "$1,870", "2011-12-31": "$1,607", "2011-09-30": "$1,684", "2011-06-30": "$1,640", "2011-03-31": "$1,609", "2010-12-31": "$1,477", "2010-09-30": "$1,564", "2010-06-30": "$1,591", "2010-03-31": "$1,551", "2009-12-31": "$1,486", "2009-09-30": "$1,467", "2009-06-30": "$1,404", "2009-03-31": "$1,400", "2008-12-31": "$1,491", "2008-09-30": "$1,831", "2008-06-30": "$2,138", "2008-03-31": "$2,016", "2007-12-31": "$1,940", "2007-09-30": "$1,995", "2007-06-30": "$1,989", "2007-03-31": "$2,054", "2006-12-31": "$1,914", "2006-09-30": "$1,967", "2006-06-30": "$1,948", "2006-03-31": "$1,869", "2005-12-31": "$1,823", "2005-09-30": "$1,813", "2005-06-30": "$1,616", "2005-03-31": "$1,598"}}, "total-share-holder-equity": {"Leggett & Platt Annual Share Holder Equity (Millions of US $)": {"2019": "$1,313", "2018": "$1,158", "2017": "$1,191", "2016": "$1,094", "2015": "$1,098", "2014": "$1,155", "2013": "$1,399", "2012": "$1,442", "2011": "$1,308", "2010": "$1,524", "2009": "$1,576", "2008": "$1,671", "2007": "$2,133", "2006": "$2,351", "2005": "$2,249"}, "Leggett & Platt Quarterly Share Holder Equity (Millions of US $)": {"2020-09-30": "$1,300", "2020-06-30": "$1,215", "2020-03-31": "$1,239", "2019-12-31": "$1,313", "2019-09-30": "$1,256", "2019-06-30": "$1,239", "2019-03-31": "$1,195", "2018-12-31": "$1,158", "2018-09-30": "$1,166", "2018-06-30": "$1,129", "2018-03-31": "$1,196", "2017-12-31": "$1,191", "2017-09-30": "$1,173", "2017-06-30": "$1,134", "2017-03-31": "$1,065", "2016-12-31": "$1,094", "2016-09-30": "$1,104", "2016-06-30": "$1,066", "2016-03-31": "$1,091", "2015-12-31": "$1,098", "2015-09-30": "$1,100", "2015-06-30": "$1,110", "2015-03-31": "$1,116", "2014-12-31": "$1,155", "2014-09-30": "$1,229", "2014-06-30": "$1,262", "2014-03-31": "$1,371", "2013-12-31": "$1,399", "2013-09-30": "$1,464", "2013-06-30": "$1,434", "2013-03-31": "$1,440", "2012-12-31": "$1,442", "2012-09-30": "$1,401", "2012-06-30": "$1,347", "2012-03-31": "$1,343", "2011-12-31": "$1,308", "2011-09-30": "$1,338", "2011-06-30": "$1,455", "2011-03-31": "$1,458", "2010-12-31": "$1,524", "2010-09-30": "$1,516", "2010-06-30": "$1,488", "2010-03-31": "$1,540", "2009-12-31": "$1,576", "2009-09-30": "$1,629", "2009-06-30": "$1,666", "2009-03-31": "$1,621", "2008-12-31": "$1,671", "2008-09-30": "$1,900", "2008-06-30": "$2,081", "2008-03-31": "$2,087", "2007-12-31": "$2,133", "2007-09-30": "$2,347", "2007-06-30": "$2,390", "2007-03-31": "$2,381", "2006-12-31": "$2,351", "2006-09-30": "$2,347", "2006-06-30": "$2,328", "2006-03-31": "$2,279", "2005-12-31": "$2,249", "2005-09-30": "$2,324", "2005-06-30": "$2,318", "2005-03-31": "$2,325"}}, "profit-margins": {"current": "5.78%"}, "gross margin": {"2020-09-30": "21.39%", "2020-06-30": "21.45%", "2020-03-31": "22.42%", "2019-12-31": "22.12%", "2019-09-30": "21.31%", "2019-06-30": "20.92%", "2019-03-31": "20.56%", "2018-12-31": "20.79%", "2018-09-30": "21.00%", "2018-06-30": "21.18%", "2018-03-31": "21.78%", "2017-12-31": "22.41%", "2017-09-30": "22.83%", "2017-06-30": "23.46%", "2017-03-31": "23.73%", "2016-12-31": "24.05%", "2016-09-30": "24.51%", "2016-06-30": "24.49%", "2016-03-31": "24.17%", "2015-12-31": "23.59%", "2015-09-30": "22.78%", "2015-06-30": "22.03%", "2015-03-31": "21.49%", "2014-12-31": "20.91%", "2014-09-30": "20.61%", "2014-06-30": "20.48%", "2014-03-31": "20.40%", "2013-12-31": "20.41%", "2013-09-30": "20.87%", "2013-06-30": "20.99%", "2013-03-31": "20.79%", "2012-12-31": "20.38%", "2012-09-30": "19.37%", "2012-06-30": "18.61%", "2012-03-31": "18.42%", "2011-12-31": "18.46%", "2011-09-30": "18.53%", "2011-06-30": "18.89%", "2011-03-31": "19.22%", "2010-12-31": "19.56%", "2010-09-30": "20.59%", "2010-06-30": "21.50%", "2010-03-31": "21.25%", "2009-12-31": "20.59%", "2009-09-30": "17.99%", "2009-06-30": "16.91%", "2009-03-31": "16.83%", "2008-12-31": "16.95%", "2008-09-30": "17.88%", "2008-06-30": "18.27%", "2008-03-31": "18.50%", "2007-12-31": "18.75%", "2007-09-30": "20.20%", "2007-06-30": "19.67%", "2007-03-31": "19.31%", "2006-12-31": "18.81%", "2006-09-30": "18.75%", "2006-06-30": "17.98%", "2006-03-31": "18.10%", "2005-12-31": "18.27%"}, "operating margin": {"2020-09-30": "9.57%", "2020-06-30": "9.47%", "2020-03-31": "10.90%", "2019-12-31": "10.88%", "2019-09-30": "10.18%", "2019-06-30": "10.01%", "2019-03-31": "9.89%", "2018-12-31": "10.37%", "2018-09-30": "10.86%", "2018-06-30": "10.93%", "2018-03-31": "11.31%", "2017-12-31": "11.71%", "2017-09-30": "11.83%", "2017-06-30": "12.36%", "2017-03-31": "12.70%", "2016-12-31": "12.96%", "2016-09-30": "13.03%", "2016-06-30": "13.11%", "2016-03-31": "12.70%", "2015-12-31": "12.41%", "2015-09-30": "11.21%", "2015-06-30": "9.56%", "2015-03-31": "9.22%", "2014-12-31": "8.51%", "2014-09-30": "8.82%", "2014-06-30": "9.60%", "2014-03-31": "9.38%", "2013-12-31": "9.11%", "2013-09-30": "9.47%", "2013-06-30": "9.64%", "2013-03-31": "9.50%", "2012-12-31": "9.40%", "2012-09-30": "8.63%", "2012-06-30": "7.84%", "2012-03-31": "7.57%", "2011-12-31": "7.54%", "2011-09-30": "7.56%", "2011-06-30": "7.83%", "2011-03-31": "8.20%", "2010-12-31": "8.37%", "2010-09-30": "9.26%", "2010-06-30": "10.06%", "2010-03-31": "9.39%", "2009-12-31": "8.09%", "2009-09-30": "5.27%", "2009-06-30": "4.73%", "2009-03-31": "5.14%", "2008-12-31": "5.96%", "2008-09-30": "7.21%", "2008-06-30": "7.49%", "2008-03-31": "7.57%", "2007-12-31": "8.05%", "2007-09-30": "8.95%", "2007-06-30": "9.06%", "2007-03-31": "9.39%", "2006-12-31": "9.18%", "2006-09-30": "9.11%", "2006-06-30": "8.37%", "2006-03-31": "8.50%", "2005-12-31": "8.83%"}, "ebitda margin": {"2020-09-30": "14.59%", "2020-06-30": "14.48%", "2020-03-31": "15.03%", "2019-12-31": "14.92%", "2019-09-30": "14.05%", "2019-06-30": "13.69%", "2019-03-31": "13.30%", "2018-12-31": "13.56%", "2018-09-30": "13.97%", "2018-06-30": "14.08%", "2018-03-31": "14.50%", "2017-12-31": "14.88%", "2017-09-30": "15.04%", "2017-06-30": "15.54%", "2017-03-31": "15.91%", "2016-12-31": "16.16%", "2016-09-30": "16.06%", "2016-06-30": "16.05%", "2016-03-31": "15.48%", "2015-12-31": "15.29%", "2015-09-30": "14.24%", "2015-06-30": "12.62%", "2015-03-31": "15.16%", "2014-12-31": "14.46%", "2014-09-30": "17.08%", "2014-06-30": "18.14%", "2014-03-31": "14.79%", "2013-12-31": "14.43%", "2013-09-30": "13.02%", "2013-06-30": "13.17%", "2013-03-31": "13.03%", "2012-12-31": "12.91%", "2012-09-30": "11.82%", "2012-06-30": "10.96%", "2012-03-31": "10.71%", "2011-12-31": "10.78%", "2011-09-30": "10.94%", "2011-06-30": "11.34%", "2011-03-31": "11.75%", "2010-12-31": "12.03%", "2010-09-30": "13.07%", "2010-06-30": "14.04%", "2010-03-31": "13.64%", "2009-12-31": "12.44%", "2009-09-30": "10.26%", "2009-06-30": "9.31%", "2009-03-31": "9.43%", "2008-12-31": "10.06%", "2008-09-30": "16.58%", "2008-06-30": "17.20%", "2008-03-31": "17.52%", "2007-12-31": "18.09%", "2007-09-30": "14.16%", "2007-06-30": "13.87%", "2007-03-31": "13.78%", "2006-12-31": "13.26%", "2006-09-30": "13.14%", "2006-06-30": "12.43%", "2006-03-31": "12.50%", "2005-12-31": "12.85%"}, "pre tax profit margin": {"2020-09-30": "7.19%", "2020-06-30": "7.04%", "2020-03-31": "8.90%", "2019-12-31": "9.05%", "2019-09-30": "8.23%", "2019-06-30": "8.28%", "2019-03-31": "8.35%", "2018-12-31": "8.99%", "2018-09-30": "10.14%", "2018-06-30": "10.06%", "2018-03-31": "10.47%", "2017-12-31": "10.95%", "2017-09-30": "11.16%", "2017-06-30": "11.86%", "2017-03-31": "12.59%", "2016-12-31": "12.99%", "2016-09-30": "12.77%", "2016-06-30": "12.85%", "2016-03-31": "12.01%", "2015-12-31": "11.49%", "2015-09-30": "10.24%", "2015-06-30": "8.61%", "2015-03-31": "8.29%", "2014-12-31": "7.83%", "2014-09-30": "6.36%", "2014-06-30": "7.28%", "2014-03-31": "7.16%", "2013-12-31": "6.81%", "2013-09-30": "8.90%", "2013-06-30": "8.76%", "2013-03-31": "8.53%", "2012-12-31": "8.43%", "2012-09-30": "7.38%", "2012-06-30": "6.58%", "2012-03-31": "6.38%", "2011-12-31": "6.44%", "2011-09-30": "6.75%", "2011-06-30": "7.04%", "2011-03-31": "7.33%", "2010-12-31": "7.59%", "2010-09-30": "8.51%", "2010-06-30": "9.24%", "2010-03-31": "8.18%", "2009-12-31": "6.51%", "2009-09-30": "3.31%", "2009-06-30": "3.01%", "2009-03-31": "3.77%", "2008-12-31": "4.71%", "2008-09-30": "2.76%", "2008-06-30": "2.93%", "2008-03-31": "3.00%", "2007-12-31": "3.46%", "2007-09-30": "7.90%", "2007-06-30": "8.07%", "2007-03-31": "8.32%", "2006-12-31": "7.87%", "2006-09-30": "7.23%", "2006-06-30": "6.26%", "2006-03-31": "6.59%", "2005-12-31": "7.19%"}, "net profit margin": {"2020-09-30": "5.47%", "2020-06-30": "5.31%", "2020-03-31": "6.87%", "2019-12-31": "7.03%", "2019-09-30": "6.45%", "2019-06-30": "6.43%", "2019-03-31": "6.57%", "2018-12-31": "7.16%", "2018-09-30": "6.87%", "2018-06-30": "6.83%", "2018-03-31": "7.10%", "2017-12-31": "7.43%", "2017-09-30": "8.78%", "2017-06-30": "9.21%", "2017-03-31": "10.15%", "2016-12-31": "10.32%", "2016-09-30": "10.18%", "2016-06-30": "10.05%", "2016-03-31": "8.85%", "2015-12-31": "8.32%", "2015-09-30": "6.78%", "2015-06-30": "5.60%", "2015-03-31": "3.02%", "2014-12-31": "2.59%", "2014-09-30": "2.35%", "2014-06-30": "3.10%", "2014-03-31": "5.88%", "2013-12-31": "5.66%", "2013-09-30": "7.97%", "2013-06-30": "7.59%", "2013-03-31": "7.47%", "2012-12-31": "7.29%", "2012-09-30": "4.98%", "2012-06-30": "4.45%", "2012-03-31": "4.17%", "2011-12-31": "4.26%", "2011-09-30": "4.91%", "2011-06-30": "5.07%", "2011-03-31": "5.12%", "2010-12-31": "5.24%", "2010-09-30": "5.41%", "2010-06-30": "5.72%", "2010-03-31": "4.85%", "2009-12-31": "3.63%", "2009-09-30": "1.83%", "2009-06-30": "1.06%", "2009-03-31": "1.69%", "2008-12-31": "2.55%", "2008-09-30": "-2.15%", "2008-06-30": "-1.38%", "2008-03-31": "-1.05%", "2007-12-31": "-0.26%", "2007-09-30": "7.93%", "2007-06-30": "7.82%", "2007-03-31": "7.87%", "2006-12-31": "7.03%", "2006-09-30": "6.33%", "2006-06-30": "5.66%", "2006-03-31": "5.61%", "2005-12-31": "5.89%"}, "pe ratio": {"current": "20.20", "2021-02-11": "25.22", "2020-09-30": "23.98", "2020-06-30": "20.66", "2020-03-31": "10.96", "2019-12-31": "19.69", "2019-09-30": "17.51", "2019-06-30": "16.78", "2019-03-31": "18.36", "2018-12-31": "14.63", "2018-09-30": "18.68", "2018-06-30": "19.53", "2018-03-31": "19.15", "2017-12-31": "19.97", "2017-09-30": "17.22", "2017-06-30": "18.28", "2017-03-31": "15.94", "2016-12-31": "15.32", "2016-09-30": "14.30", "2016-06-30": "15.92", "2016-03-31": "17.02", "2015-12-31": "15.51", "2015-09-30": "18.63", "2015-06-30": "26.57", "2015-03-31": "46.91", "2014-12-31": "51.30", "2014-09-30": "48.92", "2014-06-30": "37.83", "2014-03-31": "18.88", "2013-12-31": "18.26", "2013-09-30": "13.11", "2013-06-30": "13.70", "2013-03-31": "15.00", "2012-12-31": "12.19", "2012-09-30": "14.98", "2012-06-30": "14.04", "2012-03-31": "16.25", "2011-12-31": "16.07", "2011-09-30": "11.91", "2011-06-30": "14.48", "2011-03-31": "14.76", "2010-12-31": "13.67", "2010-09-30": "13.27", "2010-06-30": "11.26", "2010-03-31": "14.71", "2009-12-31": "17.90", "2009-09-30": "30.75", "2009-06-30": "36.15", "2009-03-31": "19.51", "2008-12-31": "15.37", "2008-09-30": "0.00", "2008-06-30": "0.00", "2008-03-31": "0.00", "2007-12-31": "0.00", "2007-09-30": "7.39", "2007-06-30": "8.00", "2007-03-31": "7.58", "2006-12-31": "8.33"}, "price sales": {"2021-02-11": "1.37", "2020-09-30": "1.30", "2020-06-30": "1.09", "2020-03-31": "0.75", "2019-12-31": "1.38", "2019-09-30": "1.13", "2019-06-30": "1.08", "2019-03-31": "1.21", "2018-12-31": "1.05", "2018-09-30": "1.29", "2018-06-30": "1.34", "2018-03-31": "1.36", "2017-12-31": "1.48", "2017-09-30": "1.51", "2017-06-30": "1.68", "2017-03-31": "1.62", "2016-12-31": "1.58", "2016-09-30": "1.46", "2016-06-30": "1.60", "2016-03-31": "1.50", "2015-12-31": "1.29", "2015-09-30": "1.26", "2015-06-30": "1.48", "2015-03-31": "1.40", "2014-12-31": "1.32", "2014-09-30": "1.16", "2014-06-30": "1.17", "2014-03-31": "1.12", "2013-12-31": "1.04", "2013-09-30": "1.05", "2013-06-30": "1.04", "2013-03-31": "1.12", "2012-12-31": "0.88", "2012-09-30": "0.74", "2012-06-30": "0.63", "2012-03-31": "0.67", "2011-12-31": "0.68", "2011-09-30": "0.59", "2011-06-30": "0.74", "2011-03-31": "0.76", "2010-12-31": "0.72", "2010-09-30": "0.72", "2010-06-30": "0.65", "2010-03-31": "0.73", "2009-12-31": "0.71", "2009-09-30": "0.65", "2009-06-30": "0.46", "2009-03-31": "0.36", "2008-12-31": "0.39", "2008-09-30": "0.54", "2008-06-30": "0.42", "2008-03-31": "0.38", "2007-12-31": "0.43", "2007-09-30": "0.58", "2007-06-30": "0.63", "2007-03-31": "0.60", "2006-12-31": "0.59"}, "price book": {"current": "4.39", "2021-02-11": "4.37", "2020-09-30": "4.16", "2020-06-30": "3.76", "2020-03-31": "2.76", "2019-12-31": "4.88", "2019-09-30": "4.07", "2019-06-30": "3.83", "2019-03-31": "4.32", "2018-12-31": "3.73", "2018-09-30": "4.47", "2018-06-30": "4.66", "2018-03-31": "4.37", "2017-12-31": "4.71", "2017-09-30": "4.74", "2017-06-30": "5.38", "2017-03-31": "5.44", "2016-12-31": "5.16", "2016-09-30": "4.74", "2016-06-30": "5.47", "2016-03-31": "5.05", "2015-12-31": "4.37", "2015-09-30": "4.26", "2015-06-30": "4.98", "2015-03-31": "4.69", "2014-12-31": "4.16", "2014-09-30": "3.18", "2014-06-30": "3.00", "2014-03-31": "2.64", "2013-12-31": "2.44", "2013-09-30": "2.28", "2013-06-30": "2.39", "2013-03-31": "2.58", "2012-12-31": "2.04", "2012-09-30": "1.90", "2012-06-30": "1.64", "2012-03-31": "1.76", "2011-12-31": "1.78", "2011-09-30": "1.47", "2011-06-30": "1.68", "2011-03-31": "1.68", "2010-12-31": "1.51", "2010-09-30": "1.50", "2010-06-30": "1.33", "2010-03-31": "1.39", "2009-12-31": "1.27", "2009-09-30": "1.18", "2009-06-30": "0.91", "2009-03-31": "0.79", "2008-12-31": "0.87", "2008-09-30": "1.09", "2008-06-30": "0.78", "2008-03-31": "0.72", "2007-12-31": "0.80", "2007-09-30": "0.80", "2007-06-30": "0.91", "2007-03-31": "0.95", "2006-12-31": "1.02", "2006-09-30": "1.06", "2006-06-30": "1.07", "2006-03-31": "1.07"}, "price fcf": {"2021-02-11": "", "2020-09-30": "$4.00", "2020-06-30": "$3.48", "2020-03-31": "$3.78", "2019-12-31": "$3.88", "2019-09-30": "$3.44", "2019-06-30": "$2.74", "2019-03-31": "$2.05", "2018-12-31": "$2.08", "2018-09-30": "$1.98", "2018-06-30": "$1.83", "2018-03-31": "$1.93", "2017-12-31": "$2.07", "2017-09-30": "$1.93", "2017-06-30": "$2.16", "2017-03-31": "$2.64", "2016-12-31": "$3.06", "2016-09-30": "$2.59", "2016-06-30": "$2.72", "2016-03-31": "$2.27", "2015-12-31": "$1.79", "2015-09-30": "$2.31", "2015-06-30": "$2.22", "2015-03-31": "$2.31", "2014-12-31": "$2.01", "2014-09-30": "$2.14", "2014-06-30": "$2.05", "2014-03-31": "$2.07", "2013-12-31": "$2.28", "2013-09-30": "$2.53", "2013-06-30": "$2.39", "2013-03-31": "$2.29", "2012-12-31": "$2.59", "2012-09-30": "$2.01", "2012-06-30": "$2.05", "2012-03-31": "$1.86", "2011-12-31": "$1.73", "2011-09-30": "$1.88", "2011-06-30": "$1.78", "2011-03-31": "$1.88", "2010-12-31": "$1.92", "2010-09-30": "$1.87", "2010-06-30": "$2.21", "2010-03-31": "$2.75", "2009-12-31": "$3.10", "2009-09-30": "$3.59", "2009-06-30": "$5.32", "2009-03-31": "$4.72", "2008-12-31": "$4.31", "2008-09-30": "$3.77", "2008-06-30": "$2.17", "2008-03-31": "$2.36", "2007-12-31": "$3.21", "2007-09-30": "$3.15", "2007-06-30": "$2.53", "2007-03-31": "$2.26", "2006-12-31": "$1.84"}, "net worth": {"value": "$5.7B"}, "current ratio": {"current": "1.60", "2020-09-30": "1.60", "2020-06-30": "1.82", "2020-03-31": "2.09", "2019-12-31": "1.66", "2019-09-30": "1.74", "2019-06-30": "1.89", "2019-03-31": "1.91", "2018-12-31": "1.87", "2018-09-30": "2.12", "2018-06-30": "1.90", "2018-03-31": "1.86", "2017-12-31": "1.81", "2017-09-30": "1.74", "2017-06-30": "2.08", "2017-03-31": "1.97", "2016-12-31": "1.88", "2016-09-30": "2.06", "2016-06-30": "1.97", "2016-03-31": "1.97", "2015-12-31": "1.87", "2015-09-30": "1.84", "2015-06-30": "1.49", "2015-03-31": "1.48", "2014-12-31": "1.44", "2014-09-30": "1.25", "2014-06-30": "1.72", "2014-03-31": "1.69", "2013-12-31": "1.55", "2013-09-30": "2.20", "2013-06-30": "2.20", "2013-03-31": "1.92", "2012-12-31": "1.83", "2012-09-30": "1.73", "2012-06-30": "1.60", "2012-03-31": "2.16", "2011-12-31": "2.09", "2011-09-30": "2.14", "2011-06-30": "2.28", "2011-03-31": "2.20", "2010-12-31": "2.33", "2010-09-30": "2.38", "2010-06-30": "2.29", "2010-03-31": "2.26", "2009-12-31": "2.27", "2009-09-30": "2.32", "2009-06-30": "2.43", "2009-03-31": "2.46", "2008-12-31": "2.49", "2008-09-30": "2.50", "2008-06-30": "2.64", "2008-03-31": "2.42", "2007-12-31": "2.29", "2007-09-30": "2.50", "2007-06-30": "2.53", "2007-03-31": "2.68", "2006-12-31": "2.74", "2006-09-30": "2.56", "2006-06-30": "2.53", "2006-03-31": "2.32", "2005-12-31": "2.36", "2005-09-30": "2.58", "2005-06-30": "2.52", "2005-03-31": "2.67"}, "quick ratio": {"2020-09-30": "0.99", "2020-06-30": "1.08", "2020-03-31": "1.32", "2019-12-31": "0.97", "2019-09-30": "1.05", "2019-06-30": "1.16", "2019-03-31": "1.13", "2018-12-31": "1.09", "2018-09-30": "1.32", "2018-06-30": "1.23", "2018-03-31": "1.23", "2017-12-31": "1.23", "2017-09-30": "1.11", "2017-06-30": "1.30", "2017-03-31": "1.20", "2016-12-31": "1.14", "2016-09-30": "1.30", "2016-06-30": "1.23", "2016-03-31": "1.21", "2015-12-31": "1.15", "2015-09-30": "1.17", "2015-06-30": "0.96", "2015-03-31": "0.95", "2014-12-31": "0.96", "2014-09-30": "0.84", "2014-06-30": "1.11", "2014-03-31": "1.07", "2013-12-31": "0.95", "2013-09-30": "1.44", "2013-06-30": "1.39", "2013-03-31": "1.29", "2012-12-31": "1.16", "2012-09-30": "1.14", "2012-06-30": "1.00", "2012-03-31": "1.40", "2011-12-31": "1.34", "2011-09-30": "1.38", "2011-06-30": "1.40", "2011-03-31": "1.41", "2010-12-31": "1.50", "2010-09-30": "1.56", "2010-06-30": "1.50", "2010-03-31": "1.48", "2009-12-31": "1.50", "2009-09-30": "1.58", "2009-06-30": "1.61", "2009-03-31": "1.54", "2008-12-31": "1.55", "2008-09-30": "1.56", "2008-06-30": "1.74", "2008-03-31": "1.65", "2007-12-31": "1.55", "2007-09-30": "1.50", "2007-06-30": "1.47", "2007-03-31": "1.59", "2006-12-31": "1.55", "2006-09-30": "1.50", "2006-06-30": "1.46", "2006-03-31": "1.36", "2005-12-31": "1.34", "2005-09-30": "1.59", "2005-06-30": "1.39", "2005-03-31": "1.54"}, "debt equity ratio": {"current": "1.47", "2020-09-30": "2.59", "2020-06-30": "2.77", "2020-03-31": "3.02", "2019-12-31": "2.67", "2019-09-30": "2.87", "2019-06-30": "3.04", "2019-03-31": "3.15", "2018-12-31": "1.92", "2018-09-30": "2.04", "2018-06-30": "2.23", "2018-03-31": "2.09", "2017-12-31": "1.98", "2017-09-30": "1.83", "2017-06-30": "1.90", "2017-03-31": "1.93", "2016-12-31": "1.73", "2016-09-30": "1.78", "2016-06-30": "1.85", "2016-03-31": "1.77", "2015-12-31": "1.70", "2015-09-30": "1.79", "2015-06-30": "1.83", "2015-03-31": "1.78", "2014-12-31": "1.72", "2014-09-30": "1.59", "2014-06-30": "1.57", "2014-03-31": "1.35", "2013-12-31": "1.22", "2013-09-30": "1.26", "2013-06-30": "1.29", "2013-03-31": "1.38", "2012-12-31": "1.26", "2012-09-30": "1.32", "2012-06-30": "1.39", "2012-03-31": "1.39", "2011-12-31": "1.23", "2011-09-30": "1.26", "2011-06-30": "1.13", "2011-03-31": "1.10", "2010-12-31": "0.97", "2010-09-30": "1.03", "2010-06-30": "1.07", "2010-03-31": "1.01", "2009-12-31": "0.94", "2009-09-30": "0.90", "2009-06-30": "0.84", "2009-03-31": "0.86", "2008-12-31": "0.89", "2008-09-30": "0.96", "2008-06-30": "1.03", "2008-03-31": "0.97", "2007-12-31": "0.91", "2007-09-30": "0.85", "2007-06-30": "0.83", "2007-03-31": "0.86", "2006-12-31": "0.81", "2006-09-30": "0.84", "2006-06-30": "0.84", "2006-03-31": "0.82", "2005-12-31": "0.81", "2005-09-30": "0.78", "2005-06-30": "0.70", "2005-03-31": "0.69"}, "return on equity": {"2020-09-30": "18.31%", "2020-06-30": "18.08%", "2020-03-31": "25.28%", "2019-12-31": "26.70%", "2019-09-30": "24.75%", "2019-06-30": "24.38%", "2019-03-31": "24.87%", "2018-12-31": "26.33%", "2018-09-30": "24.69%", "2018-06-30": "24.06%", "2018-03-31": "24.29%", "2017-12-31": "25.68%", "2017-09-30": "30.36%", "2017-06-30": "31.84%", "2017-03-31": "35.39%", "2016-12-31": "35.55%", "2016-09-30": "35.42%", "2016-06-30": "35.55%", "2016-03-31": "31.28%", "2015-12-31": "29.48%", "2015-09-30": "23.74%", "2015-06-30": "19.00%", "2015-03-31": "9.83%", "2014-12-31": "7.81%", "2014-09-30": "6.31%", "2014-06-30": "7.71%", "2014-03-31": "14.18%", "2013-12-31": "13.74%", "2013-09-30": "18.34%", "2013-06-30": "18.19%", "2013-03-31": "18.05%", "2012-12-31": "18.00%", "2012-09-30": "13.63%", "2012-06-30": "12.22%", "2012-03-31": "11.24%", "2011-12-31": "11.08%", "2011-09-30": "12.19%", "2011-06-30": "11.96%", "2011-03-31": "11.76%", "2010-12-31": "11.60%", "2010-09-30": "11.76%", "2010-06-30": "12.00%", "2010-03-31": "9.55%", "2009-12-31": "6.84%", "2009-09-30": "3.52%", "2009-06-30": "2.16%", "2009-03-31": "3.52%", "2008-12-31": "5.38%", "2008-09-30": "-4.44%", "2008-06-30": "-2.68%", "2008-03-31": "-1.96%", "2007-12-31": "-0.48%", "2007-09-30": "11.49%", "2007-06-30": "12.25%", "2007-03-31": "13.35%", "2006-12-31": "12.90%", "2006-09-30": "11.95%", "2006-06-30": "10.68%", "2006-03-31": "10.47%", "2005-12-31": "10.89%"}, "return on assets": {"2020-09-30": "4.87%", "2020-06-30": "4.72%", "2020-03-31": "6.49%", "2019-12-31": "6.81%", "2019-09-30": "6.59%", "2019-06-30": "6.87%", "2019-03-31": "7.44%", "2018-12-31": "8.58%", "2018-09-30": "8.01%", "2018-06-30": "7.94%", "2018-03-31": "8.23%", "2017-12-31": "8.83%", "2017-09-30": "10.67%", "2017-06-30": "11.24%", "2017-03-31": "12.55%", "2016-12-31": "12.78%", "2016-09-30": "12.77%", "2016-06-30": "12.81%", "2016-03-31": "11.28%", "2015-12-31": "10.62%", "2015-09-30": "8.54%", "2015-06-30": "6.97%", "2015-03-31": "3.69%", "2014-12-31": "3.06%", "2014-09-30": "2.60%", "2014-06-30": "3.29%", "2014-03-31": "6.23%", "2013-12-31": "6.01%", "2013-09-30": "7.99%", "2013-06-30": "7.87%", "2013-03-31": "7.73%", "2012-12-31": "7.70%", "2012-09-30": "5.84%", "2012-06-30": "5.27%", "2012-03-31": "5.00%", "2011-12-31": "5.09%", "2011-09-30": "5.78%", "2011-06-30": "5.82%", "2011-03-31": "5.76%", "2010-12-31": "5.75%", "2010-09-30": "5.85%", "2010-06-30": "6.07%", "2010-03-31": "4.97%", "2009-12-31": "3.63%", "2009-09-30": "1.88%", "2009-06-30": "1.14%", "2009-03-31": "1.81%", "2008-12-31": "2.73%", "2008-09-30": "-2.26%", "2008-06-30": "-1.39%", "2008-03-31": "-1.04%", "2007-12-31": "-0.26%", "2007-09-30": "6.25%", "2007-06-30": "6.67%", "2007-03-31": "7.26%", "2006-12-31": "7.06%", "2006-09-30": "6.54%", "2006-06-30": "5.89%", "2006-03-31": "5.89%", "2005-12-31": "6.25%"}, "return on investments": {"2020-09-30": "11.99%", "2020-06-30": "11.75%", "2020-03-31": "14.37%", "2019-12-31": "14.73%", "2019-09-30": "14.60%", "2019-06-30": "14.97%", "2019-03-31": "16.00%", "2018-12-31": "18.26%", "2018-09-30": "18.90%", "2018-06-30": "19.26%", "2018-03-31": "19.62%", "2017-12-31": "20.52%", "2017-09-30": "20.85%", "2017-06-30": "21.58%", "2017-03-31": "22.53%", "2016-12-31": "23.03%", "2016-09-30": "23.44%", "2016-06-30": "24.16%", "2016-03-31": "24.12%", "2015-12-31": "24.35%", "2015-09-30": "22.37%", "2015-06-30": "19.62%", "2015-03-31": "18.14%", "2014-12-31": "15.82%", "2014-09-30": "15.03%", "2014-06-30": "14.78%", "2014-03-31": "14.11%", "2013-12-31": "13.62%", "2013-09-30": "13.24%", "2013-06-30": "14.10%", "2013-03-31": "14.17%", "2012-12-31": "14.09%", "2012-09-30": "14.24%", "2012-06-30": "12.85%", "2012-03-31": "12.25%", "2011-12-31": "12.18%", "2011-09-30": "11.90%", "2011-06-30": "11.92%", "2011-03-31": "12.18%", "2010-12-31": "12.03%", "2010-09-30": "13.08%", "2010-06-30": "13.90%", "2010-03-31": "12.38%", "2009-12-31": "10.27%", "2009-09-30": "6.83%", "2009-06-30": "6.42%", "2009-03-31": "7.00%", "2008-12-31": "8.16%", "2008-09-30": "9.74%", "2008-06-30": "9.63%", "2008-03-31": "9.65%", "2007-12-31": "10.12%", "2007-09-30": "8.91%", "2007-06-30": "9.76%", "2007-03-31": "10.96%", "2006-12-31": "11.73%", "2006-09-30": "12.07%", "2006-06-30": "11.18%", "2006-03-31": "11.49%", "2005-12-31": "11.96%"}, "return on tangible equity": {"2020-09-30": "-26.98%", "2020-06-30": "-25.56%", "2020-03-31": "-35.33%", "2019-12-31": "-35.89%", "2019-09-30": "-44.12%", "2019-06-30": "-69.21%", "2019-03-31": "-186.75%", "2018-12-31": "223.77%", "2018-09-30": "192.03%", "2018-06-30": "174.88%", "2018-03-31": "167.89%", "2017-12-31": "195.66%", "2017-09-30": "252.51%", "2017-06-30": "290.46%", "2017-03-31": "355.45%", "2016-12-31": "346.31%", "2016-09-30": "374.76%", "2016-06-30": "416.13%", "2016-03-31": "380.11%", "2015-12-31": "359.23%", "2015-09-30": "279.27%", "2015-06-30": "182.50%", "2015-03-31": "75.85%", "2014-12-31": "51.11%", "2014-09-30": "36.28%", "2014-06-30": "42.74%", "2014-03-31": "79.13%", "2013-12-31": "77.64%", "2013-09-30": "107.07%", "2013-06-30": "110.76%", "2013-03-31": "118.28%", "2012-12-31": "131.40%", "2012-09-30": "94.48%", "2012-06-30": "77.34%", "2012-03-31": "58.45%", "2011-12-31": "48.35%", "2011-09-30": "48.52%", "2011-06-30": "43.95%", "2011-03-31": "41.93%", "2010-12-31": "39.98%", "2010-09-30": "40.11%", "2010-06-30": "39.64%", "2010-03-31": "29.97%", "2009-12-31": "20.67%", "2009-09-30": "10.22%", "2009-06-30": "5.94%", "2009-03-31": "9.05%", "2008-12-31": "12.98%", "2008-09-30": "-10.18%", "2008-06-30": "-6.19%", "2008-03-31": "-4.62%", "2007-12-31": "-1.14%", "2007-09-30": "27.87%", "2007-06-30": "28.95%", "2007-03-31": "31.09%", "2006-12-31": "29.25%", "2006-09-30": "26.86%", "2006-06-30": "23.03%", "2006-03-31": "21.61%", "2005-12-31": "21.66%"}, "dividend yield history": {"last payout": "$1.60", "last yield": "3.72%"}}