{"ticker": "LDOS", "price": {"title": "Leidos Holdings Historical Annual Stock Price Data", "value": 106.76, "historical": {"2020": {"Average Stock Price": "96.3660", "Year Open": "98.6200", "Year High": "123.2200", "Year Low": "70.8300", "Year Close": "105.1200", "Annual % Change": "7.39%"}, "2019": {"Average Stock Price": "76.5310", "Year Open": "52.0500", "Year High": "98.5300", "Year Low": "51.3300", "Year Close": "97.8900", "Annual % Change": "85.68%"}, "2018": {"Average Stock Price": "64.5752", "Year Open": "64.0000", "Year High": "71.9900", "Year Low": "50.5400", "Year Close": "52.7200", "Annual % Change": "-18.35%"}, "2017": {"Average Stock Price": "55.7948", "Year Open": "50.9500", "Year High": "65.2200", "Year Low": "48.3100", "Year Close": "64.5700", "Annual % Change": "26.26%"}, "2016": {"Average Stock Price": "47.3187", "Year Open": "54.1300", "Year High": "56.1900", "Year Low": "38.5000", "Year Close": "51.1400", "Annual % Change": "-9.10%"}, "2015": {"Average Stock Price": "45.0210", "Year Open": "43.1400", "Year High": "59.0500", "Year Low": "38.0500", "Year Close": "56.2600", "Annual % Change": "29.27%"}, "2014": {"Average Stock Price": "39.5349", "Year Open": "46.2500", "Year High": "47.8000", "Year Low": "33.2100", "Year Close": "43.5200", "Annual % Change": "-6.39%"}, "2013": {"Average Stock Price": "53.0602", "Year Open": "45.8400", "Year High": "64.1200", "Year Low": "40.6000", "Year Close": "46.4900", "Annual % Change": "2.67%"}, "2012": {"Average Stock Price": "47.6584", "Year Open": "50.4000", "Year High": "54.4400", "Year Low": "41.5200", "Year Close": "45.2800", "Annual % Change": "-7.89%"}, "2011": {"Average Stock Price": "60.3051", "Year Open": "64.1600", "Year High": "70.2400", "Year Low": "45.0400", "Year Close": "49.1600", "Annual % Change": "-22.51%"}, "2010": {"Average Stock Price": "68.1937", "Year Open": "76.4400", "Year High": "78.8000", "Year Low": "59.5200", "Year Close": "63.4400", "Annual % Change": "-16.26%"}, "2009": {"Average Stock Price": "73.0843", "Year Open": "78.6800", "Year High": "81.1200", "Year Low": "67.8800", "Year Close": "75.7600", "Annual % Change": "-2.77%"}, "2008": {"Average Stock Price": "76.5651", "Year Open": "77.7200", "Year High": "85.9600", "Year Low": "68.3600", "Year Close": "77.9200", "Annual % Change": "-3.18%"}, "2007": {"Average Stock Price": "73.9538", "Year Open": "72.7200", "Year High": "82.7600", "Year Low": "66.6000", "Year Close": "80.4800", "Annual % Change": "13.10%"}, "2006": {"Average Stock Price": "75.6669", "Year Open": "71.8800", "Year High": "81.3200", "Year Low": "69.0800", "Year Close": "71.1600", "Annual % Change": "0.00%"}}}, "market cap": {"value": "$15.19B"}, "income statement": {"Revenue": {"2019-12-31": "11094.00000", "2018-12-31": "10194.00000", "2017-12-31": "10170.00000", "2016-12-31": "7043.00000", "2015-12-31": "4712.00000", "2015-01-31": "5063.00000", "2014-01-31": "5755.00000", "2013-01-31": "6449.00000", "2012-01-31": "5836.00000", "2011-01-31": "10798.00000", "2010-01-31": "10580.00000", "2009-01-31": "10070.00000", "2008-01-31": "8926.00000", "2007-01-31": "8060.00000", "2006-01-31": "7518.00000", "2005-12-31": "", "2005-01-31": "7172.00000"}, "Cost Of Goods Sold": {"2019-12-31": "9546.00000", "2018-12-31": "8690.00000", "2017-12-31": "8738.00000", "2016-12-31": "6103.00000", "2015-12-31": "4146.00000", "2015-01-31": "4392.00000", "2014-01-31": "4992.00000", "2013-01-31": "5548.00000", "2012-01-31": "5351.00000", "2011-01-31": "9374.00000", "2010-01-31": "9151.00000", "2009-01-31": "8692.00000", "2008-01-31": "7686.00000", "2007-01-31": "6974.00000", "2006-01-31": "6568.00000", "2005-12-31": "", "2005-01-31": "6277.00000"}, "Gross Profit": {"2019-12-31": "1548.00000", "2018-12-31": "1504.00000", "2017-12-31": "1432.00000", "2016-12-31": "940.00000", "2015-12-31": "566.00000", "2015-01-31": "671.00000", "2014-01-31": "763.00000", "2013-01-31": "901.00000", "2012-01-31": "485.00000", "2011-01-31": "1424.00000", "2010-01-31": "1429.00000", "2009-01-31": "1378.00000", "2008-01-31": "1240.00000", "2007-01-31": "1086.00000", "2006-01-31": "950.00000", "2005-12-31": "", "2005-01-31": "895.00000"}, "Research And Development Expenses": {"2019-12-31": "", "2018-12-31": "", "2017-12-31": "", "2016-12-31": "", "2015-12-31": "", "2015-01-31": "", "2014-01-31": "", "2013-01-31": "", "2012-01-31": "", "2011-01-31": "", "2010-01-31": "", "2009-01-31": "", "2008-01-31": "", "2007-01-31": "", "2006-01-31": "", "2005-12-31": "", "2005-01-31": ""}, "SG&A Expenses": {"2019-12-31": "689.00000", "2018-12-31": "729.00000", "2017-12-31": "737.00000", "2016-12-31": "422.00000", "2015-12-31": "201.00000", "2015-01-31": "310.00000", "2014-01-31": "440.00000", "2013-01-31": "467.00000", "2012-01-31": "543.00000", "2011-01-31": "495.00000", "2010-01-31": "593.00000", "2009-01-31": "602.00000", "2008-01-31": "567.00000", "2007-01-31": "514.00000", "2006-01-31": "480.00000", "2005-12-31": "480.00000", "2005-01-31": "414.00000"}, "Other Operating Income Or Expenses": {"2019-12-31": "53.00000", "2018-12-31": "-26.00000", "2017-12-31": "-136.00000", "2016-12-31": "-101.00000", "2015-12-31": "-41.00000", "2015-01-31": "-86.00000", "2014-01-31": "-160.00000", "2013-01-31": "-13.00000", "2012-01-31": "", "2011-01-31": "", "2010-01-31": "", "2009-01-31": "", "2008-01-31": "", "2007-01-31": "", "2006-01-31": "", "2005-12-31": "", "2005-01-31": "2.00000"}, "Operating Expenses": {"2019-12-31": "10182.00000", "2018-12-31": "9445.00000", "2017-12-31": "9611.00000", "2016-12-31": "6626.00000", "2015-12-31": "4392.00000", "2015-01-31": "5277.00000", "2014-01-31": "5592.00000", "2013-01-31": "6028.00000", "2012-01-31": "5894.00000", "2011-01-31": "9869.00000", "2010-01-31": "9744.00000", "2009-01-31": "9294.00000", "2008-01-31": "8253.00000", "2007-01-31": "7488.00000", "2006-01-31": "7048.00000", "2005-12-31": "480.00000", "2005-01-31": "6689.00000"}, "Operating Income": {"2019-12-31": "912.00000", "2018-12-31": "749.00000", "2017-12-31": "559.00000", "2016-12-31": "417.00000", "2015-12-31": "320.00000", "2015-01-31": "-214.00000", "2014-01-31": "163.00000", "2013-01-31": "421.00000", "2012-01-31": "-58.00000", "2011-01-31": "929.00000", "2010-01-31": "836.00000", "2009-01-31": "776.00000", "2008-01-31": "673.00000", "2007-01-31": "572.00000", "2006-01-31": "470.00000", "2005-12-31": "-480.00000", "2005-01-31": "483.00000"}, "Total Non-Operating Income/Expense": {"2019-12-31": "-46.00000", "2018-12-31": "-139.00000", "2017-12-31": "-166.00000", "2016-12-31": "-99.00000", "2015-12-31": "35.00000", "2015-01-31": "-69.00000", "2014-01-31": "-75.00000", "2013-01-31": "-76.00000", "2012-01-31": "-104.00000", "2011-01-31": "-75.00000", "2010-01-31": "-68.00000", "2009-01-31": "-73.00000", "2008-01-31": "-40.00000", "2007-01-31": "24.00000", "2006-01-31": "-2.00000", "2005-12-31": "", "2005-01-31": "-84.00000"}, "Pre-Tax Income": {"2019-12-31": "866.00000", "2018-12-31": "610.00000", "2017-12-31": "393.00000", "2016-12-31": "318.00000", "2015-12-31": "355.00000", "2015-01-31": "-283.00000", "2014-01-31": "88.00000", "2013-01-31": "345.00000", "2012-01-31": "-162.00000", "2011-01-31": "854.00000", "2010-01-31": "768.00000", "2009-01-31": "703.00000", "2008-01-31": "633.00000", "2007-01-31": "596.00000", "2006-01-31": "468.00000", "2005-12-31": "-480.00000", "2005-01-31": "399.00000"}, "Income Taxes": {"2019-12-31": "196.00000", "2018-12-31": "28.00000", "2017-12-31": "29.00000", "2016-12-31": "72.00000", "2015-12-31": "112.00000", "2015-01-31": "47.00000", "2014-01-31": "4.00000", "2013-01-31": "22.00000", "2012-01-31": "73.00000", "2011-01-31": "307.00000", "2010-01-31": "289.00000", "2009-01-31": "256.00000", "2008-01-31": "243.00000", "2007-01-31": "231.00000", "2006-01-31": "133.00000", "2005-12-31": "", "2005-01-31": "130.00000"}, "Income After Taxes": {"2019-12-31": "670.00000", "2018-12-31": "582.00000", "2017-12-31": "364.00000", "2016-12-31": "246.00000", "2015-12-31": "243.00000", "2015-01-31": "-330.00000", "2014-01-31": "84.00000", "2013-01-31": "323.00000", "2012-01-31": "-235.00000", "2011-01-31": "547.00000", "2010-01-31": "479.00000", "2009-01-31": "447.00000", "2008-01-31": "390.00000", "2007-01-31": "365.00000", "2006-01-31": "335.00000", "2005-12-31": "-480.00000", "2005-01-31": "269.00000"}, "Other Income": {"2019-12-31": "", "2018-12-31": "", "2017-12-31": "", "2016-12-31": "", "2015-12-31": "", "2015-01-31": "", "2014-01-31": "", "2013-01-31": "", "2012-01-31": "", "2011-01-31": "", "2010-01-31": "", "2009-01-31": "", "2008-01-31": "", "2007-01-31": "", "2006-01-31": "", "2005-12-31": "", "2005-01-31": ""}, "Income From Continuous Operations": {"2019-12-31": "670.00000", "2018-12-31": "582.00000", "2017-12-31": "364.00000", "2016-12-31": "246.00000", "2015-12-31": "243.00000", "2015-01-31": "-330.00000", "2014-01-31": "84.00000", "2013-01-31": "323.00000", "2012-01-31": "-235.00000", "2011-01-31": "547.00000", "2010-01-31": "479.00000", "2009-01-31": "447.00000", "2008-01-31": "390.00000", "2007-01-31": "365.00000", "2006-01-31": "335.00000", "2005-12-31": "-480.00000", "2005-01-31": "269.00000"}, "Income From Discontinued Operations": {"2019-12-31": "", "2018-12-31": "", "2017-12-31": "", "2016-12-31": "", "2015-12-31": "-1.00000", "2015-01-31": "7.00000", "2014-01-31": "80.00000", "2013-01-31": "202.00000", "2012-01-31": "294.00000", "2011-01-31": "72.00000", "2010-01-31": "17.00000", "2009-01-31": "5.00000", "2008-01-31": "26.00000", "2007-01-31": "25.00000", "2006-01-31": "592.00000", "2005-12-31": "", "2005-01-31": "140.00000"}, "Net Income": {"2019-12-31": "667.00000", "2018-12-31": "581.00000", "2017-12-31": "366.00000", "2016-12-31": "244.00000", "2015-12-31": "242.00000", "2015-01-31": "-323.00000", "2014-01-31": "161.00000", "2013-01-31": "514.00000", "2012-01-31": "57.00000", "2011-01-31": "599.00000", "2010-01-31": "496.00000", "2009-01-31": "452.00000", "2008-01-31": "416.00000", "2007-01-31": "390.00000", "2006-01-31": "927.00000", "2005-12-31": "927.00000", "2005-01-31": "409.00000"}, "EBITDA": {"2019-12-31": "1157.00000", "2018-12-31": "1016.00000", "2017-12-31": "909.00000", "2016-12-31": "539.00000", "2015-12-31": "361.00000", "2015-01-31": "334.00000", "2014-01-31": "243.00000", "2013-01-31": "511.00000", "2012-01-31": "30.00000", "2011-01-31": "1039.00000", "2010-01-31": "926.00000", "2009-01-31": "865.00000", "2008-01-31": "750.00000", "2007-01-31": "643.00000", "2006-01-31": "538.00000", "2005-12-31": "-480.00000", "2005-01-31": "539.00000"}, "EBIT": {"2019-12-31": "912.00000", "2018-12-31": "749.00000", "2017-12-31": "559.00000", "2016-12-31": "417.00000", "2015-12-31": "320.00000", "2015-01-31": "-214.00000", "2014-01-31": "163.00000", "2013-01-31": "421.00000", "2012-01-31": "-58.00000", "2011-01-31": "929.00000", "2010-01-31": "836.00000", "2009-01-31": "776.00000", "2008-01-31": "673.00000", "2007-01-31": "572.00000", "2006-01-31": "470.00000", "2005-12-31": "-480.00000", "2005-01-31": "483.00000"}, "Basic Shares Outstanding": {"2019-12-31": "143.00000", "2018-12-31": "151.00000", "2017-12-31": "152.00000", "2016-12-31": "102.00000", "2015-12-31": "73.00000", "2015-01-31": "74.00000", "2014-01-31": "83.00000", "2013-01-31": "83.00000", "2012-01-31": "84.00000", "2011-01-31": "91.00000", "2010-01-31": "96.50000", "2009-01-31": "98.75000", "2008-01-31": "101.00000", "2007-01-31": "88.00000", "2006-01-31": "87.00000", "2005-12-31": "", "2005-01-31": "91.25000"}, "Shares Outstanding": {"2019-12-31": "145.00000", "2018-12-31": "153.00000", "2017-12-31": "154.00000", "2016-12-31": "104.00000", "2015-12-31": "74.00000", "2015-01-31": "74.00000", "2014-01-31": "83.00000", "2013-01-31": "83.00000", "2012-01-31": "84.00000", "2011-01-31": "91.50000", "2010-01-31": "97.50000", "2009-01-31": "100.50000", "2008-01-31": "103.75000", "2007-01-31": "91.00000", "2006-01-31": "89.75000", "2005-12-31": "", "2005-01-31": "93.75000"}, "Basic EPS": {"2019-12-31": "4.66000", "2018-12-31": "3.85000", "2017-12-31": "2.41000", "2016-12-31": "2.39000", "2015-12-31": "3.32000", "2015-01-31": "-4.36000", "2014-01-31": "1.94000", "2013-01-31": "6.19000", "2012-01-31": "0.68000", "2011-01-31": "6.60000", "2010-01-31": "5.00000", "2009-01-31": "4.44000", "2008-01-31": "4.00000", "2007-01-31": "4.44000", "2006-01-31": "10.64000", "2005-12-31": "", "2005-01-31": "4.48000"}, "EPS - Earnings Per Share": {"2019-12-31": "4.60000", "2018-12-31": "3.80000", "2017-12-31": "2.38000", "2016-12-31": "2.35000", "2015-12-31": "3.27000", "2015-01-31": "-4.36000", "2014-01-31": "1.94000", "2013-01-31": "6.19000", "2012-01-31": "0.68000", "2011-01-31": "6.56000", "2010-01-31": "4.92000", "2009-01-31": "4.36000", "2008-01-31": "3.92000", "2007-01-31": "4.28000", "2006-01-31": "10.32000", "2005-12-31": "0.00000", "2005-01-31": "4.36000"}}, "income statement, quarterly": {"Revenue": {"2020-09-30": "3242.00000", "2020-06-30": "2914.00000", "2020-03-31": "2889.00000", "2019-12-31": "2954.00000", "2019-09-30": "2835.00000", "2019-06-30": "2728.00000", "2019-03-31": "2577.00000", "2018-12-31": "2647.00000", "2018-09-30": "2575.00000", "2018-06-30": "2529.00000", "2018-03-31": "2443.00000", "2017-12-31": "2516.00000", "2017-09-30": "2503.00000", "2017-06-30": "2571.00000", "2017-03-31": "2580.00000", "2016-12-31": "2575.00000", "2016-09-30": "1868.00000", "2016-06-30": "1288.00000", "2016-03-31": "1312.00000", "2015-12-31": "907.00000", "2015-09-30": "1302.00000", "2015-06-30": "1257.00000", "2015-03-31": "1246.00000", "2015-01-31": "", "2014-10-31": "1276.00000", "2014-07-31": "1306.00000", "2014-04-30": "1312.00000", "2014-01-31": "", "2013-10-31": "1414.00000", "2013-07-31": "1457.00000", "2013-04-30": "1597.00000", "2013-01-31": "1580.00000", "2012-10-31": "1673.00000", "2012-07-31": "2826.00000", "2012-04-30": "2764.00000", "2012-01-31": "2471.00000", "2011-10-31": "2790.00000", "2011-07-31": "2596.00000", "2011-04-30": "2688.00000", "2011-01-31": "2724.00000", "2010-10-31": "2821.00000", "2010-07-31": "2749.00000", "2010-04-30": "2627.00000", "2010-01-31": "", "2009-10-31": "2765.00000", "2009-07-31": "2749.00000", "2009-04-30": "2649.00000", "2009-01-31": "", "2008-10-31": "2631.00000", "2008-07-31": "2554.00000", "2008-04-30": "2367.00000", "2008-01-31": "", "2007-10-31": "2364.00000", "2007-07-31": "2222.00000", "2007-04-30": "2011.00000", "2007-01-31": "", "2006-10-31": "2081.00000", "2006-07-31": "1994.00000", "2006-04-30": "1954.00000", "2006-01-31": "", "2005-10-31": "2024.00000"}, "Cost Of Goods Sold": {"2020-09-30": "2774.00000", "2020-06-30": "2531.00000", "2020-03-31": "2494.00000", "2019-12-31": "2527.00000", "2019-09-30": "2450.00000", "2019-06-30": "2348.00000", "2019-03-31": "2221.00000", "2018-12-31": "2278.00000", "2018-09-30": "2174.00000", "2018-06-30": "2152.00000", "2018-03-31": "2086.00000", "2017-12-31": "2179.00000", "2017-09-30": "2136.00000", "2017-06-30": "2190.00000", "2017-03-31": "2233.00000", "2016-12-31": "2178.00000", "2016-09-30": "1630.00000", "2016-06-30": "1141.00000", "2016-03-31": "1154.00000", "2015-12-31": "802.00000", "2015-09-30": "1138.00000", "2015-06-30": "1113.00000", "2015-03-31": "1093.00000", "2015-01-31": "", "2014-10-31": "1115.00000", "2014-07-31": "1119.00000", "2014-04-30": "1141.00000", "2014-01-31": "", "2013-10-31": "1219.00000", "2013-07-31": "1293.00000", "2013-04-30": "1377.00000", "2013-01-31": "1351.00000", "2012-10-31": "1434.00000", "2012-07-31": "2485.00000", "2012-04-30": "2433.00000", "2012-01-31": "2479.00000", "2011-10-31": "2477.00000", "2011-07-31": "2258.00000", "2011-04-30": "2357.00000", "2011-01-31": "2375.00000", "2010-10-31": "2445.00000", "2010-07-31": "2351.00000", "2010-04-30": "2305.00000", "2010-01-31": "", "2009-10-31": "2378.00000", "2009-07-31": "2369.00000", "2009-04-30": "2295.00000", "2009-01-31": "", "2008-10-31": "2277.00000", "2008-07-31": "2200.00000", "2008-04-30": "2052.00000", "2008-01-31": "", "2007-10-31": "2026.00000", "2007-07-31": "1910.00000", "2007-04-30": "1746.00000", "2007-01-31": "", "2006-10-31": "1807.00000", "2006-07-31": "1714.00000", "2006-04-30": "1684.00000", "2006-01-31": "", "2005-10-31": "1793.00000"}, "Gross Profit": {"2020-09-30": "468.00000", "2020-06-30": "383.00000", "2020-03-31": "395.00000", "2019-12-31": "427.00000", "2019-09-30": "385.00000", "2019-06-30": "380.00000", "2019-03-31": "356.00000", "2018-12-31": "369.00000", "2018-09-30": "401.00000", "2018-06-30": "377.00000", "2018-03-31": "357.00000", "2017-12-31": "337.00000", "2017-09-30": "367.00000", "2017-06-30": "381.00000", "2017-03-31": "347.00000", "2016-12-31": "397.00000", "2016-09-30": "238.00000", "2016-06-30": "147.00000", "2016-03-31": "158.00000", "2015-12-31": "105.00000", "2015-09-30": "164.00000", "2015-06-30": "144.00000", "2015-03-31": "153.00000", "2015-01-31": "", "2014-10-31": "161.00000", "2014-07-31": "187.00000", "2014-04-30": "171.00000", "2014-01-31": "", "2013-10-31": "195.00000", "2013-07-31": "164.00000", "2013-04-30": "220.00000", "2013-01-31": "229.00000", "2012-10-31": "239.00000", "2012-07-31": "341.00000", "2012-04-30": "331.00000", "2012-01-31": "-8.00000", "2011-10-31": "313.00000", "2011-07-31": "338.00000", "2011-04-30": "331.00000", "2011-01-31": "349.00000", "2010-10-31": "376.00000", "2010-07-31": "398.00000", "2010-04-30": "322.00000", "2010-01-31": "", "2009-10-31": "387.00000", "2009-07-31": "380.00000", "2009-04-30": "354.00000", "2009-01-31": "", "2008-10-31": "354.00000", "2008-07-31": "354.00000", "2008-04-30": "315.00000", "2008-01-31": "", "2007-10-31": "338.00000", "2007-07-31": "312.00000", "2007-04-30": "265.00000", "2007-01-31": "", "2006-10-31": "274.00000", "2006-07-31": "280.00000", "2006-04-30": "270.00000", "2006-01-31": "", "2005-10-31": "231.00000"}, "Research And Development Expenses": {"2020-09-30": "", "2020-06-30": "", "2020-03-31": "", "2019-12-31": "", "2019-09-30": "", "2019-06-30": "", "2019-03-31": "", "2018-12-31": "", "2018-09-30": "", "2018-06-30": "", "2018-03-31": "", "2017-12-31": "", "2017-09-30": "", "2017-06-30": "", "2017-03-31": "", "2016-12-31": "", "2016-09-30": "", "2016-06-30": "", "2016-03-31": "", "2015-12-31": "", "2015-09-30": "", "2015-06-30": "", "2015-03-31": "", "2015-01-31": "", "2014-10-31": "", "2014-07-31": "", "2014-04-30": "", "2014-01-31": "", "2013-10-31": "", "2013-07-31": "", "2013-04-30": "", "2013-01-31": "", "2012-10-31": "", "2012-07-31": "", "2012-04-30": "", "2012-01-31": "", "2011-10-31": "", "2011-07-31": "", "2011-04-30": "", "2011-01-31": "", "2010-10-31": "", "2010-07-31": "", "2010-04-30": "", "2010-01-31": "", "2009-10-31": "", "2009-07-31": "", "2009-04-30": "", "2009-01-31": "", "2008-10-31": "", "2008-07-31": "", "2008-04-30": "", "2008-01-31": "", "2007-10-31": "", "2007-07-31": "", "2007-04-30": "", "2007-01-31": "", "2006-10-31": "", "2006-07-31": "", "2006-04-30": "", "2006-01-31": "", "2005-10-31": ""}, "SG&A Expenses": {"2020-09-30": "200.00000", "2020-06-30": "195.00000", "2020-03-31": "197.00000", "2019-12-31": "171.00000", "2019-09-30": "177.00000", "2019-06-30": "175.00000", "2019-03-31": "166.00000", "2018-12-31": "183.00000", "2018-09-30": "194.00000", "2018-06-30": "174.00000", "2018-03-31": "178.00000", "2017-12-31": "176.00000", "2017-09-30": "194.00000", "2017-06-30": "186.00000", "2017-03-31": "181.00000", "2016-12-31": "218.00000", "2016-09-30": "88.00000", "2016-06-30": "56.00000", "2016-03-31": "60.00000", "2015-12-31": "22.00000", "2015-09-30": "53.00000", "2015-06-30": "51.00000", "2015-03-31": "75.00000", "2015-01-31": "", "2014-10-31": "72.00000", "2014-07-31": "87.00000", "2014-04-30": "84.00000", "2014-01-31": "", "2013-10-31": "113.00000", "2013-07-31": "105.00000", "2013-04-30": "128.00000", "2013-01-31": "", "2012-10-31": "139.00000", "2012-07-31": "152.00000", "2012-04-30": "123.00000", "2012-01-31": "", "2011-10-31": "333.00000", "2011-07-31": "129.00000", "2011-04-30": "101.00000", "2011-01-31": "132.00000", "2010-10-31": "124.00000", "2010-07-31": "126.00000", "2010-04-30": "116.00000", "2010-01-31": "", "2009-10-31": "154.00000", "2009-07-31": "159.00000", "2009-04-30": "150.00000", "2009-01-31": "", "2008-10-31": "149.00000", "2008-07-31": "165.00000", "2008-04-30": "141.00000", "2008-01-31": "", "2007-10-31": "149.00000", "2007-07-31": "139.00000", "2007-04-30": "129.00000", "2007-01-31": "", "2006-10-31": "133.00000", "2006-07-31": "129.00000", "2006-04-30": "128.00000", "2006-01-31": "", "2005-10-31": "125.00000"}, "Other Operating Income Or Expenses": {"2020-09-30": "-10.00000", "2020-06-30": "61.00000", "2020-03-31": "6.00000", "2019-12-31": "3.00000", "2019-09-30": "41.00000", "2019-06-30": "5.00000", "2019-03-31": "4.00000", "2018-12-31": "-22.00000", "2018-09-30": "3.00000", "2018-06-30": "-4.00000", "2018-03-31": "-3.00000", "2017-12-31": "-100.00000", "2017-09-30": "5.00000", "2017-06-30": "-29.00000", "2017-03-31": "-12.00000", "2016-12-31": "-33.00000", "2016-09-30": "-44.00000", "2016-06-30": "-15.00000", "2016-03-31": "-9.00000", "2015-12-31": "45.00000", "2015-09-30": "-17.00000", "2015-06-30": "-29.00000", "2015-03-31": "-40.00000", "2015-01-31": "", "2014-10-31": "-17.00000", "2014-07-31": "-24.00000", "2014-04-30": "", "2014-01-31": "", "2013-10-31": "-87.00000", "2013-07-31": "-49.00000", "2013-04-30": "-16.00000", "2013-01-31": "-13.00000", "2012-10-31": "", "2012-07-31": "", "2012-04-30": "", "2012-01-31": "", "2011-10-31": "", "2011-07-31": "", "2011-04-30": "", "2011-01-31": "", "2010-10-31": "", "2010-07-31": "", "2010-04-30": "", "2010-01-31": "", "2009-10-31": "", "2009-07-31": "", "2009-04-30": "", "2009-01-31": "", "2008-10-31": "", "2008-07-31": "", "2008-04-30": "", "2008-01-31": "", "2007-10-31": "", "2007-07-31": "", "2007-04-30": "", "2007-01-31": "", "2006-10-31": "", "2006-07-31": "", "2006-04-30": "", "2006-01-31": "", "2005-10-31": ""}, "Operating Expenses": {"2020-09-30": "2984.00000", "2020-06-30": "2665.00000", "2020-03-31": "2697.00000", "2019-12-31": "2693.00000", "2019-09-30": "2586.00000", "2019-06-30": "2518.00000", "2019-03-31": "2385.00000", "2018-12-31": "2459.00000", "2018-09-30": "2372.00000", "2018-06-30": "2330.00000", "2018-03-31": "2284.00000", "2017-12-31": "2415.00000", "2017-09-30": "2352.00000", "2017-06-30": "2405.00000", "2017-03-31": "2439.00000", "2016-12-31": "2423.00000", "2016-09-30": "1767.00000", "2016-06-30": "1213.00000", "2016-03-31": "1223.00000", "2015-12-31": "783.00000", "2015-09-30": "1208.00000", "2015-06-30": "1193.00000", "2015-03-31": "1208.00000", "2015-01-31": "", "2014-10-31": "1204.00000", "2014-07-31": "1716.00000", "2014-04-30": "1225.00000", "2014-01-31": "", "2013-10-31": "1419.00000", "2013-07-31": "1447.00000", "2013-04-30": "1521.00000", "2013-01-31": "", "2012-10-31": "1573.00000", "2012-07-31": "2637.00000", "2012-04-30": "2556.00000", "2012-01-31": "", "2011-10-31": "2810.00000", "2011-07-31": "2387.00000", "2011-04-30": "2458.00000", "2011-01-31": "2507.00000", "2010-10-31": "2569.00000", "2010-07-31": "2477.00000", "2010-04-30": "2421.00000", "2010-01-31": "", "2009-10-31": "2532.00000", "2009-07-31": "2528.00000", "2009-04-30": "2445.00000", "2009-01-31": "", "2008-10-31": "2426.00000", "2008-07-31": "2365.00000", "2008-04-30": "2193.00000", "2008-01-31": "", "2007-10-31": "2175.00000", "2007-07-31": "2049.00000", "2007-04-30": "1875.00000", "2007-01-31": "", "2006-10-31": "1940.00000", "2006-07-31": "1843.00000", "2006-04-30": "1812.00000", "2006-01-31": "", "2005-10-31": "1918.00000"}, "Operating Income": {"2020-09-30": "258.00000", "2020-06-30": "249.00000", "2020-03-31": "192.00000", "2019-12-31": "261.00000", "2019-09-30": "249.00000", "2019-06-30": "210.00000", "2019-03-31": "192.00000", "2018-12-31": "188.00000", "2018-09-30": "203.00000", "2018-06-30": "199.00000", "2018-03-31": "159.00000", "2017-12-31": "101.00000", "2017-09-30": "151.00000", "2017-06-30": "166.00000", "2017-03-31": "141.00000", "2016-12-31": "152.00000", "2016-09-30": "101.00000", "2016-06-30": "75.00000", "2016-03-31": "89.00000", "2015-12-31": "124.00000", "2015-09-30": "94.00000", "2015-06-30": "64.00000", "2015-03-31": "38.00000", "2015-01-31": "", "2014-10-31": "72.00000", "2014-07-31": "-410.00000", "2014-04-30": "87.00000", "2014-01-31": "", "2013-10-31": "-5.00000", "2013-07-31": "10.00000", "2013-04-30": "76.00000", "2013-01-31": "1580.00000", "2012-10-31": "100.00000", "2012-07-31": "189.00000", "2012-04-30": "208.00000", "2012-01-31": "2471.00000", "2011-10-31": "-20.00000", "2011-07-31": "209.00000", "2011-04-30": "230.00000", "2011-01-31": "217.00000", "2010-10-31": "252.00000", "2010-07-31": "272.00000", "2010-04-30": "206.00000", "2010-01-31": "", "2009-10-31": "233.00000", "2009-07-31": "221.00000", "2009-04-30": "204.00000", "2009-01-31": "", "2008-10-31": "205.00000", "2008-07-31": "189.00000", "2008-04-30": "174.00000", "2008-01-31": "", "2007-10-31": "189.00000", "2007-07-31": "173.00000", "2007-04-30": "136.00000", "2007-01-31": "", "2006-10-31": "141.00000", "2006-07-31": "151.00000", "2006-04-30": "142.00000", "2006-01-31": "", "2005-10-31": "106.00000"}, "Total Non-Operating Income/Expense": {"2020-09-30": "-44.00000", "2020-06-30": "-57.00000", "2020-03-31": "-62.00000", "2019-12-31": "-34.00000", "2019-09-30": "-35.00000", "2019-06-30": "-31.00000", "2019-03-31": "54.00000", "2018-12-31": "-38.00000", "2018-09-30": "-33.00000", "2018-06-30": "-34.00000", "2018-03-31": "-34.00000", "2017-12-31": "-67.00000", "2017-09-30": "-35.00000", "2017-06-30": "-31.00000", "2017-03-31": "-33.00000", "2016-12-31": "-47.00000", "2016-09-30": "-26.00000", "2016-06-30": "-15.00000", "2016-03-31": "-11.00000", "2015-12-31": "76.00000", "2015-09-30": "-14.00000", "2015-06-30": "-12.00000", "2015-03-31": "-15.00000", "2015-01-31": "", "2014-10-31": "-18.00000", "2014-07-31": "-20.00000", "2014-04-30": "-18.00000", "2014-01-31": "", "2013-10-31": "-14.00000", "2013-07-31": "-12.00000", "2013-04-30": "-15.00000", "2013-01-31": "", "2012-10-31": "-17.00000", "2012-07-31": "-18.00000", "2012-04-30": "-25.00000", "2012-01-31": "", "2011-10-31": "-29.00000", "2011-07-31": "-27.00000", "2011-04-30": "-23.00000", "2011-01-31": "-25.00000", "2010-10-31": "-12.00000", "2010-07-31": "-20.00000", "2010-04-30": "-18.00000", "2010-01-31": "", "2009-10-31": "-16.00000", "2009-07-31": "-19.00000", "2009-04-30": "-15.00000", "2009-01-31": "", "2008-10-31": "-31.00000", "2008-07-31": "-12.00000", "2008-04-30": "-3.00000", "2008-01-31": "", "2007-10-31": "-8.00000", "2007-07-31": "-14.00000", "2007-04-30": "-10.00000", "2007-01-31": "", "2006-10-31": "13.00000", "2006-07-31": "9.00000", "2006-04-30": "5.00000", "2006-01-31": "", "2005-10-31": "5.00000"}, "Pre-Tax Income": {"2020-09-30": "214.00000", "2020-06-30": "192.00000", "2020-03-31": "130.00000", "2019-12-31": "227.00000", "2019-09-30": "214.00000", "2019-06-30": "179.00000", "2019-03-31": "246.00000", "2018-12-31": "150.00000", "2018-09-30": "170.00000", "2018-06-30": "165.00000", "2018-03-31": "125.00000", "2017-12-31": "34.00000", "2017-09-30": "116.00000", "2017-06-30": "135.00000", "2017-03-31": "108.00000", "2016-12-31": "105.00000", "2016-09-30": "75.00000", "2016-06-30": "60.00000", "2016-03-31": "78.00000", "2015-12-31": "200.00000", "2015-09-30": "80.00000", "2015-06-30": "52.00000", "2015-03-31": "23.00000", "2015-01-31": "", "2014-10-31": "54.00000", "2014-07-31": "-430.00000", "2014-04-30": "69.00000", "2014-01-31": "", "2013-10-31": "-19.00000", "2013-07-31": "-2.00000", "2013-04-30": "61.00000", "2013-01-31": "75.00000", "2012-10-31": "83.00000", "2012-07-31": "171.00000", "2012-04-30": "183.00000", "2012-01-31": "-139.00000", "2011-10-31": "-49.00000", "2011-07-31": "182.00000", "2011-04-30": "207.00000", "2011-01-31": "192.00000", "2010-10-31": "240.00000", "2010-07-31": "252.00000", "2010-04-30": "188.00000", "2010-01-31": "", "2009-10-31": "217.00000", "2009-07-31": "202.00000", "2009-04-30": "189.00000", "2009-01-31": "", "2008-10-31": "174.00000", "2008-07-31": "177.00000", "2008-04-30": "171.00000", "2008-01-31": "", "2007-10-31": "181.00000", "2007-07-31": "159.00000", "2007-04-30": "126.00000", "2007-01-31": "", "2006-10-31": "154.00000", "2006-07-31": "160.00000", "2006-04-30": "147.00000", "2006-01-31": "", "2005-10-31": "111.00000"}, "Income Taxes": {"2020-09-30": "51.00000", "2020-06-30": "38.00000", "2020-03-31": "15.00000", "2019-12-31": "46.00000", "2019-09-30": "52.00000", "2019-06-30": "41.00000", "2019-03-31": "57.00000", "2018-12-31": "-38.00000", "2018-09-30": "23.00000", "2018-06-30": "20.00000", "2018-03-31": "23.00000", "2017-12-31": "-79.00000", "2017-09-30": "37.00000", "2017-06-30": "37.00000", "2017-03-31": "34.00000", "2016-12-31": "45.00000", "2016-09-30": "-17.00000", "2016-06-30": "19.00000", "2016-03-31": "25.00000", "2015-12-31": "66.00000", "2015-09-30": "31.00000", "2015-06-30": "15.00000", "2015-03-31": "", "2015-01-31": "", "2014-10-31": "16.00000", "2014-07-31": "9.00000", "2014-04-30": "24.00000", "2014-01-31": "", "2013-10-31": "-11.00000", "2013-07-31": "-6.00000", "2013-04-30": "21.00000", "2013-01-31": "-73.00000", "2012-10-31": "28.00000", "2012-07-31": "63.00000", "2012-04-30": "66.00000", "2012-01-31": "22.00000", "2011-10-31": "43.00000", "2011-07-31": "70.00000", "2011-04-30": "77.00000", "2011-01-31": "66.00000", "2010-10-31": "89.00000", "2010-07-31": "95.00000", "2010-04-30": "64.00000", "2010-01-31": "", "2009-10-31": "82.00000", "2009-07-31": "77.00000", "2009-04-30": "72.00000", "2009-01-31": "", "2008-10-31": "56.00000", "2008-07-31": "72.00000", "2008-04-30": "66.00000", "2008-01-31": "", "2007-10-31": "71.00000", "2007-07-31": "60.00000", "2007-04-30": "51.00000", "2007-01-31": "", "2006-10-31": "64.00000", "2006-07-31": "60.00000", "2006-04-30": "54.00000", "2006-01-31": "", "2005-10-31": "40.00000"}, "Income After Taxes": {"2020-09-30": "163.00000", "2020-06-30": "154.00000", "2020-03-31": "115.00000", "2019-12-31": "181.00000", "2019-09-30": "162.00000", "2019-06-30": "138.00000", "2019-03-31": "189.00000", "2018-12-31": "188.00000", "2018-09-30": "147.00000", "2018-06-30": "145.00000", "2018-03-31": "102.00000", "2017-12-31": "113.00000", "2017-09-30": "79.00000", "2017-06-30": "98.00000", "2017-03-31": "74.00000", "2016-12-31": "60.00000", "2016-09-30": "92.00000", "2016-06-30": "41.00000", "2016-03-31": "53.00000", "2015-12-31": "134.00000", "2015-09-30": "49.00000", "2015-06-30": "37.00000", "2015-03-31": "23.00000", "2015-01-31": "", "2014-10-31": "38.00000", "2014-07-31": "-439.00000", "2014-04-30": "45.00000", "2014-01-31": "", "2013-10-31": "-8.00000", "2013-07-31": "4.00000", "2013-04-30": "40.00000", "2013-01-31": "", "2012-10-31": "55.00000", "2012-07-31": "108.00000", "2012-04-30": "117.00000", "2012-01-31": "", "2011-10-31": "-92.00000", "2011-07-31": "112.00000", "2011-04-30": "130.00000", "2011-01-31": "126.00000", "2010-10-31": "151.00000", "2010-07-31": "157.00000", "2010-04-30": "124.00000", "2010-01-31": "", "2009-10-31": "135.00000", "2009-07-31": "125.00000", "2009-04-30": "117.00000", "2009-01-31": "", "2008-10-31": "118.00000", "2008-07-31": "105.00000", "2008-04-30": "105.00000", "2008-01-31": "", "2007-10-31": "110.00000", "2007-07-31": "99.00000", "2007-04-30": "75.00000", "2007-01-31": "", "2006-10-31": "90.00000", "2006-07-31": "100.00000", "2006-04-30": "93.00000", "2006-01-31": "", "2005-10-31": "71.00000"}, "Other Income": {"2020-09-30": "", "2020-06-30": "", "2020-03-31": "", "2019-12-31": "", "2019-09-30": "", "2019-06-30": "", "2019-03-31": "", "2018-12-31": "", "2018-09-30": "", "2018-06-30": "", "2018-03-31": "", "2017-12-31": "", "2017-09-30": "", "2017-06-30": "", "2017-03-31": "", "2016-12-31": "", "2016-09-30": "", "2016-06-30": "", "2016-03-31": "", "2015-12-31": "", "2015-09-30": "", "2015-06-30": "", "2015-03-31": "", "2015-01-31": "", "2014-10-31": "", "2014-07-31": "", "2014-04-30": "", "2014-01-31": "", "2013-10-31": "", "2013-07-31": "", "2013-04-30": "", "2013-01-31": "", "2012-10-31": "", "2012-07-31": "", "2012-04-30": "", "2012-01-31": "", "2011-10-31": "", "2011-07-31": "", "2011-04-30": "", "2011-01-31": "", "2010-10-31": "", "2010-07-31": "", "2010-04-30": "", "2010-01-31": "", "2009-10-31": "", "2009-07-31": "", "2009-04-30": "", "2009-01-31": "", "2008-10-31": "", "2008-07-31": "", "2008-04-30": "", "2008-01-31": "", "2007-10-31": "", "2007-07-31": "", "2007-04-30": "", "2007-01-31": "", "2006-10-31": "", "2006-07-31": "", "2006-04-30": "", "2006-01-31": "", "2005-10-31": ""}, "Income From Continuous Operations": {"2020-09-30": "163.00000", "2020-06-30": "154.00000", "2020-03-31": "115.00000", "2019-12-31": "181.00000", "2019-09-30": "162.00000", "2019-06-30": "138.00000", "2019-03-31": "189.00000", "2018-12-31": "188.00000", "2018-09-30": "147.00000", "2018-06-30": "145.00000", "2018-03-31": "102.00000", "2017-12-31": "113.00000", "2017-09-30": "79.00000", "2017-06-30": "98.00000", "2017-03-31": "74.00000", "2016-12-31": "60.00000", "2016-09-30": "92.00000", "2016-06-30": "41.00000", "2016-03-31": "53.00000", "2015-12-31": "134.00000", "2015-09-30": "49.00000", "2015-06-30": "37.00000", "2015-03-31": "23.00000", "2015-01-31": "", "2014-10-31": "38.00000", "2014-07-31": "-439.00000", "2014-04-30": "45.00000", "2014-01-31": "", "2013-10-31": "-8.00000", "2013-07-31": "4.00000", "2013-04-30": "40.00000", "2013-01-31": "148.00000", "2012-10-31": "55.00000", "2012-07-31": "108.00000", "2012-04-30": "117.00000", "2012-01-31": "-161.00000", "2011-10-31": "-92.00000", "2011-07-31": "112.00000", "2011-04-30": "130.00000", "2011-01-31": "126.00000", "2010-10-31": "151.00000", "2010-07-31": "157.00000", "2010-04-30": "124.00000", "2010-01-31": "", "2009-10-31": "135.00000", "2009-07-31": "125.00000", "2009-04-30": "117.00000", "2009-01-31": "", "2008-10-31": "118.00000", "2008-07-31": "105.00000", "2008-04-30": "105.00000", "2008-01-31": "", "2007-10-31": "110.00000", "2007-07-31": "99.00000", "2007-04-30": "75.00000", "2007-01-31": "", "2006-10-31": "90.00000", "2006-07-31": "100.00000", "2006-04-30": "93.00000", "2006-01-31": "", "2005-10-31": "71.00000"}, "Income From Discontinued Operations": {"2020-09-30": "", "2020-06-30": "", "2020-03-31": "", "2019-12-31": "", "2019-09-30": "", "2019-06-30": "", "2019-03-31": "", "2018-12-31": "", "2018-09-30": "", "2018-06-30": "", "2018-03-31": "", "2017-12-31": "", "2017-09-30": "", "2017-06-30": "", "2017-03-31": "", "2016-12-31": "", "2016-09-30": "", "2016-06-30": "", "2016-03-31": "", "2015-12-31": "-19.00000", "2015-09-30": "", "2015-06-30": "", "2015-03-31": "18.00000", "2015-01-31": "", "2014-10-31": "-4.00000", "2014-07-31": "1.00000", "2014-04-30": "-8.00000", "2014-01-31": "", "2013-10-31": "5.00000", "2013-07-31": "38.00000", "2013-04-30": "41.00000", "2013-01-31": "38.00000", "2012-10-31": "57.00000", "2012-07-31": "2.00000", "2012-04-30": "", "2012-01-31": "0.00000", "2011-10-31": "3.00000", "2011-07-31": "66.00000", "2011-04-30": "1.00000", "2011-01-31": "5.00000", "2010-10-31": "22.00000", "2010-07-31": "33.00000", "2010-04-30": "1.00000", "2010-01-31": "", "2009-10-31": "0.00000", "2009-07-31": "-2.00000", "2009-04-30": "-1.00000", "2009-01-31": "", "2008-10-31": "2.00000", "2008-07-31": "4.00000", "2008-04-30": "-2.00000", "2008-01-31": "", "2007-10-31": "-5.00000", "2007-07-31": "32.00000", "2007-04-30": "5.00000", "2007-01-31": "", "2006-10-31": "8.00000", "2006-07-31": "3.00000", "2006-04-30": "13.00000", "2006-01-31": "", "2005-10-31": "20.00000"}, "Net Income": {"2020-09-30": "163.00000", "2020-06-30": "153.00000", "2020-03-31": "115.00000", "2019-12-31": "181.00000", "2019-09-30": "161.00000", "2019-06-30": "136.00000", "2019-03-31": "189.00000", "2018-12-31": "188.00000", "2018-09-30": "147.00000", "2018-06-30": "144.00000", "2018-03-31": "102.00000", "2017-12-31": "114.00000", "2017-09-30": "82.00000", "2017-06-30": "98.00000", "2017-03-31": "72.00000", "2016-12-31": "59.00000", "2016-09-30": "91.00000", "2016-06-30": "41.00000", "2016-03-31": "53.00000", "2015-12-31": "115.00000", "2015-09-30": "49.00000", "2015-06-30": "37.00000", "2015-03-31": "41.00000", "2015-01-31": "", "2014-10-31": "34.00000", "2014-07-31": "-438.00000", "2014-04-30": "37.00000", "2014-01-31": "", "2013-10-31": "-3.00000", "2013-07-31": "42.00000", "2013-04-30": "77.00000", "2013-01-31": "182.00000", "2012-10-31": "110.00000", "2012-07-31": "108.00000", "2012-04-30": "114.00000", "2012-01-31": "-161.00000", "2011-10-31": "-89.00000", "2011-07-31": "171.00000", "2011-04-30": "127.00000", "2011-01-31": "131.00000", "2010-10-31": "167.00000", "2010-07-31": "190.00000", "2010-04-30": "125.00000", "2010-01-31": "", "2009-10-31": "135.00000", "2009-07-31": "123.00000", "2009-04-30": "116.00000", "2009-01-31": "", "2008-10-31": "120.00000", "2008-07-31": "109.00000", "2008-04-30": "103.00000", "2008-01-31": "", "2007-10-31": "105.00000", "2007-07-31": "131.00000", "2007-04-30": "80.00000", "2007-01-31": "", "2006-10-31": "98.00000", "2006-07-31": "103.00000", "2006-04-30": "106.00000", "2006-01-31": "", "2005-10-31": "91.00000"}, "EBITDA": {"2020-09-30": "340.00000", "2020-06-30": "320.00000", "2020-03-31": "253.00000", "2019-12-31": "332.00000", "2019-09-30": "308.00000", "2019-06-30": "267.00000", "2019-03-31": "250.00000", "2018-12-31": "262.00000", "2018-09-30": "267.00000", "2018-06-30": "265.00000", "2018-03-31": "222.00000", "2017-12-31": "197.00000", "2017-09-30": "243.00000", "2017-06-30": "246.00000", "2017-03-31": "223.00000", "2016-12-31": "220.00000", "2016-09-30": "138.00000", "2016-06-30": "84.00000", "2016-03-31": "97.00000", "2015-12-31": "130.00000", "2015-09-30": "105.00000", "2015-06-30": "76.00000", "2015-03-31": "50.00000", "2015-01-31": "", "2014-10-31": "608.00000", "2014-07-31": "92.00000", "2014-04-30": "-431.00000", "2014-01-31": "-26.00000", "2013-10-31": "59.00000", "2013-07-31": "35.00000", "2013-04-30": "38.00000", "2013-01-31": "", "2012-10-31": "173.00000", "2012-07-31": "218.00000", "2012-04-30": "162.00000", "2012-01-31": "", "2011-10-31": "66.00000", "2011-07-31": "236.00000", "2011-04-30": "172.00000", "2011-01-31": "272.00000", "2010-10-31": "332.00000", "2010-07-31": "299.00000", "2010-04-30": "150.00000", "2010-01-31": "", "2009-10-31": "301.00000", "2009-07-31": "243.00000", "2009-04-30": "158.00000", "2009-01-31": "", "2008-10-31": "270.00000", "2008-07-31": "211.00000", "2008-04-30": "131.00000", "2008-01-31": "", "2007-10-31": "244.00000", "2007-07-31": "191.00000", "2007-04-30": "98.00000", "2007-01-31": "", "2006-10-31": "193.00000", "2006-07-31": "170.00000", "2006-04-30": "105.00000", "2006-01-31": "", "2005-10-31": "154.00000"}, "EBIT": {"2020-09-30": "258.00000", "2020-06-30": "249.00000", "2020-03-31": "192.00000", "2019-12-31": "261.00000", "2019-09-30": "249.00000", "2019-06-30": "210.00000", "2019-03-31": "192.00000", "2018-12-31": "188.00000", "2018-09-30": "203.00000", "2018-06-30": "199.00000", "2018-03-31": "159.00000", "2017-12-31": "101.00000", "2017-09-30": "151.00000", "2017-06-30": "166.00000", "2017-03-31": "141.00000", "2016-12-31": "152.00000", "2016-09-30": "101.00000", "2016-06-30": "75.00000", "2016-03-31": "89.00000", "2015-12-31": "124.00000", "2015-09-30": "94.00000", "2015-06-30": "64.00000", "2015-03-31": "38.00000", "2015-01-31": "", "2014-10-31": "72.00000", "2014-07-31": "-410.00000", "2014-04-30": "87.00000", "2014-01-31": "", "2013-10-31": "-5.00000", "2013-07-31": "10.00000", "2013-04-30": "76.00000", "2013-01-31": "", "2012-10-31": "100.00000", "2012-07-31": "189.00000", "2012-04-30": "208.00000", "2012-01-31": "", "2011-10-31": "-20.00000", "2011-07-31": "209.00000", "2011-04-30": "230.00000", "2011-01-31": "217.00000", "2010-10-31": "252.00000", "2010-07-31": "272.00000", "2010-04-30": "206.00000", "2010-01-31": "", "2009-10-31": "233.00000", "2009-07-31": "221.00000", "2009-04-30": "204.00000", "2009-01-31": "", "2008-10-31": "205.00000", "2008-07-31": "189.00000", "2008-04-30": "174.00000", "2008-01-31": "", "2007-10-31": "189.00000", "2007-07-31": "173.00000", "2007-04-30": "136.00000", "2007-01-31": "", "2006-10-31": "141.00000", "2006-07-31": "151.00000", "2006-04-30": "142.00000", "2006-01-31": "", "2005-10-31": "106.00000"}, "Basic Shares Outstanding": {"2020-09-30": "142.00000", "2020-06-30": "142.00000", "2020-03-31": "142.00000", "2019-12-31": "143.00000", "2019-09-30": "143.00000", "2019-06-30": "144.00000", "2019-03-31": "145.00000", "2018-12-31": "151.00000", "2018-09-30": "151.00000", "2018-06-30": "152.00000", "2018-03-31": "152.00000", "2017-12-31": "152.00000", "2017-09-30": "152.00000", "2017-06-30": "151.00000", "2017-03-31": "150.00000", "2016-12-31": "102.00000", "2016-09-30": "112.00000", "2016-06-30": "73.00000", "2016-03-31": "72.00000", "2015-12-31": "73.00000", "2015-09-30": "72.00000", "2015-06-30": "73.00000", "2015-03-31": "73.00000", "2015-01-31": "", "2014-10-31": "73.00000", "2014-07-31": "74.00000", "2014-04-30": "77.00000", "2014-01-31": "", "2013-10-31": "84.00000", "2013-07-31": "84.00000", "2013-04-30": "84.00000", "2013-01-31": "84.00000", "2012-10-31": "83.00000", "2012-07-31": "83.25000", "2012-04-30": "82.50000", "2012-01-31": "82.25000", "2011-10-31": "82.25000", "2011-07-31": "84.50000", "2011-04-30": "86.75000", "2011-01-31": "89.50000", "2010-10-31": "89.75000", "2010-07-31": "90.75000", "2010-04-30": "93.75000", "2010-01-31": "", "2009-10-31": "96.00000", "2009-07-31": "96.00000", "2009-04-30": "98.00000", "2009-01-31": "", "2008-10-31": "98.00000", "2008-07-31": "98.00000", "2008-04-30": "100.50000", "2008-01-31": "", "2007-10-31": "100.50000", "2007-07-31": "101.25000", "2007-04-30": "101.00000", "2007-01-31": "", "2006-10-31": "84.00000", "2006-07-31": "82.75000", "2006-04-30": "84.00000", "2006-01-31": "", "2005-10-31": "86.50000"}, "Shares Outstanding": {"2020-09-30": "144.00000", "2020-06-30": "144.00000", "2020-03-31": "144.00000", "2019-12-31": "145.00000", "2019-09-30": "145.00000", "2019-06-30": "146.00000", "2019-03-31": "147.00000", "2018-12-31": "153.00000", "2018-09-30": "153.00000", "2018-06-30": "154.00000", "2018-03-31": "154.00000", "2017-12-31": "154.00000", "2017-09-30": "154.00000", "2017-06-30": "153.00000", "2017-03-31": "153.00000", "2016-12-31": "104.00000", "2016-09-30": "114.00000", "2016-06-30": "74.00000", "2016-03-31": "74.00000", "2015-12-31": "74.00000", "2015-09-30": "73.00000", "2015-06-30": "74.00000", "2015-03-31": "75.00000", "2015-01-31": "", "2014-10-31": "74.00000", "2014-07-31": "74.00000", "2014-04-30": "78.00000", "2014-01-31": "", "2013-10-31": "84.00000", "2013-07-31": "84.00000", "2013-04-30": "84.00000", "2013-01-31": "84.00000", "2012-10-31": "83.00000", "2012-07-31": "83.25000", "2012-04-30": "82.50000", "2012-01-31": "82.25000", "2011-10-31": "82.25000", "2011-07-31": "84.75000", "2011-04-30": "87.00000", "2011-01-31": "90.00000", "2010-10-31": "90.00000", "2010-07-31": "91.25000", "2010-04-30": "94.50000", "2010-01-31": "", "2009-10-31": "97.00000", "2009-07-31": "97.00000", "2009-04-30": "99.25000", "2009-01-31": "", "2008-10-31": "99.50000", "2008-07-31": "100.00000", "2008-04-30": "102.50000", "2008-01-31": "", "2007-10-31": "103.50000", "2007-07-31": "104.50000", "2007-04-30": "104.50000", "2007-01-31": "", "2006-10-31": "86.75000", "2006-07-31": "85.50000", "2006-04-30": "86.75000", "2006-01-31": "", "2005-10-31": "89.50000"}, "Basic EPS": {"2020-09-30": "1.15000", "2020-06-30": "1.08000", "2020-03-31": "0.81000", "2019-12-31": "1.29000", "2019-09-30": "1.13000", "2019-06-30": "0.94000", "2019-03-31": "1.30000", "2018-12-31": "1.26000", "2018-09-30": "0.97000", "2018-06-30": "0.95000", "2018-03-31": "0.67000", "2017-12-31": "0.74000", "2017-09-30": "0.54000", "2017-06-30": "0.65000", "2017-03-31": "0.48000", "2016-12-31": "0.28000", "2016-09-30": "0.81000", "2016-06-30": "0.56000", "2016-03-31": "0.74000", "2015-12-31": "1.57000", "2015-09-30": "0.68000", "2015-06-30": "0.51000", "2015-03-31": "0.56000", "2015-01-31": "", "2014-10-31": "0.47000", "2014-07-31": "-5.92000", "2014-04-30": "0.48000", "2014-01-31": "", "2013-10-31": "-0.04000", "2013-07-31": "0.50000", "2013-04-30": "0.92000", "2013-01-31": "2.17000", "2012-10-31": "1.32000", "2012-07-31": "1.28000", "2012-04-30": "1.40000", "2012-01-31": "-1.96000", "2011-10-31": "-1.08000", "2011-07-31": "2.04000", "2011-04-30": "1.48000", "2011-01-31": "1.40000", "2010-10-31": "1.88000", "2010-07-31": "2.00000", "2010-04-30": "1.28000", "2010-01-31": "", "2009-10-31": "1.36000", "2009-07-31": "1.24000", "2009-04-30": "1.16000", "2009-01-31": "", "2008-10-31": "1.20000", "2008-07-31": "1.08000", "2008-04-30": "1.00000", "2008-01-31": "", "2007-10-31": "1.04000", "2007-07-31": "1.28000", "2007-04-30": "0.80000", "2007-01-31": "", "2006-10-31": "1.16000", "2006-07-31": "1.24000", "2006-04-30": "1.28000", "2006-01-31": "", "2005-10-31": "1.04000"}, "EPS - Earnings Per Share": {"2020-09-30": "1.13000", "2020-06-30": "1.06000", "2020-03-31": "0.80000", "2019-12-31": "1.27000", "2019-09-30": "1.11000", "2019-06-30": "0.93000", "2019-03-31": "1.29000", "2018-12-31": "1.24000", "2018-09-30": "0.96000", "2018-06-30": "0.94000", "2018-03-31": "0.66000", "2017-12-31": "0.74000", "2017-09-30": "0.53000", "2017-06-30": "0.64000", "2017-03-31": "0.47000", "2016-12-31": "0.28000", "2016-09-30": "0.80000", "2016-06-30": "0.55000", "2016-03-31": "0.72000", "2015-12-31": "1.55000", "2015-09-30": "0.67000", "2015-06-30": "0.50000", "2015-03-31": "0.55000", "2015-01-31": "0.00000", "2014-10-31": "0.46000", "2014-07-31": "-5.92000", "2014-04-30": "0.47000", "2014-01-31": "0.00000", "2013-10-31": "-0.04000", "2013-07-31": "0.50000", "2013-04-30": "0.92000", "2013-01-31": "2.17000", "2012-10-31": "1.32000", "2012-07-31": "1.28000", "2012-04-30": "1.40000", "2012-01-31": "-1.96000", "2011-10-31": "-1.08000", "2011-07-31": "2.00000", "2011-04-30": "1.44000", "2011-01-31": "1.40000", "2010-10-31": "1.84000", "2010-07-31": "2.00000", "2010-04-30": "1.28000", "2010-01-31": "0.00000", "2009-10-31": "1.36000", "2009-07-31": "1.24000", "2009-04-30": "1.12000", "2009-01-31": "0.00000", "2008-10-31": "1.16000", "2008-07-31": "1.08000", "2008-04-30": "0.96000", "2008-01-31": "0.00000", "2007-10-31": "1.00000", "2007-07-31": "1.24000", "2007-04-30": "0.76000", "2007-01-31": "0.00000", "2006-10-31": "1.12000", "2006-07-31": "1.20000", "2006-04-30": "1.24000", "2006-01-31": "0.00000", "2005-10-31": "1.00000"}}, "balance sheet": {"Cash On Hand": {"2019-12-31": "668.00000", "2018-12-31": "327.00000", "2017-12-31": "390.00000", "2016-12-31": "376.00000", "2015-12-31": "656.00000", "2015-01-31": "443.00000", "2014-01-31": "430.00000", "2013-01-31": "735.00000", "2012-01-31": "1592.00000", "2011-01-31": "1367.00000", "2010-01-31": "861.00000", "2009-01-31": "936.00000", "2008-01-31": "1096.00000", "2007-01-31": "1109.00000", "2006-01-31": "2669.00000", "2005-12-31": "", "2005-01-31": "2350.00000"}, "Receivables": {"2019-12-31": "1734.00000", "2018-12-31": "1877.00000", "2017-12-31": "1831.00000", "2016-12-31": "1657.00000", "2015-12-31": "921.00000", "2015-01-31": "896.00000", "2014-01-31": "1082.00000", "2013-01-31": "1166.00000", "2012-01-31": "2164.00000", "2011-01-31": "2069.00000", "2010-01-31": "2044.00000", "2009-01-31": "1889.00000", "2008-01-31": "1884.00000", "2007-01-31": "1598.00000", "2006-01-31": "1515.00000", "2005-12-31": "1515.00000", "2005-01-31": "1520.00000"}, "Inventory": {"2019-12-31": "", "2018-12-31": "", "2017-12-31": "", "2016-12-31": "348.00000", "2015-12-31": "216.00000", "2015-01-31": "273.00000", "2014-01-31": "256.00000", "2013-01-31": "333.00000", "2012-01-31": "439.00000", "2011-01-31": "382.00000", "2010-01-31": "288.00000", "2009-01-31": "385.00000", "2008-01-31": "252.00000", "2007-01-31": "190.00000", "2006-01-31": "191.00000", "2005-12-31": "", "2005-01-31": "216.00000"}, "Pre-Paid Expenses": {"2019-12-31": "", "2018-12-31": "", "2017-12-31": "", "2016-12-31": "", "2015-12-31": "", "2015-01-31": "", "2014-01-31": "", "2013-01-31": "", "2012-01-31": "", "2011-01-31": "", "2010-01-31": "", "2009-01-31": "", "2008-01-31": "", "2007-01-31": "", "2006-01-31": "", "2005-12-31": "", "2005-01-31": ""}, "Other Current Assets": {"2019-12-31": "410.00000", "2018-12-31": "635.00000", "2017-12-31": "453.00000", "2016-12-31": "", "2015-12-31": "", "2015-01-31": "", "2014-01-31": "", "2013-01-31": "", "2012-01-31": "", "2011-01-31": "", "2010-01-31": "", "2009-01-31": "", "2008-01-31": "", "2007-01-31": "", "2006-01-31": "", "2005-12-31": "", "2005-01-31": ""}, "Total Current Assets": {"2019-12-31": "2812.00000", "2018-12-31": "2839.00000", "2017-12-31": "2674.00000", "2016-12-31": "2381.00000", "2015-12-31": "1793.00000", "2015-01-31": "1618.00000", "2014-01-31": "1807.00000", "2013-01-31": "3617.00000", "2012-01-31": "4231.00000", "2011-01-31": "3867.00000", "2010-01-31": "3193.00000", "2009-01-31": "3217.00000", "2008-01-31": "3247.00000", "2007-01-31": "2982.00000", "2006-01-31": "4403.00000", "2005-12-31": "1515.00000", "2005-01-31": "4986.00000"}, "Property, Plant, And Equipment": {"2019-12-31": "287.00000", "2018-12-31": "237.00000", "2017-12-31": "232.00000", "2016-12-31": "259.00000", "2015-12-31": "142.00000", "2015-01-31": "308.00000", "2014-01-31": "482.00000", "2013-01-31": "286.00000", "2012-01-31": "348.00000", "2011-01-31": "359.00000", "2010-01-31": "389.00000", "2009-01-31": "357.00000", "2008-01-31": "392.00000", "2007-01-31": "382.00000", "2006-01-31": "356.00000", "2005-12-31": "", "2005-01-31": "339.00000"}, "Long-Term Investments": {"2019-12-31": "", "2018-12-31": "", "2017-12-31": "", "2016-12-31": "", "2015-12-31": "", "2015-01-31": "", "2014-01-31": "", "2013-01-31": "", "2012-01-31": "", "2011-01-31": "", "2010-01-31": "", "2009-01-31": "", "2008-01-31": "", "2007-01-31": "", "2006-01-31": "", "2005-12-31": "", "2005-01-31": ""}, "Goodwill And Intangible Assets": {"2019-12-31": "5442.00000", "2018-12-31": "5512.00000", "2017-12-31": "5830.00000", "2016-12-31": "6211.00000", "2015-12-31": "1232.00000", "2015-01-31": "1244.00000", "2014-01-31": "1786.00000", "2013-01-31": "1882.00000", "2012-01-31": "1976.00000", "2011-01-31": "1875.00000", "2010-01-31": "1540.00000", "2009-01-31": "1337.00000", "2008-01-31": "1170.00000", "2007-01-31": "1029.00000", "2006-01-31": "718.00000", "2005-12-31": "", "2005-01-31": "518.00000"}, "Other Long-Term Assets": {"2019-12-31": "426.00000", "2018-12-31": "182.00000", "2017-12-31": "254.00000", "2016-12-31": "265.00000", "2015-12-31": "195.00000", "2015-01-31": "97.00000", "2014-01-31": "72.00000", "2013-01-31": "78.00000", "2012-01-31": "75.00000", "2011-01-31": "71.00000", "2010-01-31": "70.00000", "2009-01-31": "51.00000", "2008-01-31": "101.00000", "2007-01-31": "109.00000", "2006-01-31": "112.00000", "2005-12-31": "", "2005-01-31": "98.00000"}, "Total Long-Term Assets": {"2019-12-31": "6555.00000", "2018-12-31": "5931.00000", "2017-12-31": "6316.00000", "2016-12-31": "6751.00000", "2015-12-31": "1577.00000", "2015-01-31": "1663.00000", "2014-01-31": "2355.00000", "2013-01-31": "2258.00000", "2012-01-31": "2436.00000", "2011-01-31": "2356.00000", "2010-01-31": "2102.00000", "2009-01-31": "1831.00000", "2008-01-31": "1734.00000", "2007-01-31": "1577.00000", "2006-01-31": "1252.00000", "2005-12-31": "", "2005-01-31": "1024.00000"}, "Total Assets": {"2019-12-31": "9367.00000", "2018-12-31": "8770.00000", "2017-12-31": "8990.00000", "2016-12-31": "9132.00000", "2015-12-31": "3370.00000", "2015-01-31": "3281.00000", "2014-01-31": "4162.00000", "2013-01-31": "5875.00000", "2012-01-31": "6667.00000", "2011-01-31": "6223.00000", "2010-01-31": "5295.00000", "2009-01-31": "5048.00000", "2008-01-31": "4981.00000", "2007-01-31": "4559.00000", "2006-01-31": "5655.00000", "2005-12-31": "1515.00000", "2005-01-31": "6010.00000"}, "Total Current Liabilities": {"2019-12-31": "2333.00000", "2018-12-31": "2059.00000", "2017-12-31": "2202.00000", "2016-12-31": "2016.00000", "2015-12-31": "1040.00000", "2015-01-31": "951.00000", "2014-01-31": "1009.00000", "2013-01-31": "1792.00000", "2012-01-31": "3025.00000", "2011-01-31": "1748.00000", "2010-01-31": "1706.00000", "2009-01-31": "1683.00000", "2008-01-31": "1867.00000", "2007-01-31": "1666.00000", "2006-01-31": "1491.00000", "2005-12-31": "", "2005-01-31": "2299.00000"}, "Long Term Debt": {"2019-12-31": "2925.00000", "2018-12-31": "3052.00000", "2017-12-31": "3056.00000", "2016-12-31": "3225.00000", "2015-12-31": "1079.00000", "2015-01-31": "1164.00000", "2014-01-31": "1331.00000", "2013-01-31": "1295.00000", "2012-01-31": "1299.00000", "2011-01-31": "1849.00000", "2010-01-31": "1103.00000", "2009-01-31": "1099.00000", "2008-01-31": "1098.00000", "2007-01-31": "1199.00000", "2006-01-31": "1192.00000", "2005-12-31": "", "2005-01-31": "1215.00000"}, "Other Non-Current Liabilities": {"2019-12-31": "182.00000", "2018-12-31": "178.00000", "2017-12-31": "129.00000", "2016-12-31": "204.00000", "2015-12-31": "149.00000", "2015-01-31": "168.00000", "2014-01-31": "227.00000", "2013-01-31": "170.00000", "2012-01-31": "162.00000", "2011-01-31": "135.00000", "2010-01-31": "195.00000", "2009-01-31": "182.00000", "2008-01-31": "148.00000", "2007-01-31": "102.00000", "2006-01-31": "111.00000", "2005-12-31": "", "2005-01-31": "99.00000"}, "Total Long Term Liabilities": {"2019-12-31": "3617.00000", "2018-12-31": "3400.00000", "2017-12-31": "3405.00000", "2016-12-31": "3969.00000", "2015-12-31": "1262.00000", "2015-01-31": "1332.00000", "2014-01-31": "1558.00000", "2013-01-31": "1465.00000", "2012-01-31": "1461.00000", "2011-01-31": "1984.00000", "2010-01-31": "1298.00000", "2009-01-31": "1281.00000", "2008-01-31": "1246.00000", "2007-01-31": "1357.00000", "2006-01-31": "1357.00000", "2005-12-31": "", "2005-01-31": "1360.00000"}, "Total Liabilities": {"2019-12-31": "5950.00000", "2018-12-31": "5459.00000", "2017-12-31": "5607.00000", "2016-12-31": "5985.00000", "2015-12-31": "2302.00000", "2015-01-31": "2283.00000", "2014-01-31": "2567.00000", "2013-01-31": "3257.00000", "2012-01-31": "4486.00000", "2011-01-31": "3732.00000", "2010-01-31": "3004.00000", "2009-01-31": "2964.00000", "2008-01-31": "3113.00000", "2007-01-31": "3023.00000", "2006-01-31": "2848.00000", "2005-12-31": "", "2005-01-31": "3659.00000"}, "Common Stock Net": {"2019-12-31": "", "2018-12-31": "", "2017-12-31": "", "2016-12-31": "", "2015-12-31": "", "2015-01-31": "", "2014-01-31": "", "2013-01-31": "", "2012-01-31": "", "2011-01-31": "", "2010-01-31": "", "2009-01-31": "", "2008-01-31": "", "2007-01-31": "", "2006-01-31": "0.00000", "2005-12-31": "", "2005-01-31": "2.00000"}, "Retained Earnings (Accumulated Deficit)": {"2019-12-31": "896.00000", "2018-12-31": "372.00000", "2017-12-31": "-7.00000", "2016-12-31": "-177.00000", "2015-12-31": "-277.00000", "2015-01-31": "-424.00000", "2014-01-31": "25.00000", "2013-01-31": "510.00000", "2012-01-31": "164.00000", "2011-01-31": "408.00000", "2010-01-31": "239.00000", "2009-01-31": "183.00000", "2008-01-31": "87.00000", "2007-01-31": "6.00000", "2006-01-31": "415.00000", "2005-12-31": "", "2005-01-31": "212.00000"}, "Comprehensive Income": {"2019-12-31": "-70.00000", "2018-12-31": "-30.00000", "2017-12-31": "33.00000", "2016-12-31": "-4.00000", "2015-12-31": "-8.00000", "2015-01-31": "-11.00000", "2014-01-31": "-6.00000", "2013-01-31": "-2.00000", "2012-01-31": "-11.00000", "2011-01-31": "-7.00000", "2010-01-31": "-44.00000", "2009-01-31": "-49.00000", "2008-01-31": "-23.00000", "2007-01-31": "-27.00000", "2006-01-31": "-32.00000", "2005-12-31": "", "2005-01-31": "-36.00000"}, "Other Share Holders Equity": {"2019-12-31": "", "2018-12-31": "", "2017-12-31": "", "2016-12-31": "", "2015-12-31": "", "2015-01-31": "", "2014-01-31": "", "2013-01-31": "", "2012-01-31": "", "2011-01-31": "", "2010-01-31": "", "2009-01-31": "", "2008-01-31": "", "2007-01-31": "", "2006-01-31": "-84.00000", "2005-12-31": "", "2005-01-31": "-105.00000"}, "Share Holder Equity": {"2019-12-31": "3417.00000", "2018-12-31": "3311.00000", "2017-12-31": "3383.00000", "2016-12-31": "3147.00000", "2015-12-31": "1068.00000", "2015-01-31": "998.00000", "2014-01-31": "1595.00000", "2013-01-31": "2618.00000", "2012-01-31": "2181.00000", "2011-01-31": "2491.00000", "2010-01-31": "2291.00000", "2009-01-31": "2084.00000", "2008-01-31": "1868.00000", "2007-01-31": "1536.00000", "2006-01-31": "2807.00000", "2005-12-31": "", "2005-01-31": "2351.00000"}, "Total Liabilities And Share Holders Equity": {"2019-12-31": "9367.00000", "2018-12-31": "8770.00000", "2017-12-31": "8990.00000", "2016-12-31": "9132.00000", "2015-12-31": "3370.00000", "2015-01-31": "3281.00000", "2014-01-31": "4162.00000", "2013-01-31": "5875.00000", "2012-01-31": "6667.00000", "2011-01-31": "6223.00000", "2010-01-31": "5295.00000", "2009-01-31": "5048.00000", "2008-01-31": "4981.00000", "2007-01-31": "4559.00000", "2006-01-31": "5655.00000", "2005-12-31": "", "2005-01-31": "6010.00000"}}, "balance sheet, quarterly": {"Cash On Hand": {"2020-09-30": "512.00000", "2020-06-30": "588.00000", "2020-03-31": "445.00000", "2019-12-31": "668.00000", "2019-09-30": "635.00000", "2019-06-30": "660.00000", "2019-03-31": "536.00000", "2018-12-31": "327.00000", "2018-09-30": "515.00000", "2018-06-30": "303.00000", "2018-03-31": "215.00000", "2017-12-31": "390.00000", "2017-09-30": "287.00000", "2017-06-30": "262.00000", "2017-03-31": "206.00000", "2016-12-31": "376.00000", "2016-09-30": "449.00000", "2016-06-30": "670.00000", "2016-03-31": "609.00000", "2015-12-31": "656.00000", "2015-09-30": "635.00000", "2015-06-30": "365.00000", "2015-03-31": "377.00000", "2015-01-31": "443.00000", "2014-10-31": "418.00000", "2014-07-31": "358.00000", "2014-04-30": "183.00000", "2014-01-31": "430.00000", "2013-10-31": "814.00000", "2013-07-31": "462.00000", "2013-04-30": "563.00000", "2013-01-31": "735.00000", "2012-10-31": "531.00000", "2012-07-31": "756.00000", "2012-04-30": "1167.00000", "2012-01-31": "1592.00000", "2011-10-31": "1463.00000", "2011-07-31": "1336.00000", "2011-04-30": "1282.00000", "2011-01-31": "1367.00000", "2010-10-31": "644.00000", "2010-07-31": "604.00000", "2010-04-30": "568.00000", "2010-01-31": "861.00000", "2009-10-31": "991.00000", "2009-07-31": "951.00000", "2009-04-30": "898.00000", "2009-01-31": "936.00000", "2008-10-31": "812.00000", "2008-07-31": "692.00000", "2008-04-30": "662.00000", "2008-01-31": "1096.00000", "2007-10-31": "1011.00000", "2007-07-31": "1131.00000", "2007-04-30": "943.00000", "2007-01-31": "1109.00000", "2006-10-31": "3636.00000", "2006-07-31": "1000.00000", "2006-04-30": "1000.00000", "2006-01-31": "2669.00000", "2005-10-31": "1000.00000"}, "Receivables": {"2020-09-30": "1872.00000", "2020-06-30": "1789.00000", "2020-03-31": "1793.00000", "2019-12-31": "1734.00000", "2019-09-30": "1775.00000", "2019-06-30": "1842.00000", "2019-03-31": "1894.00000", "2018-12-31": "1877.00000", "2018-09-30": "1812.00000", "2018-06-30": "1779.00000", "2018-03-31": "1914.00000", "2017-12-31": "1831.00000", "2017-09-30": "1797.00000", "2017-06-30": "1832.00000", "2017-03-31": "1841.00000", "2016-12-31": "1657.00000", "2016-09-30": "1677.00000", "2016-06-30": "924.00000", "2016-03-31": "874.00000", "2015-12-31": "921.00000", "2015-09-30": "844.00000", "2015-06-30": "929.00000", "2015-03-31": "977.00000", "2015-01-31": "896.00000", "2014-10-31": "1021.00000", "2014-07-31": "1094.00000", "2014-04-30": "1098.00000", "2014-01-31": "1082.00000", "2013-10-31": "1161.00000", "2013-07-31": "1999.00000", "2013-04-30": "2063.00000", "2013-01-31": "1168.00000", "2012-10-31": "1943.00000", "2012-07-31": "1992.00000", "2012-04-30": "2171.00000", "2012-01-31": "2164.00000", "2011-10-31": "2219.00000", "2011-07-31": "2124.00000", "2011-04-30": "2150.00000", "2011-01-31": "2069.00000", "2010-10-31": "2203.00000", "2010-07-31": "2032.00000", "2010-04-30": "2073.00000", "2010-01-31": "2044.00000", "2009-10-31": "2156.00000", "2009-07-31": "1964.00000", "2009-04-30": "2016.00000", "2009-01-31": "1889.00000", "2008-10-31": "2010.00000", "2008-07-31": "1885.00000", "2008-04-30": "1927.00000", "2008-01-31": "1884.00000", "2007-10-31": "1844.00000", "2007-07-31": "1583.00000", "2007-04-30": "1671.00000", "2007-01-31": "1598.00000", "2006-10-31": "1562.00000", "2006-07-31": "", "2006-04-30": "", "2006-01-31": "1515.00000", "2005-10-31": ""}, "Inventory": {"2020-09-30": "292.00000", "2020-06-30": "294.00000", "2020-03-31": "", "2019-12-31": "72.00000", "2019-09-30": "", "2019-06-30": "", "2019-03-31": "", "2018-12-31": "", "2018-09-30": "456.00000", "2018-06-30": "458.00000", "2018-03-31": "506.00000", "2017-12-31": "", "2017-09-30": "487.00000", "2017-06-30": "340.00000", "2017-03-31": "348.00000", "2016-12-31": "348.00000", "2016-09-30": "430.00000", "2016-06-30": "223.00000", "2016-03-31": "225.00000", "2015-12-31": "216.00000", "2015-09-30": "250.00000", "2015-06-30": "299.00000", "2015-03-31": "297.00000", "2015-01-31": "273.00000", "2014-10-31": "228.00000", "2014-07-31": "236.00000", "2014-04-30": "280.00000", "2014-01-31": "256.00000", "2013-10-31": "298.00000", "2013-07-31": "350.00000", "2013-04-30": "393.00000", "2013-01-31": "342.00000", "2012-10-31": "554.00000", "2012-07-31": "430.00000", "2012-04-30": "453.00000", "2012-01-31": "439.00000", "2011-10-31": "309.00000", "2011-07-31": "307.00000", "2011-04-30": "360.00000", "2011-01-31": "382.00000", "2010-10-31": "324.00000", "2010-07-31": "320.00000", "2010-04-30": "306.00000", "2010-01-31": "288.00000", "2009-10-31": "281.00000", "2009-07-31": "327.00000", "2009-04-30": "346.00000", "2009-01-31": "385.00000", "2008-10-31": "299.00000", "2008-07-31": "296.00000", "2008-04-30": "289.00000", "2008-01-31": "252.00000", "2007-10-31": "217.00000", "2007-07-31": "229.00000", "2007-04-30": "183.00000", "2007-01-31": "190.00000", "2006-10-31": "151.00000", "2006-07-31": "", "2006-04-30": "", "2006-01-31": "191.00000", "2005-10-31": ""}, "Pre-Paid Expenses": {"2020-09-30": "", "2020-06-30": "", "2020-03-31": "", "2019-12-31": "", "2019-09-30": "", "2019-06-30": "", "2019-03-31": "", "2018-12-31": "", "2018-09-30": "", "2018-06-30": "", "2018-03-31": "", "2017-12-31": "", "2017-09-30": "", "2017-06-30": "", "2017-03-31": "", "2016-12-31": "", "2016-09-30": "", "2016-06-30": "", "2016-03-31": "", "2015-12-31": "", "2015-09-30": "", "2015-06-30": "", "2015-03-31": "", "2015-01-31": "", "2014-10-31": "", "2014-07-31": "", "2014-04-30": "", "2014-01-31": "", "2013-10-31": "", "2013-07-31": "", "2013-04-30": "", "2013-01-31": "", "2012-10-31": "", "2012-07-31": "", "2012-04-30": "", "2012-01-31": "", "2011-10-31": "", "2011-07-31": "", "2011-04-30": "", "2011-01-31": "", "2010-10-31": "", "2010-07-31": "", "2010-04-30": "", "2010-01-31": "", "2009-10-31": "", "2009-07-31": "", "2009-04-30": "", "2009-01-31": "", "2008-10-31": "", "2008-07-31": "", "2008-04-30": "", "2008-01-31": "", "2007-10-31": "", "2007-07-31": "", "2007-04-30": "", "2007-01-31": "", "2006-10-31": "", "2006-07-31": "", "2006-04-30": "", "2006-01-31": "", "2005-10-31": ""}, "Other Current Assets": {"2020-09-30": "523.00000", "2020-06-30": "381.00000", "2020-03-31": "630.00000", "2019-12-31": "338.00000", "2019-09-30": "514.00000", "2019-06-30": "412.00000", "2019-03-31": "430.00000", "2018-12-31": "635.00000", "2018-09-30": "98.00000", "2018-06-30": "99.00000", "2018-03-31": "", "2017-12-31": "453.00000", "2017-09-30": "", "2017-06-30": "", "2017-03-31": "", "2016-12-31": "", "2016-09-30": "", "2016-06-30": "", "2016-03-31": "95.00000", "2015-12-31": "", "2015-09-30": "", "2015-06-30": "99.00000", "2015-03-31": "", "2015-01-31": "", "2014-10-31": "", "2014-07-31": "", "2014-04-30": "", "2014-01-31": "", "2013-10-31": "", "2013-07-31": "", "2013-04-30": "", "2013-01-31": "", "2012-10-31": "", "2012-07-31": "", "2012-04-30": "", "2012-01-31": "", "2011-10-31": "", "2011-07-31": "", "2011-04-30": "", "2011-01-31": "", "2010-10-31": "", "2010-07-31": "", "2010-04-30": "", "2010-01-31": "", "2009-10-31": "", "2009-07-31": "", "2009-04-30": "", "2009-01-31": "", "2008-10-31": "", "2008-07-31": "", "2008-04-30": "", "2008-01-31": "", "2007-10-31": "", "2007-07-31": "", "2007-04-30": "", "2007-01-31": "", "2006-10-31": "", "2006-07-31": "", "2006-04-30": "", "2006-01-31": "", "2005-10-31": ""}, "Total Current Assets": {"2020-09-30": "3199.00000", "2020-06-30": "3052.00000", "2020-03-31": "2868.00000", "2019-12-31": "2812.00000", "2019-09-30": "2924.00000", "2019-06-30": "2914.00000", "2019-03-31": "2860.00000", "2018-12-31": "2839.00000", "2018-09-30": "2881.00000", "2018-06-30": "2639.00000", "2018-03-31": "2635.00000", "2017-12-31": "2674.00000", "2017-09-30": "2571.00000", "2017-06-30": "2434.00000", "2017-03-31": "2395.00000", "2016-12-31": "2381.00000", "2016-09-30": "2556.00000", "2016-06-30": "1817.00000", "2016-03-31": "1803.00000", "2015-12-31": "1793.00000", "2015-09-30": "1729.00000", "2015-06-30": "1692.00000", "2015-03-31": "1651.00000", "2015-01-31": "1618.00000", "2014-10-31": "1675.00000", "2014-07-31": "1713.00000", "2014-04-30": "1571.00000", "2014-01-31": "1807.00000", "2013-10-31": "2286.00000", "2013-07-31": "2826.00000", "2013-04-30": "3019.00000", "2013-01-31": "3616.00000", "2012-10-31": "3062.00000", "2012-07-31": "3178.00000", "2012-04-30": "3791.00000", "2012-01-31": "4231.00000", "2011-10-31": "3991.00000", "2011-07-31": "3767.00000", "2011-04-30": "3845.00000", "2011-01-31": "3867.00000", "2010-10-31": "3171.00000", "2010-07-31": "2956.00000", "2010-04-30": "2947.00000", "2010-01-31": "3193.00000", "2009-10-31": "3428.00000", "2009-07-31": "3242.00000", "2009-04-30": "3260.00000", "2009-01-31": "3217.00000", "2008-10-31": "3125.00000", "2008-07-31": "2873.00000", "2008-04-30": "2878.00000", "2008-01-31": "3247.00000", "2007-10-31": "3072.00000", "2007-07-31": "2943.00000", "2007-04-30": "2797.00000", "2007-01-31": "2982.00000", "2006-10-31": "5349.00000", "2006-07-31": "1000.00000", "2006-04-30": "1000.00000", "2006-01-31": "4403.00000", "2005-10-31": "1000.00000"}, "Property, Plant, And Equipment": {"2020-09-30": "577.00000", "2020-06-30": "569.00000", "2020-03-31": "490.00000", "2019-12-31": "287.00000", "2019-09-30": "228.00000", "2019-06-30": "216.00000", "2019-03-31": "220.00000", "2018-12-31": "237.00000", "2018-09-30": "230.00000", "2018-06-30": "221.00000", "2018-03-31": "227.00000", "2017-12-31": "232.00000", "2017-09-30": "212.00000", "2017-06-30": "215.00000", "2017-03-31": "238.00000", "2016-12-31": "259.00000", "2016-09-30": "231.00000", "2016-06-30": "131.00000", "2016-03-31": "136.00000", "2015-12-31": "142.00000", "2015-09-30": "178.00000", "2015-06-30": "178.00000", "2015-03-31": "308.00000", "2015-01-31": "308.00000", "2014-10-31": "360.00000", "2014-07-31": "372.00000", "2014-04-30": "480.00000", "2014-01-31": "482.00000", "2013-10-31": "473.00000", "2013-07-31": "280.00000", "2013-04-30": "315.00000", "2013-01-31": "288.00000", "2012-10-31": "319.00000", "2012-07-31": "324.00000", "2012-04-30": "339.00000", "2012-01-31": "348.00000", "2011-10-31": "349.00000", "2011-07-31": "354.00000", "2011-04-30": "351.00000", "2011-01-31": "359.00000", "2010-10-31": "361.00000", "2010-07-31": "382.00000", "2010-04-30": "398.00000", "2010-01-31": "389.00000", "2009-10-31": "392.00000", "2009-07-31": "385.00000", "2009-04-30": "357.00000", "2009-01-31": "357.00000", "2008-10-31": "395.00000", "2008-07-31": "392.00000", "2008-04-30": "390.00000", "2008-01-31": "392.00000", "2007-10-31": "402.00000", "2007-07-31": "385.00000", "2007-04-30": "389.00000", "2007-01-31": "382.00000", "2006-10-31": "381.00000", "2006-07-31": "", "2006-04-30": "", "2006-01-31": "356.00000", "2005-10-31": ""}, "Long-Term Investments": {"2020-09-30": "", "2020-06-30": "", "2020-03-31": "", "2019-12-31": "", "2019-09-30": "", "2019-06-30": "", "2019-03-31": "", "2018-12-31": "", "2018-09-30": "", "2018-06-30": "", "2018-03-31": "", "2017-12-31": "", "2017-09-30": "", "2017-06-30": "", "2017-03-31": "", "2016-12-31": "", "2016-09-30": "", "2016-06-30": "", "2016-03-31": "", "2015-12-31": "", "2015-09-30": "", "2015-06-30": "", "2015-03-31": "", "2015-01-31": "", "2014-10-31": "", "2014-07-31": "", "2014-04-30": "", "2014-01-31": "", "2013-10-31": "", "2013-07-31": "", "2013-04-30": "", "2013-01-31": "", "2012-10-31": "", "2012-07-31": "", "2012-04-30": "", "2012-01-31": "", "2011-10-31": "", "2011-07-31": "", "2011-04-30": "", "2011-01-31": "", "2010-10-31": "", "2010-07-31": "", "2010-04-30": "", "2010-01-31": "", "2009-10-31": "", "2009-07-31": "", "2009-04-30": "", "2009-01-31": "", "2008-10-31": "", "2008-07-31": "", "2008-04-30": "", "2008-01-31": "", "2007-10-31": "", "2007-07-31": "", "2007-04-30": "", "2007-01-31": "", "2006-10-31": "", "2006-07-31": "", "2006-04-30": "", "2006-01-31": "", "2005-10-31": ""}, "Goodwill And Intangible Assets": {"2020-09-30": "7493.00000", "2020-06-30": "7526.00000", "2020-03-31": "6669.00000", "2019-12-31": "5442.00000", "2019-09-30": "5460.00000", "2019-06-30": "5432.00000", "2019-03-31": "5484.00000", "2018-12-31": "5512.00000", "2018-09-30": "5583.00000", "2018-06-30": "5636.00000", "2018-03-31": "5782.00000", "2017-12-31": "5830.00000", "2017-09-30": "5901.00000", "2017-06-30": "5928.00000", "2017-03-31": "6139.00000", "2016-12-31": "6211.00000", "2016-09-30": "6517.00000", "2016-06-30": "1228.00000", "2016-03-31": "1231.00000", "2015-12-31": "1232.00000", "2015-09-30": "1233.00000", "2015-06-30": "1239.00000", "2015-03-31": "1242.00000", "2015-01-31": "1244.00000", "2014-10-31": "1246.00000", "2014-07-31": "1266.00000", "2014-04-30": "1792.00000", "2014-01-31": "1786.00000", "2013-10-31": "1804.00000", "2013-07-31": "2323.00000", "2013-04-30": "2368.00000", "2013-01-31": "1882.00000", "2012-10-31": "2409.00000", "2012-07-31": "1982.00000", "2012-04-30": "1992.00000", "2012-01-31": "1976.00000", "2011-10-31": "2013.00000", "2011-07-31": "1870.00000", "2011-04-30": "1859.00000", "2011-01-31": "1875.00000", "2010-10-31": "1904.00000", "2010-07-31": "1678.00000", "2010-04-30": "1687.00000", "2010-01-31": "1540.00000", "2009-10-31": "1445.00000", "2009-07-31": "1335.00000", "2009-04-30": "1331.00000", "2009-01-31": "1337.00000", "2008-10-31": "1345.00000", "2008-07-31": "1359.00000", "2008-04-30": "1301.00000", "2008-01-31": "1170.00000", "2007-10-31": "1192.00000", "2007-07-31": "1050.00000", "2007-04-30": "1056.00000", "2007-01-31": "1029.00000", "2006-10-31": "843.00000", "2006-07-31": "", "2006-04-30": "", "2006-01-31": "718.00000", "2005-10-31": ""}, "Other Long-Term Assets": {"2020-09-30": "435.00000", "2020-06-30": "437.00000", "2020-03-31": "422.00000", "2019-12-31": "426.00000", "2019-09-30": "404.00000", "2019-06-30": "382.00000", "2019-03-31": "390.00000", "2018-12-31": "182.00000", "2018-09-30": "214.00000", "2018-06-30": "274.00000", "2018-03-31": "269.00000", "2017-12-31": "254.00000", "2017-09-30": "239.00000", "2017-06-30": "292.00000", "2017-03-31": "353.00000", "2016-12-31": "265.00000", "2016-09-30": "260.00000", "2016-06-30": "218.00000", "2016-03-31": "214.00000", "2015-12-31": "195.00000", "2015-09-30": "155.00000", "2015-06-30": "88.00000", "2015-03-31": "95.00000", "2015-01-31": "97.00000", "2014-10-31": "99.00000", "2014-07-31": "111.00000", "2014-04-30": "112.00000", "2014-01-31": "72.00000", "2013-10-31": "62.00000", "2013-07-31": "79.00000", "2013-04-30": "74.00000", "2013-01-31": "77.00000", "2012-10-31": "76.00000", "2012-07-31": "74.00000", "2012-04-30": "75.00000", "2012-01-31": "75.00000", "2011-10-31": "76.00000", "2011-07-31": "91.00000", "2011-04-30": "84.00000", "2011-01-31": "71.00000", "2010-10-31": "66.00000", "2010-07-31": "71.00000", "2010-04-30": "72.00000", "2010-01-31": "70.00000", "2009-10-31": "70.00000", "2009-07-31": "59.00000", "2009-04-30": "50.00000", "2009-01-31": "51.00000", "2008-10-31": "90.00000", "2008-07-31": "108.00000", "2008-04-30": "107.00000", "2008-01-31": "101.00000", "2007-10-31": "101.00000", "2007-07-31": "102.00000", "2007-04-30": "109.00000", "2007-01-31": "109.00000", "2006-10-31": "112.00000", "2006-07-31": "", "2006-04-30": "", "2006-01-31": "112.00000", "2005-10-31": ""}, "Total Long-Term Assets": {"2020-09-30": "9086.00000", "2020-06-30": "9091.00000", "2020-03-31": "8120.00000", "2019-12-31": "6555.00000", "2019-09-30": "6486.00000", "2019-06-30": "6413.00000", "2019-03-31": "6500.00000", "2018-12-31": "5931.00000", "2018-09-30": "6027.00000", "2018-06-30": "6131.00000", "2018-03-31": "6278.00000", "2017-12-31": "6316.00000", "2017-09-30": "6352.00000", "2017-06-30": "6448.00000", "2017-03-31": "6745.00000", "2016-12-31": "6751.00000", "2016-09-30": "7023.00000", "2016-06-30": "1584.00000", "2016-03-31": "1588.00000", "2015-12-31": "1577.00000", "2015-09-30": "1573.00000", "2015-06-30": "1519.00000", "2015-03-31": "1658.00000", "2015-01-31": "1663.00000", "2014-10-31": "1723.00000", "2014-07-31": "1768.00000", "2014-04-30": "2398.00000", "2014-01-31": "2355.00000", "2013-10-31": "2349.00000", "2013-07-31": "2695.00000", "2013-04-30": "2771.00000", "2013-01-31": "2259.00000", "2012-10-31": "2804.00000", "2012-07-31": "2402.00000", "2012-04-30": "2429.00000", "2012-01-31": "2436.00000", "2011-10-31": "2472.00000", "2011-07-31": "2346.00000", "2011-04-30": "2338.00000", "2011-01-31": "2356.00000", "2010-10-31": "2367.00000", "2010-07-31": "2218.00000", "2010-04-30": "2243.00000", "2010-01-31": "2102.00000", "2009-10-31": "1980.00000", "2009-07-31": "1862.00000", "2009-04-30": "1822.00000", "2009-01-31": "1831.00000", "2008-10-31": "1914.00000", "2008-07-31": "1927.00000", "2008-04-30": "1871.00000", "2008-01-31": "1734.00000", "2007-10-31": "1758.00000", "2007-07-31": "1605.00000", "2007-04-30": "1630.00000", "2007-01-31": "1577.00000", "2006-10-31": "1374.00000", "2006-07-31": "", "2006-04-30": "", "2006-01-31": "1252.00000", "2005-10-31": ""}, "Total Assets": {"2020-09-30": "12285.00000", "2020-06-30": "12143.00000", "2020-03-31": "10988.00000", "2019-12-31": "9367.00000", "2019-09-30": "9410.00000", "2019-06-30": "9327.00000", "2019-03-31": "9360.00000", "2018-12-31": "8770.00000", "2018-09-30": "8908.00000", "2018-06-30": "8770.00000", "2018-03-31": "8913.00000", "2017-12-31": "8990.00000", "2017-09-30": "8923.00000", "2017-06-30": "8882.00000", "2017-03-31": "9140.00000", "2016-12-31": "9132.00000", "2016-09-30": "9579.00000", "2016-06-30": "3401.00000", "2016-03-31": "3391.00000", "2015-12-31": "3370.00000", "2015-09-30": "3302.00000", "2015-06-30": "3211.00000", "2015-03-31": "3309.00000", "2015-01-31": "3281.00000", "2014-10-31": "3398.00000", "2014-07-31": "3481.00000", "2014-04-30": "3969.00000", "2014-01-31": "4162.00000", "2013-10-31": "4635.00000", "2013-07-31": "5521.00000", "2013-04-30": "5790.00000", "2013-01-31": "5875.00000", "2012-10-31": "5866.00000", "2012-07-31": "5580.00000", "2012-04-30": "6220.00000", "2012-01-31": "6667.00000", "2011-10-31": "6463.00000", "2011-07-31": "6113.00000", "2011-04-30": "6183.00000", "2011-01-31": "6223.00000", "2010-10-31": "5538.00000", "2010-07-31": "5174.00000", "2010-04-30": "5190.00000", "2010-01-31": "5295.00000", "2009-10-31": "5408.00000", "2009-07-31": "5104.00000", "2009-04-30": "5082.00000", "2009-01-31": "5048.00000", "2008-10-31": "5039.00000", "2008-07-31": "4800.00000", "2008-04-30": "4749.00000", "2008-01-31": "4981.00000", "2007-10-31": "4830.00000", "2007-07-31": "4548.00000", "2007-04-30": "4427.00000", "2007-01-31": "4559.00000", "2006-10-31": "6723.00000", "2006-07-31": "1000.00000", "2006-04-30": "1000.00000", "2006-01-31": "5655.00000", "2005-10-31": "1000.00000"}, "Total Current Liabilities": {"2020-09-30": "3398.00000", "2020-06-30": "3429.00000", "2020-03-31": "4290.00000", "2019-12-31": "2333.00000", "2019-09-30": "2527.00000", "2019-06-30": "2246.00000", "2019-03-31": "2322.00000", "2018-12-31": "2059.00000", "2018-09-30": "2093.00000", "2018-06-30": "2015.00000", "2018-03-31": "2103.00000", "2017-12-31": "2202.00000", "2017-09-30": "2021.00000", "2017-06-30": "1910.00000", "2017-03-31": "1983.00000", "2016-12-31": "2016.00000", "2016-09-30": "1980.00000", "2016-06-30": "990.00000", "2016-03-31": "1005.00000", "2015-12-31": "1040.00000", "2015-09-30": "1042.00000", "2015-06-30": "996.00000", "2015-03-31": "987.00000", "2015-01-31": "951.00000", "2014-10-31": "1001.00000", "2014-07-31": "991.00000", "2014-04-30": "1004.00000", "2014-01-31": "1009.00000", "2013-10-31": "1240.00000", "2013-07-31": "1669.00000", "2013-04-30": "2017.00000", "2013-01-31": "1792.00000", "2012-10-31": "1966.00000", "2012-07-31": "1781.00000", "2012-04-30": "2510.00000", "2012-01-31": "3025.00000", "2011-10-31": "2698.00000", "2011-07-31": "2248.00000", "2011-04-30": "1805.00000", "2011-01-31": "1748.00000", "2010-10-31": "1807.00000", "2010-07-31": "1619.00000", "2010-04-30": "1692.00000", "2010-01-31": "1706.00000", "2009-10-31": "1846.00000", "2009-07-31": "1653.00000", "2009-04-30": "1767.00000", "2009-01-31": "1683.00000", "2008-10-31": "1837.00000", "2008-07-31": "1740.00000", "2008-04-30": "1688.00000", "2008-01-31": "1867.00000", "2007-10-31": "1785.00000", "2007-07-31": "1557.00000", "2007-04-30": "1473.00000", "2007-01-31": "1666.00000", "2006-10-31": "3926.00000", "2006-07-31": "", "2006-04-30": "", "2006-01-31": "1491.00000", "2005-10-31": ""}, "Long Term Debt": {"2020-09-30": "4125.00000", "2020-06-30": "4148.00000", "2020-03-31": "2444.00000", "2019-12-31": "2925.00000", "2019-09-30": "2939.00000", "2019-06-30": "2954.00000", "2019-03-31": "2966.00000", "2018-12-31": "3052.00000", "2018-09-30": "2985.00000", "2018-06-30": "2990.00000", "2018-03-31": "3007.00000", "2017-12-31": "3056.00000", "2017-09-30": "3043.00000", "2017-06-30": "3147.00000", "2017-03-31": "3188.00000", "2016-12-31": "3225.00000", "2016-09-30": "3428.00000", "2016-06-30": "1092.00000", "2016-03-31": "1089.00000", "2015-12-31": "1079.00000", "2015-09-30": "1142.00000", "2015-06-30": "1127.00000", "2015-03-31": "1156.00000", "2015-01-31": "1164.00000", "2014-10-31": "1227.00000", "2014-07-31": "1329.00000", "2014-04-30": "1330.00000", "2014-01-31": "1331.00000", "2013-10-31": "1330.00000", "2013-07-31": "1332.00000", "2013-04-30": "1297.00000", "2013-01-31": "1295.00000", "2012-10-31": "1297.00000", "2012-07-31": "1297.00000", "2012-04-30": "1298.00000", "2012-01-31": "1299.00000", "2011-10-31": "1299.00000", "2011-07-31": "1299.00000", "2011-04-30": "1848.00000", "2011-01-31": "1849.00000", "2010-10-31": "1101.00000", "2010-07-31": "1102.00000", "2010-04-30": "1103.00000", "2010-01-31": "1103.00000", "2009-10-31": "1103.00000", "2009-07-31": "1103.00000", "2009-04-30": "1102.00000", "2009-01-31": "1099.00000", "2008-10-31": "1099.00000", "2008-07-31": "1099.00000", "2008-04-30": "1098.00000", "2008-01-31": "1098.00000", "2007-10-31": "1099.00000", "2007-07-31": "1098.00000", "2007-04-30": "1102.00000", "2007-01-31": "1199.00000", "2006-10-31": "1193.00000", "2006-07-31": "", "2006-04-30": "", "2006-01-31": "1192.00000", "2005-10-31": ""}, "Other Non-Current Liabilities": {"2020-09-30": "282.00000", "2020-06-30": "296.00000", "2020-03-31": "219.00000", "2019-12-31": "182.00000", "2019-09-30": "203.00000", "2019-06-30": "295.00000", "2019-03-31": "276.00000", "2018-12-31": "178.00000", "2018-09-30": "141.00000", "2018-06-30": "136.00000", "2018-03-31": "148.00000", "2017-12-31": "129.00000", "2017-09-30": "215.00000", "2017-06-30": "222.00000", "2017-03-31": "217.00000", "2016-12-31": "204.00000", "2016-09-30": "174.00000", "2016-06-30": "195.00000", "2016-03-31": "195.00000", "2015-12-31": "149.00000", "2015-09-30": "164.00000", "2015-06-30": "169.00000", "2015-03-31": "166.00000", "2015-01-31": "168.00000", "2014-10-31": "194.00000", "2014-07-31": "204.00000", "2014-04-30": "230.00000", "2014-01-31": "227.00000", "2013-10-31": "182.00000", "2013-07-31": "175.00000", "2013-04-30": "172.00000", "2013-01-31": "170.00000", "2012-10-31": "148.00000", "2012-07-31": "143.00000", "2012-04-30": "146.00000", "2012-01-31": "162.00000", "2011-10-31": "140.00000", "2011-07-31": "143.00000", "2011-04-30": "135.00000", "2011-01-31": "135.00000", "2010-10-31": "145.00000", "2010-07-31": "173.00000", "2010-04-30": "187.00000", "2010-01-31": "195.00000", "2009-10-31": "180.00000", "2009-07-31": "192.00000", "2009-04-30": "187.00000", "2009-01-31": "182.00000", "2008-10-31": "144.00000", "2008-07-31": "149.00000", "2008-04-30": "154.00000", "2008-01-31": "148.00000", "2007-10-31": "155.00000", "2007-07-31": "174.00000", "2007-04-30": "183.00000", "2007-01-31": "102.00000", "2006-10-31": "109.00000", "2006-07-31": "", "2006-04-30": "", "2006-01-31": "111.00000", "2005-10-31": ""}, "Total Long Term Liabilities": {"2020-09-30": "5172.00000", "2020-06-30": "5167.00000", "2020-03-31": "3339.00000", "2019-12-31": "3617.00000", "2019-09-30": "3633.00000", "2019-06-30": "3719.00000", "2019-03-31": "3741.00000", "2018-12-31": "3400.00000", "2018-09-30": "3358.00000", "2018-06-30": "3337.00000", "2018-03-31": "3376.00000", "2017-12-31": "3405.00000", "2017-09-30": "3595.00000", "2017-06-30": "3731.00000", "2017-03-31": "3969.00000", "2016-12-31": "3969.00000", "2016-09-30": "4469.00000", "2016-06-30": "1287.00000", "2016-03-31": "1284.00000", "2015-12-31": "1262.00000", "2015-09-30": "1306.00000", "2015-06-30": "1296.00000", "2015-03-31": "1322.00000", "2015-01-31": "1332.00000", "2014-10-31": "1421.00000", "2014-07-31": "1533.00000", "2014-04-30": "1560.00000", "2014-01-31": "1558.00000", "2013-10-31": "1512.00000", "2013-07-31": "1507.00000", "2013-04-30": "1469.00000", "2013-01-31": "1465.00000", "2012-10-31": "1445.00000", "2012-07-31": "1440.00000", "2012-04-30": "1444.00000", "2012-01-31": "1461.00000", "2011-10-31": "1439.00000", "2011-07-31": "1442.00000", "2011-04-30": "1983.00000", "2011-01-31": "1984.00000", "2010-10-31": "1246.00000", "2010-07-31": "1275.00000", "2010-04-30": "1290.00000", "2010-01-31": "1298.00000", "2009-10-31": "1283.00000", "2009-07-31": "1295.00000", "2009-04-30": "1289.00000", "2009-01-31": "1281.00000", "2008-10-31": "1243.00000", "2008-07-31": "1248.00000", "2008-04-30": "1252.00000", "2008-01-31": "1246.00000", "2007-10-31": "1254.00000", "2007-07-31": "1272.00000", "2007-04-30": "1344.00000", "2007-01-31": "1357.00000", "2006-10-31": "1357.00000", "2006-07-31": "", "2006-04-30": "", "2006-01-31": "1357.00000", "2005-10-31": ""}, "Total Liabilities": {"2020-09-30": "8570.00000", "2020-06-30": "8596.00000", "2020-03-31": "7629.00000", "2019-12-31": "5950.00000", "2019-09-30": "6160.00000", "2019-06-30": "5965.00000", "2019-03-31": "6063.00000", "2018-12-31": "5459.00000", "2018-09-30": "5451.00000", "2018-06-30": "5352.00000", "2018-03-31": "5479.00000", "2017-12-31": "5607.00000", "2017-09-30": "5616.00000", "2017-06-30": "5641.00000", "2017-03-31": "5952.00000", "2016-12-31": "5985.00000", "2016-09-30": "6449.00000", "2016-06-30": "2277.00000", "2016-03-31": "2289.00000", "2015-12-31": "2302.00000", "2015-09-30": "2348.00000", "2015-06-30": "2292.00000", "2015-03-31": "2309.00000", "2015-01-31": "2283.00000", "2014-10-31": "2422.00000", "2014-07-31": "2524.00000", "2014-04-30": "2564.00000", "2014-01-31": "2567.00000", "2013-10-31": "2752.00000", "2013-07-31": "3176.00000", "2013-04-30": "3486.00000", "2013-01-31": "3257.00000", "2012-10-31": "3411.00000", "2012-07-31": "3221.00000", "2012-04-30": "3954.00000", "2012-01-31": "4486.00000", "2011-10-31": "4137.00000", "2011-07-31": "3690.00000", "2011-04-30": "3788.00000", "2011-01-31": "3732.00000", "2010-10-31": "3053.00000", "2010-07-31": "2894.00000", "2010-04-30": "2982.00000", "2010-01-31": "3004.00000", "2009-10-31": "3129.00000", "2009-07-31": "2948.00000", "2009-04-30": "3056.00000", "2009-01-31": "2964.00000", "2008-10-31": "3080.00000", "2008-07-31": "2988.00000", "2008-04-30": "2940.00000", "2008-01-31": "3113.00000", "2007-10-31": "3039.00000", "2007-07-31": "2829.00000", "2007-04-30": "2817.00000", "2007-01-31": "3023.00000", "2006-10-31": "5283.00000", "2006-07-31": "", "2006-04-30": "", "2006-01-31": "2848.00000", "2005-10-31": ""}, "Common Stock Net": {"2020-09-30": "", "2020-06-30": "", "2020-03-31": "", "2019-12-31": "", "2019-09-30": "", "2019-06-30": "", "2019-03-31": "", "2018-12-31": "", "2018-09-30": "", "2018-06-30": "", "2018-03-31": "", "2017-12-31": "", "2017-09-30": "", "2017-06-30": "", "2017-03-31": "", "2016-12-31": "", "2016-09-30": "", "2016-06-30": "0.00000", "2016-03-31": "", "2015-12-31": "", "2015-09-30": "", "2015-06-30": "", "2015-03-31": "", "2015-01-31": "", "2014-10-31": "", "2014-07-31": "", "2014-04-30": "", "2014-01-31": "", "2013-10-31": "", "2013-07-31": "", "2013-04-30": "", "2013-01-31": "", "2012-10-31": "", "2012-07-31": "", "2012-04-30": "", "2012-01-31": "", "2011-10-31": "", "2011-07-31": "", "2011-04-30": "", "2011-01-31": "", "2010-10-31": "", "2010-07-31": "", "2010-04-30": "", "2010-01-31": "", "2009-10-31": "", "2009-07-31": "", "2009-04-30": "", "2009-01-31": "", "2008-10-31": "", "2008-07-31": "", "2008-04-30": "", "2008-01-31": "", "2007-10-31": "", "2007-07-31": "", "2007-04-30": "0.00000", "2007-01-31": "", "2006-10-31": "", "2006-07-31": "1.00000", "2006-04-30": "1.00000", "2006-01-31": "", "2005-10-31": "100.00000"}, "Retained Earnings (Accumulated Deficit)": {"2020-09-30": "1180.00000", "2020-06-30": "1065.00000", "2020-03-31": "961.00000", "2019-12-31": "896.00000", "2019-09-30": "764.00000", "2019-06-30": "652.00000", "2019-03-31": "562.00000", "2018-12-31": "372.00000", "2018-09-30": "231.00000", "2018-06-30": "133.00000", "2018-03-31": "37.00000", "2017-12-31": "-7.00000", "2017-09-30": "-72.00000", "2017-06-30": "-105.00000", "2017-03-31": "-154.00000", "2016-12-31": "-177.00000", "2016-09-30": "-188.00000", "2016-06-30": "-230.00000", "2016-03-31": "-251.00000", "2015-12-31": "-277.00000", "2015-09-30": "-380.00000", "2015-06-30": "-406.00000", "2015-03-31": "-419.00000", "2015-01-31": "-424.00000", "2014-10-31": "-453.00000", "2014-07-31": "-463.00000", "2014-04-30": "", "2014-01-31": "25.00000", "2013-10-31": "150.00000", "2013-07-31": "182.00000", "2013-04-30": "182.00000", "2013-01-31": "510.00000", "2012-10-31": "367.00000", "2012-07-31": "296.00000", "2012-04-30": "229.00000", "2012-01-31": "164.00000", "2011-10-31": "326.00000", "2011-07-31": "437.00000", "2011-04-30": "369.00000", "2011-01-31": "408.00000", "2010-10-31": "410.00000", "2010-07-31": "241.00000", "2010-04-30": "156.00000", "2010-01-31": "239.00000", "2009-10-31": "260.00000", "2009-07-31": "173.00000", "2009-04-30": "85.00000", "2009-01-31": "183.00000", "2008-10-31": "96.00000", "2008-07-31": "", "2008-04-30": "", "2008-01-31": "87.00000", "2007-10-31": "48.00000", "2007-07-31": "42.00000", "2007-04-30": "", "2007-01-31": "6.00000", "2006-10-31": "12.00000", "2006-07-31": "", "2006-04-30": "", "2006-01-31": "415.00000", "2005-10-31": ""}, "Comprehensive Income": {"2020-09-30": "-98.00000", "2020-06-30": "-127.00000", "2020-03-31": "-185.00000", "2019-12-31": "-70.00000", "2019-09-30": "-108.00000", "2019-06-30": "-73.00000", "2019-03-31": "-35.00000", "2018-12-31": "-30.00000", "2018-09-30": "13.00000", "2018-06-30": "23.00000", "2018-03-31": "56.00000", "2017-12-31": "33.00000", "2017-09-30": "31.00000", "2017-06-30": "8.00000", "2017-03-31": "8.00000", "2016-12-31": "-4.00000", "2016-09-30": "-6.00000", "2016-06-30": "-4.00000", "2016-03-31": "-6.00000", "2015-12-31": "-8.00000", "2015-09-30": "-11.00000", "2015-06-30": "-11.00000", "2015-03-31": "-12.00000", "2015-01-31": "-11.00000", "2014-10-31": "-6.00000", "2014-07-31": "-6.00000", "2014-04-30": "-6.00000", "2014-01-31": "-6.00000", "2013-10-31": "-2.00000", "2013-07-31": "-2.00000", "2013-04-30": "-2.00000", "2013-01-31": "-2.00000", "2012-10-31": "-1.00000", "2012-07-31": "-1.00000", "2012-04-30": "-1.00000", "2012-01-31": "-11.00000", "2011-10-31": "-3.00000", "2011-07-31": "-3.00000", "2011-04-30": "-7.00000", "2011-01-31": "-7.00000", "2010-10-31": "-37.00000", "2010-07-31": "-38.00000", "2010-04-30": "-38.00000", "2010-01-31": "-44.00000", "2009-10-31": "-42.00000", "2009-07-31": "-42.00000", "2009-04-30": "-43.00000", "2009-01-31": "-49.00000", "2008-10-31": "-29.00000", "2008-07-31": "-22.00000", "2008-04-30": "-23.00000", "2008-01-31": "-23.00000", "2007-10-31": "-24.00000", "2007-07-31": "-24.00000", "2007-04-30": "-26.00000", "2007-01-31": "-27.00000", "2006-10-31": "-30.00000", "2006-07-31": "", "2006-04-30": "", "2006-01-31": "-32.00000", "2005-10-31": ""}, "Other Share Holders Equity": {"2020-09-30": "", "2020-06-30": "", "2020-03-31": "", "2019-12-31": "", "2019-09-30": "", "2019-06-30": "", "2019-03-31": "", "2018-12-31": "", "2018-09-30": "", "2018-06-30": "", "2018-03-31": "", "2017-12-31": "", "2017-09-30": "", "2017-06-30": "", "2017-03-31": "", "2016-12-31": "", "2016-09-30": "", "2016-06-30": "", "2016-03-31": "", "2015-12-31": "", "2015-09-30": "", "2015-06-30": "", "2015-03-31": "", "2015-01-31": "", "2014-10-31": "", "2014-07-31": "", "2014-04-30": "", "2014-01-31": "", "2013-10-31": "", "2013-07-31": "", "2013-04-30": "", "2013-01-31": "", "2012-10-31": "", "2012-07-31": "", "2012-04-30": "", "2012-01-31": "", "2011-10-31": "", "2011-07-31": "", "2011-04-30": "", "2011-01-31": "", "2010-10-31": "", "2010-07-31": "", "2010-04-30": "", "2010-01-31": "", "2009-10-31": "", "2009-07-31": "", "2009-04-30": "", "2009-01-31": "", "2008-10-31": "", "2008-07-31": "", "2008-04-30": "", "2008-01-31": "", "2007-10-31": "", "2007-07-31": "", "2007-04-30": "", "2007-01-31": "", "2006-10-31": "", "2006-07-31": "", "2006-04-30": "", "2006-01-31": "-84.00000", "2005-10-31": ""}, "Share Holder Equity": {"2020-09-30": "3715.00000", "2020-06-30": "3547.00000", "2020-03-31": "3359.00000", "2019-12-31": "3417.00000", "2019-09-30": "3250.00000", "2019-06-30": "3362.00000", "2019-03-31": "3297.00000", "2018-12-31": "3311.00000", "2018-09-30": "3457.00000", "2018-06-30": "3418.00000", "2018-03-31": "3434.00000", "2017-12-31": "3383.00000", "2017-09-30": "3307.00000", "2017-06-30": "3241.00000", "2017-03-31": "3188.00000", "2016-12-31": "3147.00000", "2016-09-30": "3130.00000", "2016-06-30": "1124.00000", "2016-03-31": "1102.00000", "2015-12-31": "1068.00000", "2015-09-30": "954.00000", "2015-06-30": "919.00000", "2015-03-31": "1000.00000", "2015-01-31": "998.00000", "2014-10-31": "976.00000", "2014-07-31": "957.00000", "2014-04-30": "1405.00000", "2014-01-31": "1595.00000", "2013-10-31": "1883.00000", "2013-07-31": "2345.00000", "2013-04-30": "2304.00000", "2013-01-31": "2618.00000", "2012-10-31": "2455.00000", "2012-07-31": "2359.00000", "2012-04-30": "2266.00000", "2012-01-31": "2181.00000", "2011-10-31": "2326.00000", "2011-07-31": "2423.00000", "2011-04-30": "2395.00000", "2011-01-31": "2491.00000", "2010-10-31": "2485.00000", "2010-07-31": "2280.00000", "2010-04-30": "2208.00000", "2010-01-31": "2291.00000", "2009-10-31": "2279.00000", "2009-07-31": "2156.00000", "2009-04-30": "2026.00000", "2009-01-31": "2084.00000", "2008-10-31": "1959.00000", "2008-07-31": "1812.00000", "2008-04-30": "1809.00000", "2008-01-31": "1868.00000", "2007-10-31": "1791.00000", "2007-07-31": "1719.00000", "2007-04-30": "1610.00000", "2007-01-31": "1536.00000", "2006-10-31": "1440.00000", "2006-07-31": "1000.00000", "2006-04-30": "1000.00000", "2006-01-31": "2807.00000", "2005-10-31": "1000.00000"}, "Total Liabilities And Share Holders Equity": {"2020-09-30": "12285.00000", "2020-06-30": "12143.00000", "2020-03-31": "10988.00000", "2019-12-31": "9367.00000", "2019-09-30": "9410.00000", "2019-06-30": "9327.00000", "2019-03-31": "9360.00000", "2018-12-31": "8770.00000", "2018-09-30": "8908.00000", "2018-06-30": "8770.00000", "2018-03-31": "8913.00000", "2017-12-31": "8990.00000", "2017-09-30": "8923.00000", "2017-06-30": "8882.00000", "2017-03-31": "9140.00000", "2016-12-31": "9132.00000", "2016-09-30": "9579.00000", "2016-06-30": "3401.00000", "2016-03-31": "3391.00000", "2015-12-31": "3370.00000", "2015-09-30": "3302.00000", "2015-06-30": "3211.00000", "2015-03-31": "3309.00000", "2015-01-31": "3281.00000", "2014-10-31": "3398.00000", "2014-07-31": "3481.00000", "2014-04-30": "3969.00000", "2014-01-31": "4162.00000", "2013-10-31": "4635.00000", "2013-07-31": "5521.00000", "2013-04-30": "5790.00000", "2013-01-31": "5875.00000", "2012-10-31": "5866.00000", "2012-07-31": "5580.00000", "2012-04-30": "6220.00000", "2012-01-31": "6667.00000", "2011-10-31": "6463.00000", "2011-07-31": "6113.00000", "2011-04-30": "6183.00000", "2011-01-31": "6223.00000", "2010-10-31": "5538.00000", "2010-07-31": "5174.00000", "2010-04-30": "5190.00000", "2010-01-31": "5295.00000", "2009-10-31": "5408.00000", "2009-07-31": "5104.00000", "2009-04-30": "5082.00000", "2009-01-31": "5048.00000", "2008-10-31": "5039.00000", "2008-07-31": "4800.00000", "2008-04-30": "4749.00000", "2008-01-31": "4981.00000", "2007-10-31": "4830.00000", "2007-07-31": "4548.00000", "2007-04-30": "4427.00000", "2007-01-31": "4559.00000", "2006-10-31": "6723.00000", "2006-07-31": "1000.00000", "2006-04-30": "1000.00000", "2006-01-31": "5655.00000", "2005-10-31": "1000.00000"}}, "cash flow statement": {"Net Income/Loss": {"2019-12-31": "670.00000", "2018-12-31": "582.00000", "2017-12-31": "364.00000", "2016-12-31": "246.00000", "2015-12-31": "242.00000", "2015-01-31": "-323.00000", "2014-01-31": "164.00000", "2013-01-31": "525.00000", "2012-01-31": "59.00000", "2011-01-31": "619.00000", "2010-01-31": "496.00000", "2009-01-31": "452.00000", "2008-01-31": "416.00000", "2007-01-31": "390.00000", "2006-01-31": "927.00000", "2005-12-31": "0.00000", "2005-01-31": "409.00000"}, "Total Depreciation And Amortization - Cash Flow": {"2019-12-31": "245.00000", "2018-12-31": "267.00000", "2017-12-31": "350.00000", "2016-12-31": "122.00000", "2015-12-31": "41.00000", "2015-01-31": "548.00000", "2014-01-31": "80.00000", "2013-01-31": "90.00000", "2012-01-31": "88.00000", "2011-01-31": "110.00000", "2010-01-31": "90.00000", "2009-01-31": "89.00000", "2008-01-31": "77.00000", "2007-01-31": "71.00000", "2006-01-31": "68.00000", "2005-12-31": "", "2005-01-31": "56.00000"}, "Other Non-Cash Items": {"2019-12-31": "-14.00000", "2018-12-31": "10.00000", "2017-12-31": "239.00000", "2016-12-31": "39.00000", "2015-12-31": "-12.00000", "2015-01-31": "124.00000", "2014-01-31": "89.00000", "2013-01-31": "-147.00000", "2012-01-31": "-267.00000", "2011-01-31": "16.00000", "2010-01-31": "31.00000", "2009-01-31": "63.00000", "2008-01-31": "19.00000", "2007-01-31": "55.00000", "2006-01-31": "-579.00000", "2005-12-31": "", "2005-01-31": "-22.00000"}, "Total Non-Cash Items": {"2019-12-31": "231.00000", "2018-12-31": "277.00000", "2017-12-31": "589.00000", "2016-12-31": "161.00000", "2015-12-31": "29.00000", "2015-01-31": "672.00000", "2014-01-31": "169.00000", "2013-01-31": "-57.00000", "2012-01-31": "-179.00000", "2011-01-31": "126.00000", "2010-01-31": "121.00000", "2009-01-31": "152.00000", "2008-01-31": "96.00000", "2007-01-31": "126.00000", "2006-01-31": "-511.00000", "2005-12-31": "", "2005-01-31": "34.00000"}, "Change In Accounts Receivable": {"2019-12-31": "116.00000", "2018-12-31": "-58.00000", "2017-12-31": "-191.00000", "2016-12-31": "123.00000", "2015-12-31": "-19.00000", "2015-01-31": "162.00000", "2014-01-31": "-69.00000", "2013-01-31": "218.00000", "2012-01-31": "-112.00000", "2011-01-31": "-18.00000", "2010-01-31": "-110.00000", "2009-01-31": "4.00000", "2008-01-31": "-237.00000", "2007-01-31": "-68.00000", "2006-01-31": "49.00000", "2005-12-31": "", "2005-01-31": "-221.00000"}, "Change In Inventories": {"2019-12-31": "-44.00000", "2018-12-31": "-73.00000", "2017-12-31": "-76.00000", "2016-12-31": "", "2015-12-31": "3.00000", "2015-01-31": "-12.00000", "2014-01-31": "44.00000", "2013-01-31": "5.00000", "2012-01-31": "-52.00000", "2011-01-31": "-29.00000", "2010-01-31": "54.00000", "2009-01-31": "-82.00000", "2008-01-31": "-45.00000", "2007-01-31": "8.00000", "2006-01-31": "41.00000", "2005-12-31": "", "2005-01-31": ""}, "Change In Accounts Payable": {"2019-12-31": "", "2018-12-31": "", "2017-12-31": "", "2016-12-31": "", "2015-12-31": "", "2015-01-31": "", "2014-01-31": "", "2013-01-31": "", "2012-01-31": "", "2011-01-31": "", "2010-01-31": "", "2009-01-31": "", "2008-01-31": "", "2007-01-31": "", "2006-01-31": "", "2005-12-31": "", "2005-01-31": ""}, "Change In Assets/Liabilities": {"2019-12-31": "-102.00000", "2018-12-31": "88.00000", "2017-12-31": "-37.00000", "2016-12-31": "-82.00000", "2015-12-31": "37.00000", "2015-01-31": "-39.00000", "2014-01-31": "-18.00000", "2013-01-31": "58.00000", "2012-01-31": "-24.00000", "2011-01-31": "-2.00000", "2010-01-31": "14.00000", "2009-01-31": "20.00000", "2008-01-31": "-12.00000", "2007-01-31": "-1.00000", "2006-01-31": "-6.00000", "2005-12-31": "", "2005-01-31": "10.00000"}, "Total Change In Assets/Liabilities": {"2019-12-31": "91.00000", "2018-12-31": "-91.00000", "2017-12-31": "-427.00000", "2016-12-31": "42.00000", "2015-12-31": "128.00000", "2015-01-31": "47.00000", "2014-01-31": "-142.00000", "2013-01-31": "-444.00000", "2012-01-31": "520.00000", "2011-01-31": "-35.00000", "2010-01-31": "-29.00000", "2009-01-31": "-21.00000", "2008-01-31": "-166.00000", "2007-01-31": "177.00000", "2006-01-31": "157.00000", "2005-12-31": "", "2005-01-31": "140.00000"}, "Cash Flow From Operating Activities": {"2019-12-31": "992.00000", "2018-12-31": "768.00000", "2017-12-31": "526.00000", "2016-12-31": "449.00000", "2015-12-31": "399.00000", "2015-01-31": "396.00000", "2014-01-31": "191.00000", "2013-01-31": "24.00000", "2012-01-31": "400.00000", "2011-01-31": "710.00000", "2010-01-31": "588.00000", "2009-01-31": "583.00000", "2008-01-31": "346.00000", "2007-01-31": "693.00000", "2006-01-31": "573.00000", "2005-12-31": "", "2005-01-31": "583.00000"}, "Net Change In Property, Plant, And Equipment": {"2019-12-31": "-25.00000", "2018-12-31": "-73.00000", "2017-12-31": "-73.00000", "2016-12-31": "-26.00000", "2015-12-31": "52.00000", "2015-01-31": "-29.00000", "2014-01-31": "12.00000", "2013-01-31": "-37.00000", "2012-01-31": "22.00000", "2011-01-31": "-63.00000", "2010-01-31": "-46.00000", "2009-01-31": "-59.00000", "2008-01-31": "-61.00000", "2007-01-31": "-73.00000", "2006-01-31": "-52.00000", "2005-12-31": "", "2005-01-31": "-42.00000"}, "Net Change In Intangible Assets": {"2019-12-31": "", "2018-12-31": "", "2017-12-31": "", "2016-12-31": "", "2015-12-31": "", "2015-01-31": "", "2014-01-31": "", "2013-01-31": "", "2012-01-31": "", "2011-01-31": "", "2010-01-31": "", "2009-01-31": "", "2008-01-31": "", "2007-01-31": "", "2006-01-31": "", "2005-12-31": "", "2005-01-31": ""}, "Net Acquisitions/Divestitures": {"2019-12-31": "84.00000", "2018-12-31": "-81.00000", "2017-12-31": "", "2016-12-31": "48.00000", "2015-12-31": "12.00000", "2015-01-31": "", "2014-01-31": "-3.00000", "2013-01-31": "-482.00000", "2012-01-31": "-222.00000", "2011-01-31": "-382.00000", "2010-01-31": "-258.00000", "2009-01-31": "-204.00000", "2008-01-31": "-145.00000", "2007-01-31": "-378.00000", "2006-01-31": "-226.00000", "2005-12-31": "", "2005-01-31": "-232.00000"}, "Net Change In Short-term Investments": {"2019-12-31": "", "2018-12-31": "", "2017-12-31": "", "2016-12-31": "", "2015-12-31": "", "2015-01-31": "", "2014-01-31": "12.00000", "2013-01-31": "", "2012-01-31": "2.00000", "2011-01-31": "", "2010-01-31": "", "2009-01-31": "", "2008-01-31": "", "2007-01-31": "1659.00000", "2006-01-31": "-291.00000", "2005-12-31": "", "2005-01-31": "-97.00000"}, "Net Change In Long-Term Investments": {"2019-12-31": "", "2018-12-31": "", "2017-12-31": "", "2016-12-31": "", "2015-12-31": "", "2015-01-31": "", "2014-01-31": "", "2013-01-31": "", "2012-01-31": "", "2011-01-31": "", "2010-01-31": "", "2009-01-31": "", "2008-01-31": "", "2007-01-31": "", "2006-01-31": "", "2005-12-31": "", "2005-01-31": ""}, "Net Change In Investments - Total": {"2019-12-31": "", "2018-12-31": "", "2017-12-31": "", "2016-12-31": "", "2015-12-31": "", "2015-01-31": "", "2014-01-31": "12.00000", "2013-01-31": "", "2012-01-31": "2.00000", "2011-01-31": "", "2010-01-31": "", "2009-01-31": "", "2008-01-31": "", "2007-01-31": "1659.00000", "2006-01-31": "-291.00000", "2005-12-31": "", "2005-01-31": "-97.00000"}, "Investing Activities - Other": {"2019-12-31": "6.00000", "2018-12-31": "40.00000", "2017-12-31": "2.00000", "2016-12-31": "4.00000", "2015-12-31": "", "2015-01-31": "80.00000", "2014-01-31": "276.00000", "2013-01-31": "", "2012-01-31": "-1.00000", "2011-01-31": "", "2010-01-31": "-2.00000", "2009-01-31": "14.00000", "2008-01-31": "3.00000", "2007-01-31": "3.00000", "2006-01-31": "-12.00000", "2005-12-31": "", "2005-01-31": "26.00000"}, "Cash Flow From Investing Activities": {"2019-12-31": "65.00000", "2018-12-31": "-114.00000", "2017-12-31": "-71.00000", "2016-12-31": "26.00000", "2015-12-31": "64.00000", "2015-01-31": "51.00000", "2014-01-31": "297.00000", "2013-01-31": "-519.00000", "2012-01-31": "-199.00000", "2011-01-31": "-445.00000", "2010-01-31": "-306.00000", "2009-01-31": "-249.00000", "2008-01-31": "-203.00000", "2007-01-31": "1211.00000", "2006-01-31": "-581.00000", "2005-12-31": "", "2005-01-31": "-345.00000"}, "Net Long-Term Debt": {"2019-12-31": "-80.00000", "2018-12-31": "-59.00000", "2017-12-31": "-209.00000", "2016-12-31": "413.00000", "2015-12-31": "-39.00000", "2015-01-31": "-177.00000", "2014-01-31": "38.00000", "2013-01-31": "", "2012-01-31": "", "2011-01-31": "742.00000", "2010-01-31": "", "2009-01-31": "", "2008-01-31": "", "2007-01-31": "", "2006-01-31": "", "2005-12-31": "", "2005-01-31": ""}, "Net Current Debt": {"2019-12-31": "", "2018-12-31": "", "2017-12-31": "", "2016-12-31": "", "2015-12-31": "", "2015-01-31": "", "2014-01-31": "-152.00000", "2013-01-31": "-550.00000", "2012-01-31": "-1.00000", "2011-01-31": "-3.00000", "2010-01-31": "-18.00000", "2009-01-31": "-113.00000", "2008-01-31": "-10.00000", "2007-01-31": "-20.00000", "2006-01-31": "-40.00000", "2005-12-31": "", "2005-01-31": "3.00000"}, "Debt Issuance/Retirement Net - Total": {"2019-12-31": "-80.00000", "2018-12-31": "-59.00000", "2017-12-31": "-209.00000", "2016-12-31": "413.00000", "2015-12-31": "-39.00000", "2015-01-31": "-177.00000", "2014-01-31": "-114.00000", "2013-01-31": "-550.00000", "2012-01-31": "-1.00000", "2011-01-31": "739.00000", "2010-01-31": "-18.00000", "2009-01-31": "-113.00000", "2008-01-31": "-10.00000", "2007-01-31": "-20.00000", "2006-01-31": "-40.00000", "2005-12-31": "", "2005-01-31": "3.00000"}, "Net Common Equity Issued/Repurchased": {"2019-12-31": "-431.00000", "2018-12-31": "-424.00000", "2017-12-31": "-18.00000", "2016-12-31": "1.00000", "2015-12-31": "-112.00000", "2015-01-31": "-208.00000", "2014-01-31": "-306.00000", "2013-01-31": "-3.00000", "2012-01-31": "-444.00000", "2011-01-31": "-563.00000", "2010-01-31": "-416.00000", "2009-01-31": "-369.00000", "2008-01-31": "-211.00000", "2007-01-31": "619.00000", "2006-01-31": "-663.00000", "2005-12-31": "", "2005-01-31": "-477.00000"}, "Net Total Equity Issued/Repurchased": {"2019-12-31": "-431.00000", "2018-12-31": "-424.00000", "2017-12-31": "-18.00000", "2016-12-31": "1.00000", "2015-12-31": "-112.00000", "2015-01-31": "-208.00000", "2014-01-31": "-306.00000", "2013-01-31": "-3.00000", "2012-01-31": "-444.00000", "2011-01-31": "-563.00000", "2010-01-31": "-416.00000", "2009-01-31": "-369.00000", "2008-01-31": "-211.00000", "2007-01-31": "619.00000", "2006-01-31": "-663.00000", "2005-12-31": "", "2005-01-31": "-477.00000"}, "Total Common And Preferred Stock Dividends Paid": {"2019-12-31": "-198.00000", "2018-12-31": "-198.00000", "2017-12-31": "-198.00000", "2016-12-31": "-1135.00000", "2015-12-31": "-93.00000", "2015-01-31": "-95.00000", "2014-01-31": "-477.00000", "2013-01-31": "-165.00000", "2012-01-31": "", "2011-01-31": "", "2010-01-31": "", "2009-01-31": "", "2008-01-31": "", "2007-01-31": "-2439.00000", "2006-01-31": "", "2005-12-31": "", "2005-01-31": ""}, "Financial Activities - Other": {"2019-12-31": "", "2018-12-31": "-26.00000", "2017-12-31": "-4.00000", "2016-12-31": "-30.00000", "2015-12-31": "-5.00000", "2015-01-31": "2.00000", "2014-01-31": "3.00000", "2013-01-31": "", "2012-01-31": "-2.00000", "2011-01-31": "11.00000", "2010-01-31": "36.00000", "2009-01-31": "55.00000", "2008-01-31": "64.00000", "2007-01-31": "7.00000", "2006-01-31": "-4.00000", "2005-12-31": "", "2005-01-31": "-4.00000"}, "Cash Flow From Financial Activities": {"2019-12-31": "-709.00000", "2018-12-31": "-707.00000", "2017-12-31": "-429.00000", "2016-12-31": "-751.00000", "2015-12-31": "-249.00000", "2015-01-31": "-478.00000", "2014-01-31": "-894.00000", "2013-01-31": "-718.00000", "2012-01-31": "-447.00000", "2011-01-31": "187.00000", "2010-01-31": "-398.00000", "2009-01-31": "-427.00000", "2008-01-31": "-157.00000", "2007-01-31": "-1833.00000", "2006-01-31": "-707.00000", "2005-12-31": "", "2005-01-31": "-478.00000"}, "Net Cash Flow": {"2019-12-31": "348.00000", "2018-12-31": "-53.00000", "2017-12-31": "26.00000", "2016-12-31": "-277.00000", "2015-12-31": "213.00000", "2015-01-31": "13.00000", "2014-01-31": "-305.00000", "2013-01-31": "-855.00000", "2012-01-31": "224.00000", "2011-01-31": "506.00000", "2010-01-31": "-75.00000", "2009-01-31": "-160.00000", "2008-01-31": "-17.00000", "2007-01-31": "78.00000", "2006-01-31": "46.00000", "2005-12-31": "", "2005-01-31": "-121.00000"}, "Stock-Based Compensation": {"2019-12-31": "52.00000", "2018-12-31": "44.00000", "2017-12-31": "43.00000", "2016-12-31": "35.00000", "2015-12-31": "30.00000", "2015-01-31": "42.00000", "2014-01-31": "55.00000", "2013-01-31": "53.00000", "2012-01-31": "55.00000", "2011-01-31": "99.00000", "2010-01-31": "103.00000", "2009-01-31": "94.00000", "2008-01-31": "89.00000", "2007-01-31": "64.00000", "2006-01-31": "39.00000", "2005-12-31": "", "2005-01-31": "35.00000"}, "Common Stock Dividends Paid": {"2019-12-31": "-198.00000", "2018-12-31": "-198.00000", "2017-12-31": "-198.00000", "2016-12-31": "-1135.00000", "2015-12-31": "-93.00000", "2015-01-31": "-95.00000", "2014-01-31": "-477.00000", "2013-01-31": "-165.00000", "2012-01-31": "", "2011-01-31": "", "2010-01-31": "", "2009-01-31": "", "2008-01-31": "", "2007-01-31": "-2439.00000", "2006-01-31": "", "2005-12-31": "", "2005-01-31": ""}}, "cash flow statement, quarterly": {"Net Income/Loss": {"2020-09-30": 163, "2020-06-30": 154, "2020-03-31": "115.00000", "2019-12-31": 181, "2019-09-30": 162, "2019-06-30": 138, "2019-03-31": "189.00000", "2018-12-31": 188, "2018-09-30": 147, "2018-06-30": 145, "2018-03-31": "102.00000", "2017-12-31": 113, "2017-09-30": 79, "2017-06-30": 98, "2017-03-31": "74.00000", "2016-12-31": 60, "2016-09-30": 92, "2016-06-30": 41, "2016-03-31": "53.00000", "2015-12-31": 115, "2015-09-30": 49, "2015-06-30": 37, "2015-03-31": "41.00000", "2015-01-31": "0.00000", "2014-10-31": 34, "2014-07-31": -438, "2014-04-30": 37, "2014-01-31": "0.00000", "2013-10-31": -3, "2013-07-31": 42, "2013-04-30": 81, "2013-01-31": "0.00000", "2012-10-31": 112, "2012-07-31": 110, "2012-04-30": 117, "2012-01-31": "0.00000", "2011-10-31": -89, "2011-07-31": 178, "2011-04-30": 131, "2011-01-31": "0.00000", "2010-10-31": 173, "2010-07-31": 190, "2010-04-30": 125, "2010-01-31": "0.00000", "2009-10-31": 135, "2009-07-31": 123, "2009-04-30": 116, "2009-01-31": "0.00000", "2008-10-31": 120, "2008-07-31": 109, "2008-04-30": 103, "2008-01-31": "0.00000", "2007-10-31": 105, "2007-07-31": 132, "2007-04-30": 80, "2007-01-31": "0.00000", "2006-10-31": 98, "2006-07-31": 103, "2006-04-30": 106, "2006-01-31": "0.00000", "2005-10-31": 773}, "Total Depreciation And Amortization - Cash Flow": {"2020-09-30": 82, "2020-06-30": 71, "2020-03-31": "61.00000", "2019-12-31": 71, "2019-09-30": 59, "2019-06-30": 57, "2019-03-31": "58.00000", "2018-12-31": 74, "2018-09-30": 64, "2018-06-30": 66, "2018-03-31": "63.00000", "2017-12-31": 96, "2017-09-30": 92, "2017-06-30": 80, "2017-03-31": "82.00000", "2016-12-31": 68, "2016-09-30": 37, "2016-06-30": 9, "2016-03-31": "8.00000", "2015-12-31": 6, "2015-09-30": 11, "2015-06-30": 12, "2015-03-31": "12.00000", "2015-01-31": "", "2014-10-31": 16, "2014-07-31": 502, "2014-04-30": 18, "2014-01-31": "", "2013-10-31": 13, "2013-07-31": 25, "2013-04-30": 26, "2013-01-31": "", "2012-10-31": 17, "2012-07-31": 29, "2012-04-30": 27, "2012-01-31": "", "2011-10-31": 31, "2011-07-31": 27, "2011-04-30": 28, "2011-01-31": "", "2010-10-31": 29, "2010-07-31": 27, "2010-04-30": 24, "2010-01-31": "", "2009-10-31": 24, "2009-07-31": 22, "2009-04-30": 22, "2009-01-31": "", "2008-10-31": 21, "2008-07-31": 22, "2008-04-30": 22, "2008-01-31": "", "2007-10-31": 20, "2007-07-31": 18, "2007-04-30": 17, "2007-01-31": "", "2006-10-31": 18, "2006-07-31": 19, "2006-04-30": 15, "2006-01-31": "", "2005-10-31": 48}, "Other Non-Cash Items": {"2020-09-30": 29, "2020-06-30": 26, "2020-03-31": "45.00000", "2019-12-31": -16, "2019-09-30": 51, "2019-06-30": 11, "2019-03-31": "-60.00000", "2018-12-31": -47, "2018-09-30": 17, "2018-06-30": 15, "2018-03-31": "25.00000", "2017-12-31": 173, "2017-09-30": 18, "2017-06-30": 4, "2017-03-31": "44.00000", "2016-12-31": 16, "2016-09-30": 10, "2016-06-30": -6, "2016-03-31": "19.00000", "2015-12-31": -98, "2015-09-30": 110, "2015-06-30": -51, "2015-03-31": "27.00000", "2015-01-31": "", "2014-10-31": 33, "2014-07-31": 41, "2014-04-30": 18, "2014-01-31": "", "2013-10-31": 72, "2013-07-31": 24, "2013-04-30": -25, "2013-01-31": "", "2012-10-31": -177, "2012-07-31": 17, "2012-04-30": 24, "2012-01-31": "", "2011-10-31": 28, "2011-07-31": -67, "2011-04-30": 16, "2011-01-31": "", "2010-10-31": 10, "2010-07-31": -5, "2010-04-30": 6, "2010-01-31": "", "2009-10-31": 26, "2009-07-31": 30, "2009-04-30": 12, "2009-01-31": "", "2008-10-31": 26, "2008-07-31": 10, "2008-04-30": -13, "2008-01-31": "", "2007-10-31": 15, "2007-07-31": -34, "2007-04-30": 20, "2007-01-31": "", "2006-10-31": 18, "2006-07-31": 30, "2006-04-30": -12, "2006-01-31": "", "2005-10-31": -568}, "Total Non-Cash Items": {"2020-09-30": 111, "2020-06-30": 97, "2020-03-31": "106.00000", "2019-12-31": 55, "2019-09-30": 110, "2019-06-30": 68, "2019-03-31": "-2.00000", "2018-12-31": 27, "2018-09-30": 81, "2018-06-30": 81, "2018-03-31": "88.00000", "2017-12-31": 269, "2017-09-30": 110, "2017-06-30": 84, "2017-03-31": "126.00000", "2016-12-31": 84, "2016-09-30": 47, "2016-06-30": 3, "2016-03-31": "27.00000", "2015-12-31": -92, "2015-09-30": 121, "2015-06-30": -39, "2015-03-31": "39.00000", "2015-01-31": "", "2014-10-31": 49, "2014-07-31": 543, "2014-04-30": 36, "2014-01-31": "", "2013-10-31": 85, "2013-07-31": 49, "2013-04-30": 1, "2013-01-31": "", "2012-10-31": -160, "2012-07-31": 46, "2012-04-30": 51, "2012-01-31": "", "2011-10-31": 59, "2011-07-31": -40, "2011-04-30": 44, "2011-01-31": "", "2010-10-31": 39, "2010-07-31": 22, "2010-04-30": 30, "2010-01-31": "", "2009-10-31": 50, "2009-07-31": 52, "2009-04-30": 34, "2009-01-31": "", "2008-10-31": 47, "2008-07-31": 32, "2008-04-30": 9, "2008-01-31": "", "2007-10-31": 35, "2007-07-31": -16, "2007-04-30": 37, "2007-01-31": "", "2006-10-31": 36, "2006-07-31": 49, "2006-04-30": 3, "2006-01-31": "", "2005-10-31": -520}, "Change In Accounts Receivable": {"2020-09-30": -86, "2020-06-30": 137, "2020-03-31": "89.00000", "2019-12-31": 48, "2019-09-30": 36, "2019-06-30": 53, "2019-03-31": "-21.00000", "2018-12-31": -60, "2018-09-30": -34, "2018-06-30": 120, "2018-03-31": "-84.00000", "2017-12-31": -36, "2017-09-30": 24, "2017-06-30": 11, "2017-03-31": "-190.00000", "2016-12-31": -17, "2016-09-30": 216, "2016-06-30": -28, "2016-03-31": "-48.00000", "2015-12-31": -164, "2015-09-30": 82, "2015-06-30": 46, "2015-03-31": "17.00000", "2015-01-31": "", "2014-10-31": 85, "2014-07-31": -8, "2014-04-30": 21, "2014-01-31": "-69.00000", "2013-10-31": -16, "2013-07-31": 37, "2013-04-30": -163, "2013-01-31": "", "2012-10-31": 23, "2012-07-31": 185, "2012-04-30": 3, "2012-01-31": "", "2011-10-31": -46, "2011-07-31": 33, "2011-04-30": -81, "2011-01-31": "", "2010-10-31": -156, "2010-07-31": 35, "2010-04-30": -25, "2010-01-31": "", "2009-10-31": -142, "2009-07-31": 54, "2009-04-30": -124, "2009-01-31": "", "2008-10-31": -129, "2008-07-31": 55, "2008-04-30": -38, "2008-01-31": "", "2007-10-31": -201, "2007-07-31": 33, "2007-04-30": -26, "2007-01-31": "", "2006-10-31": -17, "2006-07-31": -14, "2006-04-30": 3, "2006-01-31": "", "2005-10-31": 3}, "Change In Inventories": {"2020-09-30": 0, "2020-06-30": 0, "2020-03-31": "", "2019-12-31": -44, "2019-09-30": 0, "2019-06-30": 0, "2019-03-31": "", "2018-12-31": -73, "2018-09-30": 0, "2018-06-30": 63, "2018-03-31": "-63.00000", "2017-12-31": -30, "2017-09-30": -86, "2017-06-30": 18, "2017-03-31": "22.00000", "2016-12-31": 80, "2016-09-30": -73, "2016-06-30": 4, "2016-03-31": "-11.00000", "2015-12-31": 25, "2015-09-30": -12, "2015-06-30": 19, "2015-03-31": "-29.00000", "2015-01-31": "", "2014-10-31": -13, "2014-07-31": 45, "2014-04-30": -36, "2014-01-31": "", "2013-10-31": -21, "2013-07-31": 0, "2013-04-30": 48, "2013-01-31": "", "2012-10-31": -98, "2012-07-31": 41, "2012-04-30": -16, "2012-01-31": "", "2011-10-31": 5, "2011-07-31": 26, "2011-04-30": 7, "2011-01-31": "", "2010-10-31": 46, "2010-07-31": 1, "2010-04-30": -17, "2010-01-31": "", "2009-10-31": 52, "2009-07-31": -29, "2009-04-30": 40, "2009-01-31": "", "2008-10-31": -14, "2008-07-31": -12, "2008-04-30": -33, "2008-01-31": "", "2007-10-31": 7, "2007-07-31": -28, "2007-04-30": 1, "2007-01-31": "", "2006-10-31": 1, "2006-07-31": 22, "2006-04-30": 20, "2006-01-31": "", "2005-10-31": 25}, "Change In Accounts Payable": {"2020-09-30": 0, "2020-06-30": 0, "2020-03-31": "", "2019-12-31": 0, "2019-09-30": 0, "2019-06-30": 0, "2019-03-31": "", "2018-12-31": 0, "2018-09-30": 0, "2018-06-30": 0, "2018-03-31": "", "2017-12-31": 0, "2017-09-30": 0, "2017-06-30": 0, "2017-03-31": "", "2016-12-31": 0, "2016-09-30": 0, "2016-06-30": 0, "2016-03-31": "", "2015-12-31": 0, "2015-09-30": 0, "2015-06-30": 0, "2015-03-31": "", "2015-01-31": "", "2014-10-31": 0, "2014-07-31": 0, "2014-04-30": 0, "2014-01-31": "", "2013-10-31": 0, "2013-07-31": 0, "2013-04-30": 0, "2013-01-31": "", "2012-10-31": 0, "2012-07-31": 0, "2012-04-30": 0, "2012-01-31": "", "2011-10-31": 0, "2011-07-31": 0, "2011-04-30": 0, "2011-01-31": "", "2010-10-31": 0, "2010-07-31": 0, "2010-04-30": 0, "2010-01-31": "", "2009-10-31": 0, "2009-07-31": 0, "2009-04-30": 0, "2009-01-31": "", "2008-10-31": 0, "2008-07-31": 0, "2008-04-30": 0, "2008-01-31": "", "2007-10-31": 0, "2007-07-31": 0, "2007-04-30": 0, "2007-01-31": "", "2006-10-31": 0, "2006-07-31": 0, "2006-04-30": 0, "2006-01-31": "", "2005-10-31": 0}, "Change In Assets/Liabilities": {"2020-09-30": 23, "2020-06-30": 69, "2020-03-31": "-43.00000", "2019-12-31": -136, "2019-09-30": -22, "2019-06-30": 81, "2019-03-31": "-25.00000", "2018-12-31": 60, "2018-09-30": 85, "2018-06-30": -83, "2018-03-31": "26.00000", "2017-12-31": -68, "2017-09-30": 49, "2017-06-30": -38, "2017-03-31": "20.00000", "2016-12-31": -53, "2016-09-30": -37, "2016-06-30": 10, "2016-03-31": "-2.00000", "2015-12-31": 75, "2015-09-30": -22, "2015-06-30": 65, "2015-03-31": "-81.00000", "2015-01-31": "", "2014-10-31": 36, "2014-07-31": -2, "2014-04-30": -2, "2014-01-31": "", "2013-10-31": 5, "2013-07-31": 0, "2013-04-30": 4, "2013-01-31": "", "2012-10-31": -2, "2012-07-31": -2, "2012-04-30": 1, "2012-01-31": "", "2011-10-31": -18, "2011-07-31": -7, "2011-04-30": -11, "2011-01-31": "", "2010-10-31": -6, "2010-07-31": -7, "2010-04-30": 3, "2010-01-31": "", "2009-10-31": -3, "2009-07-31": 5, "2009-04-30": 4, "2009-01-31": "", "2008-10-31": 4, "2008-07-31": -5, "2008-04-30": 1, "2008-01-31": "", "2007-10-31": -1, "2007-07-31": -10, "2007-04-30": 2, "2007-01-31": "", "2006-10-31": 12, "2006-07-31": -2, "2006-04-30": -1, "2006-01-31": "", "2005-10-31": 0}, "Total Change In Assets/Liabilities": {"2020-09-30": 318, "2020-06-30": 171, "2020-03-31": "151.00000", "2019-12-31": -67, "2019-09-30": 77, "2019-06-30": -20, "2019-03-31": "101.00000", "2018-12-31": -111, "2018-09-30": 143, "2018-06-30": 45, "2018-03-31": "-168.00000", "2017-12-31": -218, "2017-09-30": 78, "2017-06-30": -16, "2017-03-31": "-271.00000", "2016-12-31": -23, "2016-09-30": 131, "2016-06-30": 28, "2016-03-31": "-94.00000", "2015-12-31": -2, "2015-09-30": 99, "2015-06-30": 153, "2015-03-31": "-122.00000", "2015-01-31": "", "2014-10-31": 96, "2014-07-31": 19, "2014-04-30": -82, "2014-01-31": "", "2013-10-31": -32, "2013-07-31": 43, "2013-04-30": -184, "2013-01-31": "", "2012-10-31": 54, "2012-07-31": 48, "2012-04-30": -529, "2012-01-31": "", "2011-10-31": 447, "2011-07-31": -82, "2011-04-30": -21, "2011-01-31": "", "2010-10-31": 109, "2010-07-31": -102, "2010-04-30": -24, "2010-01-31": "", "2009-10-31": 65, "2009-07-31": -66, "2009-04-30": 13, "2009-01-31": "", "2008-10-31": 19, "2008-07-31": 89, "2008-04-30": -98, "2008-01-31": "", "2007-10-31": -42, "2007-07-31": 141, "2007-04-30": -246, "2007-01-31": "", "2006-10-31": 73, "2006-07-31": 56, "2006-04-30": -30, "2006-01-31": "", "2005-10-31": 103}, "Cash Flow From Operating Activities": {"2020-09-30": 592, "2020-06-30": 422, "2020-03-31": "372.00000", "2019-12-31": 169, "2019-09-30": 349, "2019-06-30": 186, "2019-03-31": "288.00000", "2018-12-31": 104, "2018-09-30": 371, "2018-06-30": 271, "2018-03-31": "22.00000", "2017-12-31": 164, "2017-09-30": 267, "2017-06-30": 166, "2017-03-31": "-71.00000", "2016-12-31": 121, "2016-09-30": 270, "2016-06-30": 72, "2016-03-31": "-14.00000", "2015-12-31": 21, "2015-09-30": 269, "2015-06-30": 151, "2015-03-31": "-42.00000", "2015-01-31": "", "2014-10-31": 179, "2014-07-31": 124, "2014-04-30": -9, "2014-01-31": "", "2013-10-31": 50, "2013-07-31": 134, "2013-04-30": -102, "2013-01-31": "", "2012-10-31": 6, "2012-07-31": 204, "2012-04-30": -361, "2012-01-31": "", "2011-10-31": 417, "2011-07-31": 56, "2011-04-30": 154, "2011-01-31": "", "2010-10-31": 321, "2010-07-31": 110, "2010-04-30": 131, "2010-01-31": "", "2009-10-31": 250, "2009-07-31": 109, "2009-04-30": 163, "2009-01-31": "", "2008-10-31": 186, "2008-07-31": 230, "2008-04-30": 14, "2008-01-31": "", "2007-10-31": 98, "2007-07-31": 257, "2007-04-30": -129, "2007-01-31": "", "2006-10-31": 207, "2006-07-31": 208, "2006-04-30": 79, "2006-01-31": "", "2005-10-31": 356}, "Net Change In Property, Plant, And Equipment": {"2020-09-30": -20, "2020-06-30": -46, "2020-03-31": "-44.00000", "2019-12-31": -237, "2019-09-30": 162, "2019-06-30": -16, "2019-03-31": "66.00000", "2018-12-31": -20, "2018-09-30": -25, "2018-06-30": -13, "2018-03-31": "-15.00000", "2017-12-31": -38, "2017-09-30": -19, "2017-06-30": -9, "2017-03-31": "-7.00000", "2016-12-31": -9, "2016-09-30": -13, "2016-06-30": -3, "2016-03-31": "-1.00000", "2015-12-31": 58, "2015-09-30": -3, "2015-06-30": 0, "2015-03-31": "-3.00000", "2015-01-31": "", "2014-10-31": -4, "2014-07-31": -12, "2014-04-30": -10, "2014-01-31": "", "2013-10-31": -1, "2013-07-31": 28, "2013-04-30": 7, "2013-01-31": "", "2012-10-31": 2, "2012-07-31": -23, "2012-04-30": -8, "2012-01-31": "", "2011-10-31": -12, "2011-07-31": 42, "2011-04-30": 6, "2011-01-31": "", "2010-10-31": -11, "2010-07-31": -10, "2010-04-30": -24, "2010-01-31": "", "2009-10-31": -18, "2009-07-31": -16, "2009-04-30": -12, "2009-01-31": "", "2008-10-31": -20, "2008-07-31": -13, "2008-04-30": -12, "2008-01-31": "", "2007-10-31": -19, "2007-07-31": -11, "2007-04-30": -12, "2007-01-31": "", "2006-10-31": -33, "2006-07-31": -13, "2006-04-30": -18, "2006-01-31": "", "2005-10-31": -39}, "Net Change In Intangible Assets": {"2020-09-30": 0, "2020-06-30": 0, "2020-03-31": "", "2019-12-31": 0, "2019-09-30": 0, "2019-06-30": 0, "2019-03-31": "", "2018-12-31": 0, "2018-09-30": 0, "2018-06-30": 0, "2018-03-31": "", "2017-12-31": 0, "2017-09-30": 0, "2017-06-30": 0, "2017-03-31": "", "2016-12-31": 0, "2016-09-30": 0, "2016-06-30": 0, "2016-03-31": "", "2015-12-31": 0, "2015-09-30": 0, "2015-06-30": 0, "2015-03-31": "", "2015-01-31": "", "2014-10-31": 0, "2014-07-31": 0, "2014-04-30": 0, "2014-01-31": "", "2013-10-31": 0, "2013-07-31": 0, "2013-04-30": 0, "2013-01-31": "", "2012-10-31": 0, "2012-07-31": 0, "2012-04-30": 0, "2012-01-31": "", "2011-10-31": 0, "2011-07-31": 0, "2011-04-30": 0, "2011-01-31": "", "2010-10-31": 0, "2010-07-31": 0, "2010-04-30": 0, "2010-01-31": "", "2009-10-31": 0, "2009-07-31": 0, "2009-04-30": 0, "2009-01-31": "", "2008-10-31": 0, "2008-07-31": 0, "2008-04-30": 0, "2008-01-31": "", "2007-10-31": 0, "2007-07-31": 0, "2007-04-30": 0, "2007-01-31": "", "2006-10-31": 0, "2006-07-31": 0, "2006-04-30": 0, "2006-01-31": "", "2005-10-31": 0}, "Net Acquisitions/Divestitures": {"2020-09-30": 0, "2020-06-30": -968, "2020-03-31": "-1642.00000", "2019-12-31": 178, "2019-09-30": -265, "2019-06-30": 0, "2019-03-31": "171.00000", "2018-12-31": 0, "2018-09-30": 0, "2018-06-30": 0, "2018-03-31": "-81.00000", "2017-12-31": 0, "2017-09-30": 0, "2017-06-30": 0, "2017-03-31": "", "2016-12-31": 0, "2016-09-30": 25, "2016-06-30": 23, "2016-03-31": "", "2015-12-31": -2, "2015-09-30": 27, "2015-06-30": -13, "2015-03-31": "", "2015-01-31": "", "2014-10-31": 0, "2014-07-31": 0, "2014-04-30": 0, "2014-01-31": "", "2013-10-31": 0, "2013-07-31": 0, "2013-04-30": 0, "2013-01-31": "", "2012-10-31": -478, "2012-07-31": 0, "2012-04-30": 0, "2012-01-31": "", "2011-10-31": -191, "2011-07-31": -29, "2011-04-30": 0, "2011-01-31": "", "2010-10-31": -218, "2010-07-31": 0, "2010-04-30": -140, "2010-01-31": "", "2009-10-31": -148, "2009-07-31": -1, "2009-04-30": 0, "2009-01-31": "", "2008-10-31": -2, "2008-07-31": -66, "2008-04-30": -137, "2008-01-31": "", "2007-10-31": -145, "2007-07-31": 0, "2007-04-30": 0, "2007-01-31": "", "2006-10-31": -112, "2006-07-31": -18, "2006-04-30": -14, "2006-01-31": "", "2005-10-31": -219}, "Net Change In Short-term Investments": {"2020-09-30": 0, "2020-06-30": 0, "2020-03-31": "", "2019-12-31": 0, "2019-09-30": 0, "2019-06-30": 0, "2019-03-31": "", "2018-12-31": 0, "2018-09-30": 0, "2018-06-30": 0, "2018-03-31": "", "2017-12-31": 0, "2017-09-30": 0, "2017-06-30": 0, "2017-03-31": "", "2016-12-31": 0, "2016-09-30": 0, "2016-06-30": 0, "2016-03-31": "", "2015-12-31": 0, "2015-09-30": 0, "2015-06-30": 0, "2015-03-31": "", "2015-01-31": "", "2014-10-31": 0, "2014-07-31": 0, "2014-04-30": 0, "2014-01-31": "", "2013-10-31": 12, "2013-07-31": 0, "2013-04-30": 0, "2013-01-31": "", "2012-10-31": 0, "2012-07-31": 0, "2012-04-30": 0, "2012-01-31": "", "2011-10-31": 0, "2011-07-31": 0, "2011-04-30": 0, "2011-01-31": "", "2010-10-31": 0, "2010-07-31": 0, "2010-04-30": 0, "2010-01-31": "", "2009-10-31": 0, "2009-07-31": 0, "2009-04-30": 0, "2009-01-31": "", "2008-10-31": 0, "2008-07-31": 0, "2008-04-30": 0, "2008-01-31": "", "2007-10-31": 0, "2007-07-31": 0, "2007-04-30": 0, "2007-01-31": "", "2006-10-31": 0, "2006-07-31": 0, "2006-04-30": 1659, "2006-01-31": "", "2005-10-31": -277}, "Net Change In Long-Term Investments": {"2020-09-30": 0, "2020-06-30": 0, "2020-03-31": "", "2019-12-31": 0, "2019-09-30": 0, "2019-06-30": 0, "2019-03-31": "", "2018-12-31": 0, "2018-09-30": 0, "2018-06-30": 0, "2018-03-31": "", "2017-12-31": 0, "2017-09-30": 0, "2017-06-30": 0, "2017-03-31": "", "2016-12-31": 0, "2016-09-30": 0, "2016-06-30": 0, "2016-03-31": "", "2015-12-31": 0, "2015-09-30": 0, "2015-06-30": 0, "2015-03-31": "", "2015-01-31": "", "2014-10-31": 0, "2014-07-31": 0, "2014-04-30": 0, "2014-01-31": "", "2013-10-31": 0, "2013-07-31": 0, "2013-04-30": 0, "2013-01-31": "", "2012-10-31": 0, "2012-07-31": 0, "2012-04-30": 0, "2012-01-31": "", "2011-10-31": 0, "2011-07-31": 0, "2011-04-30": 0, "2011-01-31": "", "2010-10-31": 0, "2010-07-31": 0, "2010-04-30": 0, "2010-01-31": "", "2009-10-31": 0, "2009-07-31": 0, "2009-04-30": 0, "2009-01-31": "", "2008-10-31": 0, "2008-07-31": 0, "2008-04-30": 0, "2008-01-31": "", "2007-10-31": 0, "2007-07-31": 0, "2007-04-30": 0, "2007-01-31": "", "2006-10-31": 0, "2006-07-31": 0, "2006-04-30": 0, "2006-01-31": "", "2005-10-31": 0}, "Net Change In Investments - Total": {"2020-09-30": 0, "2020-06-30": 0, "2020-03-31": "", "2019-12-31": 0, "2019-09-30": 0, "2019-06-30": 0, "2019-03-31": "", "2018-12-31": 0, "2018-09-30": 0, "2018-06-30": 0, "2018-03-31": "", "2017-12-31": 0, "2017-09-30": 0, "2017-06-30": 0, "2017-03-31": "", "2016-12-31": 0, "2016-09-30": 0, "2016-06-30": 0, "2016-03-31": "", "2015-12-31": 0, "2015-09-30": 0, "2015-06-30": 0, "2015-03-31": "", "2015-01-31": "", "2014-10-31": 0, "2014-07-31": 0, "2014-04-30": 0, "2014-01-31": "", "2013-10-31": 12, "2013-07-31": 0, "2013-04-30": 0, "2013-01-31": "", "2012-10-31": 0, "2012-07-31": 0, "2012-04-30": 0, "2012-01-31": "", "2011-10-31": 0, "2011-07-31": 0, "2011-04-30": 0, "2011-01-31": "", "2010-10-31": 0, "2010-07-31": 0, "2010-04-30": 0, "2010-01-31": "", "2009-10-31": 0, "2009-07-31": 0, "2009-04-30": 0, "2009-01-31": "", "2008-10-31": 0, "2008-07-31": 0, "2008-04-30": 0, "2008-01-31": "", "2007-10-31": 0, "2007-07-31": 0, "2007-04-30": 0, "2007-01-31": "", "2006-10-31": 0, "2006-07-31": 0, "2006-04-30": 1659, "2006-01-31": "", "2005-10-31": -277}, "Investing Activities - Other": {"2020-09-30": 5, "2020-06-30": 0, "2020-03-31": "1.00000", "2019-12-31": 5, "2019-09-30": 1, "2019-06-30": 0, "2019-03-31": "", "2018-12-31": 0, "2018-09-30": 40, "2018-06-30": 0, "2018-03-31": "", "2017-12-31": 0, "2017-09-30": 0, "2017-06-30": 0, "2017-03-31": "2.00000", "2016-12-31": 1, "2016-09-30": 4, "2016-06-30": -1, "2016-03-31": "", "2015-12-31": 0, "2015-09-30": 0, "2015-06-30": -1, "2015-03-31": "1.00000", "2015-01-31": "", "2014-10-31": 0, "2014-07-31": 80, "2014-04-30": 0, "2014-01-31": "", "2013-10-31": 265, "2013-07-31": -1, "2013-04-30": 2, "2013-01-31": "", "2012-10-31": 0, "2012-07-31": 0, "2012-04-30": 1, "2012-01-31": "", "2011-10-31": -1, "2011-07-31": -2, "2011-04-30": 2, "2011-01-31": "", "2010-10-31": -1, "2010-07-31": 0, "2010-04-30": 0, "2010-01-31": "", "2009-10-31": -2, "2009-07-31": -1, "2009-04-30": 11, "2009-01-31": "", "2008-10-31": 3, "2008-07-31": 4, "2008-04-30": 8, "2008-01-31": "", "2007-10-31": 11, "2007-07-31": -7, "2007-04-30": 5, "2007-01-31": "", "2006-10-31": 5, "2006-07-31": -4, "2006-04-30": 10, "2006-01-31": "", "2005-10-31": 6}, "Cash Flow From Investing Activities": {"2020-09-30": -15, "2020-06-30": -1014, "2020-03-31": "-1685.00000", "2019-12-31": -54, "2019-09-30": -102, "2019-06-30": -16, "2019-03-31": "237.00000", "2018-12-31": -20, "2018-09-30": 15, "2018-06-30": -13, "2018-03-31": "-96.00000", "2017-12-31": -38, "2017-09-30": -19, "2017-06-30": -9, "2017-03-31": "-5.00000", "2016-12-31": -8, "2016-09-30": 16, "2016-06-30": 19, "2016-03-31": "-1.00000", "2015-12-31": 56, "2015-09-30": 24, "2015-06-30": -14, "2015-03-31": "-2.00000", "2015-01-31": "", "2014-10-31": -4, "2014-07-31": 68, "2014-04-30": -10, "2014-01-31": "", "2013-10-31": 276, "2013-07-31": 27, "2013-04-30": 9, "2013-01-31": "", "2012-10-31": -476, "2012-07-31": -23, "2012-04-30": -7, "2012-01-31": "", "2011-10-31": -204, "2011-07-31": 11, "2011-04-30": 8, "2011-01-31": "", "2010-10-31": -230, "2010-07-31": -10, "2010-04-30": -164, "2010-01-31": "", "2009-10-31": -168, "2009-07-31": -18, "2009-04-30": -1, "2009-01-31": "", "2008-10-31": -19, "2008-07-31": -75, "2008-04-30": -141, "2008-01-31": "", "2007-10-31": -153, "2007-07-31": -18, "2007-04-30": -7, "2007-01-31": "", "2006-10-31": -140, "2006-07-31": -35, "2006-04-30": 1637, "2006-01-31": "", "2005-10-31": -529}, "Net Long-Term Debt": {"2020-09-30": -477, "2020-06-30": 774, "2020-03-31": "1248.00000", "2019-12-31": -30, "2019-09-30": -2, "2019-06-30": -17, "2019-03-31": "-31.00000", "2018-12-31": -13, "2018-09-30": -2, "2018-06-30": -27, "2018-03-31": "-17.00000", "2017-12-31": -15, "2017-09-30": -125, "2017-06-30": -47, "2017-03-31": "-22.00000", "2016-12-31": -175, "2016-09-30": 590, "2016-06-30": -1, "2016-03-31": "-1.00000", "2015-12-31": 10, "2015-09-30": -49, "2015-06-30": 0, "2015-03-31": "", "2015-01-31": "", "2014-10-31": 0, "2014-07-31": 0, "2014-04-30": 0, "2014-01-31": "", "2013-10-31": 0, "2013-07-31": 38, "2013-04-30": 0, "2013-01-31": "", "2012-10-31": 0, "2012-07-31": 0, "2012-04-30": 0, "2012-01-31": "", "2011-10-31": 0, "2011-07-31": 0, "2011-04-30": 0, "2011-01-31": "", "2010-10-31": 0, "2010-07-31": 0, "2010-04-30": 0, "2010-01-31": "", "2009-10-31": 0, "2009-07-31": 0, "2009-04-30": 0, "2009-01-31": "", "2008-10-31": 0, "2008-07-31": 0, "2008-04-30": 0, "2008-01-31": "", "2007-10-31": 0, "2007-07-31": 0, "2007-04-30": 0, "2007-01-31": "", "2006-10-31": 0, "2006-07-31": 0, "2006-04-30": 0, "2006-01-31": "", "2005-10-31": 0}, "Net Current Debt": {"2020-09-30": 0, "2020-06-30": 0, "2020-03-31": "", "2019-12-31": 0, "2019-09-30": 0, "2019-06-30": 0, "2019-03-31": "", "2018-12-31": 0, "2018-09-30": 0, "2018-06-30": 0, "2018-03-31": "", "2017-12-31": 0, "2017-09-30": 0, "2017-06-30": 0, "2017-03-31": "", "2016-12-31": 0, "2016-09-30": 0, "2016-06-30": 0, "2016-03-31": "", "2015-12-31": 0, "2015-09-30": 47, "2015-06-30": -18, "2015-03-31": "-29.00000", "2015-01-31": "", "2014-10-31": -103, "2014-07-31": -1, "2014-04-30": 0, "2014-01-31": "", "2013-10-31": 0, "2013-07-31": -1, "2013-04-30": 0, "2013-01-31": "", "2012-10-31": 2, "2012-07-31": -551, "2012-04-30": -1, "2012-01-31": "", "2011-10-31": -1, "2011-07-31": -1, "2011-04-30": -1, "2011-01-31": "", "2010-10-31": -1, "2010-07-31": -1, "2010-04-30": 0, "2010-01-31": "", "2009-10-31": -1, "2009-07-31": -1, "2009-04-30": -15, "2009-01-31": "", "2008-10-31": -2, "2008-07-31": -8, "2008-04-30": -102, "2008-01-31": "", "2007-10-31": 0, "2007-07-31": -8, "2007-04-30": -1, "2007-01-31": "", "2006-10-31": -1, "2006-07-31": 2, "2006-04-30": -20, "2006-01-31": "", "2005-10-31": -40}, "Debt Issuance/Retirement Net - Total": {"2020-09-30": -477, "2020-06-30": 774, "2020-03-31": "1248.00000", "2019-12-31": -30, "2019-09-30": -2, "2019-06-30": -17, "2019-03-31": "-31.00000", "2018-12-31": -13, "2018-09-30": -2, "2018-06-30": -27, "2018-03-31": "-17.00000", "2017-12-31": -15, "2017-09-30": -125, "2017-06-30": -47, "2017-03-31": "-22.00000", "2016-12-31": -175, "2016-09-30": 590, "2016-06-30": -1, "2016-03-31": "-1.00000", "2015-12-31": 10, "2015-09-30": -2, "2015-06-30": -18, "2015-03-31": "-29.00000", "2015-01-31": "", "2014-10-31": -103, "2014-07-31": -1, "2014-04-30": 0, "2014-01-31": "", "2013-10-31": 0, "2013-07-31": 37, "2013-04-30": 0, "2013-01-31": "", "2012-10-31": 2, "2012-07-31": -551, "2012-04-30": -1, "2012-01-31": "", "2011-10-31": -1, "2011-07-31": -1, "2011-04-30": -1, "2011-01-31": "", "2010-10-31": -1, "2010-07-31": -1, "2010-04-30": 0, "2010-01-31": "", "2009-10-31": -1, "2009-07-31": -1, "2009-04-30": -15, "2009-01-31": "", "2008-10-31": -2, "2008-07-31": -8, "2008-04-30": -102, "2008-01-31": "", "2007-10-31": 0, "2007-07-31": -8, "2007-04-30": -1, "2007-01-31": "", "2006-10-31": -1, "2006-07-31": 2, "2006-04-30": -20, "2006-01-31": "", "2005-10-31": -40}, "Net Common Equity Issued/Repurchased": {"2020-09-30": 9, "2020-06-30": 6, "2020-03-31": "-24.00000", "2019-12-31": -17, "2019-09-30": -202, "2019-06-30": 0, "2019-03-31": "-212.00000", "2018-12-31": -242, "2018-09-30": -74, "2018-06-30": -90, "2018-03-31": "-18.00000", "2017-12-31": -2, "2017-09-30": 2, "2017-06-30": -13, "2017-03-31": "-5.00000", "2016-12-31": -4, "2016-09-30": 18, "2016-06-30": -6, "2016-03-31": "-7.00000", "2015-12-31": 0, "2015-09-30": 0, "2015-06-30": -107, "2015-03-31": "-5.00000", "2015-01-31": "", "2014-10-31": 1, "2014-07-31": 2, "2014-04-30": -210, "2014-01-31": "", "2013-10-31": 3, "2013-07-31": 3, "2013-04-30": -12, "2013-01-31": "", "2012-10-31": 4, "2012-07-31": 5, "2012-04-30": -15, "2012-01-31": "", "2011-10-31": -46, "2011-07-31": -164, "2011-04-30": -239, "2011-01-31": "", "2010-10-31": 5, "2010-07-31": -145, "2010-04-30": -278, "2010-01-31": "", "2009-10-31": -43, "2009-07-31": -39, "2009-04-30": -203, "2009-01-31": "", "2008-10-31": 1, "2008-07-31": -135, "2008-04-30": -231, "2008-01-31": "", "2007-10-31": -74, "2007-07-31": -58, "2007-04-30": -59, "2007-01-31": "", "2006-10-31": 1178, "2006-07-31": -518, "2006-04-30": -16, "2006-01-31": "", "2005-10-31": -449}, "Net Total Equity Issued/Repurchased": {"2020-09-30": 9, "2020-06-30": 6, "2020-03-31": "-24.00000", "2019-12-31": -17, "2019-09-30": -202, "2019-06-30": 0, "2019-03-31": "-212.00000", "2018-12-31": -242, "2018-09-30": -74, "2018-06-30": -90, "2018-03-31": "-18.00000", "2017-12-31": -2, "2017-09-30": 2, "2017-06-30": -13, "2017-03-31": "-5.00000", "2016-12-31": -4, "2016-09-30": 18, "2016-06-30": -6, "2016-03-31": "-7.00000", "2015-12-31": 0, "2015-09-30": 0, "2015-06-30": -107, "2015-03-31": "-5.00000", "2015-01-31": "", "2014-10-31": 1, "2014-07-31": 2, "2014-04-30": -210, "2014-01-31": "", "2013-10-31": 3, "2013-07-31": 3, "2013-04-30": -12, "2013-01-31": "", "2012-10-31": 4, "2012-07-31": 5, "2012-04-30": -15, "2012-01-31": "", "2011-10-31": -46, "2011-07-31": -164, "2011-04-30": -239, "2011-01-31": "", "2010-10-31": 5, "2010-07-31": -145, "2010-04-30": -278, "2010-01-31": "", "2009-10-31": -43, "2009-07-31": -39, "2009-04-30": -203, "2009-01-31": "", "2008-10-31": 1, "2008-07-31": -135, "2008-04-30": -231, "2008-01-31": "", "2007-10-31": -74, "2007-07-31": -58, "2007-04-30": -59, "2007-01-31": "", "2006-10-31": 1178, "2006-07-31": -518, "2006-04-30": -16, "2006-01-31": "", "2005-10-31": -449}, "Total Common And Preferred Stock Dividends Paid": {"2020-09-30": -49, "2020-06-30": -48, "2020-03-31": "-51.00000", "2019-12-31": -97, "2019-09-30": 0, "2019-06-30": -47, "2019-03-31": "-54.00000", "2018-12-31": -47, "2018-09-30": -48, "2018-06-30": -51, "2018-03-31": "-52.00000", "2017-12-31": -48, "2017-09-30": -48, "2017-06-30": -52, "2017-03-31": "-50.00000", "2016-12-31": -48, "2016-09-30": -1041, "2016-06-30": -23, "2016-03-31": "-23.00000", "2015-12-31": -22, "2015-09-30": -23, "2015-06-30": -24, "2015-03-31": "-24.00000", "2015-01-31": "", "2014-10-31": -24, "2014-07-31": -24, "2014-04-30": -24, "2014-01-31": "", "2013-10-31": -28, "2013-07-31": -383, "2013-04-30": -41, "2013-01-31": "", "2012-10-31": -41, "2012-07-31": -42, "2012-04-30": -41, "2012-01-31": "", "2011-10-31": 0, "2011-07-31": 0, "2011-04-30": 0, "2011-01-31": "", "2010-10-31": 0, "2010-07-31": 0, "2010-04-30": 0, "2010-01-31": "", "2009-10-31": 0, "2009-07-31": 0, "2009-04-30": 0, "2009-01-31": "", "2008-10-31": 0, "2008-07-31": 0, "2008-04-30": 0, "2008-01-31": "", "2007-10-31": 0, "2007-07-31": 0, "2007-04-30": 0, "2007-01-31": "", "2006-10-31": 0, "2006-07-31": 0, "2006-04-30": 0, "2006-01-31": "", "2005-10-31": 0}, "Financial Activities - Other": {"2020-09-30": 0, "2020-06-30": -23, "2020-03-31": "-12.00000", "2019-12-31": 0, "2019-09-30": 0, "2019-06-30": 0, "2019-03-31": "", "2018-12-31": 12, "2018-09-30": -10, "2018-06-30": -24, "2018-03-31": "-4.00000", "2017-12-31": 0, "2017-09-30": -3, "2017-06-30": 0, "2017-03-31": "-1.00000", "2016-12-31": 0, "2016-09-30": -30, "2016-06-30": 0, "2016-03-31": "", "2015-12-31": -8, "2015-09-30": 2, "2015-06-30": 0, "2015-03-31": "1.00000", "2015-01-31": "", "2014-10-31": 0, "2014-07-31": 0, "2014-04-30": -2, "2014-01-31": "3.00000", "2013-10-31": 0, "2013-07-31": 2, "2013-04-30": 0, "2013-01-31": "", "2012-10-31": 0, "2012-07-31": 0, "2012-04-30": 0, "2012-01-31": "", "2011-10-31": 0, "2011-07-31": 0, "2011-04-30": -2, "2011-01-31": "", "2010-10-31": 0, "2010-07-31": -1, "2010-04-30": 14, "2010-01-31": "", "2009-10-31": 2, "2009-07-31": 1, "2009-04-30": 13, "2009-01-31": "", "2008-10-31": 9, "2008-07-31": 15, "2008-04-30": 27, "2008-01-31": "", "2007-10-31": 11, "2007-07-31": 11, "2007-04-30": 28, "2007-01-31": "", "2006-10-31": -1, "2006-07-31": 0, "2006-04-30": -1, "2006-01-31": "", "2005-10-31": -3}, "Cash Flow From Financial Activities": {"2020-09-30": -517, "2020-06-30": 709, "2020-03-31": "1161.00000", "2019-12-31": -144, "2019-09-30": -204, "2019-06-30": -64, "2019-03-31": "-297.00000", "2018-12-31": -290, "2018-09-30": -134, "2018-06-30": -192, "2018-03-31": "-91.00000", "2017-12-31": -65, "2017-09-30": -174, "2017-06-30": -112, "2017-03-31": "-78.00000", "2016-12-31": -227, "2016-09-30": -463, "2016-06-30": -30, "2016-03-31": "-31.00000", "2015-12-31": -20, "2015-09-30": -23, "2015-06-30": -149, "2015-03-31": "-57.00000", "2015-01-31": "", "2014-10-31": -126, "2014-07-31": -23, "2014-04-30": -233, "2014-01-31": "", "2013-10-31": -25, "2013-07-31": -341, "2013-04-30": -53, "2013-01-31": "", "2012-10-31": -35, "2012-07-31": -588, "2012-04-30": -57, "2012-01-31": "", "2011-10-31": -47, "2011-07-31": -165, "2011-04-30": -242, "2011-01-31": "", "2010-10-31": 4, "2010-07-31": -147, "2010-04-30": -264, "2010-01-31": "", "2009-10-31": -42, "2009-07-31": -39, "2009-04-30": -205, "2009-01-31": "", "2008-10-31": 8, "2008-07-31": -128, "2008-04-30": -306, "2008-01-31": "", "2007-10-31": -63, "2007-07-31": -55, "2007-04-30": -32, "2007-01-31": "", "2006-10-31": 1176, "2006-07-31": -516, "2006-04-30": -37, "2006-01-31": "", "2005-10-31": -492}, "Net Cash Flow": {"2020-09-30": 60, "2020-06-30": 117, "2020-03-31": "-152.00000", "2019-12-31": -29, "2019-09-30": 43, "2019-06-30": 106, "2019-03-31": "228.00000", "2018-12-31": -206, "2018-09-30": 252, "2018-06-30": 66, "2018-03-31": "-165.00000", "2017-12-31": 61, "2017-09-30": 74, "2017-06-30": 45, "2017-03-31": "-154.00000", "2016-12-31": -114, "2016-09-30": -177, "2016-06-30": 61, "2016-03-31": "-47.00000", "2015-12-31": 37, "2015-09-30": 270, "2015-06-30": -12, "2015-03-31": "-82.00000", "2015-01-31": "", "2014-10-31": 60, "2014-07-31": 175, "2014-04-30": -247, "2014-01-31": "", "2013-10-31": 352, "2013-07-31": -100, "2013-04-30": -173, "2013-01-31": "", "2012-10-31": -225, "2012-07-31": -411, "2012-04-30": -425, "2012-01-31": "", "2011-10-31": 127, "2011-07-31": 54, "2011-04-30": -85, "2011-01-31": "", "2010-10-31": 40, "2010-07-31": 36, "2010-04-30": -293, "2010-01-31": "", "2009-10-31": 40, "2009-07-31": 53, "2009-04-30": -38, "2009-01-31": "", "2008-10-31": 120, "2008-07-31": 30, "2008-04-30": -434, "2008-01-31": "", "2007-10-31": -120, "2007-07-31": 188, "2007-04-30": -170, "2007-01-31": "", "2006-10-31": 1264, "2006-07-31": -343, "2006-04-30": 1680, "2006-01-31": "", "2005-10-31": 197}, "Stock-Based Compensation": {"2020-09-30": 15, "2020-06-30": 15, "2020-03-31": "15.00000", "2019-12-31": 14, "2019-09-30": 13, "2019-06-30": 13, "2019-03-31": "12.00000", "2018-12-31": 11, "2018-09-30": 10, "2018-06-30": 12, "2018-03-31": "11.00000", "2017-12-31": 11, "2017-09-30": 12, "2017-06-30": 10, "2017-03-31": "10.00000", "2016-12-31": 10, "2016-09-30": 9, "2016-06-30": 8, "2016-03-31": "8.00000", "2015-12-31": 7, "2015-09-30": 9, "2015-06-30": 8, "2015-03-31": "6.00000", "2015-01-31": "", "2014-10-31": 10, "2014-07-31": 12, "2014-04-30": 11, "2014-01-31": "", "2013-10-31": 13, "2013-07-31": 15, "2013-04-30": 15, "2013-01-31": "", "2012-10-31": -4, "2012-07-31": 22, "2012-04-30": 24, "2012-01-31": "", "2011-10-31": 21, "2011-07-31": 19, "2011-04-30": 24, "2011-01-31": "", "2010-10-31": 26, "2010-07-31": 27, "2010-04-30": 23, "2010-01-31": "", "2009-10-31": 29, "2009-07-31": 26, "2009-04-30": 25, "2009-01-31": "", "2008-10-31": 24, "2008-07-31": 26, "2008-04-30": 19, "2008-01-31": "", "2007-10-31": 23, "2007-07-31": 22, "2007-04-30": 23, "2007-01-31": "", "2006-10-31": 7, "2006-07-31": 21, "2006-04-30": 15, "2006-01-31": "", "2005-10-31": 31}, "Common Stock Dividends Paid": {"2020-09-30": -49, "2020-06-30": -48, "2020-03-31": "-51.00000", "2019-12-31": -97, "2019-09-30": 0, "2019-06-30": -47, "2019-03-31": "-54.00000", "2018-12-31": -47, "2018-09-30": -48, "2018-06-30": -51, "2018-03-31": "-52.00000", "2017-12-31": -48, "2017-09-30": -48, "2017-06-30": -52, "2017-03-31": "-50.00000", "2016-12-31": -48, "2016-09-30": -1041, "2016-06-30": -23, "2016-03-31": "-23.00000", "2015-12-31": -22, "2015-09-30": -23, "2015-06-30": -24, "2015-03-31": "-24.00000", "2015-01-31": "", "2014-10-31": -24, "2014-07-31": -24, "2014-04-30": -24, "2014-01-31": "", "2013-10-31": -28, "2013-07-31": -383, "2013-04-30": -41, "2013-01-31": "", "2012-10-31": -41, "2012-07-31": -42, "2012-04-30": -41, "2012-01-31": "", "2011-10-31": 0, "2011-07-31": 0, "2011-04-30": 0, "2011-01-31": "", "2010-10-31": 0, "2010-07-31": 0, "2010-04-30": 0, "2010-01-31": "", "2009-10-31": 0, "2009-07-31": 0, "2009-04-30": 0, "2009-01-31": "", "2008-10-31": 0, "2008-07-31": 0, "2008-04-30": 0, "2008-01-31": "", "2007-10-31": 0, "2007-07-31": 0, "2007-04-30": 0, "2007-01-31": "", "2006-10-31": 0, "2006-07-31": 0, "2006-04-30": 0, "2006-01-31": "", "2005-10-31": 0}}, "financial ratios": {"Current Ratio": {"2019-12-31": "1.20530", "2018-12-31": "1.37880", "2017-12-31": "1.21440", "2016-12-31": "1.18110", "2015-12-31": "1.72400", "2015-01-31": "1.70140", "2014-01-31": "1.79090", "2013-01-31": "2.01840", "2012-01-31": "1.39870", "2011-01-31": "2.21220", "2010-01-31": "1.87160", "2009-01-31": "1.91150", "2008-01-31": "1.73920", "2007-01-31": "1.78990", "2006-01-31": "2.95310", "2005-12-31": "", "2005-01-31": "2.16880"}, "Long-term Debt / Capital": {"2019-12-31": "0.46120", "2018-12-31": "0.47960", "2017-12-31": "0.47460", "2016-12-31": "0.50610", "2015-12-31": "0.50260", "2015-01-31": "0.53840", "2014-01-31": "0.45490", "2013-01-31": "0.33090", "2012-01-31": "0.37330", "2011-01-31": "0.42600", "2010-01-31": "0.32500", "2009-01-31": "0.34530", "2008-01-31": "0.37020", "2007-01-31": "0.43840", "2006-01-31": "0.29810", "2005-12-31": "", "2005-01-31": "0.34070"}, "Debt/Equity Ratio": {"2019-12-31": "0.87390", "2018-12-31": "0.94350", "2017-12-31": "0.91960", "2016-12-31": "1.04450", "2015-12-31": "1.01220", "2015-01-31": "1.16830", "2014-01-31": "0.83570", "2013-01-31": "0.49470", "2012-01-31": "0.84920", "2011-01-31": "0.74350", "2010-01-31": "0.48280", "2009-01-31": "0.53550", "2008-01-31": "0.65740", "2007-01-31": "0.79950", "2006-01-31": "0.44140", "2005-12-31": "", "2005-01-31": "0.54660"}, "Gross Margin": {"2019-12-31": "13.95350", "2018-12-31": "14.75380", "2017-12-31": "14.08060", "2016-12-31": "13.34660", "2015-12-31": "12.01190", "2015-01-31": "13.25300", "2014-01-31": "13.25800", "2013-01-31": "13.97120", "2012-01-31": "8.31050", "2011-01-31": "13.18760", "2010-01-31": "13.50660", "2009-01-31": "13.68420", "2008-01-31": "13.89200", "2007-01-31": "13.47400", "2006-01-31": "12.63630", "2005-12-31": "", "2005-01-31": "12.47910"}, "Operating Margin": {"2019-12-31": "8.22070", "2018-12-31": "7.34750", "2017-12-31": "5.49660", "2016-12-31": "5.92080", "2015-12-31": "6.79120", "2015-01-31": "-4.22670", "2014-01-31": "2.83230", "2013-01-31": "6.52810", "2012-01-31": "-0.99380", "2011-01-31": "8.60340", "2010-01-31": "7.90170", "2009-01-31": "7.70610", "2008-01-31": "7.53980", "2007-01-31": "7.09680", "2006-01-31": "6.25170", "2005-12-31": "", "2005-01-31": "6.73450"}, "EBIT Margin": {"2019-12-31": "8.22070", "2018-12-31": "7.34750", "2017-12-31": "5.49660", "2016-12-31": "5.92080", "2015-12-31": "6.79120", "2015-01-31": "-4.22670", "2014-01-31": "2.83230", "2013-01-31": "6.52810", "2012-01-31": "-0.99380", "2011-01-31": "8.60340", "2010-01-31": "7.90170", "2009-01-31": "7.70610", "2008-01-31": "7.53980", "2007-01-31": "7.09680", "2006-01-31": "6.25170", "2005-12-31": "", "2005-01-31": "6.73450"}, "EBITDA Margin": {"2019-12-31": "10.42910", "2018-12-31": "9.96660", "2017-12-31": "8.93810", "2016-12-31": "7.65300", "2015-12-31": "7.66130", "2015-01-31": "6.59690", "2014-01-31": "4.22240", "2013-01-31": "7.92370", "2012-01-31": "0.51410", "2011-01-31": "9.62220", "2010-01-31": "8.75240", "2009-01-31": "8.58990", "2008-01-31": "8.40240", "2007-01-31": "7.97770", "2006-01-31": "7.15620", "2005-12-31": "", "2005-01-31": "7.51530"}, "Pre-Tax Profit Margin": {"2019-12-31": "7.80600", "2018-12-31": "5.98390", "2017-12-31": "3.86430", "2016-12-31": "4.51510", "2015-12-31": "7.53400", "2015-01-31": "-5.58960", "2014-01-31": "1.52910", "2013-01-31": "5.34970", "2012-01-31": "-2.77590", "2011-01-31": "7.90890", "2010-01-31": "7.25900", "2009-01-31": "6.98110", "2008-01-31": "7.09160", "2007-01-31": "7.39450", "2006-01-31": "6.22510", "2005-12-31": "", "2005-01-31": "5.56330"}, "Net Profit Margin": {"2019-12-31": "6.01230", "2018-12-31": "5.69940", "2017-12-31": "3.59880", "2016-12-31": "3.46440", "2015-12-31": "5.13580", "2015-01-31": "-6.37960", "2014-01-31": "2.79760", "2013-01-31": "7.97020", "2012-01-31": "0.97670", "2011-01-31": "5.54730", "2010-01-31": "4.68810", "2009-01-31": "4.48860", "2008-01-31": "4.66050", "2007-01-31": "4.83870", "2006-01-31": "12.33040", "2005-12-31": "", "2005-01-31": "5.70270"}, "Asset Turnover": {"2019-12-31": "1.18440", "2018-12-31": "1.16240", "2017-12-31": "1.13130", "2016-12-31": "0.77120", "2015-12-31": "1.39820", "2015-01-31": "1.54310", "2014-01-31": "1.38270", "2013-01-31": "1.09770", "2012-01-31": "0.87540", "2011-01-31": "1.73520", "2010-01-31": "1.99810", "2009-01-31": "1.99480", "2008-01-31": "1.79200", "2007-01-31": "1.76790", "2006-01-31": "1.32940", "2005-12-31": "", "2005-01-31": "1.19330"}, "Inventory Turnover Ratio": {"2019-12-31": "", "2018-12-31": "", "2017-12-31": "", "2016-12-31": "17.53740", "2015-12-31": "19.19440", "2015-01-31": "16.08790", "2014-01-31": "19.50000", "2013-01-31": "16.66070", "2012-01-31": "12.18910", "2011-01-31": "24.53930", "2010-01-31": "31.77430", "2009-01-31": "22.57660", "2008-01-31": "30.50000", "2007-01-31": "36.70530", "2006-01-31": "34.38740", "2005-12-31": "", "2005-01-31": "29.06020"}, "Receiveable Turnover": {"2019-12-31": "6.39790", "2018-12-31": "5.43100", "2017-12-31": "5.55430", "2016-12-31": "4.25050", "2015-12-31": "5.11620", "2015-01-31": "5.65070", "2014-01-31": "5.31890", "2013-01-31": "5.53090", "2012-01-31": "2.69690", "2011-01-31": "5.21890", "2010-01-31": "5.17610", "2009-01-31": "5.33090", "2008-01-31": "4.73780", "2007-01-31": "5.04380", "2006-01-31": "4.96240", "2005-12-31": "", "2005-01-31": "4.71840"}, "Days Sales In Receivables": {"2019-12-31": "57.04980", "2018-12-31": "67.20670", "2017-12-31": "65.71440", "2016-12-31": "85.87320", "2015-12-31": "71.34230", "2015-01-31": "64.59410", "2014-01-31": "68.62380", "2013-01-31": "65.99320", "2012-01-31": "135.34270", "2011-01-31": "69.93750", "2010-01-31": "70.51610", "2009-01-31": "68.46920", "2008-01-31": "77.04010", "2007-01-31": "72.36600", "2006-01-31": "73.55350", "2005-12-31": "", "2005-01-31": "77.35640"}, "ROE - Return On Equity": {"2019-12-31": "19.60780", "2018-12-31": "17.57780", "2017-12-31": "10.75970", "2016-12-31": "7.81700", "2015-12-31": "22.75280", "2015-01-31": "-33.06610", "2014-01-31": "5.26650", "2013-01-31": "12.33770", "2012-01-31": "-10.77490", "2011-01-31": "21.95910", "2010-01-31": "20.90790", "2009-01-31": "21.44910", "2008-01-31": "20.87790", "2007-01-31": "23.76300", "2006-01-31": "11.93450", "2005-12-31": "", "2005-01-31": "11.44190"}, "Return On Tangible Equity": {"2019-12-31": "-33.08640", "2018-12-31": "-26.44250", "2017-12-31": "-14.87540", "2016-12-31": "-8.02870", "2015-12-31": "-148.17070", "2015-01-31": "134.14630", "2014-01-31": "-43.97910", "2013-01-31": "43.88590", "2012-01-31": "-114.63410", "2011-01-31": "88.79870", "2010-01-31": "63.78160", "2009-01-31": "59.83940", "2008-01-31": "55.87390", "2007-01-31": "71.99210", "2006-01-31": "16.03640", "2005-12-31": "-31.68320", "2005-01-31": "14.67540"}, "ROA - Return On Assets": {"2019-12-31": "7.15280", "2018-12-31": "6.63630", "2017-12-31": "4.04890", "2016-12-31": "2.69380", "2015-12-31": "7.21070", "2015-01-31": "-10.05790", "2014-01-31": "2.01830", "2013-01-31": "5.49790", "2012-01-31": "-3.52480", "2011-01-31": "8.79000", "2010-01-31": "9.04630", "2009-01-31": "8.85500", "2008-01-31": "7.82980", "2007-01-31": "8.00610", "2006-01-31": "5.92400", "2005-12-31": "-31.68320", "2005-01-31": "4.47590"}, "ROI - Return On Investment": {"2019-12-31": "10.56450", "2018-12-31": "9.14660", "2017-12-31": "5.65310", "2016-12-31": "3.86060", "2015-12-31": "11.31810", "2015-01-31": "-15.26370", "2014-01-31": "2.87080", "2013-01-31": "8.25450", "2012-01-31": "-6.75290", "2011-01-31": "12.60370", "2010-01-31": "14.11310", "2009-01-31": "14.04340", "2008-01-31": "13.14900", "2007-01-31": "13.34550", "2006-01-31": "8.37710", "2005-12-31": "", "2005-01-31": "7.54350"}, "Book Value Per Share": {"2019-12-31": "24.23400", "2018-12-31": "22.67810", "2017-12-31": "22.40400", "2016-12-31": "20.98000", "2015-12-31": "14.83330", "2015-01-31": "13.48650", "2014-01-31": "19.93750", "2013-01-31": "30.44190", "2012-01-31": "25.58360", "2011-01-31": "27.52490", "2010-01-31": "23.61860", "2009-01-31": "39.69520", "2008-01-31": "41.74300", "2007-01-31": "66.78260", "2006-01-31": "", "2005-12-31": "", "2005-01-31": "52.95460"}, "Operating Cash Flow Per Share": {"2019-12-31": 1.8218, "2018-12-31": 1.604, "2017-12-31": -0.9017, "2016-12-31": -1.0746, "2015-12-31": 0.0405, "2015-01-31": "5.35140", "2014-01-31": "2.30120", "2013-01-31": "0.28920", "2012-01-31": "4.76190", "2011-01-31": "7.75960", "2010-01-31": "6.03080", "2009-01-31": "5.80100", "2008-01-31": "3.33490", "2007-01-31": "7.61540", "2006-01-31": "6.38440", "2005-12-31": -6.2187, "2005-01-31": "6.21870"}, "Free Cash Flow Per Share": {"2019-12-31": 2.1265, "2018-12-31": 1.6009, "2017-12-31": -1.1257, "2016-12-31": -2.0273, "2015-12-31": 1.1351, "2015-01-31": "4.95950", "2014-01-31": "2.44580", "2013-01-31": "-0.15660", "2012-01-31": "5.02380", "2011-01-31": "7.07100", "2010-01-31": "5.55900", "2009-01-31": "5.21390", "2008-01-31": "2.74700", "2007-01-31": "6.81320", "2006-01-31": "5.80500", "2005-12-31": -5.7707, "2005-01-31": "5.77070"}}, "financial ratios, quarterly": {"Current Ratio": {"2020-09-30": "0.94140", "2020-06-30": "0.89010", "2020-03-31": "0.66850", "2019-12-31": "1.20530", "2019-09-30": "1.15710", "2019-06-30": "1.29740", "2019-03-31": "1.23170", "2018-12-31": "1.37880", "2018-09-30": "1.37650", "2018-06-30": "1.30970", "2018-03-31": "1.25300", "2017-12-31": "1.21440", "2017-09-30": "1.27210", "2017-06-30": "1.27430", "2017-03-31": "1.20780", "2016-12-31": "1.18110", "2016-09-30": "1.29090", "2016-06-30": "1.83540", "2016-03-31": "1.79400", "2015-12-31": "1.72400", "2015-09-30": "1.65930", "2015-06-30": "1.69880", "2015-03-31": "1.67270", "2015-01-31": "", "2014-10-31": "1.67330", "2014-07-31": "1.72860", "2014-04-30": "1.56470", "2014-01-31": "1.79090", "2013-10-31": "1.84350", "2013-07-31": "1.69320", "2013-04-30": "1.49680", "2013-01-31": "", "2012-10-31": "1.55750", "2012-07-31": "1.78440", "2012-04-30": "1.51040", "2012-01-31": "", "2011-10-31": "1.47920", "2011-07-31": "1.67570", "2011-04-30": "2.13020", "2011-01-31": "2.21220", "2010-10-31": "1.75480", "2010-07-31": "1.82580", "2010-04-30": "1.74170", "2010-01-31": "", "2009-10-31": "1.85700", "2009-07-31": "1.96130", "2009-04-30": "1.84490", "2009-01-31": "", "2008-10-31": "1.70110", "2008-07-31": "1.65110", "2008-04-30": "1.70500", "2008-01-31": "", "2007-10-31": "1.72100", "2007-07-31": "1.89020", "2007-04-30": "1.89880", "2007-01-31": "", "2006-10-31": "1.36250", "2006-07-31": "", "2006-04-30": "", "2006-01-31": "", "2005-10-31": ""}, "Long-term Debt / Capital": {"2020-09-30": "0.52610", "2020-06-30": "0.53910", "2020-03-31": "0.42120", "2019-12-31": "0.46120", "2019-09-30": "0.47490", "2019-06-30": "0.46770", "2019-03-31": "0.47360", "2018-12-31": "0.47960", "2018-09-30": "0.46340", "2018-06-30": "0.46660", "2018-03-31": "0.46690", "2017-12-31": "0.47460", "2017-09-30": "0.47920", "2017-06-30": "0.49260", "2017-03-31": "0.50000", "2016-12-31": "0.50610", "2016-09-30": "0.52270", "2016-06-30": "0.49280", "2016-03-31": "0.49700", "2015-12-31": "0.50260", "2015-09-30": "0.54480", "2015-06-30": "0.55080", "2015-03-31": "0.53620", "2015-01-31": "", "2014-10-31": "0.55700", "2014-07-31": "0.58140", "2014-04-30": "0.48630", "2014-01-31": "0.45490", "2013-10-31": "0.41390", "2013-07-31": "0.36230", "2013-04-30": "0.36020", "2013-01-31": "", "2012-10-31": "0.34570", "2012-07-31": "0.35480", "2012-04-30": "0.36420", "2012-01-31": "", "2011-10-31": "0.35830", "2011-07-31": "0.34900", "2011-04-30": "0.43550", "2011-01-31": "0.42600", "2010-10-31": "0.30700", "2010-07-31": "0.32580", "2010-04-30": "0.33310", "2010-01-31": "", "2009-10-31": "0.32610", "2009-07-31": "0.33840", "2009-04-30": "0.35230", "2009-01-31": "", "2008-10-31": "0.35940", "2008-07-31": "0.37750", "2008-04-30": "0.37770", "2008-01-31": "", "2007-10-31": "0.38030", "2007-07-31": "0.38980", "2007-04-30": "0.40630", "2007-01-31": "", "2006-10-31": "0.45310", "2006-07-31": "", "2006-04-30": "", "2006-01-31": "", "2005-10-31": ""}, "Debt/Equity Ratio": {"2020-09-30": "1.21830", "2020-06-30": "1.41020", "2020-03-31": "1.26140", "2019-12-31": "0.87390", "2019-09-30": "0.92800", "2019-06-30": "0.89800", "2019-03-31": "0.91960", "2018-12-31": "0.94350", "2018-09-30": "0.87970", "2018-06-30": "0.89560", "2018-03-31": "0.89920", "2017-12-31": "0.91960", "2017-09-30": "0.93950", "2017-06-30": "0.99690", "2017-03-31": "1.02630", "2016-12-31": "1.04450", "2016-09-30": "1.10860", "2016-06-30": "0.97240", "2016-03-31": "0.99000", "2015-12-31": "1.01220", "2015-09-30": "1.20020", "2015-06-30": "1.22850", "2015-03-31": "1.15800", "2015-01-31": "", "2014-10-31": "1.25920", "2014-07-31": "1.39190", "2014-04-30": "0.94880", "2014-01-31": "0.83570", "2013-10-31": "0.78650", "2013-07-31": "0.56930", "2013-04-30": "0.56340", "2013-01-31": "", "2012-10-31": "0.52910", "2012-07-31": "0.55110", "2012-04-30": "0.81690", "2012-01-31": "", "2011-10-31": "0.79620", "2011-07-31": "0.76430", "2011-04-30": "0.77290", "2011-01-31": "0.74350", "2010-10-31": "0.44430", "2010-07-31": "0.48460", "2010-04-30": "0.50090", "2010-01-31": "", "2009-10-31": "0.48530", "2009-07-31": "0.51300", "2009-04-30": "0.54490", "2009-01-31": "", "2008-10-31": "0.57020", "2008-07-31": "0.61810", "2008-04-30": "0.62350", "2008-01-31": "", "2007-10-31": "0.69120", "2007-07-31": "0.71500", "2007-04-30": "0.76460", "2007-01-31": "", "2006-10-31": "0.84380", "2006-07-31": "", "2006-04-30": "", "2006-01-31": "", "2005-10-31": ""}, "Gross Margin": {"2020-09-30": "14.43550", "2020-06-30": "13.14350", "2020-03-31": "13.67260", "2019-12-31": "14.45500", "2019-09-30": "13.58030", "2019-06-30": "13.92960", "2019-03-31": "13.81450", "2018-12-31": "13.94030", "2018-09-30": "15.57280", "2018-06-30": "14.90710", "2018-03-31": "14.61320", "2017-12-31": "13.39430", "2017-09-30": "14.66240", "2017-06-30": "14.81910", "2017-03-31": "13.44960", "2016-12-31": "15.41750", "2016-09-30": "12.74090", "2016-06-30": "11.41300", "2016-03-31": "12.04270", "2015-12-31": "11.57660", "2015-09-30": "12.59600", "2015-06-30": "11.45590", "2015-03-31": "12.27930", "2015-01-31": "", "2014-10-31": "12.61760", "2014-07-31": "14.31850", "2014-04-30": "13.03350", "2014-01-31": "13.11120", "2013-10-31": "13.79070", "2013-07-31": "11.25600", "2013-04-30": "13.77580", "2013-01-31": "", "2012-10-31": "14.28570", "2012-07-31": "12.06650", "2012-04-30": "11.97540", "2012-01-31": "", "2011-10-31": "11.21860", "2011-07-31": "13.02000", "2011-04-30": "12.31400", "2011-01-31": "12.81200", "2010-10-31": "13.32860", "2010-07-31": "14.47800", "2010-04-30": "12.25730", "2010-01-31": "", "2009-10-31": "13.99640", "2009-07-31": "13.82320", "2009-04-30": "13.36350", "2009-01-31": "", "2008-10-31": "13.45500", "2008-07-31": "13.86060", "2008-04-30": "13.30800", "2008-01-31": "", "2007-10-31": "14.29780", "2007-07-31": "14.04140", "2007-04-30": "13.17750", "2007-01-31": "", "2006-10-31": "13.16680", "2006-07-31": "14.04210", "2006-04-30": "13.81780", "2006-01-31": "", "2005-10-31": "11.41300"}, "Operating Margin": {"2020-09-30": "7.95810", "2020-06-30": "8.54500", "2020-03-31": "6.64590", "2019-12-31": "8.83550", "2019-09-30": "8.78310", "2019-06-30": "7.69790", "2019-03-31": "7.45050", "2018-12-31": "7.10240", "2018-09-30": "7.88350", "2018-06-30": "7.86870", "2018-03-31": "6.50840", "2017-12-31": "4.01430", "2017-09-30": "6.03280", "2017-06-30": "6.45660", "2017-03-31": "5.46510", "2016-12-31": "5.90290", "2016-09-30": "5.40690", "2016-06-30": "5.82300", "2016-03-31": "6.78350", "2015-12-31": "13.67140", "2015-09-30": "7.21970", "2015-06-30": "5.09150", "2015-03-31": "3.04980", "2015-01-31": "", "2014-10-31": "5.64260", "2014-07-31": "-31.39360", "2014-04-30": "6.63110", "2014-01-31": "22.24610", "2013-10-31": "-0.35360", "2013-07-31": "0.68630", "2013-04-30": "4.75890", "2013-01-31": "", "2012-10-31": "5.97730", "2012-07-31": "6.68790", "2012-04-30": "7.52530", "2012-01-31": "", "2011-10-31": "-0.71680", "2011-07-31": "8.05080", "2011-04-30": "8.55650", "2011-01-31": "7.96620", "2010-10-31": "8.93300", "2010-07-31": "9.89450", "2010-04-30": "7.84160", "2010-01-31": "", "2009-10-31": "8.42680", "2009-07-31": "8.03930", "2009-04-30": "7.70100", "2009-01-31": "", "2008-10-31": "7.79170", "2008-07-31": "7.40020", "2008-04-30": "7.35110", "2008-01-31": "", "2007-10-31": "7.99490", "2007-07-31": "7.78580", "2007-04-30": "6.76280", "2007-01-31": "", "2006-10-31": "6.77560", "2006-07-31": "7.57270", "2006-04-30": "7.26710", "2006-01-31": "", "2005-10-31": "5.23720"}, "EBIT Margin": {"2020-09-30": "7.95810", "2020-06-30": "8.54500", "2020-03-31": "6.64590", "2019-12-31": "8.83550", "2019-09-30": "8.78310", "2019-06-30": "7.69790", "2019-03-31": "7.45050", "2018-12-31": "7.10240", "2018-09-30": "7.88350", "2018-06-30": "7.86870", "2018-03-31": "6.50840", "2017-12-31": "4.01430", "2017-09-30": "6.03280", "2017-06-30": "6.45660", "2017-03-31": "5.46510", "2016-12-31": "5.90290", "2016-09-30": "5.40690", "2016-06-30": "5.82300", "2016-03-31": "6.78350", "2015-12-31": "13.67140", "2015-09-30": "7.21970", "2015-06-30": "5.09150", "2015-03-31": "3.04980", "2015-01-31": "", "2014-10-31": "5.64260", "2014-07-31": "-31.39360", "2014-04-30": "6.63110", "2014-01-31": "22.24610", "2013-10-31": "-0.35360", "2013-07-31": "0.68630", "2013-04-30": "4.75890", "2013-01-31": "", "2012-10-31": "5.97730", "2012-07-31": "6.68790", "2012-04-30": "7.52530", "2012-01-31": "", "2011-10-31": "-0.71680", "2011-07-31": "8.05080", "2011-04-30": "8.55650", "2011-01-31": "7.96620", "2010-10-31": "8.93300", "2010-07-31": "9.89450", "2010-04-30": "7.84160", "2010-01-31": "", "2009-10-31": "8.42680", "2009-07-31": "8.03930", "2009-04-30": "7.70100", "2009-01-31": "", "2008-10-31": "7.79170", "2008-07-31": "7.40020", "2008-04-30": "7.35110", "2008-01-31": "", "2007-10-31": "7.99490", "2007-07-31": "7.78580", "2007-04-30": "6.76280", "2007-01-31": "", "2006-10-31": "6.77560", "2006-07-31": "7.57270", "2006-04-30": "7.26710", "2006-01-31": "", "2005-10-31": "5.23720"}, "EBITDA Margin": {"2020-09-30": "", "2020-06-30": "", "2020-03-31": "", "2019-12-31": "", "2019-09-30": "", "2019-06-30": "", "2019-03-31": "", "2018-12-31": "", "2018-09-30": "", "2018-06-30": "", "2018-03-31": "", "2017-12-31": "", "2017-09-30": "", "2017-06-30": "", "2017-03-31": "", "2016-12-31": "", "2016-09-30": "", "2016-06-30": "", "2016-03-31": "", "2015-12-31": "", "2015-09-30": "", "2015-06-30": "", "2015-03-31": "", "2015-01-31": "", "2014-10-31": "", "2014-07-31": "", "2014-04-30": "", "2014-01-31": "", "2013-10-31": "", "2013-07-31": "", "2013-04-30": "", "2013-01-31": "", "2012-10-31": "", "2012-07-31": "", "2012-04-30": "", "2012-01-31": "", "2011-10-31": "", "2011-07-31": "", "2011-04-30": "", "2011-01-31": "", "2010-10-31": "", "2010-07-31": "", "2010-04-30": "", "2010-01-31": "", "2009-10-31": "", "2009-07-31": "", "2009-04-30": "", "2009-01-31": "", "2008-10-31": "", "2008-07-31": "", "2008-04-30": "", "2008-01-31": "", "2007-10-31": "", "2007-07-31": "", "2007-04-30": "", "2007-01-31": "", "2006-10-31": "", "2006-07-31": "", "2006-04-30": "", "2006-01-31": "", "2005-10-31": ""}, "Pre-Tax Profit Margin": {"2020-09-30": "6.60090", "2020-06-30": "6.58890", "2020-03-31": "4.49980", "2019-12-31": "7.68450", "2019-09-30": "7.54850", "2019-06-30": "6.56160", "2019-03-31": "9.54600", "2018-12-31": "5.66680", "2018-09-30": "6.60190", "2018-06-30": "6.52430", "2018-03-31": "5.11670", "2017-12-31": "1.35140", "2017-09-30": "4.63440", "2017-06-30": "5.25090", "2017-03-31": "4.18600", "2016-12-31": "4.07770", "2016-09-30": "4.01500", "2016-06-30": "4.65840", "2016-03-31": "5.94510", "2015-12-31": "22.05070", "2015-09-30": "6.14440", "2015-06-30": "4.13680", "2015-03-31": "1.84590", "2015-01-31": "", "2014-10-31": "4.23200", "2014-07-31": "-32.92500", "2014-04-30": "5.25910", "2014-01-31": "21.22520", "2013-10-31": "-1.34370", "2013-07-31": "-0.13730", "2013-04-30": "3.81970", "2013-01-31": "", "2012-10-31": "4.96110", "2012-07-31": "6.05100", "2012-04-30": "6.62080", "2012-01-31": "", "2011-10-31": "-1.75630", "2011-07-31": "7.01080", "2011-04-30": "7.70090", "2011-01-31": "18.86930", "2010-10-31": "8.50760", "2010-07-31": "9.16700", "2010-04-30": "7.15650", "2010-01-31": "", "2009-10-31": "7.84810", "2009-07-31": "7.34810", "2009-04-30": "7.13480", "2009-01-31": "", "2008-10-31": "6.61350", "2008-07-31": "6.93030", "2008-04-30": "7.22430", "2008-01-31": "", "2007-10-31": "7.65650", "2007-07-31": "7.15570", "2007-04-30": "6.26550", "2007-01-31": "", "2006-10-31": "7.40030", "2006-07-31": "8.02410", "2006-04-30": "7.52300", "2006-01-31": "", "2005-10-31": "5.48420"}, "Net Profit Margin": {"2020-09-30": "5.02780", "2020-06-30": "5.25050", "2020-03-31": "3.98060", "2019-12-31": "6.12730", "2019-09-30": "5.67900", "2019-06-30": "4.98530", "2019-03-31": "7.33410", "2018-12-31": "7.10240", "2018-09-30": "5.70870", "2018-06-30": "5.69400", "2018-03-31": "4.17520", "2017-12-31": "4.53100", "2017-09-30": "3.27610", "2017-06-30": "3.81170", "2017-03-31": "2.79070", "2016-12-31": "2.29130", "2016-09-30": "4.87150", "2016-06-30": "3.18320", "2016-03-31": "4.03960", "2015-12-31": "12.67920", "2015-09-30": "3.76340", "2015-06-30": "2.94350", "2015-03-31": "3.29050", "2015-01-31": "", "2014-10-31": "2.66460", "2014-07-31": "-33.53750", "2014-04-30": "2.82010", "2014-01-31": "28.37180", "2013-10-31": "-0.21220", "2013-07-31": "2.88260", "2013-04-30": "4.82150", "2013-01-31": "", "2012-10-31": "6.57500", "2012-07-31": "3.82170", "2012-04-30": "4.12450", "2012-01-31": "", "2011-10-31": "-3.19000", "2011-07-31": "6.58710", "2011-04-30": "4.72470", "2011-01-31": "14.31720", "2010-10-31": "5.91990", "2010-07-31": "6.91160", "2010-04-30": "4.75830", "2010-01-31": "", "2009-10-31": "4.88250", "2009-07-31": "4.47440", "2009-04-30": "4.37900", "2009-01-31": "", "2008-10-31": "4.56100", "2008-07-31": "4.26780", "2008-04-30": "4.35150", "2008-01-31": "", "2007-10-31": "4.44160", "2007-07-31": "5.89560", "2007-04-30": "3.97810", "2007-01-31": "", "2006-10-31": "4.70930", "2006-07-31": "5.16550", "2006-04-30": "5.42480", "2006-01-31": "", "2005-10-31": "4.49600"}, "Asset Turnover": {"2020-09-30": "0.26390", "2020-06-30": "0.24000", "2020-03-31": "0.26290", "2019-12-31": "0.31540", "2019-09-30": "0.30130", "2019-06-30": "0.29250", "2019-03-31": "0.27530", "2018-12-31": "0.30180", "2018-09-30": "0.28910", "2018-06-30": "0.28840", "2018-03-31": "0.27410", "2017-12-31": "0.27990", "2017-09-30": "0.28050", "2017-06-30": "0.28950", "2017-03-31": "0.28230", "2016-12-31": "0.28200", "2016-09-30": "0.19500", "2016-06-30": "0.37870", "2016-03-31": "0.38690", "2015-12-31": "0.26910", "2015-09-30": "0.39430", "2015-06-30": "0.39150", "2015-03-31": "0.37650", "2015-01-31": "", "2014-10-31": "0.37550", "2014-07-31": "0.37520", "2014-04-30": "0.33060", "2014-01-31": "0.44710", "2013-10-31": "0.30510", "2013-07-31": "0.26390", "2013-04-30": "0.27580", "2013-01-31": "", "2012-10-31": "0.28520", "2012-07-31": "0.50650", "2012-04-30": "0.44440", "2012-01-31": "", "2011-10-31": "0.43170", "2011-07-31": "0.42470", "2011-04-30": "0.43470", "2011-01-31": "0.43770", "2010-10-31": "0.50940", "2010-07-31": "0.53130", "2010-04-30": "0.50620", "2010-01-31": "", "2009-10-31": "0.51130", "2009-07-31": "0.53860", "2009-04-30": "0.52130", "2009-01-31": "", "2008-10-31": "0.52210", "2008-07-31": "0.53210", "2008-04-30": "0.49840", "2008-01-31": "", "2007-10-31": "0.48940", "2007-07-31": "0.48860", "2007-04-30": "0.45430", "2007-01-31": "", "2006-10-31": "0.30950", "2006-07-31": "1.99400", "2006-04-30": "1.95400", "2006-01-31": "", "2005-10-31": "2.02400"}, "Inventory Turnover Ratio": {"2020-09-30": "9.50000", "2020-06-30": "8.60880", "2020-03-31": "", "2019-12-31": "35.09720", "2019-09-30": "", "2019-06-30": "", "2019-03-31": "", "2018-12-31": "", "2018-09-30": "4.76750", "2018-06-30": "4.69870", "2018-03-31": "4.12250", "2017-12-31": "", "2017-09-30": "4.38600", "2017-06-30": "6.44120", "2017-03-31": "6.41670", "2016-12-31": "6.25860", "2016-09-30": "3.79070", "2016-06-30": "5.11660", "2016-03-31": "5.12890", "2015-12-31": "3.71300", "2015-09-30": "4.55200", "2015-06-30": "3.72240", "2015-03-31": "3.68010", "2015-01-31": "", "2014-10-31": "4.89040", "2014-07-31": "4.74150", "2014-04-30": "4.07500", "2014-01-31": "6.31640", "2013-10-31": "4.09060", "2013-07-31": "3.69430", "2013-04-30": "3.50380", "2013-01-31": "", "2012-10-31": "2.58840", "2012-07-31": "5.77910", "2012-04-30": "5.37090", "2012-01-31": "", "2011-10-31": "8.01620", "2011-07-31": "7.35500", "2011-04-30": "6.54720", "2011-01-31": "5.97380", "2010-10-31": "7.54630", "2010-07-31": "7.34690", "2010-04-30": "7.53270", "2010-01-31": "", "2009-10-31": "8.46260", "2009-07-31": "7.24460", "2009-04-30": "6.63290", "2009-01-31": "", "2008-10-31": "7.61540", "2008-07-31": "7.43240", "2008-04-30": "7.10030", "2008-01-31": "", "2007-10-31": "9.33640", "2007-07-31": "8.34060", "2007-04-30": "9.54100", "2007-01-31": "", "2006-10-31": "11.96690", "2006-07-31": "", "2006-04-30": "", "2006-01-31": "", "2005-10-31": ""}, "Receiveable Turnover": {"2020-09-30": "1.73180", "2020-06-30": "1.62880", "2020-03-31": "1.61130", "2019-12-31": "1.70360", "2019-09-30": "1.59720", "2019-06-30": "1.48100", "2019-03-31": "1.36060", "2018-12-31": "1.41020", "2018-09-30": "1.42110", "2018-06-30": "1.42160", "2018-03-31": "1.27640", "2017-12-31": "1.37410", "2017-09-30": "1.39290", "2017-06-30": "1.40340", "2017-03-31": "1.40140", "2016-12-31": "1.55400", "2016-09-30": "1.11390", "2016-06-30": "1.39390", "2016-03-31": "1.50110", "2015-12-31": "0.98480", "2015-09-30": "1.54270", "2015-06-30": "1.35310", "2015-03-31": "1.27530", "2015-01-31": "", "2014-10-31": "1.24980", "2014-07-31": "1.19380", "2014-04-30": "1.19490", "2014-01-31": "1.72000", "2013-10-31": "1.21790", "2013-07-31": "0.72890", "2013-04-30": "0.77410", "2013-01-31": "", "2012-10-31": "0.86100", "2012-07-31": "1.41870", "2012-04-30": "1.27310", "2012-01-31": "", "2011-10-31": "1.25730", "2011-07-31": "1.22220", "2011-04-30": "1.25020", "2011-01-31": "1.31660", "2010-10-31": "1.28050", "2010-07-31": "1.35290", "2010-04-30": "1.26720", "2010-01-31": "", "2009-10-31": "1.28250", "2009-07-31": "1.39970", "2009-04-30": "1.31400", "2009-01-31": "", "2008-10-31": "1.30900", "2008-07-31": "1.35490", "2008-04-30": "1.22830", "2008-01-31": "", "2007-10-31": "1.28200", "2007-07-31": "1.40370", "2007-04-30": "1.20350", "2007-01-31": "", "2006-10-31": "1.33230", "2006-07-31": "", "2006-04-30": "", "2006-01-31": "", "2005-10-31": ""}, "Days Sales In Receivables": {"2020-09-30": "51.96790", "2020-06-30": "55.25390", "2020-03-31": "55.85670", "2019-12-31": "52.83010", "2019-09-30": "56.34920", "2019-06-30": "60.76980", "2019-03-31": "66.14670", "2018-12-31": "63.81940", "2018-09-30": "63.33200", "2018-06-30": "63.30960", "2018-03-31": "70.51170", "2017-12-31": "65.49680", "2017-09-30": "64.61450", "2017-06-30": "64.13070", "2017-03-31": "64.22090", "2016-12-31": "57.91460", "2016-09-30": "80.79770", "2016-06-30": "64.56520", "2016-03-31": "59.95430", "2015-12-31": "91.38920", "2015-09-30": "58.34100", "2015-06-30": "66.51550", "2015-03-31": "70.56980", "2015-01-31": "", "2014-10-31": "72.01410", "2014-07-31": "75.39050", "2014-04-30": "75.32010", "2014-01-31": "52.32670", "2013-10-31": "73.89680", "2013-07-31": "123.47980", "2013-04-30": "116.26170", "2013-01-31": "", "2012-10-31": "104.52480", "2012-07-31": "63.43950", "2012-04-30": "70.69100", "2012-01-31": "", "2011-10-31": "71.58060", "2011-07-31": "73.63640", "2011-04-30": "71.98660", "2011-01-31": "68.35900", "2010-10-31": "70.28360", "2010-07-31": "66.52600", "2010-04-30": "71.02020", "2010-01-31": "", "2009-10-31": "70.17720", "2009-07-31": "64.29980", "2009-04-30": "68.49380", "2009-01-31": "", "2008-10-31": "68.75710", "2008-07-31": "66.42520", "2008-04-30": "73.27000", "2008-01-31": "", "2007-10-31": "70.20310", "2007-07-31": "64.11790", "2007-04-30": "74.78370", "2007-01-31": "", "2006-10-31": "67.55410", "2006-07-31": "", "2006-04-30": "", "2006-01-31": "", "2005-10-31": ""}, "ROE - Return On Equity": {"2020-09-30": "4.38760", "2020-06-30": "4.34170", "2020-03-31": "3.42360", "2019-12-31": "5.29700", "2019-09-30": "4.98460", "2019-06-30": "4.10470", "2019-03-31": "5.73250", "2018-12-31": "5.67800", "2018-09-30": "4.25220", "2018-06-30": "4.24220", "2018-03-31": "2.97030", "2017-12-31": "3.34020", "2017-09-30": "2.38890", "2017-06-30": "3.02380", "2017-03-31": "2.32120", "2016-12-31": "1.90660", "2016-09-30": "2.93930", "2016-06-30": "3.64770", "2016-03-31": "4.80940", "2015-12-31": "12.54680", "2015-09-30": "5.13630", "2015-06-30": "4.02610", "2015-03-31": "2.30000", "2015-01-31": "", "2014-10-31": "3.89340", "2014-07-31": "-45.87250", "2014-04-30": "3.20280", "2014-01-31": "27.58620", "2013-10-31": "-0.42490", "2013-07-31": "0.17060", "2013-04-30": "1.73610", "2013-01-31": "", "2012-10-31": "2.24030", "2012-07-31": "4.57820", "2012-04-30": "5.16330", "2012-01-31": "", "2011-10-31": "-3.95530", "2011-07-31": "4.62240", "2011-04-30": "5.42800", "2011-01-31": "7.18590", "2010-10-31": "6.07650", "2010-07-31": "6.88600", "2010-04-30": "5.61590", "2010-01-31": "", "2009-10-31": "5.92370", "2009-07-31": "5.79780", "2009-04-30": "5.77490", "2009-01-31": "", "2008-10-31": "6.02350", "2008-07-31": "5.79470", "2008-04-30": "5.80430", "2008-01-31": "", "2007-10-31": "6.14180", "2007-07-31": "5.75920", "2007-04-30": "4.65840", "2007-01-31": "", "2006-10-31": "6.25000", "2006-07-31": "10.00000", "2006-04-30": "9.30000", "2006-01-31": "", "2005-10-31": "7.10000"}, "Return On Tangible Equity": {"2020-09-30": "-4.31450", "2020-06-30": "-3.87030", "2020-03-31": "-3.47430", "2019-12-31": "-8.93830", "2019-09-30": "-7.33030", "2019-06-30": "-6.66670", "2019-03-31": "-8.64200", "2018-12-31": "-8.54160", "2018-09-30": "-6.91440", "2018-06-30": "-6.53740", "2018-03-31": "-4.34410", "2017-12-31": "-4.61790", "2017-09-30": "-3.04550", "2017-06-30": "-3.64720", "2017-03-31": "-2.50760", "2016-12-31": "-1.95820", "2016-09-30": "-2.71630", "2016-06-30": "-39.42310", "2016-03-31": "-41.08530", "2015-12-31": "-81.70730", "2015-09-30": "-17.56270", "2015-06-30": "-11.56250", "2015-03-31": "-9.50410", "2015-01-31": "", "2014-10-31": "-14.07410", "2014-07-31": "142.07120", "2014-04-30": "-11.62790", "2014-01-31": "-230.36650", "2013-10-31": "-10.12660", "2013-07-31": "18.18180", "2013-04-30": "-62.50000", "2013-01-31": "", "2012-10-31": "119.56520", "2012-07-31": "28.64720", "2012-04-30": "42.70070", "2012-01-31": "", "2011-10-31": "-29.39300", "2011-07-31": "20.25320", "2011-04-30": "24.25370", "2011-01-31": "29.05840", "2010-10-31": "25.98970", "2010-07-31": "26.07970", "2010-04-30": "23.80040", "2010-01-31": "", "2009-10-31": "16.18710", "2009-07-31": "15.22530", "2009-04-30": "16.83450", "2009-01-31": "", "2008-10-31": "19.21820", "2008-07-31": "23.17880", "2008-04-30": "20.66930", "2008-01-31": "", "2007-10-31": "18.36390", "2007-07-31": "14.79820", "2007-04-30": "13.53790", "2007-01-31": "", "2006-10-31": "15.07540", "2006-07-31": "10.00000", "2006-04-30": "9.30000", "2006-01-31": "", "2005-10-31": "7.10000"}, "ROA - Return On Assets": {"2020-09-30": "1.32680", "2020-06-30": "1.26820", "2020-03-31": "1.04660", "2019-12-31": "1.93230", "2019-09-30": "1.72160", "2019-06-30": "1.47960", "2019-03-31": "2.01920", "2018-12-31": "2.14370", "2018-09-30": "1.65020", "2018-06-30": "1.65340", "2018-03-31": "1.14440", "2017-12-31": "1.25700", "2017-09-30": "0.88540", "2017-06-30": "1.10340", "2017-03-31": "0.80960", "2016-12-31": "0.65700", "2016-09-30": "0.96040", "2016-06-30": "1.20550", "2016-03-31": "1.56300", "2015-12-31": "3.97630", "2015-09-30": "1.48390", "2015-06-30": "1.15230", "2015-03-31": "0.69510", "2015-01-31": "", "2014-10-31": "1.11830", "2014-07-31": "-12.61130", "2014-04-30": "1.13380", "2014-01-31": "10.57180", "2013-10-31": "-0.17260", "2013-07-31": "0.07250", "2013-04-30": "0.69080", "2013-01-31": "", "2012-10-31": "0.93760", "2012-07-31": "1.93550", "2012-04-30": "1.88100", "2012-01-31": "", "2011-10-31": "-1.42350", "2011-07-31": "1.83220", "2011-04-30": "2.10250", "2011-01-31": "2.87640", "2010-10-31": "2.72660", "2010-07-31": "3.03440", "2010-04-30": "2.38920", "2010-01-31": "", "2009-10-31": "2.49630", "2009-07-31": "2.44910", "2009-04-30": "2.30220", "2009-01-31": "", "2008-10-31": "2.34170", "2008-07-31": "2.18750", "2008-04-30": "2.21100", "2008-01-31": "", "2007-10-31": "2.27740", "2007-07-31": "2.17680", "2007-04-30": "1.69410", "2007-01-31": "", "2006-10-31": "1.33870", "2006-07-31": "10.00000", "2006-04-30": "9.30000", "2006-01-31": "", "2005-10-31": "7.10000"}, "ROI - Return On Investment": {"2020-09-30": "2.07910", "2020-06-30": "2.00130", "2020-03-31": "1.98170", "2019-12-31": "2.85400", "2019-09-30": "2.61750", "2019-06-30": "2.18490", "2019-03-31": "3.01770", "2018-12-31": "2.95460", "2018-09-30": "2.28190", "2018-06-30": "2.26280", "2018-03-31": "1.58360", "2017-12-31": "1.75490", "2017-09-30": "1.24410", "2017-06-30": "1.53410", "2017-03-31": "1.16060", "2016-12-31": "0.94160", "2016-09-30": "1.40290", "2016-06-30": "1.85020", "2016-03-31": "2.41900", "2015-12-31": "6.24130", "2015-09-30": "2.33780", "2015-06-30": "1.80840", "2015-03-31": "1.06680", "2015-01-31": "", "2014-10-31": "1.72490", "2014-07-31": "-19.20390", "2014-04-30": "1.64530", "2014-01-31": "15.03760", "2013-10-31": "-0.24900", "2013-07-31": "0.10880", "2013-04-30": "1.11080", "2013-01-31": "", "2012-10-31": "1.46590", "2012-07-31": "2.95400", "2012-04-30": "3.28280", "2012-01-31": "", "2011-10-31": "-2.53790", "2011-07-31": "3.00910", "2011-04-30": "3.06390", "2011-01-31": "4.12440", "2010-10-31": "4.21080", "2010-07-31": "4.64220", "2010-04-30": "3.74510", "2010-01-31": "", "2009-10-31": "3.99170", "2009-07-31": "3.83550", "2009-04-30": "3.74040", "2009-01-31": "", "2008-10-31": "3.85870", "2008-07-31": "3.60700", "2008-04-30": "3.61200", "2008-01-31": "", "2007-10-31": "3.80620", "2007-07-31": "3.51440", "2007-04-30": "2.76550", "2007-01-31": "", "2006-10-31": "3.41820", "2006-07-31": "10.00000", "2006-04-30": "9.30000", "2006-01-31": "", "2005-10-31": "7.10000"}, "Book Value Per Share": {"2020-09-30": "26.16200", "2020-06-30": "24.97890", "2020-03-31": "23.65490", "2019-12-31": "24.23400", "2019-09-30": "23.04960", "2019-06-30": "23.34720", "2019-03-31": "22.89580", "2018-12-31": "22.67810", "2018-09-30": "23.04670", "2018-06-30": "22.78670", "2018-03-31": "22.59210", "2017-12-31": "22.40400", "2017-09-30": "21.90070", "2017-06-30": "21.46360", "2017-03-31": "21.11260", "2016-12-31": "20.98000", "2016-09-30": "20.86670", "2016-06-30": "15.39730", "2016-03-31": "15.30560", "2015-12-31": "14.83330", "2015-09-30": "13.25000", "2015-06-30": "12.76390", "2015-03-31": "13.51350", "2015-01-31": "", "2014-10-31": "13.18920", "2014-07-31": "12.93240", "2014-04-30": "18.73330", "2014-01-31": "19.93750", "2013-10-31": "21.89540", "2013-07-31": "27.34690", "2013-04-30": "26.94740", "2013-01-31": "", "2012-10-31": "28.71350", "2012-07-31": "27.59060", "2012-04-30": "26.50290", "2012-01-31": "", "2011-10-31": "27.28450", "2011-07-31": "28.33920", "2011-04-30": "27.13880", "2011-01-31": "27.52490", "2010-10-31": "26.72040", "2010-07-31": "24.51610", "2010-04-30": "23.24210", "2010-01-31": "", "2009-10-31": "42.40000", "2009-07-31": "41.26320", "2009-04-30": "39.53170", "2009-01-31": "", "2008-10-31": "38.98510", "2008-07-31": "37.94760", "2008-04-30": "39.32610", "2008-01-31": "", "2007-10-31": "46.21940", "2007-07-31": "54.57140", "2007-04-30": "60.18690", "2007-01-31": "", "2006-10-31": "66.35940", "2006-07-31": "", "2006-04-30": "", "2006-01-31": "", "2005-10-31": ""}, "Operating Cash Flow Per Share": {"2020-09-30": 4.1111, "2020-06-30": 2.9306, "2020-03-31": "2.58330", "2019-12-31": 1.1655, "2019-09-30": 2.4293, "2019-06-30": 1.2874, "2019-03-31": "1.95920", "2018-12-31": 0.6797, "2018-09-30": 2.4373, "2018-06-30": 1.7597, "2018-03-31": "0.14290", "2017-12-31": 1.065, "2017-09-30": 1.7297, "2017-06-30": 1.085, "2017-03-31": "-0.46410", "2016-12-31": 1.4401, "2016-09-30": 2.0934, "2016-06-30": 0.973, "2016-03-31": "-0.18920", "2015-12-31": 0.2138, "2015-09-30": 3.7051, "2015-06-30": 2.033, "2015-03-31": "-0.56000", "2015-01-31": "", "2014-10-31": 2.4189, "2014-07-31": 1.6695, "2014-04-30": -2.4166, "2014-01-31": "2.30120", "2013-10-31": 0.5952, "2013-07-31": 1.5953, "2013-04-30": -1.2143, "2013-01-31": "", "2012-10-31": 0.0666, "2012-07-31": 2.4899, "2012-04-30": -4.3758, "2012-01-31": "", "2011-10-31": 5.1452, "2011-07-31": 0.7078, "2011-04-30": -5.9895, "2011-01-31": "7.75960", "2010-10-31": 3.6033, "2010-07-31": 1.2549, "2010-04-30": 1.3862, "2010-01-31": "", "2009-10-31": 2.5773, "2009-07-31": 1.1618, "2009-04-30": 1.6423, "2009-01-31": "", "2008-10-31": 1.8816, "2008-07-31": 2.3034, "2008-04-30": 0.1366, "2008-01-31": "", "2007-10-31": 0.9587, "2007-07-31": 2.4594, "2007-04-30": -1.2345, "2007-01-31": "", "2006-10-31": 2.3378, "2006-07-31": 2.446, "2006-04-30": 0.9107, "2006-01-31": "", "2005-10-31": 3.9777}, "Free Cash Flow Per Share": {"2020-09-30": 3.9722, "2020-06-30": 2.6111, "2020-03-31": "2.27780", "2019-12-31": -0.4689, "2019-09-30": 3.5489, "2019-06-30": 1.1808, "2019-03-31": "2.40820", "2018-12-31": 0.549, "2018-09-30": 2.2727, "2018-06-30": 1.6753, "2018-03-31": "0.04550", "2017-12-31": 0.8182, "2017-09-30": 1.6071, "2017-06-30": 1.0261, "2017-03-31": "-0.50980", "2016-12-31": 1.3392, "2016-09-30": 1.9984, "2016-06-30": 0.9324, "2016-03-31": "-0.20270", "2015-12-31": 0.9987, "2015-09-30": 3.6635, "2015-06-30": 2.0324, "2015-03-31": "-0.60000", "2015-01-31": "", "2014-10-31": 2.3648, "2014-07-31": 1.5004, "2014-04-30": -2.6894, "2014-01-31": "2.44580", "2013-10-31": 0.5834, "2013-07-31": 1.9286, "2013-04-30": -1.131, "2013-01-31": "", "2012-10-31": 0.0896, "2012-07-31": 2.2144, "2012-04-30": -4.4727, "2012-01-31": "", "2011-10-31": 5.0166, "2011-07-31": 1.2051, "2011-04-30": -5.2319, "2011-01-31": "7.07100", "2010-10-31": 3.4759, "2010-07-31": 1.1362, "2010-04-30": 1.1323, "2010-01-31": "", "2009-10-31": 2.3917, "2009-07-31": 0.9941, "2009-04-30": 1.5214, "2009-01-31": "", "2008-10-31": 1.6793, "2008-07-31": 2.1705, "2008-04-30": 0.0195, "2008-01-31": "", "2007-10-31": 0.773, "2007-07-31": 2.3541, "2007-04-30": -1.3493, "2007-01-31": "", "2006-10-31": 1.9626, "2006-07-31": 2.291, "2006-04-30": 0.7032, "2006-01-31": "", "2005-10-31": 3.5419}}, "revenue": {"Leidos Holdings Annual Revenue (Millions of US $)": {"2019": "$11,094", "2018": "$10,194", "2017": "$10,170", "2016": "$7,043", "2015": "$5,063", "2014": "$5,755", "2013": "$6,449", "2012": "$5,836", "2011": "$10,798", "2010": "$10,580", "2009": "$10,070", "2008": "$8,926", "2007": "$8,060", "2006": "$7,518", "2005": "$7,172"}, "Leidos Holdings Quarterly Revenue (Millions of US $)": {"2020-09-30": "$3,242", "2020-06-30": "$2,914", "2020-03-31": "$2,889", "2019-12-31": "$2,954", "2019-09-30": "$2,835", "2019-06-30": "$2,728", "2019-03-31": "$2,577", "2018-12-31": "$2,647", "2018-09-30": "$2,575", "2018-06-30": "$2,529", "2018-03-31": "$2,443", "2017-12-31": "$2,516", "2017-09-30": "$2,503", "2017-06-30": "$2,571", "2017-03-31": "$2,580", "2016-12-31": "$2,575", "2016-09-30": "$1,868", "2016-06-30": "$1,288", "2016-03-31": "$1,312", "2015-12-31": "$907", "2015-09-30": "$1,302", "2015-06-30": "$1,257", "2015-03-31": "$1,246", "2015-01-31": "", "2014-10-31": "$1,276", "2014-07-31": "$1,306", "2014-04-30": "$1,312", "2014-01-31": "", "2013-10-31": "$1,414", "2013-07-31": "$1,457", "2013-04-30": "$1,597", "2013-01-31": "$1,580", "2012-10-31": "$1,673", "2012-07-31": "$2,826", "2012-04-30": "$2,764", "2012-01-31": "$2,471", "2011-10-31": "$2,790", "2011-07-31": "$2,596", "2011-04-30": "$2,688", "2011-01-31": "$2,724", "2010-10-31": "$2,821", "2010-07-31": "$2,749", "2010-04-30": "$2,627", "2010-01-31": "", "2009-10-31": "$2,765", "2009-07-31": "$2,749", "2009-04-30": "$2,649", "2009-01-31": "", "2008-10-31": "$2,631", "2008-07-31": "$2,554", "2008-04-30": "$2,367", "2008-01-31": "", "2007-10-31": "$2,364", "2007-07-31": "$2,222", "2007-04-30": "$2,011", "2007-01-31": "", "2006-10-31": "$2,081", "2006-07-31": "$1,994", "2006-04-30": "$1,954", "2006-01-31": "", "2005-10-31": "$2,024"}}, "gross-profit": {"Leidos Holdings Annual Gross Profit (Millions of US $)": {"2019": "$1,548", "2018": "$1,504", "2017": "$1,432", "2016": "$940", "2015": "$671", "2014": "$763", "2013": "$901", "2012": "$485", "2011": "$1,424", "2010": "$1,429", "2009": "$1,378", "2008": "$1,240", "2007": "$1,086", "2006": "$950", "2005": "$895"}, "Leidos Holdings Quarterly Gross Profit (Millions of US $)": {"2020-09-30": "$468", "2020-06-30": "$383", "2020-03-31": "$395", "2019-12-31": "$427", "2019-09-30": "$385", "2019-06-30": "$380", "2019-03-31": "$356", "2018-12-31": "$369", "2018-09-30": "$401", "2018-06-30": "$377", "2018-03-31": "$357", "2017-12-31": "$337", "2017-09-30": "$367", "2017-06-30": "$381", "2017-03-31": "$347", "2016-12-31": "$397", "2016-09-30": "$238", "2016-06-30": "$147", "2016-03-31": "$158", "2015-12-31": "$105", "2015-09-30": "$164", "2015-06-30": "$144", "2015-03-31": "$153", "2015-01-31": "", "2014-10-31": "$161", "2014-07-31": "$187", "2014-04-30": "$171", "2014-01-31": "", "2013-10-31": "$195", "2013-07-31": "$164", "2013-04-30": "$220", "2013-01-31": "$229", "2012-10-31": "$239", "2012-07-31": "$341", "2012-04-30": "$331", "2012-01-31": "$-8", "2011-10-31": "$313", "2011-07-31": "$338", "2011-04-30": "$331", "2011-01-31": "$349", "2010-10-31": "$376", "2010-07-31": "$398", "2010-04-30": "$322", "2010-01-31": "", "2009-10-31": "$387", "2009-07-31": "$380", "2009-04-30": "$354", "2009-01-31": "", "2008-10-31": "$354", "2008-07-31": "$354", "2008-04-30": "$315", "2008-01-31": "", "2007-10-31": "$338", "2007-07-31": "$312", "2007-04-30": "$265", "2007-01-31": "", "2006-10-31": "$274", "2006-07-31": "$280", "2006-04-30": "$270", "2006-01-31": "", "2005-10-31": "$231"}}, "operating-income": {"Leidos Holdings Annual Operating Income (Millions of US $)": {"2019": "$912", "2018": "$749", "2017": "$559", "2016": "$417", "2015": "$-214", "2014": "$163", "2013": "$421", "2012": "$-58", "2011": "$929", "2010": "$836", "2009": "$776", "2008": "$673", "2007": "$572", "2006": "$470", "2005": "$483"}, "Leidos Holdings Quarterly Operating Income (Millions of US $)": {"2020-09-30": "$258", "2020-06-30": "$249", "2020-03-31": "$192", "2019-12-31": "$261", "2019-09-30": "$249", "2019-06-30": "$210", "2019-03-31": "$192", "2018-12-31": "$188", "2018-09-30": "$203", "2018-06-30": "$199", "2018-03-31": "$159", "2017-12-31": "$101", "2017-09-30": "$151", "2017-06-30": "$166", "2017-03-31": "$141", "2016-12-31": "$152", "2016-09-30": "$101", "2016-06-30": "$75", "2016-03-31": "$89", "2015-12-31": "$124", "2015-09-30": "$94", "2015-06-30": "$64", "2015-03-31": "$38", "2015-01-31": "", "2014-10-31": "$72", "2014-07-31": "$-410", "2014-04-30": "$87", "2014-01-31": "", "2013-10-31": "$-5", "2013-07-31": "$10", "2013-04-30": "$76", "2013-01-31": "$1,580", "2012-10-31": "$100", "2012-07-31": "$189", "2012-04-30": "$208", "2012-01-31": "$2,471", "2011-10-31": "$-20", "2011-07-31": "$209", "2011-04-30": "$230", "2011-01-31": "$217", "2010-10-31": "$252", "2010-07-31": "$272", "2010-04-30": "$206", "2010-01-31": "", "2009-10-31": "$233", "2009-07-31": "$221", "2009-04-30": "$204", "2009-01-31": "", "2008-10-31": "$205", "2008-07-31": "$189", "2008-04-30": "$174", "2008-01-31": "", "2007-10-31": "$189", "2007-07-31": "$173", "2007-04-30": "$136", "2007-01-31": "", "2006-10-31": "$141", "2006-07-31": "$151", "2006-04-30": "$142", "2006-01-31": "", "2005-10-31": "$106"}}, "ebitda": {"Leidos Holdings Annual EBITDA (Millions of US $)": {"2019": "$1,157", "2018": "$1,016", "2017": "$909", "2016": "$539", "2015": "$334", "2014": "$243", "2013": "$511", "2012": "$30", "2011": "$1,039", "2010": "$926", "2009": "$865", "2008": "$750", "2007": "$643", "2006": "$538", "2005": "$539"}, "Leidos Holdings Quarterly EBITDA (Millions of US $)": {"2020-09-30": "$340", "2020-06-30": "$320", "2020-03-31": "$253", "2019-12-31": "$332", "2019-09-30": "$308", "2019-06-30": "$267", "2019-03-31": "$250", "2018-12-31": "$262", "2018-09-30": "$267", "2018-06-30": "$265", "2018-03-31": "$222", "2017-12-31": "$197", "2017-09-30": "$243", "2017-06-30": "$246", "2017-03-31": "$223", "2016-12-31": "$220", "2016-09-30": "$138", "2016-06-30": "$84", "2016-03-31": "$97", "2015-12-31": "$130", "2015-09-30": "$105", "2015-06-30": "$76", "2015-03-31": "$50", "2015-01-31": "", "2014-10-31": "$608", "2014-07-31": "$92", "2014-04-30": "$-431", "2014-01-31": "$-26", "2013-10-31": "$59", "2013-07-31": "$35", "2013-04-30": "$38", "2013-01-31": "", "2012-10-31": "$173", "2012-07-31": "$218", "2012-04-30": "$162", "2012-01-31": "", "2011-10-31": "$66", "2011-07-31": "$236", "2011-04-30": "$172", "2011-01-31": "$272", "2010-10-31": "$332", "2010-07-31": "$299", "2010-04-30": "$150", "2010-01-31": "", "2009-10-31": "$301", "2009-07-31": "$243", "2009-04-30": "$158", "2009-01-31": "", "2008-10-31": "$270", "2008-07-31": "$211", "2008-04-30": "$131", "2008-01-31": "", "2007-10-31": "$244", "2007-07-31": "$191", "2007-04-30": "$98", "2007-01-31": "", "2006-10-31": "$193", "2006-07-31": "$170", "2006-04-30": "$105", "2006-01-31": "", "2005-10-31": "$154"}}, "net-income": {"Leidos Holdings Annual Net Income (Millions of US $)": {"2019": "$667", "2018": "$581", "2017": "$366", "2016": "$244", "2015": "$-323", "2014": "$161", "2013": "$514", "2012": "$57", "2011": "$599", "2010": "$496", "2009": "$452", "2008": "$416", "2007": "$390", "2006": "$927", "2005": "$409"}, "Leidos Holdings Quarterly Net Income (Millions of US $)": {"2020-09-30": "$163", "2020-06-30": "$153", "2020-03-31": "$115", "2019-12-31": "$181", "2019-09-30": "$161", "2019-06-30": "$136", "2019-03-31": "$189", "2018-12-31": "$188", "2018-09-30": "$147", "2018-06-30": "$144", "2018-03-31": "$102", "2017-12-31": "$114", "2017-09-30": "$82", "2017-06-30": "$98", "2017-03-31": "$72", "2016-12-31": "$59", "2016-09-30": "$91", "2016-06-30": "$41", "2016-03-31": "$53", "2015-12-31": "$115", "2015-09-30": "$49", "2015-06-30": "$37", "2015-03-31": "$41", "2015-01-31": "", "2014-10-31": "$34", "2014-07-31": "$-438", "2014-04-30": "$37", "2014-01-31": "", "2013-10-31": "$-3", "2013-07-31": "$42", "2013-04-30": "$77", "2013-01-31": "$182", "2012-10-31": "$110", "2012-07-31": "$108", "2012-04-30": "$114", "2012-01-31": "$-161", "2011-10-31": "$-89", "2011-07-31": "$171", "2011-04-30": "$127", "2011-01-31": "$131", "2010-10-31": "$167", "2010-07-31": "$190", "2010-04-30": "$125", "2010-01-31": "", "2009-10-31": "$135", "2009-07-31": "$123", "2009-04-30": "$116", "2009-01-31": "", "2008-10-31": "$120", "2008-07-31": "$109", "2008-04-30": "$103", "2008-01-31": "", "2007-10-31": "$105", "2007-07-31": "$131", "2007-04-30": "$80", "2007-01-31": "", "2006-10-31": "$98", "2006-07-31": "$103", "2006-04-30": "$106", "2006-01-31": "", "2005-10-31": "$91"}}, "eps-earnings-per-share-diluted": {"Leidos Holdings Annual EPS": {"2019": "$4.60", "2018": "$3.80", "2017": "$2.38", "2016": "$2.35", "2015": "$-4.36", "2014": "$1.94", "2013": "$6.19", "2012": "$0.68", "2011": "$6.56", "2010": "$4.92", "2009": "$4.36", "2008": "$3.92", "2007": "$4.28", "2006": "$10.32", "2005": "$4.36"}, "Leidos Holdings Quarterly EPS": {"2020-09-30": "$1.13", "2020-06-30": "$1.06", "2020-03-31": "$0.80", "2019-12-31": "$1.27", "2019-09-30": "$1.11", "2019-06-30": "$0.93", "2019-03-31": "$1.29", "2018-12-31": "$1.24", "2018-09-30": "$0.96", "2018-06-30": "$0.94", "2018-03-31": "$0.66", "2017-12-31": "$0.74", "2017-09-30": "$0.53", "2017-06-30": "$0.64", "2017-03-31": "$0.47", "2016-12-31": "$0.28", "2016-09-30": "$0.80", "2016-06-30": "$0.55", "2016-03-31": "$0.72", "2015-12-31": "$1.55", "2015-09-30": "$0.67", "2015-06-30": "$0.50", "2015-03-31": "$0.55", "2015-01-31": "$0.00", "2014-10-31": "$0.46", "2014-07-31": "$-5.92", "2014-04-30": "$0.47", "2014-01-31": "$0.00", "2013-10-31": "$-0.04", "2013-07-31": "$0.50", "2013-04-30": "$0.92", "2013-01-31": "$2.17", "2012-10-31": "$1.32", "2012-07-31": "$1.28", "2012-04-30": "$1.40", "2012-01-31": "$-1.96", "2011-10-31": "$-1.08", "2011-07-31": "$2.00", "2011-04-30": "$1.44", "2011-01-31": "$1.40", "2010-10-31": "$1.84", "2010-07-31": "$2.00", "2010-04-30": "$1.28", "2010-01-31": "$0.00", "2009-10-31": "$1.36", "2009-07-31": "$1.24", "2009-04-30": "$1.12", "2009-01-31": "$0.00", "2008-10-31": "$1.16", "2008-07-31": "$1.08", "2008-04-30": "$0.96", "2008-01-31": "$0.00", "2007-10-31": "$1.00", "2007-07-31": "$1.24", "2007-04-30": "$0.76", "2007-01-31": "$0.00", "2006-10-31": "$1.12", "2006-07-31": "$1.20", "2006-04-30": "$1.24", "2006-01-31": "$0.00", "2005-10-31": "$1.00"}}, "shares-outstanding": {"Leidos Holdings Annual Shares Outstanding (Millions of Shares)": {"2019": "145", "2018": "153", "2017": "154", "2016": "104", "2015": "74", "2014": "83", "2013": "83", "2012": "84", "2011": "92", "2010": "98", "2009": "101", "2008": "104", "2007": "91", "2006": "90", "2005": "94"}, "Leidos Holdings Quarterly Shares Outstanding (Millions of Shares)": {"2020-09-30": "144", "2020-06-30": "144", "2020-03-31": "144", "2019-12-31": "145", "2019-09-30": "145", "2019-06-30": "146", "2019-03-31": "147", "2018-12-31": "153", "2018-09-30": "153", "2018-06-30": "154", "2018-03-31": "154", "2017-12-31": "154", "2017-09-30": "154", "2017-06-30": "153", "2017-03-31": "153", "2016-12-31": "104", "2016-09-30": "114", "2016-06-30": "74", "2016-03-31": "74", "2015-12-31": "74", "2015-09-30": "73", "2015-06-30": "74", "2015-03-31": "75", "2015-01-31": "", "2014-10-31": "74", "2014-07-31": "74", "2014-04-30": "78", "2014-01-31": "", "2013-10-31": "84", "2013-07-31": "84", "2013-04-30": "84", "2013-01-31": "84", "2012-10-31": "83", "2012-07-31": "83", "2012-04-30": "83", "2012-01-31": "82", "2011-10-31": "82", "2011-07-31": "85", "2011-04-30": "87", "2011-01-31": "90", "2010-10-31": "90", "2010-07-31": "91", "2010-04-30": "95", "2010-01-31": "", "2009-10-31": "97", "2009-07-31": "97", "2009-04-30": "99", "2009-01-31": "", "2008-10-31": "100", "2008-07-31": "100", "2008-04-30": "103", "2008-01-31": "", "2007-10-31": "104", "2007-07-31": "105", "2007-04-30": "105", "2007-01-31": "", "2006-10-31": "87", "2006-07-31": "86", "2006-04-30": "87", "2006-01-31": "", "2005-10-31": "90"}}, "total-assets": {"Leidos Holdings Annual Total Assets (Millions of US $)": {"2019": "$9,367", "2018": "$8,770", "2017": "$8,990", "2016": "$9,132", "2015": "$3,281", "2014": "$4,162", "2013": "$5,875", "2012": "$6,667", "2011": "$6,223", "2010": "$5,295", "2009": "$5,048", "2008": "$4,981", "2007": "$4,559", "2006": "$5,655", "2005": "$6,010"}, "Leidos Holdings Quarterly Total Assets (Millions of US $)": {"2020-09-30": "$12,285", "2020-06-30": "$12,143", "2020-03-31": "$10,988", "2019-12-31": "$9,367", "2019-09-30": "$9,410", "2019-06-30": "$9,327", "2019-03-31": "$9,360", "2018-12-31": "$8,770", "2018-09-30": "$8,908", "2018-06-30": "$8,770", "2018-03-31": "$8,913", "2017-12-31": "$8,990", "2017-09-30": "$8,923", "2017-06-30": "$8,882", "2017-03-31": "$9,140", "2016-12-31": "$9,132", "2016-09-30": "$9,579", "2016-06-30": "$3,401", "2016-03-31": "$3,391", "2015-12-31": "$3,370", "2015-09-30": "$3,302", "2015-06-30": "$3,211", "2015-03-31": "$3,309", "2015-01-31": "$3,281", "2014-10-31": "$3,398", "2014-07-31": "$3,481", "2014-04-30": "$3,969", "2014-01-31": "$4,162", "2013-10-31": "$4,635", "2013-07-31": "$5,521", "2013-04-30": "$5,790", "2013-01-31": "$5,875", "2012-10-31": "$5,866", "2012-07-31": "$5,580", "2012-04-30": "$6,220", "2012-01-31": "$6,667", "2011-10-31": "$6,463", "2011-07-31": "$6,113", "2011-04-30": "$6,183", "2011-01-31": "$6,223", "2010-10-31": "$5,538", "2010-07-31": "$5,174", "2010-04-30": "$5,190", "2010-01-31": "$5,295", "2009-10-31": "$5,408", "2009-07-31": "$5,104", "2009-04-30": "$5,082", "2009-01-31": "$5,048", "2008-10-31": "$5,039", "2008-07-31": "$4,800", "2008-04-30": "$4,749", "2008-01-31": "$4,981", "2007-10-31": "$4,830", "2007-07-31": "$4,548", "2007-04-30": "$4,427", "2007-01-31": "$4,559", "2006-10-31": "$6,723", "2006-07-31": "$1,000", "2006-04-30": "$1,000", "2006-01-31": "$5,655", "2005-10-31": "$1,000"}}, "cash-on-hand": {"Leidos Holdings Annual Cash on Hand (Millions of US $)": {"2019": "$668", "2018": "$327", "2017": "$390", "2016": "$376", "2015": "$443", "2014": "$430", "2013": "$735", "2012": "$1,592", "2011": "$1,367", "2010": "$861", "2009": "$936", "2008": "$1,096", "2007": "$1,109", "2006": "$2,669", "2005": "$2,350"}, "Leidos Holdings Quarterly Cash on Hand (Millions of US $)": {"2020-09-30": "$512", "2020-06-30": "$588", "2020-03-31": "$445", "2019-12-31": "$668", "2019-09-30": "$635", "2019-06-30": "$660", "2019-03-31": "$536", "2018-12-31": "$327", "2018-09-30": "$515", "2018-06-30": "$303", "2018-03-31": "$215", "2017-12-31": "$390", "2017-09-30": "$287", "2017-06-30": "$262", "2017-03-31": "$206", "2016-12-31": "$376", "2016-09-30": "$449", "2016-06-30": "$670", "2016-03-31": "$609", "2015-12-31": "$656", "2015-09-30": "$635", "2015-06-30": "$365", "2015-03-31": "$377", "2015-01-31": "$443", "2014-10-31": "$418", "2014-07-31": "$358", "2014-04-30": "$183", "2014-01-31": "$430", "2013-10-31": "$814", "2013-07-31": "$462", "2013-04-30": "$563", "2013-01-31": "$735", "2012-10-31": "$531", "2012-07-31": "$756", "2012-04-30": "$1,167", "2012-01-31": "$1,592", "2011-10-31": "$1,463", "2011-07-31": "$1,336", "2011-04-30": "$1,282", "2011-01-31": "$1,367", "2010-10-31": "$644", "2010-07-31": "$604", "2010-04-30": "$568", "2010-01-31": "$861", "2009-10-31": "$991", "2009-07-31": "$951", "2009-04-30": "$898", "2009-01-31": "$936", "2008-10-31": "$812", "2008-07-31": "$692", "2008-04-30": "$662", "2008-01-31": "$1,096", "2007-10-31": "$1,011", "2007-07-31": "$1,131", "2007-04-30": "$943", "2007-01-31": "$1,109", "2006-10-31": "$3,636", "2006-07-31": "$1,000", "2006-04-30": "$1,000", "2006-01-31": "$2,669", "2005-10-31": "$1,000"}}, "long-term-debt": {"Leidos Holdings Annual Long Term Debt (Millions of US $)": {"2019": "$2,925", "2018": "$3,052", "2017": "$3,056", "2016": "$3,225", "2015": "$1,164", "2014": "$1,331", "2013": "$1,295", "2012": "$1,299", "2011": "$1,849", "2010": "$1,103", "2009": "$1,099", "2008": "$1,098", "2007": "$1,199", "2006": "$1,192", "2005": "$1,215"}, "Leidos Holdings Quarterly Long Term Debt (Millions of US $)": {"2020-09-30": "$4,125", "2020-06-30": "$4,148", "2020-03-31": "$2,444", "2019-12-31": "$2,925", "2019-09-30": "$2,939", "2019-06-30": "$2,954", "2019-03-31": "$2,966", "2018-12-31": "$3,052", "2018-09-30": "$2,985", "2018-06-30": "$2,990", "2018-03-31": "$3,007", "2017-12-31": "$3,056", "2017-09-30": "$3,043", "2017-06-30": "$3,147", "2017-03-31": "$3,188", "2016-12-31": "$3,225", "2016-09-30": "$3,428", "2016-06-30": "$1,092", "2016-03-31": "$1,089", "2015-12-31": "$1,079", "2015-09-30": "$1,142", "2015-06-30": "$1,127", "2015-03-31": "$1,156", "2015-01-31": "$1,164", "2014-10-31": "$1,227", "2014-07-31": "$1,329", "2014-04-30": "$1,330", "2014-01-31": "$1,331", "2013-10-31": "$1,330", "2013-07-31": "$1,332", "2013-04-30": "$1,297", "2013-01-31": "$1,295", "2012-10-31": "$1,297", "2012-07-31": "$1,297", "2012-04-30": "$1,298", "2012-01-31": "$1,299", "2011-10-31": "$1,299", "2011-07-31": "$1,299", "2011-04-30": "$1,848", "2011-01-31": "$1,849", "2010-10-31": "$1,101", "2010-07-31": "$1,102", "2010-04-30": "$1,103", "2010-01-31": "$1,103", "2009-10-31": "$1,103", "2009-07-31": "$1,103", "2009-04-30": "$1,102", "2009-01-31": "$1,099", "2008-10-31": "$1,099", "2008-07-31": "$1,099", "2008-04-30": "$1,098", "2008-01-31": "$1,098", "2007-10-31": "$1,099", "2007-07-31": "$1,098", "2007-04-30": "$1,102", "2007-01-31": "$1,199", "2006-10-31": "$1,193", "2006-07-31": "", "2006-04-30": "", "2006-01-31": "$1,192", "2005-10-31": ""}}, "total-liabilities": {"Leidos Holdings Annual Total Liabilities (Millions of US $)": {"2019": "$5,950", "2018": "$5,459", "2017": "$5,607", "2016": "$5,985", "2015": "$2,283", "2014": "$2,567", "2013": "$3,257", "2012": "$4,486", "2011": "$3,732", "2010": "$3,004", "2009": "$2,964", "2008": "$3,113", "2007": "$3,023", "2006": "$2,848", "2005": "$3,659"}, "Leidos Holdings Quarterly Total Liabilities (Millions of US $)": {"2020-09-30": "$8,570", "2020-06-30": "$8,596", "2020-03-31": "$7,629", "2019-12-31": "$5,950", "2019-09-30": "$6,160", "2019-06-30": "$5,965", "2019-03-31": "$6,063", "2018-12-31": "$5,459", "2018-09-30": "$5,451", "2018-06-30": "$5,352", "2018-03-31": "$5,479", "2017-12-31": "$5,607", "2017-09-30": "$5,616", "2017-06-30": "$5,641", "2017-03-31": "$5,952", "2016-12-31": "$5,985", "2016-09-30": "$6,449", "2016-06-30": "$2,277", "2016-03-31": "$2,289", "2015-12-31": "$2,302", "2015-09-30": "$2,348", "2015-06-30": "$2,292", "2015-03-31": "$2,309", "2015-01-31": "$2,283", "2014-10-31": "$2,422", "2014-07-31": "$2,524", "2014-04-30": "$2,564", "2014-01-31": "$2,567", "2013-10-31": "$2,752", "2013-07-31": "$3,176", "2013-04-30": "$3,486", "2013-01-31": "$3,257", "2012-10-31": "$3,411", "2012-07-31": "$3,221", "2012-04-30": "$3,954", "2012-01-31": "$4,486", "2011-10-31": "$4,137", "2011-07-31": "$3,690", "2011-04-30": "$3,788", "2011-01-31": "$3,732", "2010-10-31": "$3,053", "2010-07-31": "$2,894", "2010-04-30": "$2,982", "2010-01-31": "$3,004", "2009-10-31": "$3,129", "2009-07-31": "$2,948", "2009-04-30": "$3,056", "2009-01-31": "$2,964", "2008-10-31": "$3,080", "2008-07-31": "$2,988", "2008-04-30": "$2,940", "2008-01-31": "$3,113", "2007-10-31": "$3,039", "2007-07-31": "$2,829", "2007-04-30": "$2,817", "2007-01-31": "$3,023", "2006-10-31": "$5,283", "2006-07-31": "", "2006-04-30": "", "2006-01-31": "$2,848", "2005-10-31": ""}}, "total-share-holder-equity": {"Leidos Holdings Annual Share Holder Equity (Millions of US $)": {"2019": "$3,417", "2018": "$3,311", "2017": "$3,383", "2016": "$3,147", "2015": "$998", "2014": "$1,595", "2013": "$2,618", "2012": "$2,181", "2011": "$2,491", "2010": "$2,291", "2009": "$2,084", "2008": "$1,868", "2007": "$1,536", "2006": "$2,807", "2005": "$2,351"}, "Leidos Holdings Quarterly Share Holder Equity (Millions of US $)": {"2020-09-30": "$3,715", "2020-06-30": "$3,547", "2020-03-31": "$3,359", "2019-12-31": "$3,417", "2019-09-30": "$3,250", "2019-06-30": "$3,362", "2019-03-31": "$3,297", "2018-12-31": "$3,311", "2018-09-30": "$3,457", "2018-06-30": "$3,418", "2018-03-31": "$3,434", "2017-12-31": "$3,383", "2017-09-30": "$3,307", "2017-06-30": "$3,241", "2017-03-31": "$3,188", "2016-12-31": "$3,147", "2016-09-30": "$3,130", "2016-06-30": "$1,124", "2016-03-31": "$1,102", "2015-12-31": "$1,068", "2015-09-30": "$954", "2015-06-30": "$919", "2015-03-31": "$1,000", "2015-01-31": "$998", "2014-10-31": "$976", "2014-07-31": "$957", "2014-04-30": "$1,405", "2014-01-31": "$1,595", "2013-10-31": "$1,883", "2013-07-31": "$2,345", "2013-04-30": "$2,304", "2013-01-31": "$2,618", "2012-10-31": "$2,455", "2012-07-31": "$2,359", "2012-04-30": "$2,266", "2012-01-31": "$2,181", "2011-10-31": "$2,326", "2011-07-31": "$2,423", "2011-04-30": "$2,395", "2011-01-31": "$2,491", "2010-10-31": "$2,485", "2010-07-31": "$2,280", "2010-04-30": "$2,208", "2010-01-31": "$2,291", "2009-10-31": "$2,279", "2009-07-31": "$2,156", "2009-04-30": "$2,026", "2009-01-31": "$2,084", "2008-10-31": "$1,959", "2008-07-31": "$1,812", "2008-04-30": "$1,809", "2008-01-31": "$1,868", "2007-10-31": "$1,791", "2007-07-31": "$1,719", "2007-04-30": "$1,610", "2007-01-31": "$1,536", "2006-10-31": "$1,440", "2006-07-31": "$1,000", "2006-04-30": "$1,000", "2006-01-31": "$2,807", "2005-10-31": "$1,000"}}, "profit-margins": {"current": "5.1%"}, "gross margin": {"2020-09-30": "13.94%", "2020-06-30": "13.72%", "2020-03-31": "13.91%", "2019-12-31": "13.95%", "2019-09-30": "13.81%", "2019-06-30": "14.31%", "2019-03-31": "14.55%", "2018-12-31": "14.75%", "2018-09-30": "14.63%", "2018-06-30": "14.39%", "2018-03-31": "14.37%", "2017-12-31": "14.08%", "2017-09-30": "14.59%", "2017-06-30": "14.21%", "2017-03-31": "13.58%", "2016-12-31": "13.35%", "2016-09-30": "12.06%", "2016-06-30": "11.94%", "2016-03-31": "11.95%", "2015-12-31": "12.01%", "2015-06-30": "12.12%", "2015-03-31": "13.09%", "2014-07-31": "13.72%", "2014-04-30": "12.67%", "2013-10-31": "13.36%", "2013-07-31": "13.51%", "2013-04-30": "13.41%", "2013-01-31": "12.89%", "2012-10-31": "9.28%", "2012-07-31": "9.00%", "2012-04-30": "9.17%", "2012-01-31": "9.24%", "2011-10-31": "12.33%", "2011-07-31": "12.87%", "2011-04-30": "13.24%", "2011-01-31": "13.23%", "2010-07-31": "13.60%", "2010-04-30": "13.38%", "2009-07-31": "13.55%", "2009-04-30": "13.56%", "2008-07-31": "13.82%", "2008-04-30": "13.88%", "2007-07-31": "13.48%", "2007-04-30": "13.46%", "2006-07-31": "13.08%"}, "operating margin": {"2020-09-30": "8.00%", "2020-06-30": "8.20%", "2020-03-31": "8.00%", "2019-12-31": "8.22%", "2019-09-30": "7.78%", "2019-06-30": "7.53%", "2019-03-31": "7.57%", "2018-12-31": "7.35%", "2018-09-30": "6.58%", "2018-06-30": "6.11%", "2018-03-31": "5.75%", "2017-12-31": "5.50%", "2017-09-30": "5.96%", "2017-06-30": "5.84%", "2017-03-31": "5.64%", "2016-12-31": "5.92%", "2016-09-30": "7.24%", "2016-06-30": "7.94%", "2016-03-31": "7.76%", "2015-12-31": "6.79%", "2015-06-30": "4.60%", "2015-03-31": "-7.84%", "2014-07-31": "-8.13%", "2014-04-30": "2.20%", "2013-10-31": "27.46%", "2013-07-31": "28.00%", "2013-04-30": "25.34%", "2013-01-31": "23.49%", "2012-10-31": "30.49%", "2012-07-31": "26.25%", "2012-04-30": "27.00%", "2012-01-31": "27.41%", "2011-10-31": "5.89%", "2011-07-31": "8.38%", "2011-04-30": "8.84%", "2011-01-31": "8.67%", "2010-07-31": "8.73%", "2010-04-30": "8.11%", "2009-07-31": "7.85%", "2009-04-30": "7.63%", "2008-07-31": "7.58%", "2008-04-30": "7.71%", "2007-07-31": "7.13%", "2007-04-30": "7.03%", "2006-07-31": "6.68%"}, "ebitda margin": {"2020-09-30": "10.38%", "2020-06-30": "10.46%", "2020-03-31": "10.17%", "2019-12-31": "10.43%", "2019-09-30": "10.08%", "2019-06-30": "9.94%", "2019-03-31": "10.11%", "2018-12-31": "9.97%", "2018-09-30": "9.45%", "2018-06-30": "9.28%", "2018-03-31": "9.05%", "2017-12-31": "8.94%", "2017-09-30": "9.11%", "2017-06-30": "8.62%", "2017-03-31": "8.00%", "2016-12-31": "7.65%", "2016-09-30": "8.35%", "2016-06-30": "8.65%", "2016-03-31": "8.54%", "2015-12-31": "7.66%", "2015-06-30": "19.42%", "2015-03-31": "19.59%", "2014-07-31": "-7.59%", "2014-04-30": "-8.68%", "2013-10-31": "2.18%", "2013-07-31": "3.90%", "2013-04-30": "5.59%", "2013-01-31": "6.25%", "2012-10-31": "5.68%", "2012-07-31": "4.11%", "2012-04-30": "4.37%", "2012-01-31": "4.50%", "2011-10-31": "6.91%", "2011-07-31": "9.35%", "2011-04-30": "9.79%", "2011-01-31": "9.64%", "2010-07-31": "9.21%", "2010-04-30": "8.52%", "2009-07-31": "8.36%", "2009-04-30": "8.16%", "2008-07-31": "8.04%", "2008-04-30": "8.14%", "2007-07-31": "7.63%", "2007-04-30": "7.57%", "2006-07-31": "7.18%"}, "pre tax profit margin": {"2020-09-30": "6.36%", "2020-06-30": "6.58%", "2020-03-31": "6.58%", "2019-12-31": "7.81%", "2019-09-30": "7.31%", "2019-06-30": "7.08%", "2019-03-31": "7.08%", "2018-12-31": "5.98%", "2018-09-30": "4.91%", "2018-06-30": "4.40%", "2018-03-31": "4.09%", "2017-12-31": "3.86%", "2017-09-30": "4.54%", "2017-06-30": "4.41%", "2017-03-31": "4.19%", "2016-12-31": "4.52%", "2016-09-30": "7.68%", "2016-06-30": "8.69%", "2016-03-31": "8.58%", "2015-12-31": "7.53%", "2015-06-30": "3.41%", "2015-03-31": "-9.22%", "2014-07-31": "-9.42%", "2014-04-30": "1.15%", "2013-10-31": "1.90%", "2013-07-31": "3.44%", "2013-04-30": "5.08%", "2013-01-31": "5.79%", "2012-10-31": "3.06%", "2012-07-31": "1.53%", "2012-04-30": "1.67%", "2012-01-31": "1.91%", "2011-10-31": "4.93%", "2011-07-31": "7.58%", "2011-04-30": "8.11%", "2011-01-31": "7.98%", "2010-07-31": "8.07%", "2010-04-30": "7.46%", "2009-07-31": "7.04%", "2009-04-30": "6.89%", "2008-07-31": "7.26%", "2008-04-30": "7.35%", "2007-07-31": "6.95%", "2007-04-30": "7.23%", "2006-07-31": "7.00%"}, "net profit margin": {"2020-09-30": "5.10%", "2020-06-30": "5.26%", "2020-03-31": "5.20%", "2019-12-31": "6.01%", "2019-09-30": "6.25%", "2019-06-30": "6.27%", "2019-03-31": "6.47%", "2018-12-31": "5.70%", "2018-09-30": "5.04%", "2018-06-30": "4.42%", "2018-03-31": "3.95%", "2017-12-31": "3.60%", "2017-09-30": "3.04%", "2017-06-30": "3.34%", "2017-03-31": "3.16%", "2016-12-31": "3.46%", "2016-09-30": "5.58%", "2016-06-30": "5.36%", "2016-03-31": "5.32%", "2015-12-31": "5.14%", "2015-06-30": "2.96%", "2015-03-31": "-9.48%", "2014-07-31": "-10.02%", "2014-04-30": "1.82%", "2013-10-31": "4.93%", "2013-07-31": "6.52%", "2013-04-30": "6.21%", "2013-01-31": "5.81%", "2012-10-31": "1.76%", "2012-07-31": "-0.26%", "2012-04-30": "0.33%", "2012-01-31": "0.46%", "2011-10-31": "3.15%", "2011-07-31": "5.50%", "2011-04-30": "5.60%", "2011-01-31": "5.61%", "2010-07-31": "5.53%", "2010-04-30": "4.70%", "2009-07-31": "4.47%", "2009-04-30": "4.40%", "2008-07-31": "4.35%", "2008-04-30": "4.88%", "2007-07-31": "4.89%", "2007-04-30": "4.62%", "2006-07-31": "5.02%"}, "pe ratio": {"current": "18.66", "2021-02-05": "25.12", "2020-09-30": "20.91", "2020-06-30": "21.99", "2020-03-31": "22.12", "2019-12-31": "21.02", "2019-09-30": "18.42", "2019-06-30": "17.63", "2019-03-31": "14.06", "2018-12-31": "13.41", "2018-09-30": "20.20", "2018-06-30": "19.73", "2018-03-31": "24.29", "2017-12-31": "25.78", "2017-09-30": "27.58", "2017-06-30": "21.13", "2017-03-31": "21.63", "2016-12-31": "19.80", "2016-09-30": "10.72", "2016-06-30": "9.00", "2016-03-31": "9.53", "2015-12-31": "10.92", "2015-09-30": "15.83", "2015-06-30": "25.14", "2015-03-31": "49.52", "2015-01-31": "0.00", "2014-10-31": "0.00", "2014-07-31": "0.00", "2014-04-30": "0.00", "2014-01-31": "0.00", "2013-10-31": "0.00", "2013-07-31": "0.00", "2013-04-30": "0.00", "2013-01-31": "0.00", "2012-10-31": "0.00", "2012-07-31": "0.00", "2012-04-30": "0.00", "2012-01-31": "0.00", "2011-10-31": "0.00", "2011-07-31": "0.00", "2011-04-30": "0.00", "2011-01-31": "0.00", "2010-10-31": "0.00", "2010-07-31": "0.00", "2010-04-30": "0.00", "2010-01-31": "0.00", "2009-10-31": "0.00", "2009-07-31": "0.00", "2009-04-30": "0.00", "2009-01-31": "0.00", "2008-10-31": "0.00", "2008-07-31": "0.00", "2008-04-30": "0.00", "2008-01-31": "0.00", "2007-10-31": "0.00", "2007-07-31": "0.00"}, "price sales": {"2021-02-05": "1.28", "2020-09-30": "1.07", "2020-06-30": "1.16", "2020-03-31": "1.15", "2019-12-31": "1.27", "2019-09-30": "1.15", "2019-06-30": "1.11", "2019-03-31": "0.92", "2018-12-31": "0.77", "2018-09-30": "1.02", "2018-06-30": "0.87", "2018-03-31": "0.96", "2017-12-31": "0.93", "2017-09-30": "0.75", "2017-06-30": "0.65", "2017-03-31": "0.63", "2016-12-31": "0.62", "2016-09-30": "0.63", "2016-06-30": "0.50", "2016-03-31": "0.52", "2015-12-31": "0.59", "2015-09-30": "0.53", "2015-06-30": "0.52", "2015-03-31": "0.53", "2015-01-31": "0.52", "2014-10-31": "0.46", "2014-07-31": "0.46", "2014-04-30": "0.46", "2014-01-31": "0.53", "2013-10-31": "0.41", "2013-07-31": "0.50", "2013-04-30": "0.37", "2013-01-31": "0.26", "2012-10-31": "0.21", "2012-07-31": "0.20", "2012-04-30": "0.21", "2012-01-31": "0.22", "2011-10-31": "0.21", "2011-07-31": "0.28", "2011-04-30": "0.31", "2011-01-31": "0.30", "2010-10-31": "0.38", "2010-07-31": "0.41", "2010-04-30": "0.44", "2010-01-31": "0.47", "2009-10-31": "0.46", "2009-07-31": "0.48", "2009-04-30": "0.50", "2009-01-31": "0.57", "2008-10-31": "0.53", "2008-07-31": "0.57", "2008-04-30": "0.61", "2008-01-31": "0.64", "2007-10-31": "0.67", "2007-07-31": "0.56"}, "price book": {"current": "4.09", "2021-02-05": "4.08", "2020-09-30": "3.40", "2020-06-30": "3.72", "2020-03-31": "3.83", "2019-12-31": "3.98", "2019-09-30": "3.66", "2019-06-30": "3.35", "2019-03-31": "2.73", "2018-12-31": "2.25", "2018-09-30": "2.89", "2018-06-30": "2.48", "2018-03-31": "2.76", "2017-12-31": "2.74", "2017-09-30": "2.56", "2017-06-30": "2.26", "2017-03-31": "2.26", "2016-12-31": "2.27", "2016-09-30": "1.92", "2016-06-30": "2.10", "2016-03-31": "2.21", "2015-12-31": "2.53", "2015-09-30": "2.06", "2015-06-30": "2.07", "2015-03-31": "2.02", "2015-01-31": "0.00", "2014-10-31": "1.79", "2014-07-31": "1.82", "2014-04-30": "1.26", "2014-01-31": "1.43", "2013-10-31": "1.34", "2013-07-31": "1.38", "2013-04-30": "1.27", "2013-01-31": "0.00", "2012-10-31": "0.86", "2012-07-31": "0.93", "2012-04-30": "1.01", "2012-01-31": "0.00", "2011-10-31": "0.98", "2011-07-31": "1.22", "2011-04-30": "1.38", "2011-01-31": "1.30", "2010-10-31": "1.25", "2010-07-31": "1.46", "2010-04-30": "1.61", "2010-01-31": "0.00", "2009-10-31": "0.90", "2009-07-31": "0.94", "2009-04-30": "0.99", "2009-01-31": "0.00", "2008-10-31": "1.02", "2008-07-31": "1.07", "2008-04-30": "1.04", "2008-01-31": "0.00", "2007-10-31": "0.92", "2007-07-31": "0.66", "2007-04-30": "0.65", "2007-01-31": "0.00", "2006-10-31": "0.65"}, "price fcf": {"2021-02-05": "", "2020-09-30": "$8.39", "2020-06-30": "$7.97", "2020-03-31": "$6.54", "2019-12-31": "$6.67", "2019-09-30": "$7.69", "2019-06-30": "$6.41", "2019-03-31": "$6.91", "2018-12-31": "$4.54", "2018-09-30": "$4.81", "2018-06-30": "$4.15", "2018-03-31": "$3.50", "2017-12-31": "$2.94", "2017-09-30": "$3.46", "2017-06-30": "$3.85", "2017-03-31": "$3.76", "2016-12-31": "$4.07", "2016-09-30": "$3.73", "2016-06-30": "$5.39", "2016-03-31": "$6.49", "2015-12-31": "$6.09", "2015-09-30": "$5.10", "2015-06-30": "$3.80", "2015-03-31": "$3.27", "2015-01-31": "$1.18", "2014-10-31": "$3.62", "2014-07-31": "$1.84", "2014-04-30": "$2.27", "2014-01-31": "$3.83", "2013-10-31": "$1.38", "2013-07-31": "$0.89", "2013-04-30": "$1.17", "2013-01-31": "$-2.17", "2012-10-31": "$-2.17", "2012-07-31": "$2.76", "2012-04-30": "$1.75", "2012-01-31": "$0.99", "2011-10-31": "$8.06", "2011-07-31": "$6.52", "2011-04-30": "$6.45", "2011-01-31": "$12.82", "2010-10-31": "$5.74", "2010-07-31": "$4.66", "2010-04-30": "$4.52", "2010-01-31": "$4.91", "2009-10-31": "$4.91", "2009-07-31": "$4.19", "2009-04-30": "$5.37", "2009-01-31": "$3.87", "2008-10-31": "$3.87", "2008-07-31": "$2.96", "2008-04-30": "$3.15", "2008-01-31": "$1.78", "2007-10-31": "$1.78", "2007-07-31": "$5.96"}, "net worth": {"value": "$15.19B"}, "current ratio": {"current": "0.94", "2020-09-30": "0.94", "2020-06-30": "0.89", "2020-03-31": "0.67", "2019-12-31": "1.21", "2019-09-30": "1.16", "2019-06-30": "1.30", "2019-03-31": "1.23", "2018-12-31": "1.38", "2018-09-30": "1.38", "2018-06-30": "1.31", "2018-03-31": "1.25", "2017-12-31": "1.21", "2017-09-30": "1.27", "2017-06-30": "1.27", "2017-03-31": "1.21", "2016-12-31": "1.18", "2016-09-30": "1.29", "2016-06-30": "1.84", "2016-03-31": "1.79", "2015-12-31": "1.72", "2015-09-30": "1.66", "2015-06-30": "1.70", "2015-03-31": "1.67", "2015-01-31": "1.70", "2014-10-31": "1.67", "2014-07-31": "1.73", "2014-04-30": "1.57", "2014-01-31": "1.79", "2013-10-31": "1.84", "2013-07-31": "1.69", "2013-04-30": "1.50", "2013-01-31": "2.02", "2012-10-31": "1.56", "2012-07-31": "1.78", "2012-04-30": "1.51", "2012-01-31": "1.40", "2011-10-31": "1.48", "2011-07-31": "1.68", "2011-04-30": "2.13", "2011-01-31": "2.21", "2010-10-31": "1.76", "2010-07-31": "1.83", "2010-04-30": "1.74", "2010-01-31": "1.87", "2009-10-31": "1.86", "2009-07-31": "1.96", "2009-04-30": "1.85", "2009-01-31": "1.91", "2008-10-31": "1.70", "2008-07-31": "1.65", "2008-04-30": "1.71", "2008-01-31": "1.74", "2007-10-31": "1.72", "2007-07-31": "1.89", "2007-04-30": "1.90", "2007-01-31": "1.79", "2006-10-31": "1.36", "2006-07-31": "0.00", "2006-04-30": "0.00", "2006-01-31": "2.95", "2005-10-31": "0.00"}, "quick ratio": {"2020-09-30": "0.86", "2020-06-30": "0.80", "2020-03-31": "0.00", "2019-12-31": "1.17", "2019-09-30": "0.00", "2019-06-30": "0.00", "2019-03-31": "0.00", "2018-12-31": "0.00", "2018-09-30": "1.16", "2018-06-30": "1.08", "2018-03-31": "1.01", "2017-12-31": "0.00", "2017-09-30": "1.03", "2017-06-30": "1.10", "2017-03-31": "1.03", "2016-12-31": "1.01", "2016-09-30": "1.07", "2016-06-30": "1.61", "2016-03-31": "1.57", "2015-12-31": "1.52", "2015-09-30": "1.42", "2015-06-30": "1.40", "2015-03-31": "1.37", "2015-01-31": "1.41", "2014-10-31": "1.45", "2014-07-31": "1.49", "2014-04-30": "1.29", "2014-01-31": "1.54", "2013-10-31": "1.60", "2013-07-31": "1.48", "2013-04-30": "1.30", "2013-01-31": "1.83", "2012-10-31": "1.28", "2012-07-31": "1.54", "2012-04-30": "1.33", "2012-01-31": "1.25", "2011-10-31": "1.37", "2011-07-31": "1.54", "2011-04-30": "1.93", "2011-01-31": "1.99", "2010-10-31": "1.58", "2010-07-31": "1.63", "2010-04-30": "1.56", "2010-01-31": "1.70", "2009-10-31": "1.71", "2009-07-31": "1.76", "2009-04-30": "1.65", "2009-01-31": "1.68", "2008-10-31": "1.54", "2008-07-31": "1.48", "2008-04-30": "1.53", "2008-01-31": "1.60", "2007-10-31": "1.60", "2007-07-31": "1.74", "2007-04-30": "1.78", "2007-01-31": "1.68", "2006-10-31": "1.32", "2006-07-31": "0.00", "2006-04-30": "0.00", "2006-01-31": "2.83", "2005-10-31": "0.00"}, "debt equity ratio": {"current": "1.11", "2020-09-30": "2.31", "2020-06-30": "2.42", "2020-03-31": "2.27", "2019-12-31": "1.74", "2019-09-30": "1.90", "2019-06-30": "1.77", "2019-03-31": "1.84", "2018-12-31": "1.65", "2018-09-30": "1.58", "2018-06-30": "1.57", "2018-03-31": "1.60", "2017-12-31": "1.66", "2017-09-30": "1.70", "2017-06-30": "1.74", "2017-03-31": "1.87", "2016-12-31": "1.90", "2016-09-30": "2.06", "2016-06-30": "2.03", "2016-03-31": "2.08", "2015-12-31": "2.16", "2015-09-30": "2.46", "2015-06-30": "2.49", "2015-03-31": "2.31", "2015-01-31": "2.29", "2014-10-31": "2.48", "2014-07-31": "2.64", "2014-04-30": "1.83", "2014-01-31": "1.61", "2013-10-31": "1.46", "2013-07-31": "1.35", "2013-04-30": "1.51", "2013-01-31": "1.24", "2012-10-31": "1.39", "2012-07-31": "1.37", "2012-04-30": "1.75", "2012-01-31": "2.06", "2011-10-31": "1.78", "2011-07-31": "1.52", "2011-04-30": "1.58", "2011-01-31": "1.50", "2010-10-31": "1.23", "2010-07-31": "1.27", "2010-04-30": "1.35", "2010-01-31": "1.31", "2009-10-31": "1.37", "2009-07-31": "1.37", "2009-04-30": "1.51", "2009-01-31": "1.42", "2008-10-31": "1.57", "2008-07-31": "1.65", "2008-04-30": "1.63", "2008-01-31": "1.67", "2007-10-31": "1.70", "2007-07-31": "1.65", "2007-04-30": "1.75", "2007-01-31": "1.97", "2006-10-31": "3.67", "2006-07-31": "0.00", "2006-04-30": "0.00", "2006-01-31": "1.02", "2005-10-31": "0.00"}, "return on equity": {"2020-09-30": "17.44%", "2020-06-30": "17.98%", "2020-03-31": "17.72%", "2019-12-31": "20.02%", "2019-09-30": "20.39%", "2019-06-30": "19.66%", "2019-03-31": "19.82%", "2018-12-31": "17.06%", "2018-09-30": "14.81%", "2018-06-30": "13.06%", "2018-03-31": "11.85%", "2017-12-31": "11.16%", "2017-09-30": "9.66%", "2017-06-30": "10.07%", "2017-03-31": "9.93%", "2016-12-31": "11.48%", "2016-09-30": "18.68%", "2016-06-30": "24.29%", "2016-03-31": "25.13%", "2015-12-31": "24.56%", "2015-06-30": "11.51%", "2015-03-31": "-36.94%", "2014-07-31": "-27.67%", "2014-04-30": "4.21%", "2013-10-31": "13.03%", "2013-07-31": "16.91%", "2013-04-30": "19.60%", "2013-01-31": "21.20%", "2012-10-31": "7.39%", "2012-07-31": "-1.23%", "2012-04-30": "1.52%", "2012-01-31": "2.06%", "2011-10-31": "14.12%", "2011-07-31": "24.34%", "2011-04-30": "25.49%", "2011-01-31": "25.91%", "2010-07-31": "19.87%", "2010-04-30": "17.15%", "2009-07-31": "17.46%", "2009-04-30": "17.51%", "2008-07-31": "17.42%", "2008-04-30": "18.87%", "2007-07-31": "19.60%", "2007-04-30": "20.12%", "2006-07-31": "20.66%"}, "return on assets": {"2020-09-30": "5.47%", "2020-06-30": "5.82%", "2020-03-31": "6.07%", "2019-12-31": "7.12%", "2019-09-30": "7.31%", "2019-06-30": "7.26%", "2019-03-31": "7.46%", "2018-12-31": "6.57%", "2018-09-30": "5.70%", "2018-06-30": "4.97%", "2018-03-31": "4.44%", "2017-12-31": "4.07%", "2017-09-30": "3.45%", "2017-06-30": "3.48%", "2017-03-31": "3.37%", "2016-12-31": "3.83%", "2016-09-30": "6.08%", "2016-06-30": "7.66%", "2016-03-31": "7.65%", "2015-12-31": "7.34%", "2015-06-30": "3.39%", "2015-03-31": "-10.78%", "2014-07-31": "-9.95%", "2014-04-30": "1.66%", "2013-10-31": "5.46%", "2013-07-31": "7.13%", "2013-04-30": "8.26%", "2013-01-31": "8.73%", "2012-10-31": "2.81%", "2012-07-31": "-0.45%", "2012-04-30": "0.55%", "2012-01-31": "0.76%", "2011-10-31": "5.44%", "2011-07-31": "9.91%", "2011-04-30": "10.64%", "2011-01-31": "11.08%", "2010-07-31": "8.54%", "2010-04-30": "7.30%", "2009-07-31": "7.08%", "2009-04-30": "6.91%", "2008-07-31": "6.55%", "2008-04-30": "7.10%", "2007-07-31": "6.10%", "2007-04-30": "6.73%", "2006-07-31": "13.86%"}, "return on investments": {"2020-09-30": "13.87%", "2020-06-30": "14.61%", "2020-03-31": "14.80%", "2019-12-31": "14.53%", "2019-09-30": "13.35%", "2019-06-30": "12.50%", "2019-03-31": "12.28%", "2018-12-31": "11.68%", "2018-09-30": "10.29%", "2018-06-30": "9.52%", "2018-03-31": "9.01%", "2017-12-31": "8.75%", "2017-09-30": "9.57%", "2017-06-30": "8.72%", "2017-03-31": "8.72%", "2016-12-31": "9.62%", "2016-09-30": "11.87%", "2016-06-30": "17.66%", "2016-03-31": "17.50%", "2015-12-31": "15.16%", "2015-06-30": "8.12%", "2015-03-31": "-13.63%", "2014-07-31": "-11.76%", "2014-04-30": "2.93%", "2013-10-31": "46.13%", "2013-07-31": "47.27%", "2013-04-30": "52.14%", "2013-01-31": "55.81%", "2012-10-31": "82.15%", "2012-07-31": "79.53%", "2012-04-30": "79.72%", "2012-01-31": "76.71%", "2011-10-31": "15.97%", "2011-07-31": "22.86%", "2011-04-30": "24.98%", "2011-01-31": "25.91%", "2010-07-31": "21.12%", "2010-04-30": "19.78%", "2009-07-31": "19.96%", "2009-04-30": "19.48%", "2008-07-31": "18.91%", "2008-04-30": "18.51%", "2007-07-31": "16.52%", "2007-04-30": "21.19%", "2006-07-31": "39.91%"}, "return on tangible equity": {"2020-09-30": "-18.70%", "2020-06-30": "-21.17%", "2020-03-31": "-24.67%", "2019-12-31": "-31.42%", "2019-09-30": "-31.10%", "2019-06-30": "-30.75%", "2019-03-31": "-30.60%", "2018-12-31": "-26.13%", "2018-09-30": "-22.19%", "2018-06-30": "-18.40%", "2018-03-31": "-15.72%", "2017-12-31": "-13.71%", "2017-09-30": "-11.01%", "2017-06-30": "-10.59%", "2017-03-31": "-11.07%", "2016-12-31": "-14.60%", "2016-09-30": "-31.71%", "2016-06-30": "-152.66%", "2016-03-31": "-113.90%", "2015-12-31": "-96.32%", "2015-06-30": "-41.56%", "2015-03-31": "136.08%", "2014-07-31": "200.00%", "2014-04-30": "-63.73%", "2013-10-31": "154.20%", "2013-07-31": "222.16%", "2013-04-30": "174.25%", "2013-01-31": "143.48%", "2012-10-31": "75.83%", "2012-07-31": "-9.58%", "2012-04-30": "10.41%", "2012-01-31": "11.95%", "2011-10-31": "67.39%", "2011-07-31": "104.29%", "2011-04-30": "105.35%", "2011-01-31": "105.69%", "2010-07-31": "66.47%", "2010-04-30": "52.34%", "2009-07-31": "49.91%", "2009-04-30": "55.00%", "2008-07-31": "56.16%", "2008-04-30": "54.81%", "2007-07-31": "53.12%", "2007-04-30": "42.29%", "2006-07-31": "23.58%"}, "dividend yield history": {"last payout": "$1.36", "last yield": "1.27%"}}