{"ticker": "LEN", "price": {"title": "Lennar Historical Annual Stock Price Data", "value": 94.56, "historical": {"2021": {"Average Stock Price": "82.6393", "Year Open": "74.2700", "Year High": "95.2200", "Year Low": "73.2900", "Year Close": "94.5600", "Annual % Change": "24.05%"}, "2020": {"Average Stock Price": "65.5998", "Year Open": "55.8100", "Year High": "84.6800", "Year Low": "29.3500", "Year Close": "76.2300", "Annual % Change": "36.64%"}, "2019": {"Average Stock Price": "51.9437", "Year Open": "39.9600", "Year High": "61.9700", "Year Low": "39.5500", "Year Close": "55.7900", "Annual % Change": "42.50%"}, "2018": {"Average Stock Price": "52.5603", "Year Open": "64.8400", "Year High": "71.8200", "Year Low": "38.0600", "Year Close": "39.1500", "Annual % Change": "-38.09%"}, "2017": {"Average Stock Price": "52.7303", "Year Open": "42.9200", "Year High": "64.0000", "Year Low": "42.9200", "Year Close": "63.2400", "Annual % Change": "47.31%"}, "2016": {"Average Stock Price": "44.5510", "Year Open": "46.7100", "Year High": "49.1600", "Year Low": "37.8000", "Year Close": "42.9300", "Annual % Change": "-12.23%"}, "2015": {"Average Stock Price": "49.4717", "Year Open": "44.2900", "Year High": "55.5900", "Year Low": "42.3300", "Year Close": "48.9100", "Annual % Change": "9.15%"}, "2014": {"Average Stock Price": "40.6279", "Year Open": "39.4200", "Year High": "47.5100", "Year Low": "35.9300", "Year Close": "44.8100", "Annual % Change": "13.27%"}, "2013": {"Average Stock Price": "37.5012", "Year Open": "39.8800", "Year High": "43.8800", "Year Low": "31.5300", "Year Close": "39.5600", "Annual % Change": "2.30%"}, "2012": {"Average Stock Price": "30.0605", "Year Open": "19.8900", "Year High": "39.7100", "Year Low": "19.8900", "Year Close": "38.6700", "Annual % Change": "96.79%"}, "2011": {"Average Stock Price": "17.6556", "Year Open": "19.0500", "Year High": "21.3800", "Year Low": "12.7100", "Year Close": "19.6500", "Annual % Change": "4.80%"}, "2010": {"Average Stock Price": "15.9764", "Year Open": "13.0100", "Year High": "20.7100", "Year Low": "12.7200", "Year Close": "18.7500", "Annual % Change": "46.83%"}, "2009": {"Average Stock Price": "10.8549", "Year Open": "9.1800", "Year High": "17.3800", "Year Low": "5.8700", "Year Close": "12.7700", "Annual % Change": "47.29%"}, "2008": {"Average Stock Price": "13.8994", "Year Open": "17.2000", "Year High": "21.8100", "Year Low": "3.6400", "Year Close": "8.6700", "Annual % Change": "-51.54%"}, "2007": {"Average Stock Price": "35.5459", "Year Open": "50.6300", "Year High": "56.1100", "Year Low": "14.4900", "Year Close": "17.8900", "Annual % Change": "-65.90%"}, "2006": {"Average Stock Price": "51.1488", "Year Open": "62.7700", "Year High": "65.9500", "Year Low": "40.0700", "Year Close": "52.4600", "Annual % Change": "-14.03%"}, "2005": {"Average Stock Price": "58.5298", "Year Open": "56.0000", "Year High": "68.2700", "Year Low": "50.6200", "Year Close": "61.0200", "Annual % Change": "7.66%"}, "2004": {"Average Stock Price": "46.6632", "Year Open": "46.8950", "Year High": "56.6800", "Year Low": "40.9900", "Year Close": "56.6800", "Annual % Change": "18.08%"}, "2003": {"Average Stock Price": "34.8802", "Year Open": "26.9400", "Year High": "50.7500", "Year Low": "24.3750", "Year Close": "48.0000", "Annual % Change": "86.05%"}, "2002": {"Average Stock Price": "26.8951", "Year Open": "23.1750", "Year High": "31.6500", "Year Low": "22.1100", "Year Close": "25.8000", "Annual % Change": "10.21%"}, "2001": {"Average Stock Price": "19.7873", "Year Open": "17.5650", "Year High": "24.7850", "Year Low": "16.4850", "Year Close": "23.4100", "Annual % Change": "29.16%"}, "2000": {"Average Stock Price": "11.8378", "Year Open": "7.9700", "Year High": "19.6550", "Year Low": "7.8150", "Year Close": "18.1250", "Annual % Change": "123.08%"}, "1999": {"Average Stock Price": "10.3407", "Year Open": "12.6900", "Year High": "13.7800", "Year Low": "6.6550", "Year Close": "8.1250", "Annual % Change": "-35.64%"}, "1998": {"Average Stock Price": "13.0107", "Year Open": "10.7500", "Year High": "18.0000", "Year Low": "7.6900", "Year Close": "12.6250", "Annual % Change": "17.12%"}, "1997": {"Average Stock Price": "14.8206", "Year Open": "13.0650", "Year High": "22.3150", "Year Low": "8.3150", "Year Close": "10.7800", "Annual % Change": "-20.88%"}, "1996": {"Average Stock Price": "12.1519", "Year Open": "12.8750", "Year High": "13.6250", "Year Low": "10.8125", "Year Close": "13.6250", "Annual % Change": "8.44%"}, "1995": {"Average Stock Price": "9.7101", "Year Open": "8.0000", "Year High": "12.7500", "Year Low": "7.6900", "Year Close": "12.5650", "Annual % Change": "62.13%"}, "1994": {"Average Stock Price": "9.6973", "Year Open": "11.2500", "Year High": "12.4167", "Year Low": "7.2500", "Year Close": "7.7500", "Annual % Change": "-31.86%"}, "1993": {"Average Stock Price": "10.4009", "Year Open": "9.2500", "Year High": "11.9567", "Year Low": "9.0433", "Year Close": "11.3733", "Annual % Change": "20.78%"}, "1992": {"Average Stock Price": "8.3320", "Year Open": "6.0000", "Year High": "10.1667", "Year Low": "5.9800", "Year Close": "9.4167", "Annual % Change": "54.80%"}, "1991": {"Average Stock Price": "3.9641", "Year Open": "2.7500", "Year High": "6.1667", "Year Low": "2.5633", "Year Close": "6.0833", "Annual % Change": "117.91%"}, "1990": {"Average Stock Price": "2.6949", "Year Open": "3.2917", "Year High": "3.3750", "Year Low": "1.5833", "Year Close": "2.7917", "Annual % Change": "-14.10%"}, "1989": {"Average Stock Price": "3.5558", "Year Open": "2.9583", "Year High": "3.9367", "Year Low": "2.9583", "Year Close": "3.2500", "Annual % Change": "10.67%"}, "1988": {"Average Stock Price": "3.0583", "Year Open": "2.7917", "Year High": "3.5833", "Year Low": "2.5633", "Year Close": "2.9367", "Annual % Change": "6.02%"}}}, "market cap": {"value": "$29.08B"}, "income statement": {"Revenue": {"2020-11-30": "22488.85000", "2019-11-30": "22259.56000", "2018-11-30": "20571.63000", "2017-11-30": "12646.37000", "2016-11-30": "10950.00000", "2015-11-30": "9474.00800", "2014-11-30": "7779.81200", "2013-11-30": "5935.09500", "2012-11-30": "4105.13200", "2011-11-30": "3095.38500", "2010-11-30": "3074.02200", "2009-11-30": "3119.38700", "2008-11-30": "4575.41700", "2007-11-30": "10186.78000", "2006-11-30": "16266.66000", "2005-11-30": "13866.97000"}, "Cost Of Goods Sold": {"2020-11-30": "19014.75000", "2019-11-30": "19457.27000", "2018-11-30": "18237.45000", "2017-11-30": "11021.48000", "2016-11-30": "9455.07300", "2015-11-30": "8171.74800", "2014-11-30": "6680.61300", "2013-11-30": "5103.19900", "2012-11-30": "3661.49800", "2011-11-30": "2896.65600", "2010-11-30": "2855.72900", "2009-11-30": "3462.03400", "2008-11-30": "4885.25000", "2007-11-30": "12639.49000", "2006-11-30": "15171.38000", "2005-11-30": "11672.85000"}, "Gross Profit": {"2020-11-30": "3474.10700", "2019-11-30": "2802.29500", "2018-11-30": "2334.18400", "2017-11-30": "1624.88400", "2016-11-30": "1494.92600", "2015-11-30": "1302.26000", "2014-11-30": "1099.19900", "2013-11-30": "831.89650", "2012-11-30": "443.63400", "2011-11-30": "198.72900", "2010-11-30": "218.29300", "2009-11-30": "-342.64720", "2008-11-30": "-309.83300", "2007-11-30": "-2452.70500", "2006-11-30": "1095.27800", "2005-11-30": "2194.12200"}, "Research And Development Expenses": {"2020-11-30": "", "2019-11-30": "", "2018-11-30": "", "2017-11-30": "", "2016-11-30": "", "2015-11-30": "", "2014-11-30": "", "2013-11-30": "", "2012-11-30": "", "2011-11-30": "", "2010-11-30": "", "2009-11-30": "", "2008-11-30": "", "2007-11-30": "", "2006-11-30": "", "2005-11-30": ""}, "SG&A Expenses": {"2020-11-30": "358.41800", "2019-11-30": "341.11400", "2018-11-30": "343.93400", "2017-11-30": "285.88900", "2016-11-30": "232.56200", "2015-11-30": "216.24400", "2014-11-30": "177.16100", "2013-11-30": "146.06000", "2012-11-30": "127.33800", "2011-11-30": "95.25600", "2010-11-30": "93.92600", "2009-11-30": "117.56500", "2008-11-30": "129.75200", "2007-11-30": "173.20200", "2006-11-30": "193.30700", "2005-11-30": "187.25700"}, "Other Operating Income Or Expenses": {"2020-11-30": "", "2019-11-30": "", "2018-11-30": "-152.98000", "2017-11-30": "", "2016-11-30": "", "2015-11-30": "", "2014-11-30": "", "2013-11-30": "", "2012-11-30": "", "2011-11-30": "", "2010-11-30": "", "2009-11-30": "", "2008-11-30": "", "2007-11-30": "", "2006-11-30": "", "2005-11-30": ""}, "Operating Expenses": {"2020-11-30": "19373.16000", "2019-11-30": "19798.38000", "2018-11-30": "18734.36000", "2017-11-30": "11307.37000", "2016-11-30": "9687.63500", "2015-11-30": "8387.99100", "2014-11-30": "6857.77400", "2013-11-30": "5249.25900", "2012-11-30": "3788.83600", "2011-11-30": "2991.91200", "2010-11-30": "2949.65500", "2009-11-30": "3579.59900", "2008-11-30": "5015.00200", "2007-11-30": "12812.69000", "2006-11-30": "15364.69000", "2005-11-30": "11860.10000"}, "Operating Income": {"2020-11-30": "3115.68900", "2019-11-30": "2461.18200", "2018-11-30": "1837.27000", "2017-11-30": "1338.99500", "2016-11-30": "1262.36400", "2015-11-30": "1086.01700", "2014-11-30": "922.03810", "2013-11-30": "685.83640", "2012-11-30": "316.29610", "2011-11-30": "103.47290", "2010-11-30": "124.36690", "2009-11-30": "-460.21220", "2008-11-30": "-439.58500", "2007-11-30": "-2625.90700", "2006-11-30": "901.97170", "2005-11-30": "2006.86500"}, "Total Non-Operating Income/Expense": {"2020-11-30": "8.09800", "2019-11-30": "-26.88900", "2018-11-30": "425.41300", "2017-11-30": "-149.38400", "2016-11-30": "68.10600", "2015-11-30": "123.60000", "2014-11-30": "47.74600", "2013-11-30": "-3.89500", "2012-11-30": "-94.18200", "2011-11-30": "-5.49900", "2010-11-30": "-29.64200", "2009-11-30": "-300.19200", "2008-11-30": "-126.04000", "2007-11-30": "-455.17400", "2006-11-30": "40.67800", "2005-11-30": "152.82800"}, "Pre-Tax Income": {"2020-11-30": "3123.78800", "2019-11-30": "2434.29200", "2018-11-30": "2262.68400", "2017-11-30": "1189.61100", "2016-11-30": "1330.46900", "2015-11-30": "1209.61600", "2014-11-30": "969.78400", "2013-11-30": "681.94100", "2012-11-30": "222.11400", "2011-11-30": "97.97400", "2010-11-30": "94.72500", "2009-11-30": "-760.40400", "2008-11-30": "-565.62500", "2007-11-30": "-3081.08100", "2006-11-30": "942.64900", "2005-11-30": "2159.69400"}, "Income Taxes": {"2020-11-30": "656.23500", "2019-11-30": "592.17300", "2018-11-30": "545.17100", "2017-11-30": "417.85700", "2016-11-30": "417.37800", "2015-11-30": "390.41600", "2014-11-30": "341.09100", "2013-11-30": "177.01500", "2012-11-30": "-435.21800", "2011-11-30": "-14.57000", "2010-11-30": "-25.73400", "2009-11-30": "-314.34500", "2008-11-30": "547.55700", "2007-11-30": "-1140.00000", "2006-11-30": "348.78000", "2005-11-30": "815.28400"}, "Income After Taxes": {"2020-11-30": "2467.55300", "2019-11-30": "1842.11900", "2018-11-30": "1717.51300", "2017-11-30": "771.75400", "2016-11-30": "913.09100", "2015-11-30": "819.20000", "2014-11-30": "628.69300", "2013-11-30": "504.92600", "2012-11-30": "657.33200", "2011-11-30": "112.54400", "2010-11-30": "120.45900", "2009-11-30": "-446.05900", "2008-11-30": "-1113.18200", "2007-11-30": "-1941.08100", "2006-11-30": "593.86900", "2005-11-30": "1344.41000"}, "Other Income": {"2020-11-30": "", "2019-11-30": "", "2018-11-30": "", "2017-11-30": "", "2016-11-30": "", "2015-11-30": "", "2014-11-30": "", "2013-11-30": "", "2012-11-30": "", "2011-11-30": "", "2010-11-30": "", "2009-11-30": "", "2008-11-30": "", "2007-11-30": "", "2006-11-30": "", "2005-11-30": ""}, "Income From Continuous Operations": {"2020-11-30": "2467.55300", "2019-11-30": "1842.11900", "2018-11-30": "1717.51300", "2017-11-30": "771.75400", "2016-11-30": "913.09100", "2015-11-30": "819.20000", "2014-11-30": "628.69300", "2013-11-30": "504.92600", "2012-11-30": "657.33200", "2011-11-30": "112.54400", "2010-11-30": "120.45900", "2009-11-30": "-446.05900", "2008-11-30": "-1113.18200", "2007-11-30": "-1941.08100", "2006-11-30": "593.86900", "2005-11-30": "1344.41000"}, "Income From Discontinued Operations": {"2020-11-30": "", "2019-11-30": "", "2018-11-30": "", "2017-11-30": "", "2016-11-30": "", "2015-11-30": "", "2014-11-30": "", "2013-11-30": "", "2012-11-30": "", "2011-11-30": "", "2010-11-30": "", "2009-11-30": "", "2008-11-30": "", "2007-11-30": "", "2006-11-30": "", "2005-11-30": "10.74500"}, "Net Income": {"2020-11-30": "2436.64700", "2019-11-30": "1832.91000", "2018-11-30": "1680.96400", "2017-11-30": "802.65600", "2016-11-30": "902.65500", "2015-11-30": "794.16200", "2014-11-30": "631.12300", "2013-11-30": "472.86000", "2012-11-30": "668.19600", "2011-11-30": "91.00300", "2010-11-30": "94.21600", "2009-11-30": "-417.14700", "2008-11-30": "-1109.08500", "2007-11-30": "-1941.08100", "2006-11-30": "593.86900", "2005-11-30": "1355.15500"}, "EBITDA": {"2020-11-30": "3185.46800", "2019-11-30": "2527.17200", "2018-11-30": "1904.90600", "2017-11-30": "1416.63100", "2016-11-30": "1327.20200", "2015-11-30": "1149.55700", "2014-11-30": "981.96710", "2013-11-30": "739.68240", "2012-11-30": "365.82710", "2011-11-30": "145.61390", "2010-11-30": "144.44690", "2009-11-30": "-438.57120", "2008-11-30": "-404.52400", "2007-11-30": "-2569.14300", "2006-11-30": "951.98270", "2005-11-30": "2079.50700"}, "EBIT": {"2020-11-30": "3115.68900", "2019-11-30": "2461.18200", "2018-11-30": "1837.27000", "2017-11-30": "1338.99500", "2016-11-30": "1262.36400", "2015-11-30": "1086.01700", "2014-11-30": "922.03810", "2013-11-30": "685.83640", "2012-11-30": "316.29610", "2011-11-30": "103.47290", "2010-11-30": "124.36690", "2009-11-30": "-460.21220", "2008-11-30": "-439.58500", "2007-11-30": "-2625.90700", "2006-11-30": "901.97170", "2005-11-30": "2006.86500"}, "Basic Shares Outstanding": {"2020-11-30": "309.40600", "2019-11-30": "318.41900", "2018-11-30": "307.96800", "2017-11-30": "237.15500", "2016-11-30": "223.07900", "2015-11-30": "209.84700", "2014-11-30": "202.20900", "2013-11-30": "190.47300", "2012-11-30": "186.66200", "2011-11-30": "184.54100", "2010-11-30": "182.96000", "2009-11-30": "170.53700", "2008-11-30": "158.39500", "2007-11-30": "157.71800", "2006-11-30": "158.04000", "2005-11-30": "155.39800"}, "Shares Outstanding": {"2020-11-30": "309.40700", "2019-11-30": "318.42200", "2018-11-30": "308.56500", "2017-11-30": "237.15600", "2016-11-30": "235.37000", "2015-11-30": "235.47000", "2014-11-30": "228.24000", "2013-11-30": "225.92000", "2012-11-30": "218.69500", "2011-11-30": "195.18500", "2010-11-30": "188.85700", "2009-11-30": "170.53700", "2008-11-30": "158.39500", "2007-11-30": "157.71800", "2006-11-30": "161.37100", "2005-11-30": "165.52200"}, "Basic EPS": {"2020-11-30": "7.88000", "2019-11-30": "5.76000", "2018-11-30": "5.46000", "2017-11-30": "3.38000", "2016-11-30": "4.05000", "2015-11-30": "3.78000", "2014-11-30": "3.12000", "2013-11-30": "2.48000", "2012-11-30": "3.58000", "2011-11-30": "0.49000", "2010-11-30": "0.51000", "2009-11-30": "-2.45000", "2008-11-30": "-7.01000", "2007-11-30": "-12.31000", "2006-11-30": "3.76000", "2005-11-30": "8.72000"}, "EPS - Earnings Per Share": {"2020-11-30": "7.85000", "2019-11-30": "5.74000", "2018-11-30": "5.44000", "2017-11-30": "3.38000", "2016-11-30": "3.86000", "2015-11-30": "3.39000", "2014-11-30": "2.80000", "2013-11-30": "2.15000", "2012-11-30": "3.11000", "2011-11-30": "0.48000", "2010-11-30": "0.51000", "2009-11-30": "-2.45000", "2008-11-30": "-7.01000", "2007-11-30": "-12.31000", "2006-11-30": "3.69000", "2005-11-30": "8.23000"}}, "income statement, quarterly": {"Revenue": {"2020-11-30": "6825.89000", "2020-08-31": "5870.25400", "2020-05-31": "5287.37300", "2020-02-29": "4505.33700", "2019-11-30": "6971.52900", "2019-08-31": "5857.05800", "2019-05-31": "5562.89000", "2019-02-28": "3868.08200", "2018-11-30": "6459.21100", "2018-08-31": "5672.56900", "2018-05-31": "5459.06100", "2018-02-28": "2980.79100", "2017-11-30": "3785.56900", "2017-08-31": "3261.47600", "2017-05-31": "3261.89200", "2017-02-28": "2337.42800", "2016-11-30": "3376.62600", "2016-08-31": "2833.89400", "2016-05-31": "2745.81500", "2016-02-29": "1993.66400", "2015-11-30": "2945.56600", "2015-08-31": "2491.69800", "2015-05-31": "2392.60400", "2015-02-28": "1644.13900", "2014-11-30": "2583.93800", "2014-08-31": "2014.03400", "2014-05-31": "1818.74500", "2014-02-28": "1363.09500", "2013-11-30": "1915.20400", "2013-08-31": "1602.76700", "2013-05-31": "1426.88100", "2013-02-28": "990.24300", "2012-11-30": "1350.36300", "2012-08-31": "1099.75800", "2012-05-31": "930.15500", "2012-02-29": "724.85600", "2011-11-30": "952.65400", "2011-08-31": "820.19300", "2011-05-31": "764.49300", "2011-02-28": "558.04500", "2010-11-30": "860.12390", "2010-08-31": "824.97500", "2010-05-31": "814.48100", "2010-02-28": "574.44200", "2009-11-30": "913.74100", "2009-08-31": "720.73000", "2009-05-31": "891.85300", "2009-02-28": "593.06300", "2008-11-30": "1278.04800", "2008-08-31": "1106.54000", "2008-05-31": "1127.91600", "2008-02-29": "1062.91300", "2007-11-30": "2176.90500", "2007-08-31": "2341.85300", "2007-05-31": "2875.94300", "2007-02-28": "2792.08000", "2006-11-30": "4266.06400", "2006-08-31": "4182.43500", "2006-05-31": "4577.50300", "2006-02-28": "3240.65900", "2005-11-30": "5029.93300", "2005-08-31": "3498.33200", "2005-05-31": "2932.97400", "2005-02-28": "2405.73100"}, "Cost Of Goods Sold": {"2020-11-30": "5583.59200", "2020-08-31": "4895.99500", "2020-05-31": "4546.08700", "2020-02-29": "3989.07200", "2019-11-30": "5988.03800", "2019-08-31": "5116.08600", "2019-05-31": "4887.16700", "2019-02-28": "3465.97400", "2018-11-30": "5576.95600", "2018-08-31": "4993.48600", "2018-05-31": "4968.94200", "2018-02-28": "2698.06400", "2017-11-30": "3257.56400", "2017-08-31": "2813.52300", "2017-05-31": "2861.89300", "2017-02-28": "2088.50200", "2016-11-30": "2871.82100", "2016-08-31": "2448.53600", "2016-05-31": "2367.56000", "2016-02-29": "1767.15700", "2015-11-30": "2500.46200", "2015-08-31": "2142.98900", "2015-05-31": "2071.08000", "2015-02-28": "1457.21700", "2014-11-30": "2164.06800", "2014-08-31": "1727.68000", "2014-05-31": "1590.51900", "2014-02-28": "1198.34500", "2013-11-30": "1601.74200", "2013-08-31": "1375.08900", "2013-05-31": "1232.31700", "2013-02-28": "894.05100", "2012-11-30": "1172.49400", "2012-08-31": "978.26900", "2012-05-31": "832.65500", "2012-02-29": "678.08000", "2011-11-30": "889.24600", "2011-08-31": "754.85700", "2011-05-31": "719.91100", "2011-02-28": "532.64200", "2010-11-30": "809.17800", "2010-08-31": "751.83100", "2010-05-31": "737.08600", "2010-02-28": "557.63400", "2009-11-30": "1110.74000", "2009-08-31": "770.81700", "2009-05-31": "909.82500", "2009-02-28": "670.65200", "2008-11-30": "1385.50800", "2008-08-31": "1157.42500", "2008-05-31": "1204.93900", "2008-02-29": "1137.37800", "2007-11-30": "3660.00600", "2007-08-31": "2995.05400", "2007-05-31": "3173.22000", "2007-02-28": "2811.20700", "2006-11-30": "4490.52800", "2006-08-31": "3818.35900", "2006-05-31": "4030.12500", "2006-02-28": "2832.37200", "2005-11-30": "4137.97400", "2005-08-31": "2934.87400", "2005-05-31": "2504.51800", "2005-02-28": "2095.48200"}, "Gross Profit": {"2020-11-30": "1242.29700", "2020-08-31": "974.25880", "2020-05-31": "741.28560", "2020-02-29": "516.26510", "2019-11-30": "983.49170", "2019-08-31": "740.97220", "2019-05-31": "675.72270", "2019-02-28": "402.10790", "2018-11-30": "882.25540", "2018-08-31": "679.08300", "2018-05-31": "490.11910", "2018-02-28": "282.72710", "2017-11-30": "528.00420", "2017-08-31": "447.95310", "2017-05-31": "399.99930", "2017-02-28": "248.92600", "2016-11-30": "504.80540", "2016-08-31": "385.35820", "2016-05-31": "378.25510", "2016-02-29": "226.50700", "2015-11-30": "445.10450", "2015-08-31": "348.70900", "2015-05-31": "321.52420", "2015-02-28": "186.92200", "2014-11-30": "419.86940", "2014-08-31": "286.35400", "2014-05-31": "228.22610", "2014-02-28": "164.74990", "2013-11-30": "313.46260", "2013-08-31": "227.67800", "2013-05-31": "194.56380", "2013-02-28": "96.19200", "2012-11-30": "177.86910", "2012-08-31": "121.48910", "2012-05-31": "97.50010", "2012-02-29": "46.77600", "2011-11-30": "63.40800", "2011-08-31": "65.33600", "2011-05-31": "44.58200", "2011-02-28": "25.40300", "2010-11-30": "50.94590", "2010-08-31": "73.14400", "2010-05-31": "77.39500", "2010-02-28": "16.80800", "2009-11-30": "-196.99940", "2009-08-31": "-50.08700", "2009-05-31": "-17.97200", "2009-02-28": "-77.58900", "2008-11-30": "-107.46000", "2008-08-31": "-50.88500", "2008-05-31": "-77.02300", "2008-02-29": "-74.46510", "2007-11-30": "-1483.10100", "2007-08-31": "-653.20090", "2007-05-31": "-297.27690", "2007-02-28": "-19.12700", "2006-11-30": "-224.46390", "2006-08-31": "364.07620", "2006-05-31": "547.37790", "2006-02-28": "408.28690", "2005-11-30": "891.95900", "2005-08-31": "563.45800", "2005-05-31": "428.45610", "2005-02-28": "310.24900"}, "Research And Development Expenses": {"2020-11-30": "", "2020-08-31": "", "2020-05-31": "", "2020-02-29": "", "2019-11-30": "", "2019-08-31": "", "2019-05-31": "", "2019-02-28": "", "2018-11-30": "", "2018-08-31": "", "2018-05-31": "", "2018-02-28": "", "2017-11-30": "", "2017-08-31": "", "2017-05-31": "", "2017-02-28": "", "2016-11-30": "", "2016-08-31": "", "2016-05-31": "", "2016-02-29": "", "2015-11-30": "", "2015-08-31": "", "2015-05-31": "", "2015-02-28": "", "2014-11-30": "", "2014-08-31": "", "2014-05-31": "", "2014-02-28": "", "2013-11-30": "", "2013-08-31": "", "2013-05-31": "", "2013-02-28": "", "2012-11-30": "", "2012-08-31": "", "2012-05-31": "", "2012-02-29": "", "2011-11-30": "", "2011-08-31": "", "2011-05-31": "", "2011-02-28": "", "2010-11-30": "", "2010-08-31": "", "2010-05-31": "", "2010-02-28": "", "2009-11-30": "", "2009-08-31": "", "2009-05-31": "", "2009-02-28": "", "2008-11-30": "", "2008-08-31": "", "2008-05-31": "", "2008-02-29": "", "2007-11-30": "", "2007-08-31": "", "2007-05-31": "", "2007-02-28": "", "2006-11-30": "", "2006-08-31": "", "2006-05-31": "", "2006-02-28": "", "2005-11-30": "", "2005-08-31": "", "2005-05-31": "", "2005-02-28": ""}, "SG&A Expenses": {"2020-11-30": "95.45900", "2020-08-31": "92.66100", "2020-05-31": "83.45100", "2020-02-29": "86.84700", "2019-11-30": "93.04300", "2019-08-31": "92.61500", "2019-05-31": "76.11300", "2019-02-28": "79.34300", "2018-11-30": "94.86300", "2018-08-31": "96.34600", "2018-05-31": "84.91500", "2018-02-28": "67.81000", "2017-11-30": "85.55600", "2017-08-31": "72.86000", "2017-05-31": "66.77400", "2017-02-28": "60.69900", "2016-11-30": "67.92800", "2016-08-31": "61.16400", "2016-05-31": "55.80200", "2016-02-29": "47.66800", "2015-11-30": "65.88900", "2015-08-31": "56.49400", "2015-05-31": "50.20700", "2015-02-28": "43.65400", "2014-11-30": "57.66000", "2014-08-31": "43.07200", "2014-05-31": "38.31700", "2014-02-28": "38.11200", "2013-11-30": "43.31800", "2013-08-31": "37.61900", "2013-05-31": "33.85300", "2013-02-28": "31.27000", "2012-11-30": "39.04200", "2012-08-31": "32.28600", "2012-05-31": "29.16800", "2012-02-29": "26.84200", "2011-11-30": "28.53000", "2011-08-31": "22.77600", "2011-05-31": "20.59800", "2011-02-28": "23.35200", "2010-11-30": "25.05800", "2010-08-31": "23.99400", "2010-05-31": "22.23400", "2010-02-28": "22.64000", "2009-11-30": "32.75900", "2009-08-31": "27.55700", "2009-05-31": "29.77400", "2009-02-28": "27.47500", "2008-11-30": "31.29900", "2008-08-31": "34.04700", "2008-05-31": "29.58400", "2008-02-29": "34.82200", "2007-11-30": "35.76600", "2007-08-31": "44.70000", "2007-05-31": "45.81700", "2007-02-28": "46.91900", "2006-11-30": "34.02300", "2006-08-31": "50.86100", "2006-05-31": "56.53200", "2006-02-28": "51.89100", "2005-11-30": "63.52600", "2005-08-31": "45.74400", "2005-05-31": "40.82700", "2005-02-28": "37.16000"}, "Other Operating Income Or Expenses": {"2020-11-30": "", "2020-08-31": "", "2020-05-31": "", "2020-02-29": "", "2019-11-30": "", "2019-08-31": "", "2019-05-31": "", "2019-02-28": "", "2018-11-30": "-12.91800", "2018-08-31": "-11.99200", "2018-05-31": "-23.87500", "2018-02-28": "-104.19500", "2017-11-30": "", "2017-08-31": "", "2017-05-31": "", "2017-02-28": "", "2016-11-30": "", "2016-08-31": "", "2016-05-31": "", "2016-02-29": "", "2015-11-30": "", "2015-08-31": "", "2015-05-31": "", "2015-02-28": "", "2014-11-30": "", "2014-08-31": "", "2014-05-31": "", "2014-02-28": "", "2013-11-30": "", "2013-08-31": "", "2013-05-31": "", "2013-02-28": "", "2012-11-30": "", "2012-08-31": "", "2012-05-31": "", "2012-02-29": "", "2011-11-30": "", "2011-08-31": "", "2011-05-31": "", "2011-02-28": "", "2010-11-30": "", "2010-08-31": "", "2010-05-31": "", "2010-02-28": "", "2009-11-30": "", "2009-08-31": "", "2009-05-31": "", "2009-02-28": "", "2008-11-30": "", "2008-08-31": "", "2008-05-31": "", "2008-02-29": "", "2007-11-30": "", "2007-08-31": "", "2007-05-31": "", "2007-02-28": "", "2006-11-30": "", "2006-08-31": "", "2006-05-31": "", "2006-02-28": "", "2005-11-30": "", "2005-08-31": "", "2005-05-31": "", "2005-02-28": ""}, "Operating Expenses": {"2020-11-30": "5679.05000", "2020-08-31": "4988.65600", "2020-05-31": "4629.53900", "2020-02-29": "4075.91900", "2019-11-30": "6081.08000", "2019-08-31": "5208.70100", "2019-05-31": "4963.28000", "2019-02-28": "3545.31700", "2018-11-30": "5684.73500", "2018-08-31": "5101.82400", "2018-05-31": "5077.73200", "2018-02-28": "2870.06900", "2017-11-30": "3343.11900", "2017-08-31": "2886.38300", "2017-05-31": "2928.66700", "2017-02-28": "2149.20100", "2016-11-30": "2939.74800", "2016-08-31": "2509.70000", "2016-05-31": "2423.36200", "2016-02-29": "1814.82500", "2015-11-30": "2566.35000", "2015-08-31": "2199.48300", "2015-05-31": "2121.28700", "2015-02-28": "1500.87100", "2014-11-30": "2221.72900", "2014-08-31": "1770.75200", "2014-05-31": "1628.83600", "2014-02-28": "1236.45700", "2013-11-30": "1645.06000", "2013-08-31": "1412.70800", "2013-05-31": "1266.17000", "2013-02-28": "925.32100", "2012-11-30": "1211.53600", "2012-08-31": "1010.55500", "2012-05-31": "861.82300", "2012-02-29": "704.92200", "2011-11-30": "917.77600", "2011-08-31": "777.63300", "2011-05-31": "740.50900", "2011-02-28": "555.99400", "2010-11-30": "834.23600", "2010-08-31": "775.82500", "2010-05-31": "759.32000", "2010-02-28": "580.27400", "2009-11-30": "1143.49900", "2009-08-31": "798.37400", "2009-05-31": "939.59900", "2009-02-28": "698.12700", "2008-11-30": "1416.80700", "2008-08-31": "1191.47200", "2008-05-31": "1234.52300", "2008-02-29": "1172.20000", "2007-11-30": "3695.77100", "2007-08-31": "3039.75400", "2007-05-31": "3219.03700", "2007-02-28": "2858.12600", "2006-11-30": "4524.55000", "2006-08-31": "3869.22000", "2006-05-31": "4086.65700", "2006-02-28": "2884.26300", "2005-11-30": "4201.50000", "2005-08-31": "2980.61800", "2005-05-31": "2545.34500", "2005-02-28": "2132.64200"}, "Operating Income": {"2020-11-30": "1146.84000", "2020-08-31": "881.59770", "2020-05-31": "657.83450", "2020-02-29": "429.41820", "2019-11-30": "890.44920", "2019-08-31": "648.35690", "2019-05-31": "599.60990", "2019-02-28": "322.76490", "2018-11-30": "774.47560", "2018-08-31": "570.74460", "2018-05-31": "381.32910", "2018-02-28": "110.72190", "2017-11-30": "442.44920", "2017-08-31": "375.09300", "2017-05-31": "333.22530", "2017-02-28": "188.22710", "2016-11-30": "436.87820", "2016-08-31": "324.19410", "2016-05-31": "322.45310", "2016-02-29": "178.83900", "2015-11-30": "379.21610", "2015-08-31": "292.21510", "2015-05-31": "271.31710", "2015-02-28": "143.26790", "2014-11-30": "362.20870", "2014-08-31": "243.28200", "2014-05-31": "189.90910", "2014-02-28": "126.63790", "2013-11-30": "270.14480", "2013-08-31": "190.05900", "2013-05-31": "160.71080", "2013-02-28": "64.92190", "2012-11-30": "138.82700", "2012-08-31": "89.20310", "2012-05-31": "68.33200", "2012-02-29": "19.93400", "2011-11-30": "34.87800", "2011-08-31": "42.56000", "2011-05-31": "23.98400", "2011-02-28": "2.05100", "2010-11-30": "25.88790", "2010-08-31": "49.15000", "2010-05-31": "55.16100", "2010-02-28": "-5.83200", "2009-11-30": "-229.75820", "2009-08-31": "-77.64400", "2009-05-31": "-47.74600", "2009-02-28": "-105.06400", "2008-11-30": "-138.75880", "2008-08-31": "-84.93200", "2008-05-31": "-106.60690", "2008-02-29": "-109.28710", "2007-11-30": "-1518.86600", "2007-08-31": "-697.90090", "2007-05-31": "-343.09380", "2007-02-28": "-66.04590", "2006-11-30": "-258.48580", "2006-08-31": "313.21510", "2006-05-31": "490.84590", "2006-02-28": "356.39580", "2005-11-30": "828.43260", "2005-08-31": "517.71410", "2005-05-31": "387.62920", "2005-02-28": "273.08910"}, "Total Non-Operating Income/Expense": {"2020-11-30": "17.80700", "2020-08-31": "-22.58500", "2020-05-31": "18.74200", "2020-02-29": "-5.86600", "2019-11-30": "-1.76400", "2019-08-31": "18.72600", "2019-05-31": "-40.21000", "2019-02-28": "-3.64100", "2018-11-30": "262.05300", "2018-08-31": "-4.82700", "2018-05-31": "9.48100", "2018-02-28": "158.70600", "2017-11-30": "19.53300", "2017-08-31": "-6.70800", "2017-05-31": "-23.62500", "2017-02-28": "-138.58400", "2016-11-30": "24.50200", "2016-08-31": "15.36400", "2016-05-31": "5.38600", "2016-02-29": "22.85400", "2015-11-30": "53.28900", "2015-08-31": "28.44300", "2015-05-31": "8.49300", "2015-02-28": "33.37500", "2014-11-30": "15.73400", "2014-08-31": "19.05300", "2014-05-31": "13.72100", "2014-02-28": "-0.76200", "2013-11-30": "6.82800", "2013-08-31": "-0.70000", "2013-05-31": "1.57800", "2013-02-28": "-11.60100", "2012-11-30": "-33.90400", "2012-08-31": "-30.56800", "2012-05-31": "-16.22900", "2012-02-29": "-13.48100", "2011-11-30": "-23.10400", "2011-08-31": "-18.48100", "2011-05-31": "1.81600", "2011-02-28": "34.27000", "2010-11-30": "12.89300", "2010-08-31": "-9.71500", "2010-05-31": "-19.60700", "2010-02-28": "-13.21300", "2009-11-30": "-73.02900", "2009-08-31": "-94.00000", "2009-05-31": "-82.41200", "2009-02-28": "-50.75100", "2008-11-30": "39.71200", "2008-08-31": "-54.17000", "2008-05-31": "-66.57500", "2008-02-29": "-45.00700", "2007-11-30": "-450.22500", "2007-08-31": "-139.74200", "2007-05-31": "-40.17800", "2007-02-28": "174.97100", "2006-11-30": "-51.99800", "2006-08-31": "14.84000", "2006-05-31": "24.62600", "2006-02-28": "53.21000", "2005-11-30": "105.15400", "2005-08-31": "24.05800", "2005-05-31": "-12.94000", "2005-02-28": "36.55600"}, "Pre-Tax Income": {"2020-11-30": "1164.64600", "2020-08-31": "859.01300", "2020-05-31": "676.57700", "2020-02-29": "423.55200", "2019-11-30": "888.68600", "2019-08-31": "667.08300", "2019-05-31": "559.39900", "2019-02-28": "319.12400", "2018-11-30": "1036.52800", "2018-08-31": "565.91800", "2018-05-31": "390.81000", "2018-02-28": "269.42800", "2017-11-30": "461.98290", "2017-08-31": "368.38500", "2017-05-31": "309.60000", "2017-02-28": "49.64300", "2016-11-30": "461.37900", "2016-08-31": "339.55800", "2016-05-31": "327.83900", "2016-02-29": "201.69300", "2015-11-30": "432.50500", "2015-08-31": "320.65800", "2015-05-31": "279.81000", "2015-02-28": "176.64300", "2014-11-30": "377.94300", "2014-08-31": "262.33500", "2014-05-31": "203.63000", "2014-02-28": "125.87600", "2013-11-30": "276.97200", "2013-08-31": "189.35900", "2013-05-31": "162.28900", "2013-02-28": "53.32100", "2012-11-30": "104.92300", "2012-08-31": "58.63500", "2012-05-31": "52.10300", "2012-02-29": "6.45300", "2011-11-30": "11.77400", "2011-08-31": "24.07900", "2011-05-31": "25.80000", "2011-02-28": "36.32100", "2010-11-30": "38.78100", "2010-08-31": "39.43500", "2010-05-31": "35.55400", "2010-02-28": "-19.04500", "2009-11-30": "-302.78700", "2009-08-31": "-171.64400", "2009-05-31": "-130.15800", "2009-02-28": "-155.81500", "2008-11-30": "-99.04700", "2008-08-31": "-139.10200", "2008-05-31": "-173.18200", "2008-02-29": "-154.29400", "2007-11-30": "-1969.09100", "2007-08-31": "-837.64300", "2007-05-31": "-383.27200", "2007-02-28": "108.92500", "2006-11-30": "-310.48400", "2006-08-31": "328.05500", "2006-05-31": "515.47200", "2006-02-28": "409.60600", "2005-11-30": "933.58810", "2005-08-31": "541.77200", "2005-05-31": "374.68900", "2005-02-28": "309.64500"}, "Income Taxes": {"2020-11-30": "273.73700", "2020-08-31": "189.69000", "2020-05-31": "160.47900", "2020-02-29": "32.32900", "2019-11-30": "217.50300", "2019-08-31": "154.44000", "2019-05-31": "140.53000", "2019-02-28": "79.70000", "2018-11-30": "238.30100", "2018-08-31": "98.29800", "2018-05-31": "75.96100", "2018-02-28": "132.61100", "2017-11-30": "164.20100", "2017-08-31": "124.79500", "2017-05-31": "108.89200", "2017-02-28": "19.96900", "2016-11-30": "150.90900", "2016-08-31": "106.42700", "2016-05-31": "103.80100", "2016-02-29": "56.24100", "2015-11-30": "139.84300", "2015-08-31": "95.62100", "2015-05-31": "95.22600", "2015-02-28": "59.72600", "2014-11-30": "125.27200", "2014-08-31": "88.89500", "2014-05-31": "81.01300", "2014-02-28": "45.91100", "2013-11-30": "93.95600", "2013-08-31": "67.20500", "2013-05-31": "19.49100", "2013-02-28": "-3.63700", "2012-11-30": "-18.59700", "2012-08-31": "-12.77600", "2012-05-31": "-402.32100", "2012-02-29": "-1.52400", "2011-11-30": "-13.69700", "2011-08-31": "0.57900", "2011-05-31": "0.95300", "2011-02-28": "-2.40500", "2010-11-30": "-3.73700", "2010-08-31": "0.60500", "2010-05-31": "-11.03000", "2010-02-28": "-11.57200", "2009-11-30": "-320.48000", "2009-08-31": "2.74000", "2009-05-31": "1.54700", "2009-02-28": "1.84800", "2008-11-30": "716.03900", "2008-08-31": "-50.13800", "2008-05-31": "-52.26600", "2008-02-29": "-66.07800", "2007-11-30": "-717.44400", "2007-08-31": "-323.79100", "2007-05-31": "-139.06700", "2007-02-28": "40.30200", "2006-11-30": "-114.87900", "2006-08-31": "121.38000", "2006-05-31": "190.72500", "2006-02-28": "151.55400", "2005-11-30": "352.42900", "2005-08-31": "204.51900", "2005-05-31": "141.44500", "2005-02-28": "116.89100"}, "Income After Taxes": {"2020-11-30": "890.90920", "2020-08-31": "669.32300", "2020-05-31": "516.09800", "2020-02-29": "391.22300", "2019-11-30": "671.18300", "2019-08-31": "512.64300", "2019-05-31": "418.86900", "2019-02-28": "239.42400", "2018-11-30": "798.22710", "2018-08-31": "467.62000", "2018-05-31": "314.84900", "2018-02-28": "136.81700", "2017-11-30": "297.78190", "2017-08-31": "243.59000", "2017-05-31": "200.70800", "2017-02-28": "29.67400", "2016-11-30": "310.47000", "2016-08-31": "233.13100", "2016-05-31": "224.03800", "2016-02-29": "145.45200", "2015-11-30": "292.66200", "2015-08-31": "225.03700", "2015-05-31": "184.58400", "2015-02-28": "116.91700", "2014-11-30": "252.67100", "2014-08-31": "173.44000", "2014-05-31": "122.61700", "2014-02-28": "79.96500", "2013-11-30": "183.01600", "2013-08-31": "122.15400", "2013-05-31": "142.79800", "2013-02-28": "56.95800", "2012-11-30": "123.52000", "2012-08-31": "71.41100", "2012-05-31": "454.42400", "2012-02-29": "7.97700", "2011-11-30": "25.47100", "2011-08-31": "23.50000", "2011-05-31": "24.84700", "2011-02-28": "38.72600", "2010-11-30": "42.51800", "2010-08-31": "38.83000", "2010-05-31": "46.58400", "2010-02-28": "-7.47300", "2009-11-30": "17.69300", "2009-08-31": "-174.38400", "2009-05-31": "-131.70500", "2009-02-28": "-157.66300", "2008-11-30": "-815.08600", "2008-08-31": "-88.96400", "2008-05-31": "-120.91600", "2008-02-29": "-88.21600", "2007-11-30": "-1251.64700", "2007-08-31": "-513.85210", "2007-05-31": "-244.20500", "2007-02-28": "68.62300", "2006-11-30": "-195.60490", "2006-08-31": "206.67500", "2006-05-31": "324.74700", "2006-02-28": "258.05200", "2005-11-30": "581.15920", "2005-08-31": "337.25300", "2005-05-31": "233.24400", "2005-02-28": "192.75400"}, "Other Income": {"2020-11-30": "", "2020-08-31": "", "2020-05-31": "", "2020-02-29": "", "2019-11-30": "", "2019-08-31": "", "2019-05-31": "", "2019-02-28": "", "2018-11-30": "", "2018-08-31": "", "2018-05-31": "", "2018-02-28": "", "2017-11-30": "", "2017-08-31": "", "2017-05-31": "", "2017-02-28": "", "2016-11-30": "", "2016-08-31": "", "2016-05-31": "", "2016-02-29": "", "2015-11-30": "", "2015-08-31": "", "2015-05-31": "", "2015-02-28": "", "2014-11-30": "", "2014-08-31": "", "2014-05-31": "", "2014-02-28": "", "2013-11-30": "", "2013-08-31": "", "2013-05-31": "", "2013-02-28": "", "2012-11-30": "", "2012-08-31": "", "2012-05-31": "", "2012-02-29": "", "2011-11-30": "", "2011-08-31": "", "2011-05-31": "", "2011-02-28": "", "2010-11-30": "", "2010-08-31": "", "2010-05-31": "", "2010-02-28": "", "2009-11-30": "", "2009-08-31": "", "2009-05-31": "", "2009-02-28": "", "2008-11-30": "", "2008-08-31": "", "2008-05-31": "", "2008-02-29": "", "2007-11-30": "", "2007-08-31": "", "2007-05-31": "", "2007-02-28": "", "2006-11-30": "", "2006-08-31": "", "2006-05-31": "", "2006-02-28": "", "2005-11-30": "", "2005-08-31": "", "2005-05-31": "", "2005-02-28": ""}, "Income From Continuous Operations": {"2020-11-30": "890.90920", "2020-08-31": "669.32300", "2020-05-31": "516.09800", "2020-02-29": "391.22300", "2019-11-30": "671.18300", "2019-08-31": "512.64300", "2019-05-31": "418.86900", "2019-02-28": "239.42400", "2018-11-30": "798.22710", "2018-08-31": "467.62000", "2018-05-31": "314.84900", "2018-02-28": "136.81700", "2017-11-30": "297.78190", "2017-08-31": "243.59000", "2017-05-31": "200.70800", "2017-02-28": "29.67400", "2016-11-30": "310.47000", "2016-08-31": "233.13100", "2016-05-31": "224.03800", "2016-02-29": "145.45200", "2015-11-30": "292.66200", "2015-08-31": "225.03700", "2015-05-31": "184.58400", "2015-02-28": "116.91700", "2014-11-30": "252.67100", "2014-08-31": "173.44000", "2014-05-31": "122.61700", "2014-02-28": "79.96500", "2013-11-30": "183.01600", "2013-08-31": "122.15400", "2013-05-31": "142.79800", "2013-02-28": "56.95800", "2012-11-30": "123.52000", "2012-08-31": "71.41100", "2012-05-31": "454.42400", "2012-02-29": "7.97700", "2011-11-30": "25.47100", "2011-08-31": "23.50000", "2011-05-31": "24.84700", "2011-02-28": "38.72600", "2010-11-30": "42.51800", "2010-08-31": "38.83000", "2010-05-31": "46.58400", "2010-02-28": "-7.47300", "2009-11-30": "17.69300", "2009-08-31": "-174.38400", "2009-05-31": "-131.70500", "2009-02-28": "-157.66300", "2008-11-30": "-815.08600", "2008-08-31": "-88.96400", "2008-05-31": "-120.91600", "2008-02-29": "-88.21600", "2007-11-30": "-1251.64700", "2007-08-31": "-513.85210", "2007-05-31": "-244.20500", "2007-02-28": "68.62300", "2006-11-30": "-195.60490", "2006-08-31": "206.67500", "2006-05-31": "324.74700", "2006-02-28": "258.05200", "2005-11-30": "581.15910", "2005-08-31": "337.25300", "2005-05-31": "233.24400", "2005-02-28": "192.75400"}, "Income From Discontinued Operations": {"2020-11-30": "", "2020-08-31": "", "2020-05-31": "", "2020-02-29": "", "2019-11-30": "", "2019-08-31": "", "2019-05-31": "", "2019-02-28": "", "2018-11-30": "", "2018-08-31": "", "2018-05-31": "", "2018-02-28": "", "2017-11-30": "", "2017-08-31": "", "2017-05-31": "", "2017-02-28": "", "2016-11-30": "", "2016-08-31": "", "2016-05-31": "", "2016-02-29": "", "2015-11-30": "", "2015-08-31": "", "2015-05-31": "", "2015-02-28": "", "2014-11-30": "", "2014-08-31": "", "2014-05-31": "", "2014-02-28": "", "2013-11-30": "", "2013-08-31": "", "2013-05-31": "", "2013-02-28": "", "2012-11-30": "", "2012-08-31": "", "2012-05-31": "", "2012-02-29": "", "2011-11-30": "", "2011-08-31": "", "2011-05-31": "", "2011-02-28": "", "2010-11-30": "", "2010-08-31": "", "2010-05-31": "", "2010-02-28": "", "2009-11-30": "", "2009-08-31": "", "2009-05-31": "", "2009-02-28": "", "2008-11-30": "", "2008-08-31": "", "2008-05-31": "", "2008-02-29": "", "2007-11-30": "", "2007-08-31": "", "2007-05-31": "", "2007-02-28": "", "2006-11-30": "", "2006-08-31": "", "2006-05-31": "", "2006-02-28": "", "2005-11-30": "0.00000", "2005-08-31": "", "2005-05-31": "10.29300", "2005-02-28": "0.45200"}, "Net Income": {"2020-11-30": "872.88290", "2020-08-31": "658.62000", "2020-05-31": "511.11800", "2020-02-29": "394.02600", "2019-11-30": "667.79800", "2019-08-31": "508.84600", "2019-05-31": "418.31500", "2019-02-28": "237.95100", "2018-11-30": "789.07200", "2018-08-31": "449.47300", "2018-05-31": "307.60100", "2018-02-28": "134.81800", "2017-11-30": "306.66000", "2017-08-31": "246.71900", "2017-05-31": "211.58200", "2017-02-28": "37.69500", "2016-11-30": "310.29100", "2016-08-31": "233.52900", "2016-05-31": "216.26400", "2016-02-29": "142.57100", "2015-11-30": "278.55500", "2015-08-31": "220.90800", "2015-05-31": "181.01100", "2015-02-28": "113.68800", "2014-11-30": "242.34100", "2014-08-31": "175.52400", "2014-05-31": "136.08100", "2014-02-28": "77.17700", "2013-11-30": "161.71900", "2013-08-31": "118.82800", "2013-05-31": "135.58700", "2013-02-28": "56.72600", "2012-11-30": "121.87900", "2012-08-31": "85.58000", "2012-05-31": "445.99700", "2012-02-29": "14.74000", "2011-11-30": "29.51100", "2011-08-31": "20.47200", "2011-05-31": "13.61400", "2011-02-28": "27.40600", "2010-11-30": "30.98500", "2010-08-31": "30.03500", "2010-05-31": "39.71900", "2010-02-28": "-6.52300", "2009-11-30": "35.57200", "2009-08-31": "-171.60500", "2009-05-31": "-125.18500", "2009-02-28": "-155.92900", "2008-11-30": "-810.98900", "2008-08-31": "-88.96400", "2008-05-31": "-120.91600", "2008-02-29": "-88.21600", "2007-11-30": "-1251.64700", "2007-08-31": "-513.85200", "2007-05-31": "-244.20500", "2007-02-28": "68.62300", "2006-11-30": "-195.60500", "2006-08-31": "206.67500", "2006-05-31": "324.74700", "2006-02-28": "258.05200", "2005-11-30": "581.15910", "2005-08-31": "337.25300", "2005-05-31": "243.53700", "2005-02-28": "193.20600"}, "EBITDA": {"2020-11-30": "1166.47900", "2020-08-31": "901.11160", "2020-05-31": "674.98850", "2020-02-29": "442.88920", "2019-11-30": "912.45820", "2019-08-31": "664.68700", "2019-05-31": "615.94680", "2019-02-28": "334.07890", "2018-11-30": "793.14860", "2018-08-31": "590.26260", "2018-05-31": "391.16510", "2018-02-28": "130.33190", "2017-11-30": "466.09920", "2017-08-31": "394.60200", "2017-05-31": "352.82730", "2017-02-28": "203.10210", "2016-11-30": "454.03020", "2016-08-31": "341.07410", "2016-05-31": "338.40510", "2016-02-29": "193.69300", "2015-11-30": "397.19910", "2015-08-31": "309.23810", "2015-05-31": "286.12810", "2015-02-28": "156.99090", "2014-11-30": "378.83670", "2014-08-31": "259.36100", "2014-05-31": "203.98610", "2014-02-28": "139.78290", "2013-11-30": "284.66680", "2013-08-31": "204.37600", "2013-05-31": "173.84480", "2013-02-28": "76.79490", "2012-11-30": "151.88300", "2012-08-31": "102.43710", "2012-05-31": "78.57200", "2012-02-29": "32.93500", "2011-11-30": "52.08000", "2011-08-31": "51.44800", "2011-05-31": "32.20700", "2011-02-28": "9.87900", "2010-11-30": "33.07390", "2010-08-31": "54.51500", "2010-05-31": "59.40400", "2010-02-28": "-2.54600", "2009-11-30": "-223.53420", "2009-08-31": "-73.38400", "2009-05-31": "-42.63900", "2009-02-28": "-99.01400", "2008-11-30": "-131.51780", "2008-08-31": "-76.80600", "2008-05-31": "-97.44490", "2008-02-29": "-98.75510", "2007-11-30": "-1501.32500", "2007-08-31": "-684.29290", "2007-05-31": "-330.08470", "2007-02-28": "-53.43990", "2006-11-30": "-245.76480", "2006-08-31": "325.01410", "2006-05-31": "502.18400", "2006-02-28": "370.54880", "2005-11-30": "845.02260", "2005-08-31": "537.80410", "2005-05-31": "404.30910", "2005-02-28": "292.37110"}, "EBIT": {"2020-11-30": "1146.83900", "2020-08-31": "881.59770", "2020-05-31": "657.83450", "2020-02-29": "429.41820", "2019-11-30": "890.45000", "2019-08-31": "648.35690", "2019-05-31": "599.60990", "2019-02-28": "322.76490", "2018-11-30": "774.47390", "2018-08-31": "570.74460", "2018-05-31": "381.32910", "2018-02-28": "110.72190", "2017-11-30": "442.44970", "2017-08-31": "375.09300", "2017-05-31": "333.22530", "2017-02-28": "188.22710", "2016-11-30": "436.87810", "2016-08-31": "324.19410", "2016-05-31": "322.45310", "2016-02-29": "178.83900", "2015-11-30": "379.21640", "2015-08-31": "292.21510", "2015-05-31": "271.31710", "2015-02-28": "143.26790", "2014-11-30": "362.20910", "2014-08-31": "243.28200", "2014-05-31": "189.90910", "2014-02-28": "126.63790", "2013-11-30": "270.14470", "2013-08-31": "190.05900", "2013-05-31": "160.71080", "2013-02-28": "64.92190", "2012-11-30": "138.82700", "2012-08-31": "89.20310", "2012-05-31": "68.33200", "2012-02-29": "19.93400", "2011-11-30": "34.87800", "2011-08-31": "42.56000", "2011-05-31": "23.98400", "2011-02-28": "2.05100", "2010-11-30": "25.88800", "2010-08-31": "49.15000", "2010-05-31": "55.16100", "2010-02-28": "-5.83200", "2009-11-30": "-229.75820", "2009-08-31": "-77.64400", "2009-05-31": "-47.74600", "2009-02-28": "-105.06400", "2008-11-30": "-138.75890", "2008-08-31": "-84.93200", "2008-05-31": "-106.60690", "2008-02-29": "-109.28710", "2007-11-30": "-1518.86700", "2007-08-31": "-697.90090", "2007-05-31": "-343.09380", "2007-02-28": "-66.04590", "2006-11-30": "-258.48510", "2006-08-31": "313.21510", "2006-05-31": "490.84590", "2006-02-28": "356.39580", "2005-11-30": "828.43290", "2005-08-31": "517.71410", "2005-05-31": "387.62920", "2005-02-28": "273.08910"}, "Basic Shares Outstanding": {"2020-11-30": "309.40600", "2020-08-31": "308.88900", "2020-05-31": "308.37300", "2020-02-29": "311.21300", "2019-11-30": "318.41900", "2019-08-31": "318.10300", "2019-05-31": "320.32900", "2019-02-28": "321.33900", "2018-11-30": "307.96800", "2018-08-31": "327.21400", "2018-05-31": "325.25900", "2018-02-28": "253.66500", "2017-11-30": "237.15500", "2017-08-31": "237.33000", "2017-05-31": "236.87500", "2017-02-28": "236.85200", "2016-11-30": "223.07900", "2016-08-31": "223.54900", "2016-05-31": "213.60100", "2016-02-29": "210.29200", "2015-11-30": "209.84700", "2015-08-31": "206.43900", "2015-05-31": "202.99100", "2015-02-28": "202.93000", "2014-11-30": "202.20900", "2014-08-31": "202.35400", "2014-05-31": "202.00000", "2014-02-28": "201.95500", "2013-11-30": "190.47300", "2013-08-31": "190.79900", "2013-05-31": "190.01000", "2013-02-28": "189.54800", "2012-11-30": "186.66200", "2012-08-31": "186.76100", "2012-05-31": "186.43200", "2012-02-29": "185.99700", "2011-11-30": "184.54100", "2011-08-31": "184.66500", "2011-05-31": "184.62100", "2011-02-28": "184.15500", "2010-11-30": "182.96000", "2010-08-31": "183.06500", "2010-05-31": "183.01200", "2010-02-28": "182.66000", "2009-11-30": "170.53700", "2009-08-31": "176.77000", "2009-05-31": "164.58200", "2009-02-28": "158.62100", "2008-11-30": "158.39500", "2008-08-31": "158.49900", "2008-05-31": "158.34700", "2008-02-29": "158.20400", "2007-11-30": "157.71800", "2007-08-31": "157.97300", "2007-05-31": "157.69700", "2007-02-28": "157.13000", "2006-11-30": "158.04000", "2006-08-31": "157.63400", "2006-05-31": "159.57100", "2006-02-28": "157.82600", "2005-11-30": "155.39800", "2005-08-31": "155.04800", "2005-05-31": "154.29200", "2005-02-28": "155.14400"}, "Shares Outstanding": {"2020-11-30": "309.40700", "2020-08-31": "308.89000", "2020-05-31": "308.37300", "2020-02-29": "311.21500", "2019-11-30": "318.42200", "2019-08-31": "318.10400", "2019-05-31": "320.33000", "2019-02-28": "321.34900", "2018-11-30": "308.56500", "2018-08-31": "327.23700", "2018-05-31": "326.81800", "2018-02-28": "254.44800", "2017-11-30": "237.15600", "2017-08-31": "237.33100", "2017-05-31": "236.87700", "2017-02-28": "236.85400", "2016-11-30": "235.37000", "2016-08-31": "231.81800", "2016-05-31": "229.91700", "2016-02-29": "228.91600", "2015-11-30": "235.47000", "2015-08-31": "230.54800", "2015-05-31": "231.04100", "2015-02-28": "230.31600", "2014-11-30": "228.24000", "2014-08-31": "228.22800", "2014-05-31": "228.01000", "2014-02-28": "227.63500", "2013-11-30": "225.92000", "2013-08-31": "225.33500", "2013-05-31": "226.65500", "2013-02-28": "226.01700", "2012-11-30": "218.69500", "2012-08-31": "219.58000", "2012-05-31": "218.01100", "2012-02-29": "213.81300", "2011-11-30": "195.18500", "2011-08-31": "195.15200", "2011-05-31": "195.30500", "2011-02-28": "194.85900", "2010-11-30": "188.85700", "2010-08-31": "193.09600", "2010-05-31": "186.39100", "2010-02-28": "182.66000", "2009-11-30": "170.53700", "2009-08-31": "176.77000", "2009-05-31": "164.58200", "2009-02-28": "158.62100", "2008-11-30": "158.39500", "2008-08-31": "158.49900", "2008-05-31": "158.34700", "2008-02-29": "158.20400", "2007-11-30": "157.71800", "2007-08-31": "157.97300", "2007-05-31": "157.69700", "2007-02-28": "158.86600", "2006-11-30": "161.37100", "2006-08-31": "159.22500", "2006-05-31": "162.91600", "2006-02-28": "164.55400", "2005-11-30": "165.52200", "2005-08-31": "164.91700", "2005-05-31": "165.71100", "2005-02-28": "166.85700"}, "Basic EPS": {"2020-11-30": "2.82000", "2020-08-31": "2.13000", "2020-05-31": "1.66000", "2020-02-29": "1.27000", "2019-11-30": "2.11000", "2019-08-31": "1.60000", "2019-05-31": "1.31000", "2019-02-28": "0.74000", "2018-11-30": "2.61000", "2018-08-31": "1.37000", "2018-05-31": "0.95000", "2018-02-28": "0.53000", "2017-11-30": "1.29000", "2017-08-31": "1.04000", "2017-05-31": "0.89000", "2017-02-28": "0.16000", "2016-11-30": "1.32000", "2016-08-31": "1.04000", "2016-05-31": "1.01000", "2016-02-29": "0.68000", "2015-11-30": "1.26000", "2015-08-31": "1.07000", "2015-05-31": "0.89000", "2015-02-28": "0.56000", "2014-11-30": "1.20000", "2014-08-31": "0.87000", "2014-05-31": "0.67000", "2014-02-28": "0.38000", "2013-11-30": "0.85000", "2013-08-31": "0.62000", "2013-05-31": "0.71000", "2013-02-28": "0.30000", "2012-11-30": "0.65000", "2012-08-31": "0.46000", "2012-05-31": "2.39000", "2012-02-29": "0.08000", "2011-11-30": "0.16000", "2011-08-31": "0.11000", "2011-05-31": "0.07000", "2011-02-28": "0.15000", "2010-11-30": "0.18000", "2010-08-31": "0.16000", "2010-05-31": "0.21000", "2010-02-28": "-0.04000", "2009-11-30": "0.26000", "2009-08-31": "-0.97000", "2009-05-31": "-0.76000", "2009-02-28": "-0.98000", "2008-11-30": "-5.13000", "2008-08-31": "-0.56000", "2008-05-31": "-0.76000", "2008-02-29": "-0.56000", "2007-11-30": "-7.95000", "2007-08-31": "-3.25000", "2007-05-31": "-1.55000", "2007-02-28": "0.44000", "2006-11-30": "-1.23000", "2006-08-31": "1.31000", "2006-05-31": "2.04000", "2006-02-28": "1.64000", "2005-11-30": "3.71000", "2005-08-31": "2.18000", "2005-05-31": "1.58000", "2005-02-28": "1.25000"}, "EPS - Earnings Per Share": {"2020-11-30": "2.81000", "2020-08-31": "2.12000", "2020-05-31": "1.65000", "2020-02-29": "1.27000", "2019-11-30": "2.11000", "2019-08-31": "1.59000", "2019-05-31": "1.30000", "2019-02-28": "0.74000", "2018-11-30": "2.60000", "2018-08-31": "1.37000", "2018-05-31": "0.94000", "2018-02-28": "0.53000", "2017-11-30": "1.29000", "2017-08-31": "1.04000", "2017-05-31": "0.89000", "2017-02-28": "0.16000", "2016-11-30": "1.27000", "2016-08-31": "1.01000", "2016-05-31": "0.95000", "2016-02-29": "0.63000", "2015-11-30": "1.14000", "2015-08-31": "0.96000", "2015-05-31": "0.79000", "2015-02-28": "0.50000", "2014-11-30": "1.06000", "2014-08-31": "0.78000", "2014-05-31": "0.61000", "2014-02-28": "0.35000", "2013-11-30": "0.74000", "2013-08-31": "0.54000", "2013-05-31": "0.61000", "2013-02-28": "0.26000", "2012-11-30": "0.57000", "2012-08-31": "0.40000", "2012-05-31": "2.06000", "2012-02-29": "0.08000", "2011-11-30": "0.16000", "2011-08-31": "0.11000", "2011-05-31": "0.07000", "2011-02-28": "0.14000", "2010-11-30": "0.18000", "2010-08-31": "0.16000", "2010-05-31": "0.21000", "2010-02-28": "-0.04000", "2009-11-30": "0.26000", "2009-08-31": "-0.97000", "2009-05-31": "-0.76000", "2009-02-28": "-0.98000", "2008-11-30": "-5.13000", "2008-08-31": "-0.56000", "2008-05-31": "-0.76000", "2008-02-29": "-0.56000", "2007-11-30": "-7.94000", "2007-08-31": "-3.25000", "2007-05-31": "-1.55000", "2007-02-28": "0.43000", "2006-11-30": "-1.19000", "2006-08-31": "1.30000", "2006-05-31": "2.00000", "2006-02-28": "1.58000", "2005-11-30": "3.52000", "2005-08-31": "2.06000", "2005-05-31": "1.48000", "2005-02-28": "1.17000"}}, "balance sheet": {"Cash On Hand": {"2020-11-30": "2723.11500", "2019-11-30": "1213.84500", "2018-11-30": "1381.71500", "2017-11-30": "2555.99200", "2016-11-30": "1214.87700", "2015-11-30": "1072.19300", "2014-11-30": "1246.44200", "2013-11-30": "935.66300", "2012-11-30": "1483.52100", "2011-11-30": "1336.12600", "2010-11-30": "1393.16300", "2009-11-30": "1339.82800", "2008-11-30": "1100.29600", "2007-11-30": "677.89600", "2006-11-30": "686.45800", "2005-11-30": "932.23800"}, "Receivables": {"2020-11-30": "298.67100", "2019-11-30": "329.12400", "2018-11-30": "236.84100", "2017-11-30": "137.66700", "2016-11-30": "311.49400", "2015-11-30": "229.48600", "2014-11-30": "247.21700", "2013-11-30": "163.76800", "2012-11-30": "53.74500", "2011-11-30": "53.97700", "2010-11-30": "82.20200", "2009-11-30": "456.48100", "2008-11-30": "349.98000", "2007-11-30": "1089.21600", "2006-11-30": "159.04300", "2005-11-30": "299.23200"}, "Inventory": {"2020-11-30": "16925.23000", "2019-11-30": "17776.51000", "2018-11-30": "17068.70000", "2017-11-30": "10860.89000", "2016-11-30": "9178.92600", "2015-11-30": "8740.59600", "2014-11-30": "7736.60000", "2013-11-30": "6601.04800", "2012-11-30": "5046.39000", "2011-11-30": "4360.53500", "2010-11-30": "4169.60800", "2009-11-30": "4087.98900", "2008-11-30": "4500.09000", "2007-11-30": "4500.40300", "2006-11-30": "7831.48300", "2005-11-30": "7863.53100"}, "Pre-Paid Expenses": {"2020-11-30": "", "2019-11-30": "", "2018-11-30": "", "2017-11-30": "", "2016-11-30": "", "2015-11-30": "", "2014-11-30": "", "2013-11-30": "", "2012-11-30": "", "2011-11-30": "", "2010-11-30": "", "2009-11-30": "", "2008-11-30": "", "2007-11-30": "", "2006-11-30": "", "2005-11-30": ""}, "Other Current Assets": {"2020-11-30": "", "2019-11-30": "", "2018-11-30": "", "2017-11-30": "", "2016-11-30": "", "2015-11-30": "", "2014-11-30": "", "2013-11-30": "", "2012-11-30": "", "2011-11-30": "", "2010-11-30": "", "2009-11-30": "", "2008-11-30": "", "2007-11-30": "", "2006-11-30": "", "2005-11-30": ""}, "Total Current Assets": {"2020-11-30": "19947.01000", "2019-11-30": "19319.48000", "2018-11-30": "18687.26000", "2017-11-30": "13554.55000", "2016-11-30": "10816.91000", "2015-11-30": "10207.10000", "2014-11-30": "9367.38300", "2013-11-30": "7978.87100", "2012-11-30": "7020.19100", "2011-11-30": "6463.99200", "2010-11-30": "6864.28700", "2009-11-30": "5884.29800", "2008-11-30": "5950.36600", "2007-11-30": "6267.51500", "2006-11-30": "8676.98400", "2005-11-30": "9095.00100"}, "Property, Plant, And Equipment": {"2020-11-30": "", "2019-11-30": "", "2018-11-30": "", "2017-11-30": "", "2016-11-30": "", "2015-11-30": "", "2014-11-30": "", "2013-11-30": "", "2012-11-30": "", "2011-11-30": "", "2010-11-30": "", "2009-11-30": "", "2008-11-30": "", "2007-11-30": "", "2006-11-30": "", "2005-11-30": ""}, "Long-Term Investments": {"2020-11-30": "1393.67300", "2019-11-30": "1466.84000", "2018-11-30": "1354.27900", "2017-11-30": "1345.84600", "2016-11-30": "1128.72400", "2015-11-30": "992.04500", "2014-11-30": "849.82700", "2013-11-30": "871.52200", "2012-11-30": "670.37400", "2011-11-30": "670.47200", "2010-11-30": "710.71100", "2009-11-30": "609.14000", "2008-11-30": "766.75200", "2007-11-30": "934.27100", "2006-11-30": "1447.17800", "2005-11-30": "1282.68600"}, "Goodwill And Intangible Assets": {"2020-11-30": "3442.35900", "2019-11-30": "3442.35900", "2018-11-30": "3442.35900", "2017-11-30": "136.56600", "2016-11-30": "", "2015-11-30": "", "2014-11-30": "", "2013-11-30": "", "2012-11-30": "", "2011-11-30": "", "2010-11-30": "", "2009-11-30": "", "2008-11-30": "", "2007-11-30": "", "2006-11-30": "196.63800", "2005-11-30": "195.15600"}, "Other Long-Term Assets": {"2020-11-30": "5152.13100", "2019-11-30": "5130.83600", "2018-11-30": "5056.65100", "2017-11-30": "3622.02600", "2016-11-30": "3172.44900", "2015-11-30": "2883.59400", "2014-11-30": "2259.61100", "2013-11-30": "1796.01400", "2012-11-30": "1936.45800", "2011-11-30": "1294.41900", "2010-11-30": "954.74900", "2009-11-30": "821.35300", "2008-11-30": "707.78000", "2007-11-30": "1900.96100", "2006-11-30": "2087.46600", "2005-11-30": "1968.38200"}, "Total Long-Term Assets": {"2020-11-30": "9988.16300", "2019-11-30": "10040.04000", "2018-11-30": "9878.92100", "2017-11-30": "5190.48500", "2016-11-30": "4544.87600", "2015-11-30": "4212.40800", "2014-11-30": "3555.76800", "2013-11-30": "3294.37600", "2012-11-30": "3342.01500", "2011-11-30": "2690.67900", "2010-11-30": "1923.56400", "2009-11-30": "1430.49300", "2008-11-30": "1474.53200", "2007-11-30": "2835.23200", "2006-11-30": "3731.28200", "2005-11-30": "3446.22400"}, "Total Assets": {"2020-11-30": "29935.18000", "2019-11-30": "29359.51000", "2018-11-30": "28566.18000", "2017-11-30": "18745.03000", "2016-11-30": "15361.78000", "2015-11-30": "14419.51000", "2014-11-30": "12923.15000", "2013-11-30": "11273.25000", "2012-11-30": "10362.21000", "2011-11-30": "9154.67100", "2010-11-30": "8787.85100", "2009-11-30": "7314.79100", "2008-11-30": "7424.89800", "2007-11-30": "9102.74700", "2006-11-30": "12408.27000", "2005-11-30": "12541.22000"}, "Total Current Liabilities": {"2020-11-30": "1745.93500", "2019-11-30": "1344.62300", "2018-11-30": "1344.86000", "2017-11-30": "1610.75400", "2016-11-30": "1210.88700", "2015-11-30": "1299.06800", "2014-11-30": "1074.66300", "2013-11-30": "1153.24900", "2012-11-30": "1086.15700", "2011-11-30": "1323.42100", "2010-11-30": "1322.95300", "2009-11-30": "687.95500", "2008-11-30": "839.50400", "2007-11-30": "1095.21500", "2006-11-30": "1085.21900", "2005-11-30": "1183.27500"}, "Long Term Debt": {"2020-11-30": "5955.75800", "2019-11-30": "7776.63800", "2018-11-30": "8543.86800", "2017-11-30": "6410.00300", "2016-11-30": "4575.97700", "2015-11-30": "5025.13000", "2014-11-30": "4661.26600", "2013-11-30": "4194.43200", "2012-11-30": "4005.05100", "2011-11-30": "3362.75900", "2010-11-30": "3128.15400", "2009-11-30": "2761.35200", "2008-11-30": "2544.93500", "2007-11-30": "2295.43600", "2006-11-30": "2613.50300", "2005-11-30": "2592.77200"}, "Other Non-Current Liabilities": {"2020-11-30": "4134.08300", "2019-11-30": "4204.42000", "2018-11-30": "3994.49600", "2017-11-30": "2738.14500", "2016-11-30": "2363.35000", "2015-11-30": "2145.23900", "2014-11-30": "1935.92000", "2013-11-30": "1298.09600", "2012-11-30": "1269.79000", "2011-11-30": "1164.96600", "2010-11-30": "1142.36100", "2009-11-30": "1277.47000", "2008-11-30": "1251.70600", "2007-11-30": "1861.44900", "2006-11-30": "2952.77900", "2005-11-30": "3435.52400"}, "Total Long Term Liabilities": {"2020-11-30": "10089.84000", "2019-11-30": "11981.06000", "2018-11-30": "12538.36000", "2017-11-30": "9148.14800", "2016-11-30": "6939.32700", "2015-11-30": "7170.36900", "2014-11-30": "6597.18600", "2013-11-30": "5492.52800", "2012-11-30": "5274.84100", "2011-11-30": "4527.72500", "2010-11-30": "4270.51500", "2009-11-30": "4038.82200", "2008-11-30": "3962.38700", "2007-11-30": "4185.41300", "2006-11-30": "5621.67500", "2005-11-30": "6106.53900"}, "Total Liabilities": {"2020-11-30": "11835.78000", "2019-11-30": "13325.68000", "2018-11-30": "13883.22000", "2017-11-30": "10758.90000", "2016-11-30": "8150.21400", "2015-11-30": "8469.43700", "2014-11-30": "7671.84900", "2013-11-30": "6645.77700", "2012-11-30": "6360.99800", "2011-11-30": "5851.14600", "2010-11-30": "5593.46800", "2009-11-30": "4726.77700", "2008-11-30": "4801.89100", "2007-11-30": "5280.62800", "2006-11-30": "6706.89400", "2005-11-30": "7289.81400"}, "Common Stock Net": {"2020-11-30": "33.83800", "2019-11-30": "33.65600", "2018-11-30": "33.44300", "2017-11-30": "24.31200", "2016-11-30": "23.70700", "2015-11-30": "21.36400", "2014-11-30": "20.72200", "2013-11-30": "21.78100", "2012-11-30": "20.53800", "2011-11-30": "20.20800", "2010-11-30": "19.99800", "2009-11-30": "19.81100", "2008-11-30": "17.34600", "2007-11-30": "17.22700", "2006-11-30": "16.97600", "2005-11-30": "16.30300"}, "Retained Earnings (Accumulated Deficit)": {"2020-11-30": "10564.99000", "2019-11-30": "8295.00100", "2018-11-30": "6487.65000", "2017-11-30": "4840.97800", "2016-11-30": "4306.25600", "2015-11-30": "3429.73600", "2014-11-30": "2660.03400", "2013-11-30": "2053.89300", "2012-11-30": "1605.13100", "2011-11-30": "956.40100", "2010-11-30": "894.10800", "2009-11-30": "828.42400", "2008-11-30": "1273.15900", "2007-11-30": "2496.93300", "2006-11-30": "4539.13700", "2005-11-30": "4046.56300"}, "Comprehensive Income": {"2020-11-30": "-0.80500", "2019-11-30": "0.49800", "2018-11-30": "-0.36600", "2017-11-30": "1.03400", "2016-11-30": "-0.30900", "2015-11-30": "0.03900", "2014-11-30": "0.13000", "2013-11-30": "", "2012-11-30": "", "2011-11-30": "", "2010-11-30": "", "2009-11-30": "", "2008-11-30": "", "2007-11-30": "-2.06100", "2006-11-30": "-2.04100", "2005-11-30": "-5.22100"}, "Other Share Holders Equity": {"2020-11-30": "", "2019-11-30": "", "2018-11-30": "", "2017-11-30": "", "2016-11-30": "", "2015-11-30": "", "2014-11-30": "", "2013-11-30": "", "2012-11-30": "", "2011-11-30": "", "2010-11-30": "", "2009-11-30": "", "2008-11-30": "", "2007-11-30": "", "2006-11-30": "", "2005-11-30": ""}, "Share Holder Equity": {"2020-11-30": "18099.40000", "2019-11-30": "16033.83000", "2018-11-30": "14682.96000", "2017-11-30": "7986.13200", "2016-11-30": "7211.56700", "2015-11-30": "5950.07200", "2014-11-30": "5251.30200", "2013-11-30": "4627.47000", "2012-11-30": "4001.20800", "2011-11-30": "3303.52500", "2010-11-30": "3194.38300", "2009-11-30": "2588.01400", "2008-11-30": "2623.00700", "2007-11-30": "3822.11900", "2006-11-30": "5701.37200", "2005-11-30": "5251.41100"}, "Total Liabilities And Share Holders Equity": {"2020-11-30": "29935.18000", "2019-11-30": "29359.51000", "2018-11-30": "28566.18000", "2017-11-30": "18745.03000", "2016-11-30": "15361.78000", "2015-11-30": "14419.51000", "2014-11-30": "12923.15000", "2013-11-30": "11273.25000", "2012-11-30": "10362.21000", "2011-11-30": "9154.67100", "2010-11-30": "8787.85100", "2009-11-30": "7314.79100", "2008-11-30": "7424.89800", "2007-11-30": "9102.74700", "2006-11-30": "12408.27000", "2005-11-30": "12541.22000"}}, "balance sheet, quarterly": {"Cash On Hand": {"2020-11-30": "2723.11500", "2020-08-31": "1978.75500", "2020-05-31": "1414.20000", "2020-02-29": "798.64610", "2019-11-30": "1213.84500", "2019-08-31": "814.98000", "2019-05-31": "829.10800", "2019-02-28": "882.24400", "2018-11-30": "1381.71500", "2018-08-31": "892.63200", "2018-05-31": "1005.08700", "2018-02-28": "756.74700", "2017-11-30": "2555.99200", "2017-08-31": "759.38400", "2017-05-31": "879.66700", "2017-02-28": "821.80900", "2016-11-30": "1214.87700", "2016-08-31": "712.76200", "2016-05-31": "719.10600", "2016-02-29": "636.67100", "2015-11-30": "1072.19300", "2015-08-31": "734.33400", "2015-05-31": "848.56900", "2015-02-28": "760.98100", "2014-11-30": "1246.44200", "2014-08-31": "796.67600", "2014-05-31": "946.26800", "2014-02-28": "869.11300", "2013-11-30": "935.66300", "2013-08-31": "601.84400", "2013-05-31": "865.64100", "2013-02-28": "1189.65600", "2012-11-30": "1483.52100", "2012-08-31": "957.25900", "2012-05-31": "907.36500", "2012-02-29": "985.57500", "2011-11-30": "1336.12600", "2011-08-31": "1068.46400", "2011-05-31": "1182.94600", "2011-02-28": "1229.96800", "2010-11-30": "1393.16300", "2010-08-31": "1122.13800", "2010-05-31": "1319.28200", "2010-02-28": "958.88800", "2009-11-30": "1339.82800", "2009-08-31": "1348.05400", "2009-05-31": "1456.61500", "2009-02-28": "1107.54600", "2008-11-30": "1100.29600", "2008-08-31": "869.05800", "2008-05-31": "901.23200", "2008-02-29": "1113.89300", "2007-11-30": "677.89600", "2007-08-31": "166.24400", "2007-05-31": "271.47600", "2007-02-28": "287.93700", "2006-11-30": "686.45800", "2006-08-31": "172.03600", "2006-05-31": "198.97700", "2006-02-28": "138.28500", "2005-11-30": "932.23800", "2005-08-31": "92.27600", "2005-05-31": "77.15500", "2005-02-28": "509.06800"}, "Receivables": {"2020-11-30": "298.67100", "2020-08-31": "295.95800", "2020-05-31": "299.49400", "2020-02-29": "311.81700", "2019-11-30": "329.12400", "2019-08-31": "295.41800", "2019-05-31": "303.59500", "2019-02-28": "222.57900", "2018-11-30": "236.84100", "2018-08-31": "170.65800", "2018-05-31": "193.98400", "2018-02-28": "194.23500", "2017-11-30": "137.66700", "2017-08-31": "86.64000", "2017-05-31": "497.92500", "2017-02-28": "290.32400", "2016-11-30": "311.49400", "2016-08-31": "78.98600", "2016-05-31": "45.00000", "2016-02-29": "61.22900", "2015-11-30": "229.48600", "2015-08-31": "74.60400", "2015-05-31": "70.44300", "2015-02-28": "69.54100", "2014-11-30": "247.21700", "2014-08-31": "83.42000", "2014-05-31": "208.92600", "2014-02-28": "130.40200", "2013-11-30": "163.76800", "2013-08-31": "58.60900", "2013-05-31": "60.17800", "2013-02-28": "58.17500", "2012-11-30": "53.74500", "2012-08-31": "46.28100", "2012-05-31": "44.84300", "2012-02-29": "47.74500", "2011-11-30": "53.97700", "2011-08-31": "55.62400", "2011-05-31": "66.98200", "2011-02-28": "61.25800", "2010-11-30": "82.20200", "2010-08-31": "72.58600", "2010-05-31": "73.94700", "2010-02-28": "340.46200", "2009-11-30": "456.48100", "2009-08-31": "112.48400", "2009-05-31": "78.21300", "2009-02-28": "104.46300", "2008-11-30": "349.98000", "2008-08-31": "94.96700", "2008-05-31": "111.12400", "2008-02-29": "134.24100", "2007-11-30": "1089.21600", "2007-08-31": "193.77100", "2007-05-31": "179.80800", "2007-02-28": "165.44300", "2006-11-30": "159.04300", "2006-08-31": "151.57200", "2006-05-31": "155.03800", "2006-02-28": "220.76100", "2005-11-30": "299.23200", "2005-08-31": "279.90400", "2005-05-31": "295.14300", "2005-02-28": "184.49200"}, "Inventory": {"2020-11-30": "16925.23000", "2020-08-31": "17671.26000", "2020-05-31": "17947.41000", "2020-02-29": "18643.48000", "2019-11-30": "17776.51000", "2019-08-31": "18848.17000", "2019-05-31": "18774.49000", "2019-02-28": "18208.80000", "2018-11-30": "17068.70000", "2018-08-31": "17569.07000", "2018-05-31": "17394.99000", "2018-02-28": "17580.82000", "2017-11-30": "10860.89000", "2017-08-31": "10921.58000", "2017-05-31": "10433.17000", "2017-02-28": "10468.68000", "2016-11-30": "9178.92600", "2016-08-31": "9655.74600", "2016-05-31": "9649.70300", "2016-02-29": "9368.31900", "2015-11-30": "8740.59600", "2015-08-31": "8946.06300", "2015-05-31": "8753.77600", "2015-02-28": "8406.50200", "2014-11-30": "7736.60000", "2014-08-31": "7724.43400", "2014-05-31": "7395.11300", "2014-02-28": "7147.33600", "2013-11-30": "6601.04800", "2013-08-31": "6528.93100", "2013-05-31": "5830.62500", "2013-02-28": "5611.97600", "2012-11-30": "5046.39000", "2012-08-31": "5035.65000", "2012-05-31": "4799.29800", "2012-02-29": "4667.54200", "2011-11-30": "4360.53500", "2011-08-31": "4265.01000", "2011-05-31": "4301.56500", "2011-02-28": "4296.77200", "2010-11-30": "4169.60800", "2010-08-31": "4274.32700", "2010-05-31": "4162.13400", "2010-02-28": "4101.01600", "2009-11-30": "4087.98900", "2009-08-31": "4221.45800", "2009-05-31": "4341.98400", "2009-02-28": "4501.74200", "2008-11-30": "4500.09000", "2008-08-31": "4775.58600", "2008-05-31": "4544.72600", "2008-02-29": "4574.15900", "2007-11-30": "4500.40300", "2007-08-31": "6720.49700", "2007-05-31": "7705.23400", "2007-02-28": "8305.62600", "2006-11-30": "7831.48300", "2006-08-31": "8724.99900", "2006-05-31": "8908.98100", "2006-02-28": "8996.57900", "2005-11-30": "7863.53100", "2005-08-31": "7724.31000", "2005-05-31": "6724.89900", "2005-02-28": "5732.82100"}, "Pre-Paid Expenses": {"2020-11-30": "", "2020-08-31": "", "2020-05-31": "", "2020-02-29": "", "2019-11-30": "", "2019-08-31": "", "2019-05-31": "", "2019-02-28": "", "2018-11-30": "", "2018-08-31": "", "2018-05-31": "", "2018-02-28": "", "2017-11-30": "", "2017-08-31": "", "2017-05-31": "", "2017-02-28": "", "2016-11-30": "", "2016-08-31": "", "2016-05-31": "", "2016-02-29": "", "2015-11-30": "", "2015-08-31": "", "2015-05-31": "", "2015-02-28": "", "2014-11-30": "", "2014-08-31": "", "2014-05-31": "", "2014-02-28": "", "2013-11-30": "", "2013-08-31": "", "2013-05-31": "", "2013-02-28": "", "2012-11-30": "", "2012-08-31": "", "2012-05-31": "", "2012-02-29": "", "2011-11-30": "", "2011-08-31": "", "2011-05-31": "", "2011-02-28": "", "2010-11-30": "", "2010-08-31": "", "2010-05-31": "", "2010-02-28": "", "2009-11-30": "", "2009-08-31": "", "2009-05-31": "", "2009-02-28": "", "2008-11-30": "", "2008-08-31": "", "2008-05-31": "", "2008-02-29": "", "2007-11-30": "", "2007-08-31": "", "2007-05-31": "", "2007-02-28": "", "2006-11-30": "", "2006-08-31": "", "2006-05-31": "", "2006-02-28": "", "2005-11-30": "", "2005-08-31": "", "2005-05-31": "", "2005-02-28": ""}, "Other Current Assets": {"2020-11-30": "", "2020-08-31": "", "2020-05-31": "", "2020-02-29": "", "2019-11-30": "", "2019-08-31": "", "2019-05-31": "", "2019-02-28": "", "2018-11-30": "", "2018-08-31": "", "2018-05-31": "", "2018-02-28": "", "2017-11-30": "", "2017-08-31": "", "2017-05-31": "", "2017-02-28": "", "2016-11-30": "", "2016-08-31": "", "2016-05-31": "", "2016-02-29": "", "2015-11-30": "", "2015-08-31": "", "2015-05-31": "", "2015-02-28": "", "2014-11-30": "", "2014-08-31": "", "2014-05-31": "", "2014-02-28": "", "2013-11-30": "", "2013-08-31": "", "2013-05-31": "", "2013-02-28": "", "2012-11-30": "", "2012-08-31": "", "2012-05-31": "", "2012-02-29": "", "2011-11-30": "", "2011-08-31": "", "2011-05-31": "", "2011-02-28": "", "2010-11-30": "", "2010-08-31": "", "2010-05-31": "", "2010-02-28": "", "2009-11-30": "", "2009-08-31": "", "2009-05-31": "", "2009-02-28": "", "2008-11-30": "", "2008-08-31": "", "2008-05-31": "", "2008-02-29": "", "2007-11-30": "", "2007-08-31": "", "2007-05-31": "", "2007-02-28": "", "2006-11-30": "", "2006-08-31": "", "2006-05-31": "", "2006-02-28": "", "2005-11-30": "", "2005-08-31": "", "2005-05-31": "", "2005-02-28": ""}, "Total Current Assets": {"2020-11-30": "19947.01000", "2020-08-31": "19945.97000", "2020-05-31": "19661.10000", "2020-02-29": "19753.94000", "2019-11-30": "19319.48000", "2019-08-31": "19958.57000", "2019-05-31": "19907.19000", "2019-02-28": "19313.62000", "2018-11-30": "18687.26000", "2018-08-31": "18632.36000", "2018-05-31": "18594.06000", "2018-02-28": "18531.80000", "2017-11-30": "13554.55000", "2017-08-31": "11820.39000", "2017-05-31": "11876.09000", "2017-02-28": "11687.29000", "2016-11-30": "10816.91000", "2016-08-31": "10593.31000", "2016-05-31": "10577.61000", "2016-02-29": "10232.75000", "2015-11-30": "10207.10000", "2015-08-31": "9878.54600", "2015-05-31": "9773.42400", "2015-02-28": "9353.74900", "2014-11-30": "9367.38300", "2014-08-31": "8778.81600", "2014-05-31": "8753.49700", "2014-02-28": "8412.27000", "2013-11-30": "7978.87100", "2013-08-31": "7518.05100", "2013-05-31": "7127.13800", "2013-02-28": "7266.01400", "2012-11-30": "7020.19100", "2012-08-31": "6535.99200", "2012-05-31": "6329.88100", "2012-02-29": "6350.65300", "2011-11-30": "6463.99200", "2011-08-31": "6182.10600", "2011-05-31": "6490.27900", "2011-02-28": "6613.82400", "2010-11-30": "6864.28700", "2010-08-31": "6602.61600", "2010-05-31": "6747.36500", "2010-02-28": "6617.66000", "2009-11-30": "5884.29800", "2009-08-31": "5681.99600", "2009-05-31": "5876.81200", "2009-02-28": "5713.75100", "2008-11-30": "5950.36600", "2008-08-31": "5739.61100", "2008-05-31": "5557.08200", "2008-02-29": "5822.29300", "2007-11-30": "6267.51500", "2007-08-31": "7080.51200", "2007-05-31": "8156.51800", "2007-02-28": "8759.00600", "2006-11-30": "8676.98400", "2006-08-31": "9048.60700", "2006-05-31": "9262.99600", "2006-02-28": "9355.62500", "2005-11-30": "9095.00100", "2005-08-31": "8096.49000", "2005-05-31": "7097.19700", "2005-02-28": "6426.38100"}, "Property, Plant, And Equipment": {"2020-11-30": "", "2020-08-31": "", "2020-05-31": "", "2020-02-29": "", "2019-11-30": "", "2019-08-31": "", "2019-05-31": "", "2019-02-28": "", "2018-11-30": "", "2018-08-31": "", "2018-05-31": "", "2018-02-28": "", "2017-11-30": "", "2017-08-31": "", "2017-05-31": "", "2017-02-28": "", "2016-11-30": "", "2016-08-31": "", "2016-05-31": "", "2016-02-29": "", "2015-11-30": "", "2015-08-31": "", "2015-05-31": "", "2015-02-28": "", "2014-11-30": "", "2014-08-31": "", "2014-05-31": "", "2014-02-28": "", "2013-11-30": "", "2013-08-31": "", "2013-05-31": "", "2013-02-28": "", "2012-11-30": "", "2012-08-31": "", "2012-05-31": "", "2012-02-29": "", "2011-11-30": "", "2011-08-31": "", "2011-05-31": "", "2011-02-28": "", "2010-11-30": "", "2010-08-31": "", "2010-05-31": "", "2010-02-28": "", "2009-11-30": "", "2009-08-31": "", "2009-05-31": "", "2009-02-28": "", "2008-11-30": "", "2008-08-31": "", "2008-05-31": "", "2008-02-29": "", "2007-11-30": "", "2007-08-31": "", "2007-05-31": "", "2007-02-28": "", "2006-11-30": "", "2006-08-31": "", "2006-05-31": "", "2006-02-28": "", "2005-11-30": "", "2005-08-31": "", "2005-05-31": "", "2005-02-28": ""}, "Long-Term Investments": {"2020-11-30": "1393.67300", "2020-08-31": "940.69500", "2020-05-31": "1406.73400", "2020-02-29": "1406.29700", "2019-11-30": "1466.84000", "2019-08-31": "1511.47300", "2019-05-31": "1474.07500", "2019-02-28": "1412.64500", "2018-11-30": "1354.27900", "2018-08-31": "1503.05000", "2018-05-31": "1467.49100", "2018-02-28": "990.72300", "2017-11-30": "1345.84600", "2017-08-31": "1408.60100", "2017-05-31": "1352.15300", "2017-02-28": "1257.36600", "2016-11-30": "1128.72400", "2016-08-31": "1099.10700", "2016-05-31": "1084.69900", "2016-02-29": "1054.74900", "2015-11-30": "992.04500", "2015-08-31": "871.14200", "2015-05-31": "901.57200", "2015-02-28": "884.63700", "2014-11-30": "849.82700", "2014-08-31": "873.75500", "2014-05-31": "847.72800", "2014-02-28": "854.50800", "2013-11-30": "871.52200", "2013-08-31": "880.51600", "2013-05-31": "845.18900", "2013-02-28": "683.95100", "2012-11-30": "670.37400", "2012-08-31": "672.33400", "2012-05-31": "717.30900", "2012-02-29": "713.09900", "2011-11-30": "670.47200", "2011-08-31": "795.90100", "2011-05-31": "768.60900", "2011-02-28": "743.09400", "2010-11-30": "710.71100", "2010-08-31": "743.69300", "2010-05-31": "674.82900", "2010-02-28": "650.88100", "2009-11-30": "609.14000", "2009-08-31": "650.87800", "2009-05-31": "656.28000", "2009-02-28": "776.81200", "2008-11-30": "766.75200", "2008-08-31": "799.18900", "2008-05-31": "869.85900", "2008-02-29": "915.22200", "2007-11-30": "934.27100", "2007-08-31": "1077.22000", "2007-05-31": "1235.60300", "2007-02-28": "1215.62000", "2006-11-30": "1447.17800", "2006-08-31": "1541.10400", "2006-05-31": "1450.69900", "2006-02-28": "1381.76500", "2005-11-30": "1282.68600", "2005-08-31": "1194.51200", "2005-05-31": "1015.69600", "2005-02-28": "939.12500"}, "Goodwill And Intangible Assets": {"2020-11-30": "3442.35900", "2020-08-31": "3442.35900", "2020-05-31": "3442.35900", "2020-02-29": "3442.35900", "2019-11-30": "3442.35900", "2019-08-31": "3442.35900", "2019-05-31": "3442.35900", "2019-02-28": "3442.35900", "2018-11-30": "3442.35900", "2018-08-31": "3457.99900", "2018-05-31": "3451.99400", "2018-02-28": "3433.47700", "2017-11-30": "136.56600", "2017-08-31": "140.27000", "2017-05-31": "136.63300", "2017-02-28": "143.29800", "2016-11-30": "", "2016-08-31": "", "2016-05-31": "", "2016-02-29": "", "2015-11-30": "", "2015-08-31": "", "2015-05-31": "", "2015-02-28": "", "2014-11-30": "", "2014-08-31": "", "2014-05-31": "", "2014-02-28": "", "2013-11-30": "", "2013-08-31": "", "2013-05-31": "", "2013-02-28": "", "2012-11-30": "", "2012-08-31": "", "2012-05-31": "", "2012-02-29": "", "2011-11-30": "", "2011-08-31": "", "2011-05-31": "", "2011-02-28": "", "2010-11-30": "", "2010-08-31": "", "2010-05-31": "", "2010-02-28": "", "2009-11-30": "", "2009-08-31": "", "2009-05-31": "", "2009-02-28": "", "2008-11-30": "", "2008-08-31": "", "2008-05-31": "", "2008-02-29": "", "2007-11-30": "", "2007-08-31": "173.70100", "2007-05-31": "190.19800", "2007-02-28": "190.19800", "2006-11-30": "196.63800", "2006-08-31": "196.63800", "2006-05-31": "196.63800", "2006-02-28": "201.97700", "2005-11-30": "195.15600", "2005-08-31": "", "2005-05-31": "", "2005-02-28": ""}, "Other Long-Term Assets": {"2020-11-30": "5152.13100", "2020-08-31": "4986.25600", "2020-05-31": "4798.83200", "2020-02-29": "4571.10000", "2019-11-30": "5130.83600", "2019-08-31": "4544.10400", "2019-05-31": "4752.68100", "2019-02-28": "4557.42700", "2018-11-30": "5056.65100", "2018-08-31": "4643.34000", "2018-05-31": "4777.45800", "2018-02-28": "4988.02500", "2017-11-30": "3622.02600", "2017-08-31": "3446.42000", "2017-05-31": "3229.17500", "2017-02-28": "2933.37100", "2016-11-30": "3172.44900", "2016-08-31": "3024.16300", "2016-05-31": "2879.53500", "2016-02-29": "2581.56300", "2015-11-30": "2883.59400", "2015-08-31": "3038.08400", "2015-05-31": "2811.33000", "2015-02-28": "2454.17900", "2014-11-30": "2259.61100", "2014-08-31": "2107.69500", "2014-05-31": "1821.50300", "2014-02-28": "1668.10100", "2013-11-30": "1796.01400", "2013-08-31": "1733.09500", "2013-05-31": "1839.13100", "2013-02-28": "1756.35300", "2012-11-30": "1936.45800", "2012-08-31": "1747.22900", "2012-05-31": "1556.50300", "2012-02-29": "1071.59300", "2011-11-30": "1294.41900", "2011-08-31": "1078.67800", "2011-05-31": "909.62490", "2011-02-28": "777.32100", "2010-11-30": "954.74900", "2010-08-31": "874.68500", "2010-05-31": "826.68600", "2010-02-28": "713.20600", "2009-11-30": "821.35300", "2009-08-31": "755.46500", "2009-05-31": "749.89500", "2009-02-28": "679.54800", "2008-11-30": "707.78000", "2008-08-31": "1688.16000", "2008-05-31": "1826.91800", "2008-02-29": "1777.68600", "2007-11-30": "1900.96100", "2007-08-31": "2101.02000", "2007-05-31": "1959.75100", "2007-02-28": "1871.15300", "2006-11-30": "2087.46600", "2006-08-31": "1714.75100", "2006-05-31": "1923.57500", "2006-02-28": "1743.87600", "2005-11-30": "1968.38200", "2005-08-31": "1665.71500", "2005-05-31": "1492.74100", "2005-02-28": "1387.98800"}, "Total Long-Term Assets": {"2020-11-30": "9988.16300", "2020-08-31": "9369.31000", "2020-05-31": "9647.92500", "2020-02-29": "9419.75600", "2019-11-30": "10040.04000", "2019-08-31": "9500.87900", "2019-05-31": "9675.87300", "2019-02-28": "9436.30500", "2018-11-30": "9878.92100", "2018-08-31": "9657.03300", "2018-05-31": "9757.04400", "2018-02-28": "9412.22500", "2017-11-30": "5190.48500", "2017-08-31": "5118.98600", "2017-05-31": "4878.41300", "2017-02-28": "4542.82800", "2016-11-30": "4544.87600", "2016-08-31": "4405.41300", "2016-05-31": "4270.18800", "2016-02-29": "3962.43300", "2015-11-30": "4212.40800", "2015-08-31": "4290.83000", "2015-05-31": "4122.03600", "2015-02-28": "3766.89600", "2014-11-30": "3555.76800", "2014-08-31": "3511.26100", "2014-05-31": "3241.12900", "2014-02-28": "3114.51800", "2013-11-30": "3294.37600", "2013-08-31": "3497.54200", "2013-05-31": "3367.01900", "2013-02-28": "3166.25500", "2012-11-30": "3342.01500", "2012-08-31": "3182.50800", "2012-05-31": "3021.32800", "2012-02-29": "2516.84100", "2011-11-30": "2690.67900", "2011-08-31": "2541.91100", "2011-05-31": "2208.95000", "2011-02-28": "1966.66000", "2010-11-30": "1923.56400", "2010-08-31": "1677.28300", "2010-05-31": "1501.51500", "2010-02-28": "1364.08700", "2009-11-30": "1430.49300", "2009-08-31": "1406.34300", "2009-05-31": "1406.17500", "2009-02-28": "1456.36000", "2008-11-30": "1474.53200", "2008-08-31": "2487.34900", "2008-05-31": "2696.77700", "2008-02-29": "2692.90800", "2007-11-30": "2835.23200", "2007-08-31": "3351.94100", "2007-05-31": "3385.55200", "2007-02-28": "3276.97100", "2006-11-30": "3731.28200", "2006-08-31": "3452.49300", "2006-05-31": "3570.91200", "2006-02-28": "3327.61800", "2005-11-30": "3446.22400", "2005-08-31": "2860.22700", "2005-05-31": "2508.43700", "2005-02-28": "2327.11300"}, "Total Assets": {"2020-11-30": "29935.18000", "2020-08-31": "29315.29000", "2020-05-31": "29309.03000", "2020-02-29": "29173.70000", "2019-11-30": "29359.51000", "2019-08-31": "29459.45000", "2019-05-31": "29583.06000", "2019-02-28": "28749.93000", "2018-11-30": "28566.18000", "2018-08-31": "28289.39000", "2018-05-31": "28351.11000", "2018-02-28": "27944.02000", "2017-11-30": "18745.03000", "2017-08-31": "16939.37000", "2017-05-31": "16754.51000", "2017-02-28": "16230.11000", "2016-11-30": "15361.78000", "2016-08-31": "14998.72000", "2016-05-31": "14847.80000", "2016-02-29": "14195.19000", "2015-11-30": "14419.51000", "2015-08-31": "14169.38000", "2015-05-31": "13895.46000", "2015-02-28": "13120.64000", "2014-11-30": "12923.15000", "2014-08-31": "12290.08000", "2014-05-31": "11994.63000", "2014-02-28": "11526.79000", "2013-11-30": "11273.25000", "2013-08-31": "11015.59000", "2013-05-31": "10494.16000", "2013-02-28": "10432.27000", "2012-11-30": "10362.21000", "2012-08-31": "9718.50000", "2012-05-31": "9351.20900", "2012-02-29": "8867.49400", "2011-11-30": "9154.67100", "2011-08-31": "8724.01800", "2011-05-31": "8699.22900", "2011-02-28": "8580.48400", "2010-11-30": "8787.85100", "2010-08-31": "8279.89900", "2010-05-31": "8248.88000", "2010-02-28": "7981.74700", "2009-11-30": "7314.79100", "2009-08-31": "7088.33900", "2009-05-31": "7282.98700", "2009-02-28": "7170.11100", "2008-11-30": "7424.89800", "2008-08-31": "8226.96000", "2008-05-31": "8253.85900", "2008-02-29": "8515.20100", "2007-11-30": "9102.74700", "2007-08-31": "10432.45000", "2007-05-31": "11542.07000", "2007-02-28": "12035.98000", "2006-11-30": "12408.27000", "2006-08-31": "12501.10000", "2006-05-31": "12833.91000", "2006-02-28": "12683.24000", "2005-11-30": "12541.22000", "2005-08-31": "10956.72000", "2005-05-31": "9605.63400", "2005-02-28": "8753.49400"}, "Total Current Liabilities": {"2020-11-30": "1745.93500", "2020-08-31": "1464.88500", "2020-05-31": "1383.80200", "2020-02-29": "1561.17000", "2019-11-30": "1344.62300", "2019-08-31": "1406.56300", "2019-05-31": "1429.44900", "2019-02-28": "1307.67600", "2018-11-30": "1344.86000", "2018-08-31": "1476.53500", "2018-05-31": "1574.69600", "2018-02-28": "1129.84500", "2017-11-30": "1610.75400", "2017-08-31": "1523.68300", "2017-05-31": "1408.13300", "2017-02-28": "1253.28900", "2016-11-30": "1210.88700", "2016-08-31": "1144.07400", "2016-05-31": "1110.64100", "2016-02-29": "1071.90900", "2015-11-30": "1299.06800", "2015-08-31": "1256.39200", "2015-05-31": "1115.59000", "2015-02-28": "1077.40900", "2014-11-30": "1074.66300", "2014-08-31": "1056.53700", "2014-05-31": "1028.05600", "2014-02-28": "1093.46800", "2013-11-30": "1153.24900", "2013-08-31": "1059.54900", "2013-05-31": "755.82100", "2013-02-28": "781.84900", "2012-11-30": "1086.15700", "2012-08-31": "1052.46000", "2012-05-31": "1070.11500", "2012-02-29": "1099.49600", "2011-11-30": "1323.42100", "2011-08-31": "1317.69900", "2011-05-31": "1295.16800", "2011-02-28": "1283.62200", "2010-11-30": "1322.95300", "2010-08-31": "1232.05600", "2010-05-31": "1206.66800", "2010-02-28": "1225.24200", "2009-11-30": "687.95500", "2009-08-31": "748.28400", "2009-05-31": "742.77300", "2009-02-28": "761.37500", "2008-11-30": "839.50400", "2008-08-31": "871.29300", "2008-05-31": "850.34400", "2008-02-29": "924.40600", "2007-11-30": "1095.21500", "2007-08-31": "810.00600", "2007-05-31": "916.01200", "2007-02-28": "992.44600", "2006-11-30": "1085.21900", "2006-08-31": "985.74400", "2006-05-31": "1096.33000", "2006-02-28": "1102.44700", "2005-11-30": "1183.27500", "2005-08-31": "2439.36400", "2005-05-31": "2130.93700", "2005-02-28": "1834.16700"}, "Long Term Debt": {"2020-11-30": "5955.75800", "2020-08-31": "7180.27400", "2020-05-31": "7495.67400", "2020-02-29": "8115.49800", "2019-11-30": "7776.63800", "2019-08-31": "9075.01600", "2019-05-31": "9390.94100", "2019-02-28": "9256.42300", "2018-11-30": "8543.86800", "2018-08-31": "9407.98700", "2018-05-31": "9985.61500", "2018-02-28": "10382.54000", "2017-11-30": "6410.00300", "2017-08-31": "5523.76500", "2017-05-31": "5767.68900", "2017-02-28": "5778.30600", "2016-11-30": "4575.97700", "2016-08-31": "4920.84800", "2016-05-31": "5316.23500", "2016-02-29": "5333.98100", "2015-11-30": "5025.13000", "2015-08-31": "5261.86200", "2015-05-31": "5291.13600", "2015-02-28": "5133.11800", "2014-11-30": "4661.26600", "2014-08-31": "4692.88000", "2014-05-31": "4683.43800", "2014-02-28": "4664.71500", "2013-11-30": "4194.43200", "2013-08-31": "4624.61400", "2013-05-31": "4538.34400", "2013-02-28": "4505.66200", "2012-11-30": "4005.05100", "2012-08-31": "3671.59500", "2012-05-31": "3469.61600", "2012-02-29": "3472.93700", "2011-11-30": "3362.75900", "2011-08-31": "3127.64900", "2011-05-31": "3104.31700", "2011-02-28": "3129.06500", "2010-11-30": "3128.15400", "2010-08-31": "2843.22900", "2010-05-31": "2890.21200", "2010-02-28": "2682.92800", "2009-11-30": "2761.35200", "2009-08-31": "2665.79600", "2009-05-31": "2664.85300", "2009-02-28": "2574.11500", "2008-11-30": "2544.93500", "2008-08-31": "2338.69700", "2008-05-31": "2310.49400", "2008-02-29": "2279.49700", "2007-11-30": "2295.43600", "2007-08-31": "2571.29100", "2007-05-31": "2585.28600", "2007-02-28": "2581.49400", "2006-11-30": "2613.50300", "2006-08-31": "2784.07400", "2006-05-31": "2908.29600", "2006-02-28": "3125.17200", "2005-11-30": "2592.77200", "2005-08-31": "2780.33100", "2005-05-31": "2337.43600", "2005-02-28": "2002.86700"}, "Other Non-Current Liabilities": {"2020-11-30": "4134.08300", "2020-08-31": "3389.78100", "2020-05-31": "3796.92500", "2020-02-29": "3303.65400", "2019-11-30": "4204.42000", "2019-08-31": "3511.92100", "2019-05-31": "3516.13900", "2019-02-28": "3292.13200", "2018-11-30": "3994.49600", "2018-08-31": "3288.69300", "2018-05-31": "3091.92800", "2018-02-28": "3257.55400", "2017-11-30": "2738.14500", "2017-08-31": "2232.46500", "2017-05-31": "2141.67700", "2017-02-28": "1942.74300", "2016-11-30": "2363.35000", "2016-08-31": "2170.89200", "2016-05-31": "2057.99100", "2016-02-29": "1695.84900", "2015-11-30": "2145.23900", "2015-08-31": "1976.42400", "2015-05-31": "2013.01400", "2015-02-28": "1601.12800", "2014-11-30": "1935.92000", "2014-08-31": "1502.51900", "2014-05-31": "1391.82500", "2014-02-28": "1067.44800", "2013-11-30": "1298.09600", "2013-08-31": "1160.74400", "2013-05-31": "1155.15300", "2013-02-28": "1075.11800", "2012-11-30": "1269.79000", "2012-08-31": "1136.06800", "2012-05-31": "1031.57000", "2012-02-29": "971.80800", "2011-11-30": "1164.96600", "2011-08-31": "998.38300", "2011-05-31": "1040.49600", "2011-02-28": "934.81100", "2010-11-30": "1142.36100", "2010-08-31": "1136.19100", "2010-05-31": "1123.06700", "2010-02-28": "1095.21300", "2009-11-30": "1277.47000", "2009-08-31": "1096.90800", "2009-05-31": "1234.85600", "2009-02-28": "1202.97400", "2008-11-30": "1251.70600", "2008-08-31": "1410.09200", "2008-05-31": "1512.68200", "2008-02-29": "1607.76400", "2007-11-30": "1861.44900", "2007-08-31": "1934.52400", "2007-05-31": "2400.96200", "2007-02-28": "2635.05400", "2006-11-30": "2952.77900", "2006-08-31": "2727.45700", "2006-05-31": "2971.95600", "2006-02-28": "2828.28200", "2005-11-30": "3435.52400", "2005-08-31": "1017.71000", "2005-05-31": "869.77500", "2005-02-28": "754.95200"}, "Total Long Term Liabilities": {"2020-11-30": "10089.84000", "2020-08-31": "10570.05000", "2020-05-31": "11292.60000", "2020-02-29": "11419.15000", "2019-11-30": "11981.06000", "2019-08-31": "12586.94000", "2019-05-31": "12907.08000", "2019-02-28": "12548.55000", "2018-11-30": "12538.36000", "2018-08-31": "12696.68000", "2018-05-31": "13077.54000", "2018-02-28": "13640.09000", "2017-11-30": "9148.14800", "2017-08-31": "7756.23000", "2017-05-31": "7909.36600", "2017-02-28": "7721.04900", "2016-11-30": "6939.32700", "2016-08-31": "7091.74000", "2016-05-31": "7374.22600", "2016-02-29": "7029.83000", "2015-11-30": "7170.36900", "2015-08-31": "7238.28600", "2015-05-31": "7304.15000", "2015-02-28": "6734.24600", "2014-11-30": "6597.18600", "2014-08-31": "6195.39900", "2014-05-31": "6075.26300", "2014-02-28": "5732.16300", "2013-11-30": "5492.52800", "2013-08-31": "5785.35800", "2013-05-31": "5693.49700", "2013-02-28": "5580.78000", "2012-11-30": "5274.84100", "2012-08-31": "4807.66300", "2012-05-31": "4501.18600", "2012-02-29": "4444.74500", "2011-11-30": "4527.72500", "2011-08-31": "4126.03200", "2011-05-31": "4144.81300", "2011-02-28": "4063.87600", "2010-11-30": "4270.51500", "2010-08-31": "3979.42000", "2010-05-31": "4013.27900", "2010-02-28": "3778.14100", "2009-11-30": "4038.82200", "2009-08-31": "3934.09500", "2009-05-31": "4058.20800", "2009-02-28": "3941.36100", "2008-11-30": "3962.38700", "2008-08-31": "3923.76900", "2008-05-31": "3863.92500", "2008-02-29": "3909.89700", "2007-11-30": "4185.41300", "2007-08-31": "4525.18800", "2007-05-31": "5042.50300", "2007-02-28": "5268.55000", "2006-11-30": "5621.67500", "2006-08-31": "5584.55800", "2006-05-31": "5971.35900", "2006-02-28": "6025.99600", "2005-11-30": "6106.53900", "2005-08-31": "3798.04100", "2005-05-31": "3207.21100", "2005-02-28": "2757.81900"}, "Total Liabilities": {"2020-11-30": "11835.78000", "2020-08-31": "12034.94000", "2020-05-31": "12676.40000", "2020-02-29": "12980.32000", "2019-11-30": "13325.68000", "2019-08-31": "13993.50000", "2019-05-31": "14336.53000", "2019-02-28": "13856.23000", "2018-11-30": "13883.22000", "2018-08-31": "14173.21000", "2018-05-31": "14652.24000", "2018-02-28": "14769.94000", "2017-11-30": "10758.90000", "2017-08-31": "9279.91300", "2017-05-31": "9317.49900", "2017-02-28": "8974.33800", "2016-11-30": "8150.21400", "2016-08-31": "8235.81400", "2016-05-31": "8484.86700", "2016-02-29": "8101.73900", "2015-11-30": "8469.43700", "2015-08-31": "8494.67800", "2015-05-31": "8419.74000", "2015-02-28": "7811.65500", "2014-11-30": "7671.84900", "2014-08-31": "7251.93600", "2014-05-31": "7103.31900", "2014-02-28": "6825.63100", "2013-11-30": "6645.77700", "2013-08-31": "6844.90700", "2013-05-31": "6449.31800", "2013-02-28": "6362.62900", "2012-11-30": "6360.99800", "2012-08-31": "5860.12300", "2012-05-31": "5571.30100", "2012-02-29": "5544.24100", "2011-11-30": "5851.14600", "2011-08-31": "5443.73100", "2011-05-31": "5439.98100", "2011-02-28": "5347.49800", "2010-11-30": "5593.46800", "2010-08-31": "5211.47600", "2010-05-31": "5219.94700", "2010-02-28": "5003.38300", "2009-11-30": "4726.77700", "2009-08-31": "4682.37900", "2009-05-31": "4800.98100", "2009-02-28": "4702.73600", "2008-11-30": "4801.89100", "2008-08-31": "4795.06200", "2008-05-31": "4714.26900", "2008-02-29": "4834.30300", "2007-11-30": "5280.62800", "2007-08-31": "5335.19400", "2007-05-31": "5958.51500", "2007-02-28": "6260.99600", "2006-11-30": "6706.89400", "2006-08-31": "6570.30200", "2006-05-31": "7067.68900", "2006-02-28": "7128.44300", "2005-11-30": "7289.81400", "2005-08-31": "6237.40500", "2005-05-31": "5338.14800", "2005-02-28": "4591.98600"}, "Common Stock Net": {"2020-11-30": "33.83800", "2020-08-31": "33.83800", "2020-05-31": "33.74800", "2020-02-29": "33.74600", "2019-11-30": "33.65600", "2019-08-31": "33.65300", "2019-05-31": "33.44700", "2019-02-28": "33.44500", "2018-11-30": "33.44300", "2018-08-31": "33.44200", "2018-05-31": "33.31700", "2018-02-28": "32.92900", "2017-11-30": "24.31200", "2017-08-31": "23.84100", "2017-05-31": "23.71300", "2017-02-28": "23.70900", "2016-11-30": "23.70700", "2016-08-31": "23.03900", "2016-05-31": "22.17200", "2016-02-29": "21.72400", "2015-11-30": "21.36400", "2015-08-31": "21.25800", "2015-05-31": "20.72700", "2015-02-28": "20.72300", "2014-11-30": "20.72200", "2014-08-31": "20.72200", "2014-05-31": "20.61200", "2014-02-28": "21.78200", "2013-11-30": "21.78100", "2013-08-31": "20.78100", "2013-05-31": "20.64000", "2013-02-28": "20.57100", "2012-11-30": "20.53800", "2012-08-31": "20.42000", "2012-05-31": "20.26600", "2012-02-29": "20.25400", "2011-11-30": "20.20800", "2011-08-31": "20.03800", "2011-05-31": "20.03000", "2011-02-28": "20.02800", "2010-11-30": "19.99800", "2010-08-31": "19.82800", "2010-05-31": "19.82800", "2010-02-28": "19.82000", "2009-11-30": "19.81100", "2009-08-31": "19.65000", "2009-05-31": "18.83400", "2009-02-28": "17.34600", "2008-11-30": "17.34600", "2008-08-31": "17.34600", "2008-05-31": "17.34100", "2008-02-29": "17.34000", "2007-11-30": "17.22700", "2007-08-31": "17.21000", "2007-05-31": "17.20800", "2007-02-28": "17.17400", "2006-11-30": "16.97600", "2006-08-31": "16.96000", "2006-05-31": "16.95300", "2006-02-28": "16.44500", "2005-11-30": "16.30300", "2005-08-31": "16.25400", "2005-05-31": "15.78500", "2005-02-28": "15.74400"}, "Retained Earnings (Accumulated Deficit)": {"2020-11-30": "10564.99000", "2020-08-31": "9760.16500", "2020-05-31": "9132.71400", "2020-02-29": "8654.21300", "2019-11-30": "8295.00100", "2019-08-31": "7633.37500", "2019-05-31": "7132.90800", "2019-02-28": "6724.24200", "2018-11-30": "6487.65000", "2018-08-31": "5704.67600", "2018-05-31": "5264.67400", "2018-02-28": "4967.58000", "2017-11-30": "4840.97800", "2017-08-31": "4778.96500", "2017-05-31": "4539.20300", "2017-02-28": "4334.93600", "2016-11-30": "4306.25600", "2016-08-31": "4001.90500", "2016-05-31": "3775.09400", "2016-02-29": "3565.26400", "2015-11-30": "3429.73600", "2015-08-31": "3156.56000", "2015-05-31": "2941.59500", "2015-02-28": "2766.78900", "2014-11-30": "2660.03400", "2014-08-31": "2422.92100", "2014-05-31": "2253.37400", "2014-02-28": "2123.84100", "2013-11-30": "2053.89300", "2013-08-31": "1897.57900", "2013-05-31": "1784.66900", "2013-02-28": "1654.93000", "2012-11-30": "1605.13100", "2012-08-31": "1488.42600", "2012-05-31": "1408.94000", "2012-02-29": "963.80700", "2011-11-30": "956.40100", "2011-08-31": "933.60400", "2011-05-31": "920.35300", "2011-02-28": "914.04500", "2010-11-30": "894.10800", "2010-08-31": "869.47600", "2010-05-31": "846.83300", "2010-02-28": "814.51500", "2009-11-30": "828.42400", "2009-08-31": "800.18000", "2009-05-31": "978.78900", "2009-02-28": "1110.81800", "2008-11-30": "1273.15900", "2008-08-31": "2090.56400", "2008-05-31": "2205.18800", "2008-02-29": "2351.78600", "2007-11-30": "2496.93300", "2007-08-31": "3773.86800", "2007-05-31": "4313.00100", "2007-02-28": "4582.58600", "2006-11-30": "4539.13700", "2006-08-31": "4759.86500", "2006-05-31": "4578.39800", "2006-02-28": "4279.30100", "2005-11-30": "4046.56300", "2005-08-31": "3490.53400", "2005-05-31": "3174.90300", "2005-02-28": "2952.50300"}, "Comprehensive Income": {"2020-11-30": "-0.80500", "2020-08-31": "-0.16300", "2020-05-31": "-0.33800", "2020-02-29": "0.45200", "2019-11-30": "0.49800", "2019-08-31": "0.40700", "2019-05-31": "0.22700", "2019-02-28": "-0.15800", "2018-11-30": "-0.36600", "2018-08-31": "-0.61500", "2018-05-31": "-0.33900", "2018-02-28": "0.37600", "2017-11-30": "1.03400", "2017-08-31": "1.25100", "2017-05-31": "1.08600", "2017-02-28": "0.66300", "2016-11-30": "-0.30900", "2016-08-31": "1.12300", "2016-05-31": "0.51500", "2016-02-29": "-0.39800", "2015-11-30": "0.03900", "2015-08-31": "-0.18700", "2015-05-31": "", "2015-02-28": "", "2014-11-30": "0.13000", "2014-08-31": "", "2014-05-31": "", "2014-02-28": "", "2013-11-30": "", "2013-08-31": "", "2013-05-31": "", "2013-02-28": "", "2012-11-30": "", "2012-08-31": "", "2012-05-31": "", "2012-02-29": "", "2011-11-30": "", "2011-08-31": "", "2011-05-31": "", "2011-02-28": "", "2010-11-30": "", "2010-08-31": "", "2010-05-31": "", "2010-02-28": "", "2009-11-30": "", "2009-08-31": "", "2009-05-31": "", "2009-02-28": "", "2008-11-30": "", "2008-08-31": "", "2008-05-31": "-2.81200", "2008-02-29": "-3.66000", "2007-11-30": "-2.06100", "2007-08-31": "-0.70100", "2007-05-31": "-1.06600", "2007-02-28": "-1.51300", "2006-11-30": "-2.04100", "2006-08-31": "-3.01400", "2006-05-31": "-3.36400", "2006-02-28": "-4.19700", "2005-11-30": "-5.22100", "2005-08-31": "-47.75300", "2005-05-31": "-16.25100", "2005-02-28": "-13.07100"}, "Other Share Holders Equity": {"2020-11-30": "", "2020-08-31": "", "2020-05-31": "", "2020-02-29": "", "2019-11-30": "", "2019-08-31": "", "2019-05-31": "", "2019-02-28": "", "2018-11-30": "", "2018-08-31": "", "2018-05-31": "", "2018-02-28": "", "2017-11-30": "", "2017-08-31": "", "2017-05-31": "", "2017-02-28": "", "2016-11-30": "", "2016-08-31": "", "2016-05-31": "", "2016-02-29": "", "2015-11-30": "", "2015-08-31": "", "2015-05-31": "", "2015-02-28": "", "2014-11-30": "", "2014-08-31": "", "2014-05-31": "", "2014-02-28": "", "2013-11-30": "", "2013-08-31": "", "2013-05-31": "", "2013-02-28": "", "2012-11-30": "", "2012-08-31": "", "2012-05-31": "", "2012-02-29": "", "2011-11-30": "", "2011-08-31": "", "2011-05-31": "", "2011-02-28": "", "2010-11-30": "", "2010-08-31": "", "2010-05-31": "", "2010-02-28": "", "2009-11-30": "", "2009-08-31": "", "2009-05-31": "", "2009-02-28": "", "2008-11-30": "", "2008-08-31": "", "2008-05-31": "", "2008-02-29": "", "2007-11-30": "", "2007-08-31": "", "2007-05-31": "", "2007-02-28": "", "2006-11-30": "", "2006-08-31": "", "2006-05-31": "", "2006-02-28": "", "2005-11-30": "", "2005-08-31": "", "2005-05-31": "", "2005-02-28": ""}, "Share Holder Equity": {"2020-11-30": "18099.40000", "2020-08-31": "17280.35000", "2020-05-31": "16632.62000", "2020-02-29": "16193.38000", "2019-11-30": "16033.83000", "2019-08-31": "15465.95000", "2019-05-31": "15246.54000", "2019-02-28": "14893.70000", "2018-11-30": "14682.96000", "2018-08-31": "14116.18000", "2018-05-31": "13698.87000", "2018-02-28": "13174.08000", "2017-11-30": "7986.13200", "2017-08-31": "7659.46000", "2017-05-31": "7437.00600", "2017-02-28": "7255.77500", "2016-11-30": "7211.56700", "2016-08-31": "6762.90600", "2016-05-31": "6362.93400", "2016-02-29": "6093.44900", "2015-11-30": "5950.07200", "2015-08-31": "5674.69700", "2015-05-31": "5475.71900", "2015-02-28": "5308.99000", "2014-11-30": "5251.30200", "2014-08-31": "5038.14100", "2014-05-31": "4891.30700", "2014-02-28": "4701.15700", "2013-11-30": "4627.47000", "2013-08-31": "4170.68600", "2013-05-31": "4044.83900", "2013-02-28": "4069.64000", "2012-11-30": "4001.20800", "2012-08-31": "3858.37700", "2012-05-31": "3779.90800", "2012-02-29": "3323.25300", "2011-11-30": "3303.52500", "2011-08-31": "3280.28700", "2011-05-31": "3259.24800", "2011-02-28": "3232.98600", "2010-11-30": "3194.38300", "2010-08-31": "3068.42300", "2010-05-31": "3028.93300", "2010-02-28": "2978.36400", "2009-11-30": "2588.01400", "2009-08-31": "2405.96000", "2009-05-31": "2482.00600", "2009-02-28": "2467.37500", "2008-11-30": "2623.00700", "2008-08-31": "3431.89800", "2008-05-31": "3539.59000", "2008-02-29": "3680.89800", "2007-11-30": "3822.11900", "2007-08-31": "5097.25900", "2007-05-31": "5583.55500", "2007-02-28": "5774.98100", "2006-11-30": "5701.37200", "2006-08-31": "5930.79800", "2006-05-31": "5766.21900", "2006-02-28": "5554.80000", "2005-11-30": "5251.41100", "2005-08-31": "4719.31200", "2005-05-31": "4267.48600", "2005-02-28": "4161.50800"}, "Total Liabilities And Share Holders Equity": {"2020-11-30": "29935.18000", "2020-08-31": "29315.29000", "2020-05-31": "29309.03000", "2020-02-29": "29173.70000", "2019-11-30": "29359.51000", "2019-08-31": "29459.45000", "2019-05-31": "29583.06000", "2019-02-28": "28749.93000", "2018-11-30": "28566.18000", "2018-08-31": "28289.39000", "2018-05-31": "28351.11000", "2018-02-28": "27944.02000", "2017-11-30": "18745.03000", "2017-08-31": "16939.37000", "2017-05-31": "16754.51000", "2017-02-28": "16230.11000", "2016-11-30": "15361.78000", "2016-08-31": "14998.72000", "2016-05-31": "14847.80000", "2016-02-29": "14195.19000", "2015-11-30": "14419.51000", "2015-08-31": "14169.38000", "2015-05-31": "13895.46000", "2015-02-28": "13120.64000", "2014-11-30": "12923.15000", "2014-08-31": "12290.08000", "2014-05-31": "11994.63000", "2014-02-28": "11526.79000", "2013-11-30": "11273.25000", "2013-08-31": "11015.59000", "2013-05-31": "10494.16000", "2013-02-28": "10432.27000", "2012-11-30": "10362.21000", "2012-08-31": "9718.50000", "2012-05-31": "9351.20900", "2012-02-29": "8867.49400", "2011-11-30": "9154.67100", "2011-08-31": "8724.01800", "2011-05-31": "8699.22900", "2011-02-28": "8580.48400", "2010-11-30": "8787.85100", "2010-08-31": "8279.89900", "2010-05-31": "8248.88000", "2010-02-28": "7981.74700", "2009-11-30": "7314.79100", "2009-08-31": "7088.33900", "2009-05-31": "7282.98700", "2009-02-28": "7170.11100", "2008-11-30": "7424.89800", "2008-08-31": "8226.96000", "2008-05-31": "8253.85900", "2008-02-29": "8515.20100", "2007-11-30": "9102.74700", "2007-08-31": "10432.45000", "2007-05-31": "11542.07000", "2007-02-28": "12035.98000", "2006-11-30": "12408.27000", "2006-08-31": "12501.10000", "2006-05-31": "12833.91000", "2006-02-28": "12683.24000", "2005-11-30": "12541.22000", "2005-08-31": "10956.72000", "2005-05-31": "9605.63400", "2005-02-28": "8753.49400"}}, "cash flow statement": {"Net Income/Loss": {"2020-11-30": "2467.55300", "2019-11-30": "1842.11900", "2018-11-30": "1717.51300", "2017-11-30": "771.75400", "2016-11-30": "913.09100", "2015-11-30": "819.20000", "2014-11-30": "628.69300", "2013-11-30": "504.92600", "2012-11-30": "657.33200", "2011-11-30": "112.54400", "2010-11-30": "120.45900", "2009-11-30": "-446.05900", "2008-11-30": "-1113.18200", "2007-11-30": "-1941.08100", "2006-11-30": "593.86900", "2005-11-30": "1344.41000"}, "Total Depreciation And Amortization - Cash Flow": {"2020-11-30": "69.77800", "2019-11-30": "65.99000", "2018-11-30": "67.63700", "2017-11-30": "77.63600", "2016-11-30": "64.83800", "2015-11-30": "63.54000", "2014-11-30": "59.92900", "2013-11-30": "53.84600", "2012-11-30": "49.53100", "2011-11-30": "42.14100", "2010-11-30": "20.08000", "2009-11-30": "21.64100", "2008-11-30": "35.06100", "2007-11-30": "56.76400", "2006-11-30": "50.01100", "2005-11-30": "72.64200"}, "Other Non-Cash Items": {"2020-11-30": "334.38400", "2019-11-30": "401.30000", "2018-11-30": "79.97200", "2017-11-30": "334.83300", "2016-11-30": "214.93800", "2015-11-30": "11.18000", "2014-11-30": "105.50200", "2013-11-30": "101.64600", "2012-11-30": "-379.84300", "2011-11-30": "34.65200", "2010-11-30": "60.07800", "2009-11-30": "634.76100", "2008-11-30": "536.32500", "2007-11-30": "3099.41100", "2006-11-30": "730.23600", "2005-11-30": "228.12800"}, "Total Non-Cash Items": {"2020-11-30": "404.16200", "2019-11-30": "467.29000", "2018-11-30": "147.60900", "2017-11-30": "412.46900", "2016-11-30": "279.77600", "2015-11-30": "74.72000", "2014-11-30": "165.43100", "2013-11-30": "155.49200", "2012-11-30": "-330.31200", "2011-11-30": "76.79300", "2010-11-30": "80.15800", "2009-11-30": "656.40200", "2008-11-30": "571.38600", "2007-11-30": "3156.17500", "2006-11-30": "780.24700", "2005-11-30": "300.77000"}, "Change In Accounts Receivable": {"2020-11-30": "25.86800", "2019-11-30": "312.25500", "2018-11-30": "-431.18300", "2017-11-30": "253.11100", "2016-11-30": "-260.84400", "2015-11-30": "-86.43200", "2014-11-30": "-113.00100", "2013-11-30": "-62.70800", "2012-11-30": "17.37000", "2011-11-30": "-132.25800", "2010-11-30": "340.44400", "2009-11-30": "-117.87400", "2008-11-30": "828.64600", "2007-11-30": "-542.40000", "2006-11-30": "47.84300", "2005-11-30": "-221.27500"}, "Change In Inventories": {"2020-11-30": "781.36200", "2019-11-30": "-623.64400", "2018-11-30": "-135.87000", "2017-11-30": "-661.49400", "2016-11-30": "-503.52700", "2015-11-30": "-1126.90700", "2014-11-30": "-1367.41500", "2013-11-30": "-1627.13600", "2012-11-30": "-765.96700", "2011-11-30": "-100.34700", "2010-11-30": "-179.37700", "2009-11-30": "433.46100", "2008-11-30": "375.88600", "2007-11-30": "856.48200", "2006-11-30": "-292.34600", "2005-11-30": "-1822.69000"}, "Change In Accounts Payable": {"2020-11-30": "", "2019-11-30": "", "2018-11-30": "", "2017-11-30": "", "2016-11-30": "", "2015-11-30": "", "2014-11-30": "", "2013-11-30": "", "2012-11-30": "", "2011-11-30": "", "2010-11-30": "", "2009-11-30": "", "2008-11-30": "", "2007-11-30": "", "2006-11-30": "", "2005-11-30": ""}, "Change In Assets/Liabilities": {"2020-11-30": "245.38600", "2019-11-30": "-501.03800", "2018-11-30": "-19.11800", "2017-11-30": "-150.13500", "2016-11-30": "57.87600", "2015-11-30": "-326.01700", "2014-11-30": "-428.28300", "2013-11-30": "39.97900", "2012-11-30": "-31.20000", "2011-11-30": "-109.02600", "2010-11-30": "33.40600", "2009-11-30": "-9.19100", "2008-11-30": "11.79000", "2007-11-30": "37.87600", "2006-11-30": "7.13800", "2005-11-30": "-41.27900"}, "Total Change In Assets/Liabilities": {"2020-11-30": "1319.10400", "2019-11-30": "-827.06600", "2018-11-30": "-173.37500", "2017-11-30": "-201.84900", "2016-11-30": "-685.06300", "2015-11-30": "-1313.56600", "2014-11-30": "-1582.61200", "2013-11-30": "-1468.13200", "2012-11-30": "-751.66800", "2011-11-30": "-448.47200", "2010-11-30": "73.61100", "2009-11-30": "210.50000", "2008-11-30": "1642.63000", "2007-11-30": "-770.58110", "2006-11-30": "-821.58100", "2005-11-30": "-1333.33400"}, "Cash Flow From Operating Activities": {"2020-11-30": "4190.81900", "2019-11-30": "1482.34300", "2018-11-30": "1691.74700", "2017-11-30": "982.37400", "2016-11-30": "507.80400", "2015-11-30": "-419.64600", "2014-11-30": "-788.48800", "2013-11-30": "-807.71400", "2012-11-30": "-424.64800", "2011-11-30": "-259.13500", "2010-11-30": "274.22800", "2009-11-30": "420.84300", "2008-11-30": "1100.83400", "2007-11-30": "444.51300", "2006-11-30": "552.53500", "2005-11-30": "311.84600"}, "Net Change In Property, Plant, And Equipment": {"2020-11-30": "-72.75200", "2019-11-30": "-86.49700", "2018-11-30": "-130.43900", "2017-11-30": "-111.77300", "2016-11-30": "-51.15100", "2015-11-30": "137.67200", "2014-11-30": "291.03600", "2013-11-30": "371.65300", "2012-11-30": "181.06100", "2011-11-30": "-9.93600", "2010-11-30": "-5.06200", "2009-11-30": "0.32900", "2008-11-30": "1.39000", "2007-11-30": "0.08100", "2006-11-30": "-26.78300", "2005-11-30": "-21.74700"}, "Net Change In Intangible Assets": {"2020-11-30": "", "2019-11-30": "", "2018-11-30": "", "2017-11-30": "", "2016-11-30": "", "2015-11-30": "", "2014-11-30": "", "2013-11-30": "", "2012-11-30": "", "2011-11-30": "", "2010-11-30": "", "2009-11-30": "", "2008-11-30": "", "2007-11-30": "", "2006-11-30": "", "2005-11-30": ""}, "Net Acquisitions/Divestitures": {"2020-11-30": "14.97800", "2019-11-30": "24.44600", "2018-11-30": "-1078.28200", "2017-11-30": "-517.80100", "2016-11-30": "97.14600", "2015-11-30": "", "2014-11-30": "-5.48900", "2013-11-30": "-5.62300", "2012-11-30": "", "2011-11-30": "", "2010-11-30": "", "2009-11-30": "", "2008-11-30": "", "2007-11-30": "", "2006-11-30": "-33.21300", "2005-11-30": "-399.04900"}, "Net Change In Short-term Investments": {"2020-11-30": "", "2019-11-30": "", "2018-11-30": "", "2017-11-30": "", "2016-11-30": "", "2015-11-30": "2.03000", "2014-11-30": "0.03700", "2013-11-30": "-21.52700", "2012-11-30": "", "2011-11-30": "", "2010-11-30": "", "2009-11-30": "", "2008-11-30": "", "2007-11-30": "", "2006-11-30": "", "2005-11-30": ""}, "Net Change In Long-Term Investments": {"2020-11-30": "7.49600", "2019-11-30": "30.60600", "2018-11-30": "568.52800", "2017-11-30": "-133.31200", "2016-11-30": "-54.73300", "2015-11-30": "60.15800", "2014-11-30": "302.81700", "2013-11-30": "439.58300", "2012-11-30": "-97.46700", "2011-11-30": "-225.64000", "2010-11-30": "-700.97500", "2009-11-30": "-275.44900", "2008-11-30": "-354.89500", "2007-11-30": "-590.08800", "2006-11-30": "44.83600", "2005-11-30": "-118.63100"}, "Net Change In Investments - Total": {"2020-11-30": "7.49600", "2019-11-30": "30.60600", "2018-11-30": "568.52800", "2017-11-30": "-133.31200", "2016-11-30": "-54.73300", "2015-11-30": "62.18800", "2014-11-30": "302.85400", "2013-11-30": "418.05600", "2012-11-30": "-97.46700", "2011-11-30": "-225.64000", "2010-11-30": "-700.97500", "2009-11-30": "-275.44900", "2008-11-30": "-354.89500", "2007-11-30": "-590.08800", "2006-11-30": "44.83600", "2005-11-30": "-118.63100"}, "Investing Activities - Other": {"2020-11-30": "-229.92700", "2019-11-30": "51.04100", "2018-11-30": "46.23900", "2017-11-30": "-82.19400", "2016-11-30": "-77.09900", "2015-11-30": "-298.25300", "2014-11-30": "-150.04200", "2013-11-30": "-94.83700", "2012-11-30": "161.69700", "2011-11-30": "99.42200", "2010-11-30": "32.66600", "2009-11-30": "", "2008-11-30": "87.80200", "2007-11-30": "896.99000", "2006-11-30": "-389.19400", "2005-11-30": "-453.01700"}, "Cash Flow From Investing Activities": {"2020-11-30": "-280.20500", "2019-11-30": "19.59600", "2018-11-30": "-593.95400", "2017-11-30": "-845.08000", "2016-11-30": "-85.83700", "2015-11-30": "-98.39300", "2014-11-30": "438.35900", "2013-11-30": "689.24900", "2012-11-30": "245.29100", "2011-11-30": "-136.15400", "2010-11-30": "-673.37100", "2009-11-30": "-275.12000", "2008-11-30": "-265.70300", "2007-11-30": "306.98300", "2006-11-30": "-404.35400", "2005-11-30": "-992.44400"}, "Net Long-Term Debt": {"2020-11-30": "-2294.14100", "2019-11-30": "-1034.15100", "2018-11-30": "-1246.47300", "2017-11-30": "1157.89200", "2016-11-30": "143.65810", "2015-11-30": "797.52410", "2014-11-30": "847.83590", "2013-11-30": "12.42000", "2012-11-30": "341.52600", "2011-11-30": "104.89800", "2010-11-30": "359.34000", "2009-11-30": "-39.98400", "2008-11-30": "-128.82900", "2007-11-30": "-456.36600", "2006-11-30": "149.29400", "2005-11-30": "324.90200"}, "Net Current Debt": {"2020-11-30": "", "2019-11-30": "", "2018-11-30": "-454.70000", "2017-11-30": "", "2016-11-30": "", "2015-11-30": "", "2014-11-30": "", "2013-11-30": "", "2012-11-30": "47.86000", "2011-11-30": "138.45600", "2010-11-30": "54.12100", "2009-11-30": "-8.22600", "2008-11-30": "-315.65400", "2007-11-30": "-607.79400", "2006-11-30": "-120.85800", "2005-11-30": "372.84900"}, "Debt Issuance/Retirement Net - Total": {"2020-11-30": "-2294.14100", "2019-11-30": "-1034.15100", "2018-11-30": "-1701.17300", "2017-11-30": "1157.89200", "2016-11-30": "143.65810", "2015-11-30": "797.52410", "2014-11-30": "847.83590", "2013-11-30": "12.42000", "2012-11-30": "389.38600", "2011-11-30": "243.35400", "2010-11-30": "413.46100", "2009-11-30": "-48.21000", "2008-11-30": "-444.48300", "2007-11-30": "-1064.16000", "2006-11-30": "28.43600", "2005-11-30": "697.75100"}, "Net Common Equity Issued/Repurchased": {"2020-11-30": "-321.52400", "2019-11-30": "-522.58100", "2018-11-30": "-296.77200", "2017-11-30": "-26.33400", "2016-11-30": "-0.43100", "2015-11-30": "-13.78300", "2014-11-30": "-6.82500", "2013-11-30": "21.79400", "2012-11-30": "15.02500", "2011-11-30": "1.02700", "2010-11-30": "0.43200", "2009-11-30": "219.87100", "2008-11-30": "-1.53400", "2007-11-30": "17.61700", "2006-11-30": "-292.09800", "2005-11-30": "-251.21500"}, "Net Total Equity Issued/Repurchased": {"2020-11-30": "-321.52400", "2019-11-30": "-522.58100", "2018-11-30": "-296.77200", "2017-11-30": "-26.33400", "2016-11-30": "-0.43100", "2015-11-30": "-13.78300", "2014-11-30": "-6.82500", "2013-11-30": "21.79400", "2012-11-30": "15.02500", "2011-11-30": "1.02700", "2010-11-30": "0.43200", "2009-11-30": "219.87100", "2008-11-30": "-1.53400", "2007-11-30": "17.61700", "2006-11-30": "-292.09800", "2005-11-30": "-251.21500"}, "Total Common And Preferred Stock Dividends Paid": {"2020-11-30": "-195.04300", "2019-11-30": "-51.45400", "2018-11-30": "-49.15900", "2017-11-30": "-37.60800", "2016-11-30": "-35.32400", "2015-11-30": "-33.19200", "2014-11-30": "-32.77500", "2013-11-30": "-30.91200", "2012-11-30": "-30.39400", "2011-11-30": "-29.90600", "2010-11-30": "-29.57700", "2009-11-30": "-27.58800", "2008-11-30": "-83.48700", "2007-11-30": "-101.12300", "2006-11-30": "-101.29500", "2005-11-30": "-89.22900"}, "Financial Activities - Other": {"2020-11-30": "364.13300", "2019-11-30": "-21.03800", "2018-11-30": "-148.79700", "2017-11-30": "100.34600", "2016-11-30": "-358.78600", "2015-11-30": "-355.87900", "2014-11-30": "-146.79800", "2013-11-30": "-225.07500", "2012-11-30": "-47.52100", "2011-11-30": "-49.71700", "2010-11-30": "-48.47600", "2009-11-30": "-35.78000", "2008-11-30": "102.60100", "2007-11-30": "413.04500", "2006-11-30": "-64.24800", "2005-11-30": "-33.18100"}, "Cash Flow From Financial Activities": {"2020-11-30": "-2446.57500", "2019-11-30": "-1629.22400", "2018-11-30": "-2195.90100", "2017-11-30": "1194.29600", "2016-11-30": "-250.88300", "2015-11-30": "394.67000", "2014-11-30": "661.43800", "2013-11-30": "-221.77300", "2012-11-30": "326.49600", "2011-11-30": "164.75800", "2010-11-30": "335.84000", "2009-11-30": "108.29300", "2008-11-30": "-426.90300", "2007-11-30": "-734.62100", "2006-11-30": "-429.20500", "2005-11-30": "324.12600"}, "Net Cash Flow": {"2020-11-30": "1464.03900", "2019-11-30": "-127.28500", "2018-11-30": "-1098.10800", "2017-11-30": "1331.59000", "2016-11-30": "171.08400", "2015-11-30": "-123.36900", "2014-11-30": "311.30900", "2013-11-30": "-340.23800", "2012-11-30": "147.13900", "2011-11-30": "-230.53100", "2010-11-30": "-63.30300", "2009-11-30": "254.01600", "2008-11-30": "408.22800", "2007-11-30": "16.87500", "2006-11-30": "-281.02400", "2005-11-30": "-356.47200"}, "Stock-Based Compensation": {"2020-11-30": "107.13100", "2019-11-30": "86.94000", "2018-11-30": "72.65500", "2017-11-30": "61.35600", "2016-11-30": "55.51600", "2015-11-30": "43.87300", "2014-11-30": "40.71800", "2013-11-30": "33.68900", "2012-11-30": "31.74500", "2011-11-30": "24.04700", "2010-11-30": "28.07500", "2009-11-30": "30.39200", "2008-11-30": "29.87100", "2007-11-30": "35.47800", "2006-11-30": "36.63200", "2005-11-30": "6.91600"}, "Common Stock Dividends Paid": {"2020-11-30": "-195.04300", "2019-11-30": "-51.45400", "2018-11-30": "-49.15900", "2017-11-30": "-37.60800", "2016-11-30": "-35.32400", "2015-11-30": "-33.19200", "2014-11-30": "-32.77500", "2013-11-30": "-30.91200", "2012-11-30": "-30.39400", "2011-11-30": "-29.90600", "2010-11-30": "-29.57700", "2009-11-30": "-27.58800", "2008-11-30": "-83.48700", "2007-11-30": "-101.12300", "2006-11-30": "-101.29500", "2005-11-30": "-89.22900"}}, "cash flow statement, quarterly": {"Net Income/Loss": {"2020-11-30": 890.909, "2020-08-31": 669.323, "2020-05-31": 516.098, "2020-02-29": "391.22300", "2019-11-30": 671.183, "2019-08-31": 512.643, "2019-05-31": 418.869, "2019-02-28": "239.42400", "2018-11-30": 798.227, "2018-08-31": 467.62, "2018-05-31": 314.849, "2018-02-28": "136.81700", "2017-11-30": 297.782, "2017-08-31": 243.59, "2017-05-31": 200.708, "2017-02-28": "29.67400", "2016-11-30": 310.47, "2016-08-31": 233.131, "2016-05-31": 224.038, "2016-02-29": "145.45200", "2015-11-30": 292.662, "2015-08-31": 225.037, "2015-05-31": 184.584, "2015-02-28": "116.91700", "2014-11-30": 252.671, "2014-08-31": 173.44, "2014-05-31": 122.617, "2014-02-28": "79.96500", "2013-11-30": 183.016, "2013-08-31": 122.154, "2013-05-31": 142.798, "2013-02-28": "56.95800", "2012-11-30": 123.52, "2012-08-31": 71.411, "2012-05-31": 454.424, "2012-02-29": "7.97700", "2011-11-30": 25.471, "2011-08-31": 23.5, "2011-05-31": 24.847, "2011-02-28": "38.72600", "2010-11-30": 42.518, "2010-08-31": 38.83, "2010-05-31": 46.584, "2010-02-28": "-7.47300", "2009-11-30": 17.693, "2009-08-31": -174.384, "2009-05-31": -131.705, "2009-02-28": "-157.66300", "2008-11-30": -815.086, "2008-08-31": -88.964, "2008-05-31": -120.916, "2008-02-29": "-88.21600", "2007-11-30": -1251.647, "2007-08-31": -513.852, "2007-05-31": -244.205, "2007-02-28": "68.62300", "2006-11-30": -195.605, "2006-08-31": 206.675, "2006-05-31": 324.747, "2006-02-28": "258.05200", "2005-11-30": 581.159, "2005-08-31": 337.253, "2005-05-31": 233.244, "2005-02-28": "192.75400"}, "Total Depreciation And Amortization - Cash Flow": {"2020-11-30": 19.639, "2020-08-31": 19.514, "2020-05-31": 17.154, "2020-02-29": "13.47100", "2019-11-30": 22.009, "2019-08-31": 16.33, "2019-05-31": 16.337, "2019-02-28": "11.31400", "2018-11-30": 18.673, "2018-08-31": 19.518, "2018-05-31": 9.836, "2018-02-28": "19.61000", "2017-11-30": 23.65, "2017-08-31": 19.509, "2017-05-31": 19.602, "2017-02-28": "14.87500", "2016-11-30": 17.152, "2016-08-31": 16.88, "2016-05-31": 15.952, "2016-02-29": "14.85400", "2015-11-30": 17.983, "2015-08-31": 17.023, "2015-05-31": 14.811, "2015-02-28": "13.72300", "2014-11-30": 16.628, "2014-08-31": 16.079, "2014-05-31": 14.077, "2014-02-28": "13.14500", "2013-11-30": 14.522, "2013-08-31": 14.317, "2013-05-31": 13.134, "2013-02-28": "11.87300", "2012-11-30": 13.056, "2012-08-31": 13.234, "2012-05-31": 10.24, "2012-02-29": "13.00100", "2011-11-30": 17.202, "2011-08-31": 8.888, "2011-05-31": 8.223, "2011-02-28": "7.82800", "2010-11-30": 7.186, "2010-08-31": 5.365, "2010-05-31": 4.243, "2010-02-28": "3.28600", "2009-11-30": 6.224, "2009-08-31": 4.26, "2009-05-31": 5.107, "2009-02-28": "6.05000", "2008-11-30": 7.241, "2008-08-31": 8.126, "2008-05-31": 9.162, "2008-02-29": "10.53200", "2007-11-30": 17.541, "2007-08-31": 13.608, "2007-05-31": 13.009, "2007-02-28": "12.60600", "2006-11-30": 12.721, "2006-08-31": 11.799, "2006-05-31": 11.338, "2006-02-28": "14.15300", "2005-11-30": 16.59, "2005-08-31": 20.09, "2005-05-31": 16.68, "2005-02-28": "19.28200"}, "Other Non-Cash Items": {"2020-11-30": 41.157, "2020-08-31": 99.114, "2020-05-31": 48.814, "2020-02-29": "145.29900", "2019-11-30": 153.307, "2019-08-31": 72.025, "2019-05-31": 90.547, "2019-02-28": "85.42100", "2018-11-30": -138.502, "2018-08-31": 262.855, "2018-05-31": 46.528, "2018-02-28": "-90.90900", "2017-11-30": 181.813, "2017-08-31": 23.788, "2017-05-31": 109.579, "2017-02-28": "19.65300", "2016-11-30": 100.684, "2016-08-31": 39.024, "2016-05-31": 24.781, "2016-02-29": "50.44900", "2015-11-30": -5.951, "2015-08-31": -0.334, "2015-05-31": -12.985, "2015-02-28": "30.45000", "2014-11-30": 6.927, "2014-08-31": -20.969, "2014-05-31": 76.16, "2014-02-28": "43.38400", "2013-11-30": 66.779, "2013-08-31": 44.327, "2013-05-31": -1.683, "2013-02-28": "-7.77700", "2012-11-30": -2.383, "2012-08-31": 19.642, "2012-05-31": -386.86, "2012-02-29": "-10.24200", "2011-11-30": 19.469, "2011-08-31": 13.866, "2011-05-31": 4.843, "2011-02-28": "-3.52600", "2010-11-30": 12.893, "2010-08-31": 10.4, "2010-05-31": 21.623, "2010-02-28": "15.16200", "2009-11-30": 282.512, "2009-08-31": 134.64, "2009-05-31": 117.537, "2009-02-28": "100.07200", "2008-11-30": 104.738, "2008-08-31": 153.508, "2008-05-31": 154.821, "2008-02-29": "123.25800", "2007-11-30": 1874.568, "2007-08-31": 856.773, "2007-05-31": 349.927, "2007-02-28": "18.14300", "2006-11-30": 541.11, "2006-08-31": 77.711, "2006-05-31": 78.758, "2006-02-28": "32.65700", "2005-11-30": 70.132, "2005-08-31": 76.341, "2005-05-31": 49.69, "2005-02-28": "31.96500"}, "Total Non-Cash Items": {"2020-11-30": 60.796, "2020-08-31": 118.628, "2020-05-31": 65.968, "2020-02-29": "158.77000", "2019-11-30": 175.316, "2019-08-31": 88.355, "2019-05-31": 106.884, "2019-02-28": "96.73500", "2018-11-30": -119.829, "2018-08-31": 282.373, "2018-05-31": 56.364, "2018-02-28": "-71.29900", "2017-11-30": 205.463, "2017-08-31": 43.297, "2017-05-31": 129.181, "2017-02-28": "34.52800", "2016-11-30": 117.836, "2016-08-31": 55.904, "2016-05-31": 40.733, "2016-02-29": "65.30300", "2015-11-30": 12.032, "2015-08-31": 16.689, "2015-05-31": 1.826, "2015-02-28": "44.17300", "2014-11-30": 23.555, "2014-08-31": -4.89, "2014-05-31": 90.237, "2014-02-28": "56.52900", "2013-11-30": 81.301, "2013-08-31": 58.644, "2013-05-31": 11.451, "2013-02-28": "4.09600", "2012-11-30": 10.673, "2012-08-31": 32.876, "2012-05-31": -376.62, "2012-02-29": "2.75900", "2011-11-30": 36.671, "2011-08-31": 22.754, "2011-05-31": 13.066, "2011-02-28": "4.30200", "2010-11-30": 20.079, "2010-08-31": 15.765, "2010-05-31": 25.866, "2010-02-28": "18.44800", "2009-11-30": 288.736, "2009-08-31": 138.9, "2009-05-31": 122.644, "2009-02-28": "106.12200", "2008-11-30": 111.979, "2008-08-31": 161.634, "2008-05-31": 163.983, "2008-02-29": "133.79000", "2007-11-30": 1892.109, "2007-08-31": 870.381, "2007-05-31": 362.936, "2007-02-28": "30.74900", "2006-11-30": 553.831, "2006-08-31": 89.51, "2006-05-31": 90.096, "2006-02-28": "46.81000", "2005-11-30": 86.722, "2005-08-31": 96.431, "2005-05-31": 66.37, "2005-02-28": "51.24700"}, "Change In Accounts Receivable": {"2020-11-30": -238.775, "2020-08-31": 272.401, "2020-05-31": -253.452, "2020-02-29": "245.69400", "2019-11-30": -215.735, "2019-08-31": -14.064, "2019-05-31": 147.372, "2019-02-28": "394.68200", "2018-11-30": -417.842, "2018-08-31": -57.589, "2018-05-31": 66.654, "2018-02-28": "-22.40600", "2017-11-30": -72.264, "2017-08-31": 308.558, "2017-05-31": -247.897, "2017-02-28": "264.71400", "2016-11-30": -300.952, "2016-08-31": -195.976, "2016-05-31": -26.369, "2016-02-29": "262.45300", "2015-11-30": -130.577, "2015-08-31": 28.854, "2015-05-31": -195.379, "2015-02-28": "210.67000", "2014-11-30": -171.523, "2014-08-31": 121.593, "2014-05-31": -132.152, "2014-02-28": "69.08100", "2013-11-30": -94.523, "2013-08-31": 9.469, "2013-05-31": 22.586, "2013-02-28": "-0.24000", "2012-11-30": -31.579, "2012-08-31": -25.951, "2012-05-31": -26.772, "2012-02-29": "101.67200", "2011-11-30": -142.891, "2011-08-31": -9.15, "2011-05-31": -23.911, "2011-02-28": "43.69400", "2010-11-30": -7.268, "2010-08-31": -41.33, "2010-05-31": 203.399, "2010-02-28": "185.64300", "2009-11-30": -399.207, "2009-08-31": 46.223, "2009-05-31": 16.637, "2009-02-28": "218.47300", "2008-11-30": -283.283, "2008-08-31": 76.235, "2008-05-31": 26.646, "2008-02-29": "1009.04800", "2007-11-30": -811.526, "2007-08-31": 66.074, "2007-05-31": -24.565, "2007-02-28": "227.61700", "2006-11-30": -203.183, "2006-08-31": 186.338, "2006-05-31": -79.746, "2006-02-28": "144.43400", "2005-11-30": -175.302, "2005-08-31": -151.979, "2005-05-31": -59.692, "2005-02-28": "165.69800"}, "Change In Inventories": {"2020-11-30": 667.933, "2020-08-31": 272.567, "2020-05-31": 617.874, "2020-02-29": "-777.01200", "2019-11-30": 986.685, "2019-08-31": -108.906, "2019-05-31": -428.101, "2019-02-28": "-1073.32200", "2018-11-30": 589.146, "2018-08-31": -316.103, "2018-05-31": 139.812, "2018-02-28": "-548.72500", "2017-11-30": 241.091, "2017-08-31": -247.402, "2017-05-31": -53.472, "2017-02-28": "-601.71100", "2016-11-30": 388.681, "2016-08-31": -23.429, "2016-05-31": -191.701, "2016-02-29": "-677.07800", "2015-11-30": 157.199, "2015-08-31": -165.315, "2015-05-31": -397.569, "2015-02-28": "-721.22200", "2014-11-30": 94.973, "2014-08-31": -426.223, "2014-05-31": -542.52, "2014-02-28": "-493.64500", "2013-11-30": -314.554, "2013-08-31": -480.842, "2013-05-31": -484.566, "2013-02-28": "-347.17400", "2012-11-30": -91.165, "2012-08-31": -379.418, "2012-05-31": -154.091, "2012-02-29": "-141.29300", "2011-11-30": -25.259, "2011-08-31": -98.619, "2011-05-31": -5.81, "2011-02-28": "29.34100", "2010-11-30": 59.33, "2010-08-31": -119.663, "2010-05-31": -69.274, "2010-02-28": "-49.77000", "2009-11-30": 122.382, "2009-08-31": 124.694, "2009-05-31": 180.931, "2009-02-28": "5.45400", "2008-11-30": 306.145, "2008-08-31": -27.951, "2008-05-31": 37.947, "2008-02-29": "59.74500", "2007-11-30": 609.186, "2007-08-31": 421.234, "2007-05-31": 277.631, "2007-02-28": "-451.56900", "2006-11-30": 641.997, "2006-08-31": 109.418, "2006-05-31": -29.091, "2006-02-28": "-1014.67000", "2005-11-30": 50.182, "2005-08-31": -804.545, "2005-05-31": -642.993, "2005-02-28": "-425.33400"}, "Change In Accounts Payable": {"2020-11-30": 0, "2020-08-31": 0, "2020-05-31": 0, "2020-02-29": "", "2019-11-30": 0, "2019-08-31": 0, "2019-05-31": 0, "2019-02-28": "", "2018-11-30": 0, "2018-08-31": 0, "2018-05-31": 0, "2018-02-28": "", "2017-11-30": 0, "2017-08-31": 0, "2017-05-31": 0, "2017-02-28": "", "2016-11-30": 0, "2016-08-31": 0, "2016-05-31": 0, "2016-02-29": "", "2015-11-30": 0, "2015-08-31": 0, "2015-05-31": 0, "2015-02-28": "", "2014-11-30": 0, "2014-08-31": 0, "2014-05-31": 0, "2014-02-28": "", "2013-11-30": 0, "2013-08-31": 0, "2013-05-31": 0, "2013-02-28": "", "2012-11-30": 0, "2012-08-31": 0, "2012-05-31": 0, "2012-02-29": "", "2011-11-30": 0, "2011-08-31": 0, "2011-05-31": 0, "2011-02-28": "", "2010-11-30": 0, "2010-08-31": 0, "2010-05-31": 0, "2010-02-28": "", "2009-11-30": 0, "2009-08-31": 0, "2009-05-31": 0, "2009-02-28": "", "2008-11-30": 0, "2008-08-31": 0, "2008-05-31": 0, "2008-02-29": "", "2007-11-30": 0, "2007-08-31": 0, "2007-05-31": 0, "2007-02-28": "", "2006-11-30": 0, "2006-08-31": 0, "2006-05-31": 0, "2006-02-28": "", "2005-11-30": 0, "2005-08-31": 0, "2005-05-31": 0, "2005-02-28": ""}, "Change In Assets/Liabilities": {"2020-11-30": -187.73, "2020-08-31": 99.62, "2020-05-31": -19.241, "2020-02-29": "352.73700", "2019-11-30": -534.309, "2019-08-31": 173.156, "2019-05-31": -345.62, "2019-02-28": "205.73500", "2018-11-30": 44.189, "2018-08-31": 100.294, "2018-05-31": -560.01, "2018-02-28": "396.40900", "2017-11-30": -231.226, "2017-08-31": -59.747, "2017-05-31": -222.342, "2017-02-28": "363.18000", "2016-11-30": -50.675, "2016-08-31": 28.111, "2016-05-31": -158.009, "2016-02-29": "238.44900", "2015-11-30": 161.25, "2015-08-31": -219.731, "2015-05-31": -96.405, "2015-02-28": "-171.13100", "2014-11-30": -263.802, "2014-08-31": -126.658, "2014-05-31": -5.345, "2014-02-28": "-32.47800", "2013-11-30": 309.208, "2013-08-31": -236.559, "2013-05-31": -38.646, "2013-02-28": "5.97600", "2012-11-30": -11.404, "2012-08-31": -4.336, "2012-05-31": -15.05, "2012-02-29": "-0.41000", "2011-11-30": -4.567, "2011-08-31": -66.194, "2011-05-31": -27.628, "2011-02-28": "-10.63700", "2010-11-30": 14.812, "2010-08-31": 0.458, "2010-05-31": 3.211, "2010-02-28": "14.92500", "2009-11-30": -14.303, "2009-08-31": 3.534, "2009-05-31": 4.262, "2009-02-28": "-2.68400", "2008-11-30": 21.907, "2008-08-31": 4.167, "2008-05-31": -10.756, "2008-02-29": "-3.52800", "2007-11-30": 316.54, "2007-08-31": 27.055, "2007-05-31": -163.289, "2007-02-28": "-142.43000", "2006-11-30": -18.032, "2006-08-31": -11.276, "2006-05-31": 32.629, "2006-02-28": "3.81700", "2005-11-30": -16.285, "2005-08-31": -13.524, "2005-05-31": -8.185, "2005-02-28": "-3.28500"}, "Total Change In Assets/Liabilities": {"2020-11-30": 342.27, "2020-08-31": 798.09, "2020-05-31": 345.761, "2020-02-29": "-167.01700", "2019-11-30": 337.551, "2019-08-31": 127.185, "2019-05-31": -431.22, "2019-02-28": "-860.58200", "2018-11-30": 286.932, "2018-08-31": -43.09, "2018-05-31": -196.17, "2018-02-28": "-221.04700", "2017-11-30": 151.416, "2017-08-31": 200.585, "2017-05-31": -568.972, "2017-02-28": "15.12200", "2016-11-30": 82.5779, "2016-08-31": -116.7329, "2016-05-31": -224.266, "2016-02-29": "-426.64200", "2015-11-30": 364.074, "2015-08-31": -335.607, "2015-05-31": -450.679, "2015-02-28": "-891.35400", "2014-11-30": -166.213, "2014-08-31": -345.355, "2014-05-31": -539.943, "2014-02-28": "-531.10100", "2013-11-30": -54.292, "2013-08-31": -588.628, "2013-05-31": -442.666, "2013-02-28": "-382.54600", "2012-11-30": -68.334, "2012-08-31": -380.987, "2012-05-31": -159.167, "2012-02-29": "-143.18000", "2011-11-30": -205.694, "2011-08-31": -166.446, "2011-05-31": -42.979, "2011-02-28": "-33.35300", "2010-11-30": 22.544, "2010-08-31": -140.182, "2010-05-31": 112.808, "2010-02-28": "78.44100", "2009-11-30": -272.502, "2009-08-31": 169.671, "2009-05-31": 181.595, "2009-02-28": "131.73600", "2008-11-30": 949.5731, "2008-08-31": 14.9029, "2008-05-31": -120.7949, "2008-02-29": "798.94890", "2007-11-30": -76.3481, "2007-08-31": -55.426, "2007-05-31": -38.363, "2007-02-28": "-600.44400", "2006-11-30": 347.923, "2006-08-31": 160.417, "2006-05-31": -85.516, "2006-02-28": "-1244.40500", "2005-11-30": 505.107, "2005-08-31": -770.319, "2005-05-31": -654.711, "2005-02-28": "-413.41100"}, "Cash Flow From Operating Activities": {"2020-11-30": 1293.975, "2020-08-31": 1586.041, "2020-05-31": 927.827, "2020-02-29": "382.97600", "2019-11-30": 1184.05, "2019-08-31": 728.183, "2019-05-31": 94.533, "2019-02-28": "-524.42300", "2018-11-30": 965.33, "2018-08-31": 706.903, "2018-05-31": 175.043, "2018-02-28": "-155.52900", "2017-11-30": 654.661, "2017-08-31": 487.472, "2017-05-31": -239.083, "2017-02-28": "79.32400", "2016-11-30": 510.884, "2016-08-31": 172.302, "2016-05-31": 40.505, "2016-02-29": "-215.88700", "2015-11-30": 668.768, "2015-08-31": -93.881, "2015-05-31": -264.269, "2015-02-28": "-730.26400", "2014-11-30": 110.013, "2014-08-31": -176.805, "2014-05-31": -327.089, "2014-02-28": "-394.60700", "2013-11-30": 210.025, "2013-08-31": -407.83, "2013-05-31": -288.417, "2013-02-28": "-321.49200", "2012-11-30": 65.859, "2012-08-31": -276.7, "2012-05-31": -81.363, "2012-02-29": "-132.44400", "2011-11-30": -143.552, "2011-08-31": -120.192, "2011-05-31": -5.066, "2011-02-28": "9.67500", "2010-11-30": 85.141, "2010-08-31": -85.587, "2010-05-31": 185.258, "2010-02-28": "89.41600", "2009-11-30": 33.927, "2009-08-31": 134.187, "2009-05-31": 172.534, "2009-02-28": "80.19500", "2008-11-30": 246.466, "2008-08-31": 87.573, "2008-05-31": -77.728, "2008-02-29": "844.52300", "2007-11-30": 564.114, "2007-08-31": 301.103, "2007-05-31": 80.368, "2007-02-28": "-501.07200", "2006-11-30": 706.149, "2006-08-31": 456.602, "2006-05-31": 329.327, "2006-02-28": "-939.54300", "2005-11-30": 1172.988, "2005-08-31": -336.635, "2005-05-31": -355.097, "2005-02-28": "-169.41000"}, "Net Change In Property, Plant, And Equipment": {"2020-11-30": -62.992, "2020-08-31": -13.756, "2020-05-31": 8.838, "2020-02-29": "-4.84200", "2019-11-30": -75.518, "2019-08-31": 32.577, "2019-05-31": -16.161, "2019-02-28": "-27.39500", "2018-11-30": -100.463, "2018-08-31": -15.519, "2018-05-31": 8.273, "2018-02-28": "-22.73000", "2017-11-30": -117.618, "2017-08-31": -2.633, "2017-05-31": 10.048, "2017-02-28": "-1.57000", "2016-11-30": -80.143, "2016-08-31": 24.796, "2016-05-31": 2.393, "2016-02-29": "1.80300", "2015-11-30": 36.299, "2015-08-31": 78.37, "2015-05-31": 23.894, "2015-02-28": "-0.89100", "2014-11-30": 303.451, "2014-08-31": -4.203, "2014-05-31": -4.681, "2014-02-28": "-3.53100", "2013-11-30": 376.584, "2013-08-31": -1.952, "2013-05-31": -1.718, "2013-02-28": "-1.26100", "2012-11-30": 184.262, "2012-08-31": -3.591, "2012-05-31": -0.75, "2012-02-29": "1.14000", "2011-11-30": -6.629, "2011-08-31": -2, "2011-05-31": -1.315, "2011-02-28": "0.00800", "2010-11-30": -4.459, "2010-08-31": 0.339, "2010-05-31": 0.978, "2010-02-28": "-1.92000", "2009-11-30": 1.161, "2009-08-31": -0.183, "2009-05-31": -0.747, "2009-02-28": "0.09800", "2008-11-30": 3.624, "2008-08-31": -1.288, "2008-05-31": -1.263, "2008-02-29": "0.31700", "2007-11-30": 4.638, "2007-08-31": 2.394, "2007-05-31": -3.082, "2007-02-28": "-3.86900", "2006-11-30": -4.665, "2006-08-31": -10.141, "2006-05-31": -7.019, "2006-02-28": "-4.95800", "2005-11-30": -5.526, "2005-08-31": -4.245, "2005-05-31": -6.074, "2005-02-28": "-5.90200"}, "Net Change In Intangible Assets": {"2020-11-30": 0, "2020-08-31": 0, "2020-05-31": 0, "2020-02-29": "", "2019-11-30": 0, "2019-08-31": 0, "2019-05-31": 0, "2019-02-28": "", "2018-11-30": 0, "2018-08-31": 0, "2018-05-31": 0, "2018-02-28": "", "2017-11-30": 0, "2017-08-31": 0, "2017-05-31": 0, "2017-02-28": "", "2016-11-30": 0, "2016-08-31": 0, "2016-05-31": 0, "2016-02-29": "", "2015-11-30": 0, "2015-08-31": 0, "2015-05-31": 0, "2015-02-28": "", "2014-11-30": 0, "2014-08-31": 0, "2014-05-31": 0, "2014-02-28": "", "2013-11-30": 0, "2013-08-31": 0, "2013-05-31": 0, "2013-02-28": "", "2012-11-30": 0, "2012-08-31": 0, "2012-05-31": 0, "2012-02-29": "", "2011-11-30": 0, "2011-08-31": 0, "2011-05-31": 0, "2011-02-28": "", "2010-11-30": 0, "2010-08-31": 0, "2010-05-31": 0, "2010-02-28": "", "2009-11-30": 0, "2009-08-31": 0, "2009-05-31": 0, "2009-02-28": "", "2008-11-30": 0, "2008-08-31": 0, "2008-05-31": 0, "2008-02-29": "", "2007-11-30": 0, "2007-08-31": 0, "2007-05-31": 0, "2007-02-28": "", "2006-11-30": 0, "2006-08-31": 0, "2006-05-31": 0, "2006-02-28": "", "2005-11-30": 0, "2005-08-31": 0, "2005-05-31": 0, "2005-02-28": ""}, "Net Acquisitions/Divestitures": {"2020-11-30": 0, "2020-08-31": 5.882, "2020-05-31": 9.096, "2020-02-29": "", "2019-11-30": 0, "2019-08-31": 0, "2019-05-31": 24.446, "2019-02-28": "", "2018-11-30": 0.063, "2018-08-31": -0.381, "2018-05-31": -1.193, "2018-02-28": "-1076.77100", "2017-11-30": 93.598, "2017-08-31": -0.296, "2017-05-31": -14.931, "2017-02-28": "-596.17200", "2016-11-30": 97.871, "2016-08-31": -0.125, "2016-05-31": 0, "2016-02-29": "-0.60000", "2015-11-30": 0, "2015-08-31": 0, "2015-05-31": 0, "2015-02-28": "", "2014-11-30": 0, "2014-08-31": -0.681, "2014-05-31": -4.808, "2014-02-28": "", "2013-11-30": -5.623, "2013-08-31": 0, "2013-05-31": 0, "2013-02-28": "", "2012-11-30": 0, "2012-08-31": 0, "2012-05-31": 0, "2012-02-29": "", "2011-11-30": 0, "2011-08-31": 0, "2011-05-31": 0, "2011-02-28": "", "2010-11-30": 0, "2010-08-31": 0, "2010-05-31": 0, "2010-02-28": "", "2009-11-30": 0, "2009-08-31": 0, "2009-05-31": 0, "2009-02-28": "", "2008-11-30": 0, "2008-08-31": 0, "2008-05-31": 0, "2008-02-29": "", "2007-11-30": 0, "2007-08-31": 0, "2007-05-31": 0, "2007-02-28": "", "2006-11-30": 0, "2006-08-31": 0.116, "2006-05-31": -10.295, "2006-02-28": "-23.03400", "2005-11-30": -198.48, "2005-08-31": -110.509, "2005-05-31": -5.83, "2005-02-28": "-84.23000"}, "Net Change In Short-term Investments": {"2020-11-30": 0, "2020-08-31": 0, "2020-05-31": 0, "2020-02-29": "", "2019-11-30": 0, "2019-08-31": 0, "2019-05-31": 0, "2019-02-28": "", "2018-11-30": 0, "2018-08-31": 0, "2018-05-31": 0, "2018-02-28": "", "2017-11-30": 0, "2017-08-31": 0, "2017-05-31": 0, "2017-02-28": "", "2016-11-30": 0, "2016-08-31": 0, "2016-05-31": 0, "2016-02-29": "", "2015-11-30": 2.03, "2015-08-31": 0, "2015-05-31": 0, "2015-02-28": "", "2014-11-30": 0.037, "2014-08-31": 0, "2014-05-31": 0, "2014-02-28": "", "2013-11-30": -21.527, "2013-08-31": 0, "2013-05-31": 0, "2013-02-28": "", "2012-11-30": 0, "2012-08-31": 0, "2012-05-31": 0, "2012-02-29": "", "2011-11-30": 0, "2011-08-31": 0, "2011-05-31": 0, "2011-02-28": "", "2010-11-30": 0, "2010-08-31": 0, "2010-05-31": 0, "2010-02-28": "", "2009-11-30": 0, "2009-08-31": 0, "2009-05-31": 0, "2009-02-28": "", "2008-11-30": 0, "2008-08-31": 0, "2008-05-31": 0, "2008-02-29": "", "2007-11-30": 0, "2007-08-31": 0, "2007-05-31": 0, "2007-02-28": "", "2006-11-30": 0, "2006-08-31": 0, "2006-05-31": 0, "2006-02-28": "", "2005-11-30": 0, "2005-08-31": 0, "2005-05-31": 0, "2005-02-28": ""}, "Net Change In Long-Term Investments": {"2020-11-30": 281.82, "2020-08-31": 29.573, "2020-05-31": -233.917, "2020-02-29": "-69.98000", "2019-11-30": 85.582, "2019-08-31": 159.999, "2019-05-31": -90.223, "2019-02-28": "-124.75200", "2018-11-30": 709.647, "2018-08-31": -84.324, "2018-05-31": -129.5, "2018-02-28": "72.70500", "2017-11-30": 339.64, "2017-08-31": -100.65, "2017-05-31": -161.972, "2017-02-28": "-210.33000", "2016-11-30": -21.79, "2016-08-31": 210.192, "2016-05-31": -114.505, "2016-02-29": "-128.63000", "2015-11-30": 126.992, "2015-08-31": 7.359, "2015-05-31": 11.52, "2015-02-28": "-85.71300", "2014-11-30": 248.863, "2014-08-31": 1.942, "2014-05-31": 73.018, "2014-02-28": "-21.00600", "2013-11-30": 237.154, "2013-08-31": -19.125, "2013-05-31": 2.101, "2013-02-28": "219.45300", "2012-11-30": -189.087, "2012-08-31": -15.988, "2012-05-31": -8.394, "2012-02-29": "116.00200", "2011-11-30": -4.673, "2011-08-31": -83.024, "2011-05-31": -80.933, "2011-02-28": "-57.01000", "2010-11-30": -236.308, "2010-08-31": -135.539, "2010-05-31": -61.547, "2010-02-28": "-267.58100", "2009-11-30": -17.481, "2009-08-31": -156.994, "2009-05-31": -93.886, "2009-02-28": "-7.08800", "2008-11-30": -364.283, "2008-08-31": 11.14, "2008-05-31": 0.814, "2008-02-29": "-2.56600", "2007-11-30": -593.442, "2007-08-31": -25.835, "2007-05-31": 14.969, "2007-02-28": "14.22000", "2006-11-30": 8.233, "2006-08-31": 41.229, "2006-05-31": -5.948, "2006-02-28": "1.32200", "2005-11-30": -123.797, "2005-08-31": 5.218, "2005-05-31": 0.129, "2005-02-28": "-0.18100"}, "Net Change In Investments - Total": {"2020-11-30": 281.82, "2020-08-31": 29.573, "2020-05-31": -233.917, "2020-02-29": "-69.98000", "2019-11-30": 85.582, "2019-08-31": 159.999, "2019-05-31": -90.223, "2019-02-28": "-124.75200", "2018-11-30": 709.647, "2018-08-31": -84.324, "2018-05-31": -129.5, "2018-02-28": "72.70500", "2017-11-30": 339.64, "2017-08-31": -100.65, "2017-05-31": -161.972, "2017-02-28": "-210.33000", "2016-11-30": -21.79, "2016-08-31": 210.192, "2016-05-31": -114.505, "2016-02-29": "-128.63000", "2015-11-30": 129.022, "2015-08-31": 7.359, "2015-05-31": 11.52, "2015-02-28": "-85.71300", "2014-11-30": 248.9, "2014-08-31": 1.942, "2014-05-31": 73.018, "2014-02-28": "-21.00600", "2013-11-30": 215.627, "2013-08-31": -19.125, "2013-05-31": 2.101, "2013-02-28": "219.45300", "2012-11-30": -189.087, "2012-08-31": -15.988, "2012-05-31": -8.394, "2012-02-29": "116.00200", "2011-11-30": -4.673, "2011-08-31": -83.024, "2011-05-31": -80.933, "2011-02-28": "-57.01000", "2010-11-30": -236.308, "2010-08-31": -135.539, "2010-05-31": -61.547, "2010-02-28": "-267.58100", "2009-11-30": -17.481, "2009-08-31": -156.994, "2009-05-31": -93.886, "2009-02-28": "-7.08800", "2008-11-30": -364.283, "2008-08-31": 11.14, "2008-05-31": 0.814, "2008-02-29": "-2.56600", "2007-11-30": -593.442, "2007-08-31": -25.835, "2007-05-31": 14.969, "2007-02-28": "14.22000", "2006-11-30": 8.233, "2006-08-31": 41.229, "2006-05-31": -5.948, "2006-02-28": "1.32200", "2005-11-30": -123.797, "2005-08-31": 5.218, "2005-05-31": 0.129, "2005-02-28": "-0.18100"}, "Investing Activities - Other": {"2020-11-30": -231.566, "2020-08-31": -115.124, "2020-05-31": 28.762, "2020-02-29": "88.00100", "2019-11-30": 48.889, "2019-08-31": -140.347, "2019-05-31": 68.34, "2019-02-28": "74.15900", "2018-11-30": -184.327, "2018-08-31": 32.664, "2018-05-31": 175.098, "2018-02-28": "22.80400", "2017-11-30": -203.149, "2017-08-31": 19.564, "2017-05-31": 59.401, "2017-02-28": "41.99000", "2016-11-30": 34.9, "2016-08-31": -201.911, "2016-05-31": 29.071, "2016-02-29": "60.84100", "2015-11-30": -248.033, "2015-08-31": -94.074, "2015-05-31": 24.444, "2015-02-28": "19.41000", "2014-11-30": -356.447, "2014-08-31": 57.491, "2014-05-31": 49.107, "2014-02-28": "99.80700", "2013-11-30": -331.383, "2013-08-31": 53.109, "2013-05-31": 141.583, "2013-02-28": "41.85400", "2012-11-30": 9.166, "2012-08-31": 82.333, "2012-05-31": 30.634, "2012-02-29": "39.56400", "2011-11-30": 36.777, "2011-08-31": 18.959, "2011-05-31": -11.18, "2011-02-28": "54.86600", "2010-11-30": 124.556, "2010-08-31": 21.234, "2010-05-31": 41.484, "2010-02-28": "-154.60800", "2009-11-30": -24.221, "2009-08-31": 20.514, "2009-05-31": 53.436, "2009-02-28": "-49.72900", "2008-11-30": 351.208, "2008-08-31": -86.832, "2008-05-31": -48.203, "2008-02-29": "-128.37100", "2007-11-30": 539.237, "2007-08-31": -42.925, "2007-05-31": -70.663, "2007-02-28": "471.34100", "2006-11-30": -22.186, "2006-08-31": -106.872, "2006-05-31": -103.997, "2006-02-28": "-156.13900", "2005-11-30": -61.486, "2005-08-31": -178.387, "2005-05-31": -100.886, "2005-02-28": "-112.25800"}, "Cash Flow From Investing Activities": {"2020-11-30": -12.738, "2020-08-31": -93.425, "2020-05-31": -187.221, "2020-02-29": "13.17900", "2019-11-30": 58.953, "2019-08-31": 52.229, "2019-05-31": -13.598, "2019-02-28": "-77.98800", "2018-11-30": 424.92, "2018-08-31": -67.56, "2018-05-31": 52.678, "2018-02-28": "-1003.99200", "2017-11-30": 112.471, "2017-08-31": -84.015, "2017-05-31": -107.454, "2017-02-28": "-766.08200", "2016-11-30": 30.838, "2016-08-31": 32.952, "2016-05-31": -83.041, "2016-02-29": "-66.58600", "2015-11-30": -82.712, "2015-08-31": -8.345, "2015-05-31": 59.858, "2015-02-28": "-67.19400", "2014-11-30": 195.904, "2014-08-31": 54.549, "2014-05-31": 112.636, "2014-02-28": "75.27000", "2013-11-30": 255.205, "2013-08-31": 32.032, "2013-05-31": 141.966, "2013-02-28": "260.04600", "2012-11-30": 4.341, "2012-08-31": 62.754, "2012-05-31": 21.49, "2012-02-29": "156.70600", "2011-11-30": 25.475, "2011-08-31": -66.065, "2011-05-31": -93.428, "2011-02-28": "-2.13600", "2010-11-30": -116.211, "2010-08-31": -113.966, "2010-05-31": -19.085, "2010-02-28": "-424.10900", "2009-11-30": -40.541, "2009-08-31": -136.663, "2009-05-31": -41.197, "2009-02-28": "-56.71900", "2008-11-30": -9.451, "2008-08-31": -76.98, "2008-05-31": -48.652, "2008-02-29": "-130.62000", "2007-11-30": -49.567, "2007-08-31": -66.366, "2007-05-31": -58.776, "2007-02-28": "481.69200", "2006-11-30": -18.618, "2006-08-31": -75.668, "2006-05-31": -127.259, "2006-02-28": "-182.80900", "2005-11-30": -389.289, "2005-08-31": -287.923, "2005-05-31": -112.661, "2005-02-28": "-202.57100"}, "Net Long-Term Debt": {"2020-11-30": -711.578, "2020-08-31": -1167.32, "2020-05-31": -349.57, "2020-02-29": "-65.67300", "2019-11-30": -18.926, "2019-08-31": -920.164, "2019-05-31": -12.53, "2019-02-28": "-82.53100", "2018-11-30": -55.76, "2018-08-31": -844.236, "2018-05-31": -263.736, "2018-02-28": "-82.74100", "2017-11-30": 564.7989, "2017-08-31": -681.2829, "2017-05-31": 686.194, "2017-02-28": "588.18200", "2016-11-30": -1.4409, "2016-08-31": -263.394, "2016-05-31": 461.545, "2016-02-29": "-53.05200", "2015-11-30": 720.1661, "2015-08-31": -704.799, "2015-05-31": 610.449, "2015-02-28": "171.70800", "2014-11-30": 261.7749, "2014-08-31": -10.869, "2014-05-31": 339.918, "2014-02-28": "257.01200", "2013-11-30": 151.768, "2013-08-31": -98.367, "2013-05-31": -34.963, "2013-02-28": "-6.01800", "2012-11-30": 353.065, "2012-08-31": 267.232, "2012-05-31": -15.884, "2012-02-29": "-262.88700", "2011-11-30": 242.717, "2011-08-31": 5.859, "2011-05-31": 33.424, "2011-02-28": "-177.10200", "2010-11-30": 352.543, "2010-08-31": -5.585, "2010-05-31": 199.784, "2010-02-28": "-187.40200", "2009-11-30": 4.273, "2009-08-31": -169.287, "2009-05-31": 126.466, "2009-02-28": "-1.43600", "2008-11-30": 347.473, "2008-08-31": -186.498, "2008-05-31": 3.205, "2008-02-29": "-293.00900", "2007-11-30": 213.027, "2007-08-31": -321.796, "2007-05-31": -62.188, "2007-02-28": "-285.40900", "2006-11-30": 72.249, "2006-08-31": -241.743, "2006-05-31": 594.603, "2006-02-28": "-275.81500", "2005-11-30": -90.076, "2005-08-31": 332.276, "2005-05-31": 410.799, "2005-02-28": "-328.09700"}, "Net Current Debt": {"2020-11-30": 0, "2020-08-31": 310.216, "2020-05-31": 145.386, "2020-02-29": "-455.60200", "2019-11-30": -700, "2019-08-31": 515.184, "2019-05-31": -31.529, "2019-02-28": "216.34500", "2018-11-30": -549.037, "2018-08-31": 166.327, "2018-05-31": 227.221, "2018-02-28": "-299.21100", "2017-11-30": 334.266, "2017-08-31": 174.539, "2017-05-31": -250.909, "2017-02-28": "-257.89600", "2016-11-30": 12.325, "2016-08-31": 92.881, "2016-05-31": -209.973, "2016-02-29": "104.76700", "2015-11-30": -869.015, "2015-08-31": 919.015, "2015-05-31": -270.319, "2015-02-28": "220.31900", "2014-11-30": -65.404, "2014-08-31": 65.404, "2014-05-31": 0, "2014-02-28": "", "2013-11-30": -170.102, "2013-08-31": 170.102, "2013-05-31": 0, "2013-02-28": "", "2012-11-30": 47.86, "2012-08-31": 0, "2012-05-31": 0, "2012-02-29": "", "2011-11-30": 138.456, "2011-08-31": 0, "2011-05-31": 0, "2011-02-28": "", "2010-11-30": 54.121, "2010-08-31": 0, "2010-05-31": 0, "2010-02-28": "", "2009-11-30": -8.226, "2009-08-31": 0, "2009-05-31": 0, "2009-02-28": "", "2008-11-30": -315.654, "2008-08-31": 0, "2008-05-31": 0, "2008-02-29": "", "2007-11-30": -607.794, "2007-08-31": 0, "2007-05-31": 0, "2007-02-28": "", "2006-11-30": -185.858, "2006-08-31": -120, "2006-05-31": -452, "2006-02-28": "637.00000", "2005-11-30": 237.58, "2005-08-31": 360, "2005-05-31": -224.731, "2005-02-28": ""}, "Debt Issuance/Retirement Net - Total": {"2020-11-30": -711.578, "2020-08-31": -857.104, "2020-05-31": -204.184, "2020-02-29": "-521.27500", "2019-11-30": -718.926, "2019-08-31": -404.98, "2019-05-31": -44.059, "2019-02-28": "133.81400", "2018-11-30": -604.797, "2018-08-31": -677.909, "2018-05-31": -36.515, "2018-02-28": "-381.95200", "2017-11-30": 899.0649, "2017-08-31": -506.7438, "2017-05-31": 435.2849, "2017-02-28": "330.28600", "2016-11-30": 10.8841, "2016-08-31": -170.513, "2016-05-31": 251.572, "2016-02-29": "51.71500", "2015-11-30": -148.8489, "2015-08-31": 214.216, "2015-05-31": 340.13, "2015-02-28": "392.02700", "2014-11-30": 196.3709, "2014-08-31": 54.535, "2014-05-31": 339.918, "2014-02-28": "257.01200", "2013-11-30": -18.334, "2013-08-31": 71.735, "2013-05-31": -34.963, "2013-02-28": "-6.01800", "2012-11-30": 400.925, "2012-08-31": 267.232, "2012-05-31": -15.884, "2012-02-29": "-262.88700", "2011-11-30": 381.173, "2011-08-31": 5.859, "2011-05-31": 33.424, "2011-02-28": "-177.10200", "2010-11-30": 406.664, "2010-08-31": -5.585, "2010-05-31": 199.784, "2010-02-28": "-187.40200", "2009-11-30": -3.953, "2009-08-31": -169.287, "2009-05-31": 126.466, "2009-02-28": "-1.43600", "2008-11-30": 31.819, "2008-08-31": -186.498, "2008-05-31": 3.205, "2008-02-29": "-293.00900", "2007-11-30": -394.767, "2007-08-31": -321.796, "2007-05-31": -62.188, "2007-02-28": "-285.40900", "2006-11-30": -113.609, "2006-08-31": -361.743, "2006-05-31": 142.603, "2006-02-28": "361.18500", "2005-11-30": 147.5039, "2005-08-31": 692.2761, "2005-05-31": 186.068, "2005-02-28": "-328.09700"}, "Net Common Equity Issued/Repurchased": {"2020-11-30": -2.535, "2020-08-31": -22.896, "2020-05-31": -0.105, "2020-02-29": "-295.98800", "2019-11-30": -103.647, "2019-08-31": -318.339, "2019-05-31": -52.059, "2019-02-28": "-48.53600", "2018-11-30": -250.471, "2018-08-31": -20.959, "2018-05-31": 0.013, "2018-02-28": "-25.35500", "2017-11-30": 0.077, "2017-08-31": -27.021, "2017-05-31": 0.594, "2017-02-28": "0.01600", "2016-11-30": -0.031, "2016-08-31": -0.023, "2016-05-31": -0.158, "2016-02-29": "-0.21900", "2015-11-30": -0.056, "2015-08-31": -22.167, "2015-05-31": 0.399, "2015-02-28": "8.04100", "2014-11-30": -8.275, "2014-08-31": -11.286, "2014-05-31": 0.316, "2014-02-28": "12.42000", "2013-11-30": -11.96, "2013-08-31": 4.217, "2013-05-31": 7.869, "2013-02-28": "21.66800", "2012-11-30": -1.298, "2012-08-31": 4.249, "2012-05-31": 1.313, "2012-02-29": "10.76100", "2011-11-30": -4.491, "2011-08-31": 0.675, "2011-05-31": 0.089, "2011-02-28": "4.75400", "2010-11-30": 0.469, "2010-08-31": 0.003, "2010-05-31": 0.643, "2010-02-28": "-0.68300", "2009-11-30": -0.124, "2009-08-31": 97.29, "2009-05-31": 123.391, "2009-02-28": "-0.68600", "2008-11-30": -0.072, "2008-08-31": -0.145, "2008-05-31": -1.197, "2008-02-29": "-0.12000", "2007-11-30": 1.403, "2007-08-31": -0.686, "2007-05-31": 1.114, "2007-02-28": "15.78600", "2006-11-30": -21.525, "2006-08-31": -28.534, "2006-05-31": -264.375, "2006-02-28": "22.33600", "2005-11-30": -39.927, "2005-08-31": -7.637, "2005-05-31": -121.862, "2005-02-28": "-81.78900"}, "Net Total Equity Issued/Repurchased": {"2020-11-30": -2.535, "2020-08-31": -22.896, "2020-05-31": -0.105, "2020-02-29": "-295.98800", "2019-11-30": -103.647, "2019-08-31": -318.339, "2019-05-31": -52.059, "2019-02-28": "-48.53600", "2018-11-30": -250.471, "2018-08-31": -20.959, "2018-05-31": 0.013, "2018-02-28": "-25.35500", "2017-11-30": 0.077, "2017-08-31": -27.021, "2017-05-31": 0.594, "2017-02-28": "0.01600", "2016-11-30": -0.031, "2016-08-31": -0.023, "2016-05-31": -0.158, "2016-02-29": "-0.21900", "2015-11-30": -0.056, "2015-08-31": -22.167, "2015-05-31": 0.399, "2015-02-28": "8.04100", "2014-11-30": -8.275, "2014-08-31": -11.286, "2014-05-31": 0.316, "2014-02-28": "12.42000", "2013-11-30": -11.96, "2013-08-31": 4.217, "2013-05-31": 7.869, "2013-02-28": "21.66800", "2012-11-30": -1.298, "2012-08-31": 4.249, "2012-05-31": 1.313, "2012-02-29": "10.76100", "2011-11-30": -4.491, "2011-08-31": 0.675, "2011-05-31": 0.089, "2011-02-28": "4.75400", "2010-11-30": 0.469, "2010-08-31": 0.003, "2010-05-31": 0.643, "2010-02-28": "-0.68300", "2009-11-30": -0.124, "2009-08-31": 97.29, "2009-05-31": 123.391, "2009-02-28": "-0.68600", "2008-11-30": -0.072, "2008-08-31": -0.145, "2008-05-31": -1.197, "2008-02-29": "-0.12000", "2007-11-30": 1.403, "2007-08-31": -0.686, "2007-05-31": 1.114, "2007-02-28": "15.78600", "2006-11-30": -21.525, "2006-08-31": -28.534, "2006-05-31": -264.375, "2006-02-28": "22.33600", "2005-11-30": -39.927, "2005-08-31": -7.637, "2005-05-31": -121.862, "2005-02-28": "-81.78900"}, "Total Common And Preferred Stock Dividends Paid": {"2020-11-30": -77.931, "2020-08-31": -38.967, "2020-05-31": -38.905, "2020-02-29": "-39.24000", "2019-11-30": -12.678, "2019-08-31": -12.899, "2019-05-31": -13.017, "2019-02-28": "-12.86000", "2018-11-30": -13.174, "2018-08-31": -13.205, "2018-05-31": -13.163, "2018-02-28": "-9.61700", "2017-11-30": -9.427, "2017-08-31": -9.403, "2017-05-31": -9.378, "2017-02-28": "-9.40000", "2016-11-30": -9.102, "2016-08-31": -9.031, "2016-05-31": -8.639, "2016-02-29": "-8.55200", "2015-11-30": -8.427, "2015-08-31": -8.347, "2015-05-31": -8.21, "2015-02-28": "-8.20800", "2014-11-30": -8.21, "2014-08-31": -8.21, "2014-05-31": -8.186, "2014-02-28": "-8.16900", "2013-11-30": -7.77, "2013-08-31": -7.752, "2013-05-31": -7.697, "2013-02-28": "-7.69300", "2012-11-30": -7.639, "2012-08-31": -7.623, "2012-05-31": -7.57, "2012-02-29": "-7.56200", "2011-11-30": -7.481, "2011-08-31": -7.479, "2011-05-31": -7.477, "2011-02-28": "-7.46900", "2010-11-30": -7.398, "2010-08-31": -7.392, "2010-05-31": -7.401, "2010-02-28": "-7.38600", "2009-11-30": -7.328, "2009-08-31": -7.004, "2009-05-31": -6.844, "2009-02-28": "-6.41200", "2008-11-30": -6.414, "2008-08-31": -25.662, "2008-05-31": -25.686, "2008-02-29": "-25.72500", "2007-11-30": -25.288, "2007-08-31": -25.281, "2007-05-31": -25.38, "2007-02-28": "-25.17400", "2006-11-30": -25.123, "2006-08-31": -25.208, "2006-05-31": -25.65, "2006-02-28": "-25.31400", "2005-11-30": -25.13, "2005-08-31": -21.622, "2005-05-31": -21.137, "2005-02-28": "-21.34000"}, "Financial Activities - Other": {"2020-11-30": 211.459, "2020-08-31": 1.547, "2020-05-31": 84.428, "2020-02-29": "66.69900", "2019-11-30": -8.923, "2019-08-31": 4.599, "2019-05-31": -13.318, "2019-02-28": "-3.39600", "2018-11-30": -9.374, "2018-08-31": -40.079, "2018-05-31": -65.919, "2018-02-28": "-33.42500", "2017-11-30": 166.546, "2017-08-31": -6.531, "2017-05-31": -25.056, "2017-02-28": "-34.61300", "2016-11-30": -30.039, "2016-08-31": -25.069, "2016-05-31": -105.221, "2016-02-29": "-198.45700", "2015-11-30": -75.573, "2015-08-31": -196.339, "2015-05-31": -26.181, "2015-02-28": "-57.78600", "2014-11-30": -37.502, "2014-08-31": -39.509, "2014-05-31": -31.654, "2014-02-28": "-38.13300", "2013-11-30": -28.431, "2013-08-31": -12.309, "2013-05-31": -169.197, "2013-02-28": "-15.13800", "2012-11-30": 3.397, "2012-08-31": -34.136, "2012-05-31": -11.51, "2012-02-29": "-5.27200", "2011-11-30": -14.851, "2011-08-31": -16.921, "2011-05-31": -2.674, "2011-02-28": "-15.27100", "2010-11-30": -12.064, "2010-08-31": -7.004, "2010-05-31": -15.338, "2010-02-28": "-14.07000", "2009-11-30": -7.595, "2009-08-31": -14.802, "2009-05-31": -10.125, "2009-02-28": "-3.25800", "2008-11-30": 1.658, "2008-08-31": 131.079, "2008-05-31": -16.033, "2008-02-29": "-14.10300", "2007-11-30": 448.186, "2007-08-31": -37.874, "2007-05-31": 2.951, "2007-02-28": "-0.21800", "2006-11-30": -5.01, "2006-08-31": -25.404, "2006-05-31": -18.547, "2006-02-28": "-15.28700", "2005-11-30": -15.546, "2005-08-31": -0.641, "2005-05-31": -6.742, "2005-02-28": "-10.25200"}, "Cash Flow From Financial Activities": {"2020-11-30": -580.585, "2020-08-31": -917.42, "2020-05-31": -158.766, "2020-02-29": "-789.80400", "2019-11-30": -844.174, "2019-08-31": -731.619, "2019-05-31": -122.453, "2019-02-28": "69.02200", "2018-11-30": -877.816, "2018-08-31": -752.152, "2018-05-31": -115.584, "2018-02-28": "-450.34900", "2017-11-30": 1056.261, "2017-08-31": -549.699, "2017-05-31": 401.445, "2017-02-28": "286.28900", "2016-11-30": -28.288, "2016-08-31": -204.636, "2016-05-31": 137.554, "2016-02-29": "-155.51300", "2015-11-30": -232.905, "2015-08-31": -12.637, "2015-05-31": 306.138, "2015-02-28": "334.07400", "2014-11-30": 142.384, "2014-08-31": -4.47, "2014-05-31": 300.394, "2014-02-28": "223.13000", "2013-11-30": -66.495, "2013-08-31": 55.891, "2013-05-31": -203.988, "2013-02-28": "-7.18100", "2012-11-30": 395.385, "2012-08-31": 229.722, "2012-05-31": -33.651, "2012-02-29": "-264.96000", "2011-11-30": 354.35, "2011-08-31": -17.866, "2011-05-31": 23.362, "2011-02-28": "-195.08800", "2010-11-30": 387.671, "2010-08-31": -19.978, "2010-05-31": 177.688, "2010-02-28": "-209.54100", "2009-11-30": -19, "2009-08-31": -93.803, "2009-05-31": 232.888, "2009-02-28": "-11.79200", "2008-11-30": 26.991, "2008-08-31": -81.226, "2008-05-31": -39.711, "2008-02-29": "-332.95700", "2007-11-30": 29.534, "2007-08-31": -385.637, "2007-05-31": -83.503, "2007-02-28": "-295.01500", "2006-11-30": -165.267, "2006-08-31": -440.889, "2006-05-31": -165.969, "2006-02-28": "342.92000", "2005-11-30": 66.901, "2005-08-31": 662.376, "2005-05-31": 36.327, "2005-02-28": "-441.47800"}, "Net Cash Flow": {"2020-11-30": 700.652, "2020-08-31": 575.196, "2020-05-31": 581.84, "2020-02-29": "-393.64900", "2019-11-30": 398.829, "2019-08-31": 48.793, "2019-05-31": -41.518, "2019-02-28": "-533.38900", "2018-11-30": 512.434, "2018-08-31": -112.809, "2018-05-31": 112.137, "2018-02-28": "-1609.87000", "2017-11-30": 1823.393, "2017-08-31": -146.242, "2017-05-31": 54.908, "2017-02-28": "-400.46900", "2016-11-30": 513.434, "2016-08-31": 0.618, "2016-05-31": 95.018, "2016-02-29": "-437.98600", "2015-11-30": 353.151, "2015-08-31": -114.863, "2015-05-31": 101.727, "2015-02-28": "-463.38400", "2014-11-30": 448.301, "2014-08-31": -126.726, "2014-05-31": 85.941, "2014-02-28": "-96.20700", "2013-11-30": 398.735, "2013-08-31": -319.907, "2013-05-31": -350.439, "2013-02-28": "-68.62700", "2012-11-30": 465.585, "2012-08-31": 15.776, "2012-05-31": -93.524, "2012-02-29": "-240.69800", "2011-11-30": 236.273, "2011-08-31": -204.123, "2011-05-31": -75.132, "2011-02-28": "-187.54900", "2010-11-30": 356.601, "2010-08-31": -219.531, "2010-05-31": 343.861, "2010-02-28": "-544.23400", "2009-11-30": -25.614, "2009-08-31": -96.279, "2009-05-31": 364.225, "2009-02-28": "11.68400", "2008-11-30": 264.006, "2008-08-31": -70.633, "2008-05-31": -166.091, "2008-02-29": "380.94600", "2007-11-30": 544.081, "2007-08-31": -150.9, "2007-05-31": -61.911, "2007-02-28": "-314.39500", "2006-11-30": 522.264, "2006-08-31": -59.955, "2006-05-31": 36.099, "2006-02-28": "-779.43200", "2005-11-30": 850.6, "2005-08-31": 37.818, "2005-05-31": -431.431, "2005-02-28": "-813.45900"}, "Stock-Based Compensation": {"2020-11-30": 23.332, "2020-08-31": 28.658, "2020-05-31": 23.286, "2020-02-29": "31.85500", "2019-11-30": 21.502, "2019-08-31": 34.048, "2019-05-31": 14.491, "2019-02-28": "16.89900", "2018-11-30": 17.017, "2018-08-31": 21.918, "2018-05-31": 15.954, "2018-02-28": "17.76600", "2017-11-30": 18.053, "2017-08-31": 18.486, "2017-05-31": 12.312, "2017-02-28": "12.50500", "2016-11-30": 20.888, "2016-08-31": 12.362, "2016-05-31": 11.124, "2016-02-29": "11.14200", "2015-11-30": 11.674, "2015-08-31": 11.549, "2015-05-31": 10.399, "2015-02-28": "10.25100", "2014-11-30": 12.128, "2014-08-31": 11.299, "2014-05-31": 8.55, "2014-02-28": "8.74100", "2013-11-30": 10.162, "2013-08-31": 10.333, "2013-05-31": 6.708, "2013-02-28": "6.48600", "2012-11-30": 7.564, "2012-08-31": 8.249, "2012-05-31": 7.771, "2012-02-29": "8.16100", "2011-11-30": 7.827, "2011-08-31": 4.714, "2011-05-31": 4.776, "2011-02-28": "6.73000", "2010-11-30": 11.08, "2010-08-31": 5.356, "2010-05-31": 5.341, "2010-02-28": "6.29800", "2009-11-30": 8.429, "2009-08-31": 6.371, "2009-05-31": 7.872, "2009-02-28": "7.72000", "2008-11-30": 8.583, "2008-08-31": 6.415, "2008-05-31": 8.475, "2008-02-29": "6.39800", "2007-11-30": 2.276, "2007-08-31": 12.623, "2007-05-31": 12.576, "2007-02-28": "8.00300", "2006-11-30": 10.167, "2006-08-31": 8.86, "2006-05-31": 9.459, "2006-02-28": "8.14600", "2005-11-30": 2.698, "2005-08-31": 2.637, "2005-05-31": 0.812, "2005-02-28": "0.76900"}, "Common Stock Dividends Paid": {"2020-11-30": -77.931, "2020-08-31": -38.967, "2020-05-31": -38.905, "2020-02-29": "-39.24000", "2019-11-30": -12.678, "2019-08-31": -12.899, "2019-05-31": -13.017, "2019-02-28": "-12.86000", "2018-11-30": -13.174, "2018-08-31": -13.205, "2018-05-31": -13.163, "2018-02-28": "-9.61700", "2017-11-30": -9.427, "2017-08-31": -9.403, "2017-05-31": -9.378, "2017-02-28": "-9.40000", "2016-11-30": -9.102, "2016-08-31": -9.031, "2016-05-31": -8.639, "2016-02-29": "-8.55200", "2015-11-30": -8.427, "2015-08-31": -8.347, "2015-05-31": -8.21, "2015-02-28": "-8.20800", "2014-11-30": -8.21, "2014-08-31": -8.21, "2014-05-31": -8.186, "2014-02-28": "-8.16900", "2013-11-30": -7.77, "2013-08-31": -7.752, "2013-05-31": -7.697, "2013-02-28": "-7.69300", "2012-11-30": -7.639, "2012-08-31": -7.623, "2012-05-31": -7.57, "2012-02-29": "-7.56200", "2011-11-30": -7.481, "2011-08-31": -7.479, "2011-05-31": -7.477, "2011-02-28": "-7.46900", "2010-11-30": -7.398, "2010-08-31": -7.392, "2010-05-31": -7.401, "2010-02-28": "-7.38600", "2009-11-30": -7.328, "2009-08-31": -7.004, "2009-05-31": -6.844, "2009-02-28": "-6.41200", "2008-11-30": -6.414, "2008-08-31": -25.662, "2008-05-31": -25.686, "2008-02-29": "-25.72500", "2007-11-30": -25.288, "2007-08-31": -25.281, "2007-05-31": -25.38, "2007-02-28": "-25.17400", "2006-11-30": -25.123, "2006-08-31": -25.208, "2006-05-31": -25.65, "2006-02-28": "-25.31400", "2005-11-30": -25.13, "2005-08-31": -21.622, "2005-05-31": -21.137, "2005-02-28": "-21.34000"}}, "financial ratios": {"Current Ratio": {"2020-11-30": "11.42480", "2019-11-30": "14.36800", "2018-11-30": "13.89530", "2017-11-30": "8.41500", "2016-11-30": "8.93300", "2015-11-30": "7.85720", "2014-11-30": "8.71660", "2013-11-30": "6.91860", "2012-11-30": "6.46330", "2011-11-30": "4.88430", "2010-11-30": "5.18860", "2009-11-30": "8.55330", "2008-11-30": "7.08800", "2007-11-30": "5.72260", "2006-11-30": "7.99560", "2005-11-30": "7.68630"}, "Long-term Debt / Capital": {"2020-11-30": "0.24760", "2019-11-30": "0.32660", "2018-11-30": "0.36780", "2017-11-30": "0.44530", "2016-11-30": "0.38820", "2015-11-30": "0.45790", "2014-11-30": "0.47020", "2013-11-30": "0.47550", "2012-11-30": "0.50020", "2011-11-30": "0.50440", "2010-11-30": "0.49480", "2009-11-30": "0.51620", "2008-11-30": "0.49240", "2007-11-30": "0.37520", "2006-11-30": "0.31430", "2005-11-30": "0.33050"}, "Debt/Equity Ratio": {"2020-11-30": "0.32920", "2019-11-30": "0.48600", "2018-11-30": "0.58290", "2017-11-30": "0.88090", "2016-11-30": "0.72080", "2015-11-30": "0.97430", "2014-11-30": "1.00510", "2013-11-30": "1.01380", "2012-11-30": "1.15110", "2011-11-30": "1.25890", "2010-11-30": "1.22050", "2009-11-30": "1.06700", "2008-11-30": "0.97020", "2007-11-30": "0.60060", "2006-11-30": "0.45840", "2005-11-30": "0.49370"}, "Gross Margin": {"2020-11-30": "15.44810", "2019-11-30": "12.58920", "2018-11-30": "11.34660", "2017-11-30": "12.84860", "2016-11-30": "13.65230", "2015-11-30": "13.74560", "2014-11-30": "14.12890", "2013-11-30": "14.01660", "2012-11-30": "10.80680", "2011-11-30": "6.42020", "2010-11-30": "7.10120", "2009-11-30": "-10.98440", "2008-11-30": "-6.77170", "2007-11-30": "-24.07730", "2006-11-30": "6.73330", "2005-11-30": "15.82270"}, "Operating Margin": {"2020-11-30": "13.85440", "2019-11-30": "11.05670", "2018-11-30": "8.93110", "2017-11-30": "10.58800", "2016-11-30": "11.52840", "2015-11-30": "11.46310", "2014-11-30": "11.85170", "2013-11-30": "11.55560", "2012-11-30": "7.70490", "2011-11-30": "3.34280", "2010-11-30": "4.04570", "2009-11-30": "-14.75330", "2008-11-30": "-9.60750", "2007-11-30": "-25.77760", "2006-11-30": "5.54490", "2005-11-30": "14.47230"}, "EBIT Margin": {"2020-11-30": "13.85440", "2019-11-30": "11.05670", "2018-11-30": "8.93110", "2017-11-30": "10.58800", "2016-11-30": "11.52840", "2015-11-30": "11.46310", "2014-11-30": "11.85170", "2013-11-30": "11.55560", "2012-11-30": "7.70490", "2011-11-30": "3.34280", "2010-11-30": "4.04570", "2009-11-30": "-14.75330", "2008-11-30": "-9.60750", "2007-11-30": "-25.77760", "2006-11-30": "5.54490", "2005-11-30": "14.47230"}, "EBITDA Margin": {"2020-11-30": "14.16470", "2019-11-30": "11.35320", "2018-11-30": "9.25990", "2017-11-30": "11.20190", "2016-11-30": "12.12060", "2015-11-30": "12.13380", "2014-11-30": "12.62200", "2013-11-30": "12.46290", "2012-11-30": "8.91150", "2011-11-30": "4.70420", "2010-11-30": "4.69900", "2009-11-30": "-14.05950", "2008-11-30": "-8.84120", "2007-11-30": "-25.22040", "2006-11-30": "5.85240", "2005-11-30": "14.99610"}, "Pre-Tax Profit Margin": {"2020-11-30": "13.89040", "2019-11-30": "10.93590", "2018-11-30": "10.99910", "2017-11-30": "9.40670", "2016-11-30": "12.15040", "2015-11-30": "12.76770", "2014-11-30": "12.46540", "2013-11-30": "11.49000", "2012-11-30": "5.41060", "2011-11-30": "3.16520", "2010-11-30": "3.08150", "2009-11-30": "-24.37670", "2008-11-30": "-12.36230", "2007-11-30": "-30.24590", "2006-11-30": "5.79500", "2005-11-30": "15.57440"}, "Net Profit Margin": {"2020-11-30": "10.83490", "2019-11-30": "8.23430", "2018-11-30": "8.17130", "2017-11-30": "6.34690", "2016-11-30": "8.24340", "2015-11-30": "8.38250", "2014-11-30": "8.11230", "2013-11-30": "7.96720", "2012-11-30": "16.27710", "2011-11-30": "2.94000", "2010-11-30": "3.06490", "2009-11-30": "-13.37270", "2008-11-30": "-24.24010", "2007-11-30": "-19.05490", "2006-11-30": "3.65080", "2005-11-30": "9.77250"}, "Asset Turnover": {"2020-11-30": "0.75130", "2019-11-30": "0.75820", "2018-11-30": "0.72010", "2017-11-30": "0.67470", "2016-11-30": "0.71280", "2015-11-30": "0.65700", "2014-11-30": "0.60200", "2013-11-30": "0.52650", "2012-11-30": "0.39620", "2011-11-30": "0.33810", "2010-11-30": "0.34980", "2009-11-30": "0.42640", "2008-11-30": "0.61620", "2007-11-30": "1.11910", "2006-11-30": "1.31100", "2005-11-30": "1.10570"}, "Inventory Turnover Ratio": {"2020-11-30": "1.12350", "2019-11-30": "1.09450", "2018-11-30": "1.06850", "2017-11-30": "1.01480", "2016-11-30": "1.03010", "2015-11-30": "0.93490", "2014-11-30": "0.86350", "2013-11-30": "0.77310", "2012-11-30": "0.72560", "2011-11-30": "0.66430", "2010-11-30": "0.68490", "2009-11-30": "0.84690", "2008-11-30": "1.08560", "2007-11-30": "2.80850", "2006-11-30": "1.93720", "2005-11-30": "1.48440"}, "Receiveable Turnover": {"2020-11-30": "75.29640", "2019-11-30": "67.63280", "2018-11-30": "86.85840", "2017-11-30": "91.86200", "2016-11-30": "35.15320", "2015-11-30": "41.28360", "2014-11-30": "31.46960", "2013-11-30": "36.24090", "2012-11-30": "76.38170", "2011-11-30": "57.34640", "2010-11-30": "37.39600", "2009-11-30": "6.83360", "2008-11-30": "13.07340", "2007-11-30": "9.35240", "2006-11-30": "102.27840", "2005-11-30": "46.34190"}, "Days Sales In Receivables": {"2020-11-30": "4.84750", "2019-11-30": "5.39680", "2018-11-30": "4.20220", "2017-11-30": "3.97340", "2016-11-30": "10.38310", "2015-11-30": "8.84130", "2014-11-30": "11.59850", "2013-11-30": "10.07150", "2012-11-30": "4.77860", "2011-11-30": "6.36480", "2010-11-30": "9.76040", "2009-11-30": "53.41290", "2008-11-30": "27.91940", "2007-11-30": "39.02740", "2006-11-30": "3.56870", "2005-11-30": "7.87620"}, "ROE - Return On Equity": {"2020-11-30": "13.63330", "2019-11-30": "11.48900", "2018-11-30": "11.69730", "2017-11-30": "9.66370", "2016-11-30": "12.66150", "2015-11-30": "13.76790", "2014-11-30": "11.97210", "2013-11-30": "10.91150", "2012-11-30": "16.42830", "2011-11-30": "3.40680", "2010-11-30": "3.77100", "2009-11-30": "-17.23560", "2008-11-30": "-42.43920", "2007-11-30": "-50.78550", "2006-11-30": "10.41630", "2005-11-30": "25.60090"}, "Return On Tangible Equity": {"2020-11-30": "16.83530", "2019-11-30": "14.62990", "2018-11-30": "15.27960", "2017-11-30": "9.83180", "2016-11-30": "12.66150", "2015-11-30": "13.76790", "2014-11-30": "11.97210", "2013-11-30": "10.91150", "2012-11-30": "16.42830", "2011-11-30": "3.40680", "2010-11-30": "3.77100", "2009-11-30": "-17.23560", "2008-11-30": "-42.43920", "2007-11-30": "-50.78550", "2006-11-30": "10.78830", "2005-11-30": "26.58910"}, "ROA - Return On Assets": {"2020-11-30": "8.24300", "2019-11-30": "6.27440", "2018-11-30": "6.01240", "2017-11-30": "4.11710", "2016-11-30": "5.94390", "2015-11-30": "5.68120", "2014-11-30": "4.86490", "2013-11-30": "4.47900", "2012-11-30": "6.34360", "2011-11-30": "1.22940", "2010-11-30": "1.37070", "2009-11-30": "-6.09800", "2008-11-30": "-14.99260", "2007-11-30": "-21.32410", "2006-11-30": "4.78610", "2005-11-30": "10.71990"}, "ROI - Return On Investment": {"2020-11-30": "10.25790", "2019-11-30": "7.73660", "2018-11-30": "7.39450", "2017-11-30": "5.36080", "2016-11-30": "7.74620", "2015-11-30": "7.46410", "2014-11-30": "6.34240", "2013-11-30": "5.72360", "2012-11-30": "8.21020", "2011-11-30": "1.68830", "2010-11-30": "1.90520", "2009-11-30": "-8.33850", "2008-11-30": "-21.54010", "2007-11-30": "-31.72970", "2006-11-30": "7.14220", "2005-11-30": "17.13890"}, "Book Value Per Share": {"2020-11-30": "57.88120", "2019-11-30": "50.75730", "2018-11-30": "45.28450", "2017-11-30": "33.28050", "2016-11-30": "30.75620", "2015-11-30": "28.17990", "2014-11-30": "25.61120", "2013-11-30": "22.67560", "2012-11-30": "20.88890", "2011-11-30": "17.53440", "2010-11-30": "17.11560", "2009-11-30": "13.99710", "2008-11-30": "16.33680", "2007-11-30": "23.90510", "2006-11-30": "36.04900", "2005-11-30": "33.32960"}, "Operating Cash Flow Per Share": {"2020-11-30": 8.8894, "2019-11-30": -0.8273, "2018-11-30": 1.3403, "2017-11-30": 1.9848, "2016-11-30": 3.9397, "2015-11-30": 1.6724, "2014-11-30": 0.1206, "2013-11-30": -1.6335, "2012-11-30": -0.6141, "2011-11-30": -2.7796, "2010-11-30": -1.0158, "2009-11-30": -4.4821, "2008-11-30": 4.1315, "2007-11-30": -0.6056, "2006-11-30": 1.54, "2005-11-30": 1.884}, "Free Cash Flow Per Share": {"2020-11-30": 8.926, "2019-11-30": -0.6763, "2018-11-30": 1.3889, "2017-11-30": 1.7308, "2016-11-30": 3.1377, "2015-11-30": 0.982, "2014-11-30": -0.2493, "2013-11-30": -0.8164, "2012-11-30": 0.2647, "2011-11-30": -2.8037, "2010-11-30": -1.0445, "2009-11-30": -4.489, "2008-11-30": 4.1398, "2007-11-30": -0.4391, "2006-11-30": 1.5054, "2005-11-30": 1.7526}}, "financial ratios, quarterly": {"Current Ratio": {"2020-11-30": "11.42480", "2020-08-31": "13.61610", "2020-05-31": "14.20800", "2020-02-29": "12.65330", "2019-11-30": "14.36800", "2019-08-31": "14.18960", "2019-05-31": "13.92650", "2019-02-28": "14.76940", "2018-11-30": "13.89530", "2018-08-31": "12.61900", "2018-05-31": "11.80800", "2018-02-28": "16.40210", "2017-11-30": "8.41500", "2017-08-31": "7.75780", "2017-05-31": "8.43390", "2017-02-28": "9.32530", "2016-11-30": "8.93300", "2016-08-31": "9.25930", "2016-05-31": "9.52390", "2016-02-29": "9.54630", "2015-11-30": "7.85720", "2015-08-31": "7.86260", "2015-05-31": "8.76080", "2015-02-28": "8.68170", "2014-11-30": "8.71660", "2014-08-31": "8.30900", "2014-05-31": "8.51460", "2014-02-28": "7.69320", "2013-11-30": "6.91860", "2013-08-31": "7.09550", "2013-05-31": "9.42970", "2013-02-28": "9.29340", "2012-11-30": "6.46330", "2012-08-31": "6.21020", "2012-05-31": "5.91510", "2012-02-29": "5.77600", "2011-11-30": "4.88430", "2011-08-31": "4.69160", "2011-05-31": "5.01110", "2011-02-28": "5.15250", "2010-11-30": "5.18860", "2010-08-31": "5.35900", "2010-05-31": "5.59170", "2010-02-28": "5.40110", "2009-11-30": "8.55330", "2009-08-31": "7.59340", "2009-05-31": "7.91200", "2009-02-28": "7.50450", "2008-11-30": "7.08800", "2008-08-31": "6.58750", "2008-05-31": "6.53510", "2008-02-29": "6.29840", "2007-11-30": "5.72260", "2007-08-31": "8.74130", "2007-05-31": "8.90440", "2007-02-28": "8.82570", "2006-11-30": "7.99560", "2006-08-31": "9.17950", "2006-05-31": "8.44910", "2006-02-28": "8.48620", "2005-11-30": "7.68630", "2005-08-31": "3.31910", "2005-05-31": "3.33060", "2005-02-28": "3.50370"}, "Long-term Debt / Capital": {"2020-11-30": "0.24760", "2020-08-31": "0.29350", "2020-05-31": "0.31070", "2020-02-29": "0.33380", "2019-11-30": "0.32660", "2019-08-31": "0.36980", "2019-05-31": "0.38120", "2019-02-28": "0.38330", "2018-11-30": "0.36780", "2018-08-31": "0.39990", "2018-05-31": "0.42160", "2018-02-28": "0.44070", "2017-11-30": "0.44530", "2017-08-31": "0.41900", "2017-05-31": "0.43680", "2017-02-28": "0.44330", "2016-11-30": "0.38820", "2016-08-31": "0.42120", "2016-05-31": "0.45520", "2016-02-29": "0.46680", "2015-11-30": "0.45790", "2015-08-31": "0.48110", "2015-05-31": "0.49140", "2015-02-28": "0.49160", "2014-11-30": "0.47020", "2014-08-31": "0.48230", "2014-05-31": "0.48910", "2014-02-28": "0.49810", "2013-11-30": "0.47550", "2013-08-31": "0.52580", "2013-05-31": "0.52870", "2013-02-28": "0.52540", "2012-11-30": "0.50020", "2012-08-31": "0.48760", "2012-05-31": "0.47860", "2012-02-29": "0.51100", "2011-11-30": "0.50440", "2011-08-31": "0.48810", "2011-05-31": "0.48780", "2011-02-28": "0.49180", "2010-11-30": "0.49480", "2010-08-31": "0.48100", "2010-05-31": "0.48830", "2010-02-28": "0.47390", "2009-11-30": "0.51620", "2009-08-31": "0.52560", "2009-05-31": "0.51780", "2009-02-28": "0.51060", "2008-11-30": "0.49240", "2008-08-31": "0.40530", "2008-05-31": "0.39500", "2008-02-29": "0.38240", "2007-11-30": "0.37520", "2007-08-31": "0.33530", "2007-05-31": "0.31650", "2007-02-28": "0.30890", "2006-11-30": "0.31430", "2006-08-31": "0.31950", "2006-05-31": "0.33530", "2006-02-28": "0.36000", "2005-11-30": "0.33050", "2005-08-31": "0.37070", "2005-05-31": "0.35390", "2005-02-28": "0.32490"}, "Debt/Equity Ratio": {"2020-11-30": "0.32920", "2020-08-31": "0.41550", "2020-05-31": "0.45100", "2020-02-29": "0.50210", "2019-11-30": "0.48600", "2019-08-31": "0.58780", "2019-05-31": "0.61690", "2019-02-28": "0.62250", "2018-11-30": "0.58290", "2018-08-31": "0.68340", "2018-05-31": "0.75600", "2018-02-28": "0.78810", "2017-11-30": "0.88090", "2017-08-31": "0.80170", "2017-05-31": "0.88070", "2017-02-28": "0.88270", "2016-11-30": "0.72080", "2016-08-31": "0.81290", "2016-05-31": "0.92090", "2016-02-29": "0.97530", "2015-11-30": "0.97430", "2015-08-31": "1.06370", "2015-05-31": "1.08130", "2015-02-28": "1.08860", "2014-11-30": "1.00510", "2014-08-31": "1.06240", "2014-05-31": "1.09220", "2014-02-28": "1.09280", "2013-11-30": "1.01380", "2013-08-31": "1.20260", "2013-05-31": "1.19040", "2013-02-28": "1.17720", "2012-11-30": "1.15110", "2012-08-31": "1.11080", "2012-05-31": "1.08000", "2012-02-29": "1.22920", "2011-11-30": "1.25890", "2011-08-31": "1.19250", "2011-05-31": "1.18820", "2011-02-28": "1.20590", "2010-11-30": "1.22050", "2010-08-31": "1.13490", "2010-05-31": "1.16170", "2010-02-28": "1.11130", "2009-11-30": "1.06700", "2009-08-31": "1.10800", "2009-05-31": "1.07370", "2009-02-28": "1.04330", "2008-11-30": "0.97020", "2008-08-31": "0.68150", "2008-05-31": "0.65280", "2008-02-29": "0.61930", "2007-11-30": "0.60060", "2007-08-31": "0.50440", "2007-05-31": "0.46300", "2007-02-28": "0.44700", "2006-11-30": "0.45840", "2006-08-31": "0.46940", "2006-05-31": "0.50440", "2006-02-28": "0.56260", "2005-11-30": "0.49370", "2005-08-31": "0.58910", "2005-05-31": "0.54770", "2005-02-28": "0.48130"}, "Gross Margin": {"2020-11-30": "18.19980", "2020-08-31": "16.59650", "2020-05-31": "14.01990", "2020-02-29": "11.45900", "2019-11-30": "14.10730", "2019-08-31": "12.65090", "2019-05-31": "12.14700", "2019-02-28": "10.39550", "2018-11-30": "13.65890", "2018-08-31": "11.97140", "2018-05-31": "8.97810", "2018-02-28": "9.48500", "2017-11-30": "13.94790", "2017-08-31": "13.73470", "2017-05-31": "12.26280", "2017-02-28": "10.64960", "2016-11-30": "14.95000", "2016-08-31": "13.59820", "2016-05-31": "13.77570", "2016-02-29": "11.36130", "2015-11-30": "15.11100", "2015-08-31": "13.99480", "2015-05-31": "13.43830", "2015-02-28": "11.36900", "2014-11-30": "16.24920", "2014-08-31": "14.21790", "2014-05-31": "12.54860", "2014-02-28": "12.08650", "2013-11-30": "16.36710", "2013-08-31": "14.20530", "2013-05-31": "13.63560", "2013-02-28": "9.71400", "2012-11-30": "13.17190", "2012-08-31": "11.04690", "2012-05-31": "10.48210", "2012-02-29": "6.45310", "2011-11-30": "6.65590", "2011-08-31": "7.96590", "2011-05-31": "5.83160", "2011-02-28": "4.55210", "2010-11-30": "5.92310", "2010-08-31": "8.86620", "2010-05-31": "9.50240", "2010-02-28": "2.92600", "2009-11-30": "-21.55960", "2009-08-31": "-6.94950", "2009-05-31": "-2.01510", "2009-02-28": "-13.08280", "2008-11-30": "-8.40810", "2008-08-31": "-4.59860", "2008-05-31": "-6.82880", "2008-02-29": "-7.00580", "2007-11-30": "-68.12890", "2007-08-31": "-27.89250", "2007-05-31": "-10.33670", "2007-02-28": "-0.68500", "2006-11-30": "-5.26160", "2006-08-31": "8.70490", "2006-05-31": "11.95800", "2006-02-28": "12.59890", "2005-11-30": "17.73300", "2005-08-31": "16.10650", "2005-05-31": "14.60820", "2005-02-28": "12.89630"}, "Operating Margin": {"2020-11-30": "16.80130", "2020-08-31": "15.01810", "2020-05-31": "12.44160", "2020-02-29": "9.53130", "2019-11-30": "12.77270", "2019-08-31": "11.06970", "2019-05-31": "10.77880", "2019-02-28": "8.34430", "2018-11-30": "11.99030", "2018-08-31": "10.06150", "2018-05-31": "6.98530", "2018-02-28": "3.71450", "2017-11-30": "11.68780", "2017-08-31": "11.50070", "2017-05-31": "10.21570", "2017-02-28": "8.05270", "2016-11-30": "12.93830", "2016-08-31": "11.43990", "2016-05-31": "11.74340", "2016-02-29": "8.97040", "2015-11-30": "12.87410", "2015-08-31": "11.72760", "2015-05-31": "11.33980", "2015-02-28": "8.71390", "2014-11-30": "14.01770", "2014-08-31": "12.07930", "2014-05-31": "10.44180", "2014-02-28": "9.29050", "2013-11-30": "14.10530", "2013-08-31": "11.85820", "2013-05-31": "11.26310", "2013-02-28": "6.55620", "2012-11-30": "10.28070", "2012-08-31": "8.11120", "2012-05-31": "7.34630", "2012-02-29": "2.75010", "2011-11-30": "3.66110", "2011-08-31": "5.18900", "2011-05-31": "3.13720", "2011-02-28": "0.36750", "2010-11-30": "3.00980", "2010-08-31": "5.95780", "2010-05-31": "6.77250", "2010-02-28": "-1.01530", "2009-11-30": "-25.14480", "2009-08-31": "-10.77300", "2009-05-31": "-5.35360", "2009-02-28": "-17.71550", "2008-11-30": "-10.85710", "2008-08-31": "-7.67550", "2008-05-31": "-9.45170", "2008-02-29": "-10.28190", "2007-11-30": "-69.77180", "2007-08-31": "-29.80120", "2007-05-31": "-11.92980", "2007-02-28": "-2.36550", "2006-11-30": "-6.05910", "2006-08-31": "7.48880", "2006-05-31": "10.72300", "2006-02-28": "10.99760", "2005-11-30": "16.47010", "2005-08-31": "14.79890", "2005-05-31": "13.21630", "2005-02-28": "11.35160"}, "EBIT Margin": {"2020-11-30": "16.80130", "2020-08-31": "15.01810", "2020-05-31": "12.44160", "2020-02-29": "9.53130", "2019-11-30": "12.77270", "2019-08-31": "11.06970", "2019-05-31": "10.77880", "2019-02-28": "8.34430", "2018-11-30": "11.99020", "2018-08-31": "10.06150", "2018-05-31": "6.98530", "2018-02-28": "3.71450", "2017-11-30": "11.68780", "2017-08-31": "11.50070", "2017-05-31": "10.21570", "2017-02-28": "8.05270", "2016-11-30": "12.93830", "2016-08-31": "11.43990", "2016-05-31": "11.74340", "2016-02-29": "8.97040", "2015-11-30": "12.87410", "2015-08-31": "11.72760", "2015-05-31": "11.33980", "2015-02-28": "8.71390", "2014-11-30": "14.01770", "2014-08-31": "12.07930", "2014-05-31": "10.44180", "2014-02-28": "9.29050", "2013-11-30": "14.10530", "2013-08-31": "11.85820", "2013-05-31": "11.26310", "2013-02-28": "6.55620", "2012-11-30": "10.28070", "2012-08-31": "8.11120", "2012-05-31": "7.34630", "2012-02-29": "2.75010", "2011-11-30": "3.66110", "2011-08-31": "5.18900", "2011-05-31": "3.13720", "2011-02-28": "0.36750", "2010-11-30": "3.00980", "2010-08-31": "5.95780", "2010-05-31": "6.77250", "2010-02-28": "-1.01530", "2009-11-30": "-25.14480", "2009-08-31": "-10.77300", "2009-05-31": "-5.35360", "2009-02-28": "-17.71550", "2008-11-30": "-10.85710", "2008-08-31": "-7.67550", "2008-05-31": "-9.45170", "2008-02-29": "-10.28190", "2007-11-30": "-69.77180", "2007-08-31": "-29.80120", "2007-05-31": "-11.92980", "2007-02-28": "-2.36550", "2006-11-30": "-6.05910", "2006-08-31": "7.48880", "2006-05-31": "10.72300", "2006-02-28": "10.99760", "2005-11-30": "16.47010", "2005-08-31": "14.79890", "2005-05-31": "13.21630", "2005-02-28": "11.35160"}, "EBITDA Margin": {"2020-11-30": "", "2020-08-31": "", "2020-05-31": "", "2020-02-29": "", "2019-11-30": "", "2019-08-31": "", "2019-05-31": "", "2019-02-28": "", "2018-11-30": "", "2018-08-31": "", "2018-05-31": "", "2018-02-28": "", "2017-11-30": "", "2017-08-31": "", "2017-05-31": "", "2017-02-28": "", "2016-11-30": "", "2016-08-31": "", "2016-05-31": "", "2016-02-29": "", "2015-11-30": "", "2015-08-31": "", "2015-05-31": "", "2015-02-28": "", "2014-11-30": "", "2014-08-31": "", "2014-05-31": "", "2014-02-28": "", "2013-11-30": "", "2013-08-31": "", "2013-05-31": "", "2013-02-28": "", "2012-11-30": "", "2012-08-31": "", "2012-05-31": "", "2012-02-29": "", "2011-11-30": "", "2011-08-31": "", "2011-05-31": "", "2011-02-28": "", "2010-11-30": "", "2010-08-31": "", "2010-05-31": "", "2010-02-28": "", "2009-11-30": "", "2009-08-31": "", "2009-05-31": "", "2009-02-28": "", "2008-11-30": "", "2008-08-31": "", "2008-05-31": "", "2008-02-29": "", "2007-11-30": "", "2007-08-31": "", "2007-05-31": "", "2007-02-28": "", "2006-11-30": "", "2006-08-31": "", "2006-05-31": "", "2006-02-28": "", "2005-11-30": "", "2005-08-31": "", "2005-05-31": "", "2005-02-28": ""}, "Pre-Tax Profit Margin": {"2020-11-30": "17.06220", "2020-08-31": "14.63330", "2020-05-31": "12.79610", "2020-02-29": "9.40110", "2019-11-30": "12.74740", "2019-08-31": "11.38940", "2019-05-31": "10.05590", "2019-02-28": "8.25020", "2018-11-30": "16.04730", "2018-08-31": "9.97640", "2018-05-31": "7.15890", "2018-02-28": "9.03880", "2017-11-30": "12.20380", "2017-08-31": "11.29500", "2017-05-31": "9.49140", "2017-02-28": "2.12380", "2016-11-30": "13.66390", "2016-08-31": "11.98200", "2016-05-31": "11.93960", "2016-02-29": "10.11670", "2015-11-30": "14.68330", "2015-08-31": "12.86910", "2015-05-31": "11.69480", "2015-02-28": "10.74380", "2014-11-30": "14.62660", "2014-08-31": "13.02540", "2014-05-31": "11.19620", "2014-02-28": "9.23460", "2013-11-30": "14.46180", "2013-08-31": "11.81450", "2013-05-31": "11.37370", "2013-02-28": "5.38460", "2012-11-30": "7.77000", "2012-08-31": "5.33160", "2012-05-31": "5.60150", "2012-02-29": "0.89020", "2011-11-30": "1.23590", "2011-08-31": "2.93580", "2011-05-31": "3.37480", "2011-02-28": "6.50860", "2010-11-30": "4.50880", "2010-08-31": "4.78010", "2010-05-31": "4.36520", "2010-02-28": "-3.31540", "2009-11-30": "-33.13710", "2009-08-31": "-23.81530", "2009-05-31": "-14.59410", "2009-02-28": "-26.27290", "2008-11-30": "-7.74990", "2008-08-31": "-12.57090", "2008-05-31": "-15.35420", "2008-02-29": "-14.51620", "2007-11-30": "-90.45370", "2007-08-31": "-35.76840", "2007-05-31": "-13.32680", "2007-02-28": "3.90120", "2006-11-30": "-7.27800", "2006-08-31": "7.84360", "2006-05-31": "11.26100", "2006-02-28": "12.63960", "2005-11-30": "18.56070", "2005-08-31": "15.48660", "2005-05-31": "12.77510", "2005-02-28": "12.87110"}, "Net Profit Margin": {"2020-11-30": "12.78780", "2020-08-31": "11.21960", "2020-05-31": "9.66680", "2020-02-29": "8.74580", "2019-11-30": "9.57890", "2019-08-31": "8.68770", "2019-05-31": "7.51970", "2019-02-28": "6.15170", "2018-11-30": "12.21620", "2018-08-31": "7.92360", "2018-05-31": "5.63470", "2018-02-28": "4.52290", "2017-11-30": "8.10080", "2017-08-31": "7.56460", "2017-05-31": "6.48650", "2017-02-28": "1.61270", "2016-11-30": "9.18940", "2016-08-31": "8.24060", "2016-05-31": "7.87610", "2016-02-29": "7.15120", "2015-11-30": "9.45680", "2015-08-31": "8.86580", "2015-05-31": "7.56540", "2015-02-28": "6.91470", "2014-11-30": "9.37870", "2014-08-31": "8.71500", "2014-05-31": "7.48210", "2014-02-28": "5.66190", "2013-11-30": "8.44400", "2013-08-31": "7.41390", "2013-05-31": "9.50230", "2013-02-28": "5.72850", "2012-11-30": "9.02560", "2012-08-31": "7.78170", "2012-05-31": "47.94870", "2012-02-29": "2.03350", "2011-11-30": "3.09780", "2011-08-31": "2.49600", "2011-05-31": "1.78080", "2011-02-28": "4.91110", "2010-11-30": "3.60240", "2010-08-31": "3.64070", "2010-05-31": "4.87660", "2010-02-28": "-1.13550", "2009-11-30": "3.89300", "2009-08-31": "-23.80990", "2009-05-31": "-14.03650", "2009-02-28": "-26.29220", "2008-11-30": "-63.45530", "2008-08-31": "-8.03980", "2008-05-31": "-10.72030", "2008-02-29": "-8.29950", "2007-11-30": "-57.49660", "2007-08-31": "-21.94210", "2007-05-31": "-8.49130", "2007-02-28": "2.45780", "2006-11-30": "-4.58510", "2006-08-31": "4.94150", "2006-05-31": "7.09440", "2006-02-28": "7.96290", "2005-11-30": "11.55400", "2005-08-31": "9.64040", "2005-05-31": "8.30340", "2005-02-28": "8.03110"}, "Asset Turnover": {"2020-11-30": "0.22800", "2020-08-31": "0.20020", "2020-05-31": "0.18040", "2020-02-29": "0.15440", "2019-11-30": "0.23750", "2019-08-31": "0.19880", "2019-05-31": "0.18800", "2019-02-28": "0.13450", "2018-11-30": "0.22610", "2018-08-31": "0.20050", "2018-05-31": "0.19260", "2018-02-28": "0.10670", "2017-11-30": "0.20200", "2017-08-31": "0.19250", "2017-05-31": "0.19470", "2017-02-28": "0.14400", "2016-11-30": "0.21980", "2016-08-31": "0.18890", "2016-05-31": "0.18490", "2016-02-29": "0.14040", "2015-11-30": "0.20430", "2015-08-31": "0.17590", "2015-05-31": "0.17220", "2015-02-28": "0.12530", "2014-11-30": "0.19990", "2014-08-31": "0.16390", "2014-05-31": "0.15160", "2014-02-28": "0.11830", "2013-11-30": "0.16990", "2013-08-31": "0.14550", "2013-05-31": "0.13600", "2013-02-28": "0.09490", "2012-11-30": "0.13030", "2012-08-31": "0.11320", "2012-05-31": "0.09950", "2012-02-29": "0.08170", "2011-11-30": "0.10410", "2011-08-31": "0.09400", "2011-05-31": "0.08790", "2011-02-28": "0.06500", "2010-11-30": "0.09790", "2010-08-31": "0.09960", "2010-05-31": "0.09870", "2010-02-28": "0.07200", "2009-11-30": "0.12490", "2009-08-31": "0.10170", "2009-05-31": "0.12250", "2009-02-28": "0.08270", "2008-11-30": "0.17210", "2008-08-31": "0.13450", "2008-05-31": "0.13670", "2008-02-29": "0.12480", "2007-11-30": "0.23910", "2007-08-31": "0.22450", "2007-05-31": "0.24920", "2007-02-28": "0.23200", "2006-11-30": "0.34380", "2006-08-31": "0.33460", "2006-05-31": "0.35670", "2006-02-28": "0.25550", "2005-11-30": "0.40110", "2005-08-31": "0.31930", "2005-05-31": "0.30530", "2005-02-28": "0.27480"}, "Inventory Turnover Ratio": {"2020-11-30": "0.32990", "2020-08-31": "0.27710", "2020-05-31": "0.25330", "2020-02-29": "0.21400", "2019-11-30": "0.33690", "2019-08-31": "0.27140", "2019-05-31": "0.26030", "2019-02-28": "0.19030", "2018-11-30": "0.32670", "2018-08-31": "0.28420", "2018-05-31": "0.28570", "2018-02-28": "0.15350", "2017-11-30": "0.29990", "2017-08-31": "0.25760", "2017-05-31": "0.27430", "2017-02-28": "0.19950", "2016-11-30": "0.31290", "2016-08-31": "0.25360", "2016-05-31": "0.24540", "2016-02-29": "0.18860", "2015-11-30": "0.28610", "2015-08-31": "0.23950", "2015-05-31": "0.23660", "2015-02-28": "0.17330", "2014-11-30": "0.27970", "2014-08-31": "0.22370", "2014-05-31": "0.21510", "2014-02-28": "0.16770", "2013-11-30": "0.24260", "2013-08-31": "0.21060", "2013-05-31": "0.21140", "2013-02-28": "0.15930", "2012-11-30": "0.23230", "2012-08-31": "0.19430", "2012-05-31": "0.17350", "2012-02-29": "0.14530", "2011-11-30": "0.20390", "2011-08-31": "0.17700", "2011-05-31": "0.16740", "2011-02-28": "0.12400", "2010-11-30": "0.19410", "2010-08-31": "0.17590", "2010-05-31": "0.17710", "2010-02-28": "0.13600", "2009-11-30": "0.27170", "2009-08-31": "0.18260", "2009-05-31": "0.20950", "2009-02-28": "0.14900", "2008-11-30": "0.30790", "2008-08-31": "0.24240", "2008-05-31": "0.26510", "2008-02-29": "0.24870", "2007-11-30": "0.81330", "2007-08-31": "0.44570", "2007-05-31": "0.41180", "2007-02-28": "0.33850", "2006-11-30": "0.57340", "2006-08-31": "0.43760", "2006-05-31": "0.45240", "2006-02-28": "0.31480", "2005-11-30": "0.52620", "2005-08-31": "0.38000", "2005-05-31": "0.37240", "2005-02-28": "0.36550"}, "Receiveable Turnover": {"2020-11-30": "22.85420", "2020-08-31": "19.83480", "2020-05-31": "17.65440", "2020-02-29": "14.44870", "2019-11-30": "21.18210", "2019-08-31": "19.82630", "2019-05-31": "18.32340", "2019-02-28": "17.37850", "2018-11-30": "27.27240", "2018-08-31": "33.23940", "2018-05-31": "28.14180", "2018-02-28": "15.34630", "2017-11-30": "27.49800", "2017-08-31": "37.64400", "2017-05-31": "6.55100", "2017-02-28": "8.05110", "2016-11-30": "10.84010", "2016-08-31": "35.87840", "2016-05-31": "61.01810", "2016-02-29": "32.56080", "2015-11-30": "12.83550", "2015-08-31": "33.39900", "2015-05-31": "33.96510", "2015-02-28": "23.64270", "2014-11-30": "10.45210", "2014-08-31": "24.14330", "2014-05-31": "8.70520", "2014-02-28": "10.45300", "2013-11-30": "11.69460", "2013-08-31": "27.34680", "2013-05-31": "23.71100", "2013-02-28": "17.02180", "2012-11-30": "25.12540", "2012-08-31": "23.76260", "2012-05-31": "20.74250", "2012-02-29": "15.18180", "2011-11-30": "17.64930", "2011-08-31": "14.74530", "2011-05-31": "11.41340", "2011-02-28": "9.10970", "2010-11-30": "10.46350", "2010-08-31": "11.36550", "2010-05-31": "11.01440", "2010-02-28": "1.68720", "2009-11-30": "2.00170", "2009-08-31": "6.40740", "2009-05-31": "11.40290", "2009-02-28": "5.67730", "2008-11-30": "3.65180", "2008-08-31": "11.65180", "2008-05-31": "10.15010", "2008-02-29": "7.91790", "2007-11-30": "1.99860", "2007-08-31": "12.08570", "2007-05-31": "15.99450", "2007-02-28": "16.87640", "2006-11-30": "26.82330", "2006-08-31": "27.59370", "2006-05-31": "29.52500", "2006-02-28": "14.67950", "2005-11-30": "16.80950", "2005-08-31": "12.49830", "2005-05-31": "9.93750", "2005-02-28": "13.03980"}, "Days Sales In Receivables": {"2020-11-30": "3.93800", "2020-08-31": "4.53750", "2020-05-31": "5.09790", "2020-02-29": "6.22900", "2019-11-30": "4.24890", "2019-08-31": "4.53940", "2019-05-31": "4.91180", "2019-02-28": "5.17880", "2018-11-30": "3.30000", "2018-08-31": "2.70760", "2018-05-31": "3.19810", "2018-02-28": "5.86460", "2017-11-30": "3.27300", "2017-08-31": "2.39080", "2017-05-31": "13.73840", "2017-02-28": "11.17860", "2016-11-30": "8.30250", "2016-08-31": "2.50850", "2016-05-31": "1.47500", "2016-02-29": "2.76410", "2015-11-30": "7.01180", "2015-08-31": "2.69470", "2015-05-31": "2.64980", "2015-02-28": "3.80670", "2014-11-30": "8.61070", "2014-08-31": "3.72770", "2014-05-31": "10.33860", "2014-02-28": "8.61000", "2013-11-30": "7.69580", "2013-08-31": "3.29110", "2013-05-31": "3.79570", "2013-02-28": "5.28730", "2012-11-30": "3.58200", "2012-08-31": "3.78750", "2012-05-31": "4.33890", "2012-02-29": "5.92810", "2011-11-30": "5.09940", "2011-08-31": "6.10360", "2011-05-31": "7.88550", "2011-02-28": "9.87950", "2010-11-30": "8.60130", "2010-08-31": "7.91870", "2010-05-31": "8.17110", "2010-02-28": "53.34150", "2009-11-30": "44.96160", "2009-08-31": "14.04630", "2009-05-31": "7.89270", "2009-02-28": "15.85270", "2008-11-30": "24.64560", "2008-08-31": "7.72410", "2008-05-31": "8.86690", "2008-02-29": "11.36660", "2007-11-30": "45.03160", "2007-08-31": "7.44680", "2007-05-31": "5.62690", "2007-02-28": "5.33290", "2006-11-30": "3.35530", "2006-08-31": "3.26160", "2006-05-31": "3.04830", "2006-02-28": "6.13100", "2005-11-30": "5.35410", "2005-08-31": "7.20100", "2005-05-31": "9.05660", "2005-02-28": "6.90200"}, "ROE - Return On Equity": {"2020-11-30": "4.92230", "2020-08-31": "3.87330", "2020-05-31": "3.10290", "2020-02-29": "2.41590", "2019-11-30": "4.18600", "2019-08-31": "3.31470", "2019-05-31": "2.74730", "2019-02-28": "1.60760", "2018-11-30": "5.43640", "2018-08-31": "3.31270", "2018-05-31": "2.29840", "2018-02-28": "1.03850", "2017-11-30": "3.72870", "2017-08-31": "3.18030", "2017-05-31": "2.69880", "2017-02-28": "0.40900", "2016-11-30": "4.30520", "2016-08-31": "3.44720", "2016-05-31": "3.52100", "2016-02-29": "2.38700", "2015-11-30": "4.91860", "2015-08-31": "3.96560", "2015-05-31": "3.37100", "2015-02-28": "2.20220", "2014-11-30": "4.81160", "2014-08-31": "3.44250", "2014-05-31": "2.50680", "2014-02-28": "1.70100", "2013-11-30": "3.95500", "2013-08-31": "2.92890", "2013-05-31": "3.53040", "2013-02-28": "1.39960", "2012-11-30": "3.08710", "2012-08-31": "1.85080", "2012-05-31": "12.02210", "2012-02-29": "0.24000", "2011-11-30": "0.77100", "2011-08-31": "0.71640", "2011-05-31": "0.76240", "2011-02-28": "1.19780", "2010-11-30": "1.33100", "2010-08-31": "1.26550", "2010-05-31": "1.53800", "2010-02-28": "-0.25090", "2009-11-30": "0.68370", "2009-08-31": "-7.24800", "2009-05-31": "-5.30640", "2009-02-28": "-6.38990", "2008-11-30": "-31.07450", "2008-08-31": "-2.59230", "2008-05-31": "-3.41610", "2008-02-29": "-2.39660", "2007-11-30": "-32.74750", "2007-08-31": "-10.08100", "2007-05-31": "-4.37360", "2007-02-28": "1.18830", "2006-11-30": "-3.43080", "2006-08-31": "3.48480", "2006-05-31": "5.63190", "2006-02-28": "4.64560", "2005-11-30": "11.06670", "2005-08-31": "7.14620", "2005-05-31": "5.46560", "2005-02-28": "4.63180"}, "Return On Tangible Equity": {"2020-11-30": "6.07840", "2020-08-31": "4.83690", "2020-05-31": "3.91270", "2020-02-29": "3.06820", "2019-11-30": "5.33050", "2019-08-31": "4.26360", "2019-05-31": "3.54850", "2019-02-28": "2.09080", "2018-11-30": "7.10130", "2018-08-31": "4.38740", "2018-05-31": "3.07260", "2018-02-28": "1.40460", "2017-11-30": "3.79360", "2017-08-31": "3.23960", "2017-05-31": "2.74930", "2017-02-28": "0.41720", "2016-11-30": "4.30520", "2016-08-31": "3.44720", "2016-05-31": "3.52100", "2016-02-29": "2.38700", "2015-11-30": "4.91860", "2015-08-31": "3.96560", "2015-05-31": "3.37100", "2015-02-28": "2.20220", "2014-11-30": "4.81160", "2014-08-31": "3.44250", "2014-05-31": "2.50680", "2014-02-28": "1.70100", "2013-11-30": "3.95500", "2013-08-31": "2.92890", "2013-05-31": "3.53040", "2013-02-28": "1.39960", "2012-11-30": "3.08710", "2012-08-31": "1.85080", "2012-05-31": "12.02210", "2012-02-29": "0.24000", "2011-11-30": "0.77100", "2011-08-31": "0.71640", "2011-05-31": "0.76240", "2011-02-28": "1.19780", "2010-11-30": "1.33100", "2010-08-31": "1.26550", "2010-05-31": "1.53800", "2010-02-28": "-0.25090", "2009-11-30": "0.68370", "2009-08-31": "-7.24800", "2009-05-31": "-5.30640", "2009-02-28": "-6.38990", "2008-11-30": "-31.07450", "2008-08-31": "-2.59230", "2008-05-31": "-3.41610", "2008-02-29": "-2.39660", "2007-11-30": "-32.74750", "2007-08-31": "-10.43660", "2007-05-31": "-4.52790", "2007-02-28": "1.22880", "2006-11-30": "-3.55340", "2006-08-31": "3.60430", "2006-05-31": "5.83070", "2006-02-28": "4.82090", "2005-11-30": "11.49390", "2005-08-31": "7.14620", "2005-05-31": "5.46560", "2005-02-28": "4.63180"}, "ROA - Return On Assets": {"2020-11-30": "2.97610", "2020-08-31": "2.28320", "2020-05-31": "1.76090", "2020-02-29": "1.34100", "2019-11-30": "2.28610", "2019-08-31": "1.74020", "2019-05-31": "1.41590", "2019-02-28": "0.83280", "2018-11-30": "2.79430", "2018-08-31": "1.65300", "2018-05-31": "1.11050", "2018-02-28": "0.48960", "2017-11-30": "1.58860", "2017-08-31": "1.43800", "2017-05-31": "1.19790", "2017-02-28": "0.18280", "2016-11-30": "2.02110", "2016-08-31": "1.55430", "2016-05-31": "1.50890", "2016-02-29": "1.02470", "2015-11-30": "2.02960", "2015-08-31": "1.58820", "2015-05-31": "1.32840", "2015-02-28": "0.89110", "2014-11-30": "1.95520", "2014-08-31": "1.41120", "2014-05-31": "1.02230", "2014-02-28": "0.69370", "2013-11-30": "1.62350", "2013-08-31": "1.10890", "2013-05-31": "1.36070", "2013-02-28": "0.54600", "2012-11-30": "1.19200", "2012-08-31": "0.73480", "2012-05-31": "4.85950", "2012-02-29": "0.09000", "2011-11-30": "0.27820", "2011-08-31": "0.26940", "2011-05-31": "0.28560", "2011-02-28": "0.45130", "2010-11-30": "0.48380", "2010-08-31": "0.46900", "2010-05-31": "0.56470", "2010-02-28": "-0.09360", "2009-11-30": "0.24190", "2009-08-31": "-2.46020", "2009-05-31": "-1.80840", "2009-02-28": "-2.19890", "2008-11-30": "-10.97770", "2008-08-31": "-1.08140", "2008-05-31": "-1.46500", "2008-02-29": "-1.03600", "2007-11-30": "-13.75020", "2007-08-31": "-4.92550", "2007-05-31": "-2.11580", "2007-02-28": "0.57010", "2006-11-30": "-1.57640", "2006-08-31": "1.65330", "2006-05-31": "2.53040", "2006-02-28": "2.03460", "2005-11-30": "4.63400", "2005-08-31": "3.07800", "2005-05-31": "2.42820", "2005-02-28": "2.20200"}, "ROI - Return On Investment": {"2020-11-30": "3.70360", "2020-08-31": "2.73630", "2020-05-31": "2.13900", "2020-02-29": "1.60940", "2019-11-30": "2.81890", "2019-08-31": "2.08890", "2019-05-31": "1.70010", "2019-02-28": "0.99140", "2018-11-30": "3.43670", "2018-08-31": "1.98780", "2018-05-31": "1.32930", "2018-02-28": "0.58080", "2017-11-30": "2.06850", "2017-08-31": "1.84770", "2017-05-31": "1.52000", "2017-02-28": "0.22770", "2016-11-30": "2.63390", "2016-08-31": "1.99530", "2016-05-31": "1.91830", "2016-02-29": "1.27280", "2015-11-30": "2.66660", "2015-08-31": "2.05770", "2015-05-31": "1.71440", "2015-02-28": "1.11970", "2014-11-30": "2.54900", "2014-08-31": "1.78230", "2014-05-31": "1.28060", "2014-02-28": "0.85380", "2013-11-30": "2.07460", "2013-08-31": "1.38890", "2013-05-31": "1.66370", "2013-02-28": "0.66420", "2012-11-30": "1.54280", "2012-08-31": "0.94840", "2012-05-31": "6.26830", "2012-02-29": "0.11740", "2011-11-30": "0.38210", "2011-08-31": "0.36670", "2011-05-31": "0.39050", "2011-02-28": "0.60870", "2010-11-30": "0.67250", "2010-08-31": "0.65680", "2010-05-31": "0.78700", "2010-02-28": "-0.13200", "2009-11-30": "0.33070", "2009-08-31": "-3.43830", "2009-05-31": "-2.55890", "2009-02-28": "-3.12730", "2008-11-30": "-15.77200", "2008-08-31": "-1.54170", "2008-05-31": "-2.06690", "2008-02-29": "-1.48000", "2007-11-30": "-20.45990", "2007-08-31": "-6.70080", "2007-05-31": "-2.98950", "2007-02-28": "0.82120", "2006-11-30": "-2.35250", "2006-08-31": "2.37150", "2006-05-31": "3.74370", "2006-02-28": "2.97300", "2005-11-30": "7.40880", "2005-08-31": "4.49690", "2005-05-31": "3.53140", "2005-02-28": "3.12690"}, "Book Value Per Share": {"2020-11-30": "57.88120", "2020-08-31": "55.25520", "2020-05-31": "53.26850", "2020-02-29": "51.86180", "2019-11-30": "50.75730", "2019-08-31": "48.69340", "2019-05-31": "47.32800", "2019-02-28": "46.08550", "2018-11-30": "45.28450", "2018-08-31": "42.73940", "2018-05-31": "41.57740", "2018-02-28": "40.45050", "2017-11-30": "33.28050", "2017-08-31": "32.55690", "2017-05-31": "31.71500", "2017-02-28": "30.94610", "2016-11-30": "30.75620", "2016-08-31": "29.68750", "2016-05-31": "29.03380", "2016-02-29": "28.38000", "2015-11-30": "28.17990", "2015-08-31": "27.01090", "2015-05-31": "26.67960", "2015-02-28": "25.87190", "2014-11-30": "25.61120", "2014-08-31": "24.54700", "2014-05-31": "23.73020", "2014-02-28": "22.99790", "2013-11-30": "22.67560", "2013-08-31": "22.67310", "2013-05-31": "20.95630", "2013-02-28": "21.16000", "2012-11-30": "20.88890", "2012-08-31": "20.22030", "2012-05-31": "19.97040", "2012-02-29": "17.56810", "2011-11-30": "17.53440", "2011-08-31": "17.54090", "2011-05-31": "17.43330", "2011-02-28": "17.29490", "2010-11-30": "17.11560", "2010-08-31": "16.59150", "2010-05-31": "16.37780", "2010-02-28": "16.11000", "2009-11-30": "13.99710", "2009-08-31": "13.12430", "2009-05-31": "14.16190", "2009-02-28": "15.37880", "2008-11-30": "16.33680", "2008-08-31": "21.37380", "2008-05-31": "22.03130", "2008-02-29": "22.89490", "2007-11-30": "23.90510", "2007-08-31": "31.80200", "2007-05-31": "34.83500", "2007-02-28": "36.09000", "2006-11-30": "36.04900", "2006-08-31": "37.42840", "2006-05-31": "36.21770", "2006-02-28": "34.90340", "2005-11-30": "33.32960", "2005-08-31": "29.89330", "2005-05-31": "27.82150", "2005-02-28": "26.77760"}, "Operating Cash Flow Per Share": {"2020-11-30": 4.1665, "2020-08-31": 5.1275, "2020-05-31": 3.0201, "2020-02-29": "1.23060", "2019-11-30": 3.7176, "2019-08-31": 2.2797, "2019-05-31": 0.2899, "2019-02-28": "-1.63190", "2018-11-30": 3.2627, "2018-08-31": 2.1602, "2018-05-31": 0.6709, "2018-02-28": "-0.61120", "2017-11-30": 2.7615, "2017-08-31": 2.0552, "2017-05-31": -1.0093, "2017-02-28": "0.33490", "2016-11-30": 2.1708, "2016-08-31": 0.7495, "2016-05-31": 0.1803, "2016-02-29": "-0.94310", "2015-11-30": 2.9388, "2015-08-31": -0.4164, "2015-05-31": -1.1339, "2015-02-28": "-3.17070", "2014-11-30": 0.4823, "2014-08-31": -0.7717, "2014-05-31": -1.4317, "2014-02-28": "-1.73350", "2013-11-30": 0.9414, "2013-08-31": -1.8257, "2013-05-31": -1.2685, "2013-02-28": "-1.42240", "2012-11-30": 0.2921, "2012-08-31": -1.2531, "2012-05-31": -0.3613, "2012-02-29": "-0.61940", "2011-11-30": -0.7353, "2011-08-31": -0.6159, "2011-05-31": -0.0261, "2011-02-28": "0.04970", "2010-11-30": 0.4728, "2010-08-31": -0.4944, "2010-05-31": 0.9841, "2010-02-28": "0.48950", "2009-11-30": 0.279, "2009-08-31": 0.6532, "2009-05-31": 1.03, "2009-02-28": "0.50560", "2008-11-30": 1.5595, "2008-08-31": 0.5479, "2008-05-31": -0.4957, "2008-02-29": "5.33820", "2007-11-30": 3.5755, "2007-08-31": 1.9107, "2007-05-31": 0.4863, "2007-02-28": "-3.15410", "2006-11-30": 4.3888, "2006-08-31": 2.7808, "2006-05-31": 1.964, "2006-02-28": "-5.70960", "2005-11-30": 7.1057, "2005-08-31": -2.0565, "2005-05-31": -2.1499, "2005-02-28": "-1.01530"}, "Free Cash Flow Per Share": {"2020-11-30": 3.963, "2020-08-31": 5.0829, "2020-05-31": 3.0487, "2020-02-29": "1.21500", "2019-11-30": 3.4804, "2019-08-31": 2.3812, "2019-05-31": 0.2392, "2019-02-28": "-1.71720", "2018-11-30": 2.9317, "2018-08-31": 2.1127, "2018-05-31": 0.7161, "2018-02-28": "-0.70060", "2017-11-30": 2.2655, "2017-08-31": 2.0441, "2017-05-31": -0.9669, "2017-02-28": "0.32830", "2016-11-30": 1.8284, "2016-08-31": 0.8564, "2016-05-31": 0.1906, "2016-02-29": "-0.93520", "2015-11-30": 3.0838, "2015-08-31": -0.0763, "2015-05-31": -1.0304, "2015-02-28": "-3.17460", "2014-11-30": 1.8118, "2014-08-31": -0.7901, "2014-05-31": -1.4522, "2014-02-28": "-1.74900", "2013-11-30": 2.6082, "2013-08-31": -1.8343, "2013-05-31": -1.2761, "2013-02-28": "-1.42800", "2012-11-30": 1.1346, "2012-08-31": -1.2695, "2012-05-31": -0.3648, "2012-02-29": "-0.61410", "2011-11-30": -0.7693, "2011-08-31": -0.6261, "2011-05-31": -0.0328, "2011-02-28": "0.04970", "2010-11-30": 0.4491, "2010-08-31": -0.4925, "2010-05-31": 0.9896, "2010-02-28": "0.47900", "2009-11-30": 0.2856, "2009-08-31": 0.6525, "2009-05-31": 1.0254, "2009-02-28": "0.50620", "2008-11-30": 1.5824, "2008-08-31": 0.5398, "2008-05-31": -0.5037, "2008-02-29": "5.34020", "2007-11-30": 3.6048, "2007-08-31": 1.926, "2007-05-31": 0.4665, "2007-02-28": "-3.17840", "2006-11-30": 4.3617, "2006-08-31": 2.7154, "2006-05-31": 1.9207, "2006-02-28": "-5.73980", "2005-11-30": 7.0726, "2005-08-31": -2.0825, "2005-05-31": -2.1868, "2005-02-28": "-1.05070"}}, "revenue": {"Lennar Annual Revenue (Millions of US $)": {"2020": "$22,489", "2019": "$22,260", "2018": "$20,572", "2017": "$12,646", "2016": "$10,950", "2015": "$9,474", "2014": "$7,780", "2013": "$5,935", "2012": "$4,105", "2011": "$3,095", "2010": "$3,074", "2009": "$3,119", "2008": "$4,575", "2007": "$10,187", "2006": "$16,267", "2005": "$13,867"}, "Lennar Quarterly Revenue (Millions of US $)": {"2020-11-30": "$6,826", "2020-08-31": "$5,870", "2020-05-31": "$5,287", "2020-02-29": "$4,505", "2019-11-30": "$6,972", "2019-08-31": "$5,857", "2019-05-31": "$5,563", "2019-02-28": "$3,868", "2018-11-30": "$6,459", "2018-08-31": "$5,673", "2018-05-31": "$5,459", "2018-02-28": "$2,981", "2017-11-30": "$3,786", "2017-08-31": "$3,261", "2017-05-31": "$3,262", "2017-02-28": "$2,337", "2016-11-30": "$3,377", "2016-08-31": "$2,834", "2016-05-31": "$2,746", "2016-02-29": "$1,994", "2015-11-30": "$2,946", "2015-08-31": "$2,492", "2015-05-31": "$2,393", "2015-02-28": "$1,644", "2014-11-30": "$2,584", "2014-08-31": "$2,014", "2014-05-31": "$1,819", "2014-02-28": "$1,363", "2013-11-30": "$1,915", "2013-08-31": "$1,603", "2013-05-31": "$1,427", "2013-02-28": "$990", "2012-11-30": "$1,350", "2012-08-31": "$1,100", "2012-05-31": "$930", "2012-02-29": "$725", "2011-11-30": "$953", "2011-08-31": "$820", "2011-05-31": "$764", "2011-02-28": "$558", "2010-11-30": "$860", "2010-08-31": "$825", "2010-05-31": "$814", "2010-02-28": "$574", "2009-11-30": "$914", "2009-08-31": "$721", "2009-05-31": "$892", "2009-02-28": "$593", "2008-11-30": "$1,278", "2008-08-31": "$1,107", "2008-05-31": "$1,128", "2008-02-29": "$1,063", "2007-11-30": "$2,177", "2007-08-31": "$2,342", "2007-05-31": "$2,876", "2007-02-28": "$2,792", "2006-11-30": "$4,266", "2006-08-31": "$4,182", "2006-05-31": "$4,578", "2006-02-28": "$3,241", "2005-11-30": "$5,030", "2005-08-31": "$3,498", "2005-05-31": "$2,933", "2005-02-28": "$2,406"}}, "gross-profit": {"Lennar Annual Gross Profit (Millions of US $)": {"2020": "$3,474", "2019": "$2,802", "2018": "$2,334", "2017": "$1,625", "2016": "$1,495", "2015": "$1,302", "2014": "$1,099", "2013": "$832", "2012": "$444", "2011": "$199", "2010": "$218", "2009": "$-343", "2008": "$-310", "2007": "$-2,453", "2006": "$1,095", "2005": "$2,194"}, "Lennar Quarterly Gross Profit (Millions of US $)": {"2020-11-30": "$1,242", "2020-08-31": "$974", "2020-05-31": "$741", "2020-02-29": "$516", "2019-11-30": "$983", "2019-08-31": "$741", "2019-05-31": "$676", "2019-02-28": "$402", "2018-11-30": "$882", "2018-08-31": "$679", "2018-05-31": "$490", "2018-02-28": "$283", "2017-11-30": "$528", "2017-08-31": "$448", "2017-05-31": "$400", "2017-02-28": "$249", "2016-11-30": "$505", "2016-08-31": "$385", "2016-05-31": "$378", "2016-02-29": "$227", "2015-11-30": "$445", "2015-08-31": "$349", "2015-05-31": "$322", "2015-02-28": "$187", "2014-11-30": "$420", "2014-08-31": "$286", "2014-05-31": "$228", "2014-02-28": "$165", "2013-11-30": "$313", "2013-08-31": "$228", "2013-05-31": "$195", "2013-02-28": "$96", "2012-11-30": "$178", "2012-08-31": "$121", "2012-05-31": "$98", "2012-02-29": "$47", "2011-11-30": "$63", "2011-08-31": "$65", "2011-05-31": "$45", "2011-02-28": "$25", "2010-11-30": "$51", "2010-08-31": "$73", "2010-05-31": "$77", "2010-02-28": "$17", "2009-11-30": "$-197", "2009-08-31": "$-50", "2009-05-31": "$-18", "2009-02-28": "$-78", "2008-11-30": "$-107", "2008-08-31": "$-51", "2008-05-31": "$-77", "2008-02-29": "$-74", "2007-11-30": "$-1,483", "2007-08-31": "$-653", "2007-05-31": "$-297", "2007-02-28": "$-19", "2006-11-30": "$-224", "2006-08-31": "$364", "2006-05-31": "$547", "2006-02-28": "$408", "2005-11-30": "$892", "2005-08-31": "$563", "2005-05-31": "$428", "2005-02-28": "$310"}}, "operating-income": {"Lennar Annual Operating Income (Millions of US $)": {"2020": "$3,116", "2019": "$2,461", "2018": "$1,837", "2017": "$1,339", "2016": "$1,262", "2015": "$1,086", "2014": "$922", "2013": "$686", "2012": "$316", "2011": "$103", "2010": "$124", "2009": "$-460", "2008": "$-440", "2007": "$-2,626", "2006": "$902", "2005": "$2,007"}, "Lennar Quarterly Operating Income (Millions of US $)": {"2020-11-30": "$1,147", "2020-08-31": "$882", "2020-05-31": "$658", "2020-02-29": "$429", "2019-11-30": "$890", "2019-08-31": "$648", "2019-05-31": "$600", "2019-02-28": "$323", "2018-11-30": "$774", "2018-08-31": "$571", "2018-05-31": "$381", "2018-02-28": "$111", "2017-11-30": "$442", "2017-08-31": "$375", "2017-05-31": "$333", "2017-02-28": "$188", "2016-11-30": "$437", "2016-08-31": "$324", "2016-05-31": "$322", "2016-02-29": "$179", "2015-11-30": "$379", "2015-08-31": "$292", "2015-05-31": "$271", "2015-02-28": "$143", "2014-11-30": "$362", "2014-08-31": "$243", "2014-05-31": "$190", "2014-02-28": "$127", "2013-11-30": "$270", "2013-08-31": "$190", "2013-05-31": "$161", "2013-02-28": "$65", "2012-11-30": "$139", "2012-08-31": "$89", "2012-05-31": "$68", "2012-02-29": "$20", "2011-11-30": "$35", "2011-08-31": "$43", "2011-05-31": "$24", "2011-02-28": "$2", "2010-11-30": "$26", "2010-08-31": "$49", "2010-05-31": "$55", "2010-02-28": "$-6", "2009-11-30": "$-230", "2009-08-31": "$-78", "2009-05-31": "$-48", "2009-02-28": "$-105", "2008-11-30": "$-139", "2008-08-31": "$-85", "2008-05-31": "$-107", "2008-02-29": "$-109", "2007-11-30": "$-1,519", "2007-08-31": "$-698", "2007-05-31": "$-343", "2007-02-28": "$-66", "2006-11-30": "$-258", "2006-08-31": "$313", "2006-05-31": "$491", "2006-02-28": "$356", "2005-11-30": "$828", "2005-08-31": "$518", "2005-05-31": "$388", "2005-02-28": "$273"}}, "ebitda": {"Lennar Annual EBITDA (Millions of US $)": {"2020": "$3,185", "2019": "$2,527", "2018": "$1,905", "2017": "$1,417", "2016": "$1,327", "2015": "$1,150", "2014": "$982", "2013": "$740", "2012": "$366", "2011": "$146", "2010": "$144", "2009": "$-439", "2008": "$-405", "2007": "$-2,569", "2006": "$952", "2005": "$2,080"}, "Lennar Quarterly EBITDA (Millions of US $)": {"2020-11-30": "$1,166", "2020-08-31": "$901", "2020-05-31": "$675", "2020-02-29": "$443", "2019-11-30": "$912", "2019-08-31": "$665", "2019-05-31": "$616", "2019-02-28": "$334", "2018-11-30": "$793", "2018-08-31": "$590", "2018-05-31": "$391", "2018-02-28": "$130", "2017-11-30": "$466", "2017-08-31": "$395", "2017-05-31": "$353", "2017-02-28": "$203", "2016-11-30": "$454", "2016-08-31": "$341", "2016-05-31": "$338", "2016-02-29": "$194", "2015-11-30": "$397", "2015-08-31": "$309", "2015-05-31": "$286", "2015-02-28": "$157", "2014-11-30": "$379", "2014-08-31": "$259", "2014-05-31": "$204", "2014-02-28": "$140", "2013-11-30": "$285", "2013-08-31": "$204", "2013-05-31": "$174", "2013-02-28": "$77", "2012-11-30": "$152", "2012-08-31": "$102", "2012-05-31": "$79", "2012-02-29": "$33", "2011-11-30": "$52", "2011-08-31": "$51", "2011-05-31": "$32", "2011-02-28": "$10", "2010-11-30": "$33", "2010-08-31": "$55", "2010-05-31": "$59", "2010-02-28": "$-3", "2009-11-30": "$-224", "2009-08-31": "$-73", "2009-05-31": "$-43", "2009-02-28": "$-99", "2008-11-30": "$-132", "2008-08-31": "$-77", "2008-05-31": "$-97", "2008-02-29": "$-99", "2007-11-30": "$-1,501", "2007-08-31": "$-684", "2007-05-31": "$-330", "2007-02-28": "$-53", "2006-11-30": "$-246", "2006-08-31": "$325", "2006-05-31": "$502", "2006-02-28": "$371", "2005-11-30": "$845", "2005-08-31": "$538", "2005-05-31": "$404", "2005-02-28": "$292"}}, "net-income": {"Lennar Annual Net Income (Millions of US $)": {"2020": "$2,437", "2019": "$1,833", "2018": "$1,681", "2017": "$803", "2016": "$903", "2015": "$794", "2014": "$631", "2013": "$473", "2012": "$668", "2011": "$91", "2010": "$94", "2009": "$-417", "2008": "$-1,109", "2007": "$-1,941", "2006": "$594", "2005": "$1,355"}, "Lennar Quarterly Net Income (Millions of US $)": {"2020-11-30": "$873", "2020-08-31": "$659", "2020-05-31": "$511", "2020-02-29": "$394", "2019-11-30": "$668", "2019-08-31": "$509", "2019-05-31": "$418", "2019-02-28": "$238", "2018-11-30": "$789", "2018-08-31": "$449", "2018-05-31": "$308", "2018-02-28": "$135", "2017-11-30": "$307", "2017-08-31": "$247", "2017-05-31": "$212", "2017-02-28": "$38", "2016-11-30": "$310", "2016-08-31": "$234", "2016-05-31": "$216", "2016-02-29": "$143", "2015-11-30": "$279", "2015-08-31": "$221", "2015-05-31": "$181", "2015-02-28": "$114", "2014-11-30": "$242", "2014-08-31": "$176", "2014-05-31": "$136", "2014-02-28": "$77", "2013-11-30": "$162", "2013-08-31": "$119", "2013-05-31": "$136", "2013-02-28": "$57", "2012-11-30": "$122", "2012-08-31": "$86", "2012-05-31": "$446", "2012-02-29": "$15", "2011-11-30": "$30", "2011-08-31": "$20", "2011-05-31": "$14", "2011-02-28": "$27", "2010-11-30": "$31", "2010-08-31": "$30", "2010-05-31": "$40", "2010-02-28": "$-7", "2009-11-30": "$36", "2009-08-31": "$-172", "2009-05-31": "$-125", "2009-02-28": "$-156", "2008-11-30": "$-811", "2008-08-31": "$-89", "2008-05-31": "$-121", "2008-02-29": "$-88", "2007-11-30": "$-1,252", "2007-08-31": "$-514", "2007-05-31": "$-244", "2007-02-28": "$69", "2006-11-30": "$-196", "2006-08-31": "$207", "2006-05-31": "$325", "2006-02-28": "$258", "2005-11-30": "$581", "2005-08-31": "$337", "2005-05-31": "$244", "2005-02-28": "$193"}}, "eps-earnings-per-share-diluted": {"Lennar Annual EPS": {"2020": "$7.85", "2019": "$5.74", "2018": "$5.44", "2017": "$3.38", "2016": "$3.86", "2015": "$3.39", "2014": "$2.80", "2013": "$2.15", "2012": "$3.11", "2011": "$0.48", "2010": "$0.51", "2009": "$-2.45", "2008": "$-7.01", "2007": "$-12.31", "2006": "$3.69", "2005": "$8.23"}, "Lennar Quarterly EPS": {"2020-11-30": "$2.81", "2020-08-31": "$2.12", "2020-05-31": "$1.65", "2020-02-29": "$1.27", "2019-11-30": "$2.11", "2019-08-31": "$1.59", "2019-05-31": "$1.30", "2019-02-28": "$0.74", "2018-11-30": "$2.60", "2018-08-31": "$1.37", "2018-05-31": "$0.94", "2018-02-28": "$0.53", "2017-11-30": "$1.29", "2017-08-31": "$1.04", "2017-05-31": "$0.89", "2017-02-28": "$0.16", "2016-11-30": "$1.27", "2016-08-31": "$1.01", "2016-05-31": "$0.95", "2016-02-29": "$0.63", "2015-11-30": "$1.14", "2015-08-31": "$0.96", "2015-05-31": "$0.79", "2015-02-28": "$0.50", "2014-11-30": "$1.06", "2014-08-31": "$0.78", "2014-05-31": "$0.61", "2014-02-28": "$0.35", "2013-11-30": "$0.74", "2013-08-31": "$0.54", "2013-05-31": "$0.61", "2013-02-28": "$0.26", "2012-11-30": "$0.57", "2012-08-31": "$0.40", "2012-05-31": "$2.06", "2012-02-29": "$0.08", "2011-11-30": "$0.16", "2011-08-31": "$0.11", "2011-05-31": "$0.07", "2011-02-28": "$0.14", "2010-11-30": "$0.18", "2010-08-31": "$0.16", "2010-05-31": "$0.21", "2010-02-28": "$-0.04", "2009-11-30": "$0.26", "2009-08-31": "$-0.97", "2009-05-31": "$-0.76", "2009-02-28": "$-0.98", "2008-11-30": "$-5.13", "2008-08-31": "$-0.56", "2008-05-31": "$-0.76", "2008-02-29": "$-0.56", "2007-11-30": "$-7.94", "2007-08-31": "$-3.25", "2007-05-31": "$-1.55", "2007-02-28": "$0.43", "2006-11-30": "$-1.19", "2006-08-31": "$1.30", "2006-05-31": "$2.00", "2006-02-28": "$1.58", "2005-11-30": "$3.52", "2005-08-31": "$2.06", "2005-05-31": "$1.48", "2005-02-28": "$1.17"}}, "shares-outstanding": {"Lennar Annual Shares Outstanding (Millions of Shares)": {"2020": "309", "2019": "318", "2018": "309", "2017": "237", "2016": "235", "2015": "235", "2014": "228", "2013": "226", "2012": "219", "2011": "195", "2010": "189", "2009": "171", "2008": "158", "2007": "158", "2006": "161", "2005": "166"}, "Lennar Quarterly Shares Outstanding (Millions of Shares)": {"2020-11-30": "309", "2020-08-31": "309", "2020-05-31": "308", "2020-02-29": "311", "2019-11-30": "318", "2019-08-31": "318", "2019-05-31": "320", "2019-02-28": "321", "2018-11-30": "309", "2018-08-31": "327", "2018-05-31": "327", "2018-02-28": "254", "2017-11-30": "237", "2017-08-31": "237", "2017-05-31": "237", "2017-02-28": "237", "2016-11-30": "235", "2016-08-31": "232", "2016-05-31": "230", "2016-02-29": "229", "2015-11-30": "235", "2015-08-31": "231", "2015-05-31": "231", "2015-02-28": "230", "2014-11-30": "228", "2014-08-31": "228", "2014-05-31": "228", "2014-02-28": "228", "2013-11-30": "226", "2013-08-31": "225", "2013-05-31": "227", "2013-02-28": "226", "2012-11-30": "219", "2012-08-31": "220", "2012-05-31": "218", "2012-02-29": "214", "2011-11-30": "195", "2011-08-31": "195", "2011-05-31": "195", "2011-02-28": "195", "2010-11-30": "189", "2010-08-31": "193", "2010-05-31": "186", "2010-02-28": "183", "2009-11-30": "171", "2009-08-31": "177", "2009-05-31": "165", "2009-02-28": "159", "2008-11-30": "158", "2008-08-31": "158", "2008-05-31": "158", "2008-02-29": "158", "2007-11-30": "158", "2007-08-31": "158", "2007-05-31": "158", "2007-02-28": "159", "2006-11-30": "161", "2006-08-31": "159", "2006-05-31": "163", "2006-02-28": "165", "2005-11-30": "166", "2005-08-31": "165", "2005-05-31": "166", "2005-02-28": "167"}}, "total-assets": {"Lennar Annual Total Assets (Millions of US $)": {"2020": "$29,935", "2019": "$29,360", "2018": "$28,566", "2017": "$18,745", "2016": "$15,362", "2015": "$14,420", "2014": "$12,923", "2013": "$11,273", "2012": "$10,362", "2011": "$9,155", "2010": "$8,788", "2009": "$7,315", "2008": "$7,425", "2007": "$9,103", "2006": "$12,408", "2005": "$12,541"}, "Lennar Quarterly Total Assets (Millions of US $)": {"2020-11-30": "$29,935", "2020-08-31": "$29,315", "2020-05-31": "$29,309", "2020-02-29": "$29,174", "2019-11-30": "$29,360", "2019-08-31": "$29,459", "2019-05-31": "$29,583", "2019-02-28": "$28,750", "2018-11-30": "$28,566", "2018-08-31": "$28,289", "2018-05-31": "$28,351", "2018-02-28": "$27,944", "2017-11-30": "$18,745", "2017-08-31": "$16,939", "2017-05-31": "$16,755", "2017-02-28": "$16,230", "2016-11-30": "$15,362", "2016-08-31": "$14,999", "2016-05-31": "$14,848", "2016-02-29": "$14,195", "2015-11-30": "$14,420", "2015-08-31": "$14,169", "2015-05-31": "$13,895", "2015-02-28": "$13,121", "2014-11-30": "$12,923", "2014-08-31": "$12,290", "2014-05-31": "$11,995", "2014-02-28": "$11,527", "2013-11-30": "$11,273", "2013-08-31": "$11,016", "2013-05-31": "$10,494", "2013-02-28": "$10,432", "2012-11-30": "$10,362", "2012-08-31": "$9,719", "2012-05-31": "$9,351", "2012-02-29": "$8,867", "2011-11-30": "$9,155", "2011-08-31": "$8,724", "2011-05-31": "$8,699", "2011-02-28": "$8,580", "2010-11-30": "$8,788", "2010-08-31": "$8,280", "2010-05-31": "$8,249", "2010-02-28": "$7,982", "2009-11-30": "$7,315", "2009-08-31": "$7,088", "2009-05-31": "$7,283", "2009-02-28": "$7,170", "2008-11-30": "$7,425", "2008-08-31": "$8,227", "2008-05-31": "$8,254", "2008-02-29": "$8,515", "2007-11-30": "$9,103", "2007-08-31": "$10,432", "2007-05-31": "$11,542", "2007-02-28": "$12,036", "2006-11-30": "$12,408", "2006-08-31": "$12,501", "2006-05-31": "$12,834", "2006-02-28": "$12,683", "2005-11-30": "$12,541", "2005-08-31": "$10,957", "2005-05-31": "$9,606", "2005-02-28": "$8,753"}}, "cash-on-hand": {"Lennar Annual Cash on Hand (Millions of US $)": {"2020": "$2,723", "2019": "$1,214", "2018": "$1,382", "2017": "$2,556", "2016": "$1,215", "2015": "$1,072", "2014": "$1,246", "2013": "$936", "2012": "$1,484", "2011": "$1,336", "2010": "$1,393", "2009": "$1,340", "2008": "$1,100", "2007": "$678", "2006": "$686", "2005": "$932"}, "Lennar Quarterly Cash on Hand (Millions of US $)": {"2020-11-30": "$2,723", "2020-08-31": "$1,979", "2020-05-31": "$1,414", "2020-02-29": "$799", "2019-11-30": "$1,214", "2019-08-31": "$815", "2019-05-31": "$829", "2019-02-28": "$882", "2018-11-30": "$1,382", "2018-08-31": "$893", "2018-05-31": "$1,005", "2018-02-28": "$757", "2017-11-30": "$2,556", "2017-08-31": "$759", "2017-05-31": "$880", "2017-02-28": "$822", "2016-11-30": "$1,215", "2016-08-31": "$713", "2016-05-31": "$719", "2016-02-29": "$637", "2015-11-30": "$1,072", "2015-08-31": "$734", "2015-05-31": "$849", "2015-02-28": "$761", "2014-11-30": "$1,246", "2014-08-31": "$797", "2014-05-31": "$946", "2014-02-28": "$869", "2013-11-30": "$936", "2013-08-31": "$602", "2013-05-31": "$866", "2013-02-28": "$1,190", "2012-11-30": "$1,484", "2012-08-31": "$957", "2012-05-31": "$907", "2012-02-29": "$986", "2011-11-30": "$1,336", "2011-08-31": "$1,068", "2011-05-31": "$1,183", "2011-02-28": "$1,230", "2010-11-30": "$1,393", "2010-08-31": "$1,122", "2010-05-31": "$1,319", "2010-02-28": "$959", "2009-11-30": "$1,340", "2009-08-31": "$1,348", "2009-05-31": "$1,457", "2009-02-28": "$1,108", "2008-11-30": "$1,100", "2008-08-31": "$869", "2008-05-31": "$901", "2008-02-29": "$1,114", "2007-11-30": "$678", "2007-08-31": "$166", "2007-05-31": "$271", "2007-02-28": "$288", "2006-11-30": "$686", "2006-08-31": "$172", "2006-05-31": "$199", "2006-02-28": "$138", "2005-11-30": "$932", "2005-08-31": "$92", "2005-05-31": "$77", "2005-02-28": "$509"}}, "long-term-debt": {"Lennar Annual Long Term Debt (Millions of US $)": {"2020": "$5,956", "2019": "$7,777", "2018": "$8,544", "2017": "$6,410", "2016": "$4,576", "2015": "$5,025", "2014": "$4,661", "2013": "$4,194", "2012": "$4,005", "2011": "$3,363", "2010": "$3,128", "2009": "$2,761", "2008": "$2,545", "2007": "$2,295", "2006": "$2,614", "2005": "$2,593"}, "Lennar Quarterly Long Term Debt (Millions of US $)": {"2020-11-30": "$5,956", "2020-08-31": "$7,180", "2020-05-31": "$7,496", "2020-02-29": "$8,115", "2019-11-30": "$7,777", "2019-08-31": "$9,075", "2019-05-31": "$9,391", "2019-02-28": "$9,256", "2018-11-30": "$8,544", "2018-08-31": "$9,408", "2018-05-31": "$9,986", "2018-02-28": "$10,383", "2017-11-30": "$6,410", "2017-08-31": "$5,524", "2017-05-31": "$5,768", "2017-02-28": "$5,778", "2016-11-30": "$4,576", "2016-08-31": "$4,921", "2016-05-31": "$5,316", "2016-02-29": "$5,334", "2015-11-30": "$5,025", "2015-08-31": "$5,262", "2015-05-31": "$5,291", "2015-02-28": "$5,133", "2014-11-30": "$4,661", "2014-08-31": "$4,693", "2014-05-31": "$4,683", "2014-02-28": "$4,665", "2013-11-30": "$4,194", "2013-08-31": "$4,625", "2013-05-31": "$4,538", "2013-02-28": "$4,506", "2012-11-30": "$4,005", "2012-08-31": "$3,672", "2012-05-31": "$3,470", "2012-02-29": "$3,473", "2011-11-30": "$3,363", "2011-08-31": "$3,128", "2011-05-31": "$3,104", "2011-02-28": "$3,129", "2010-11-30": "$3,128", "2010-08-31": "$2,843", "2010-05-31": "$2,890", "2010-02-28": "$2,683", "2009-11-30": "$2,761", "2009-08-31": "$2,666", "2009-05-31": "$2,665", "2009-02-28": "$2,574", "2008-11-30": "$2,545", "2008-08-31": "$2,339", "2008-05-31": "$2,310", "2008-02-29": "$2,279", "2007-11-30": "$2,295", "2007-08-31": "$2,571", "2007-05-31": "$2,585", "2007-02-28": "$2,581", "2006-11-30": "$2,614", "2006-08-31": "$2,784", "2006-05-31": "$2,908", "2006-02-28": "$3,125", "2005-11-30": "$2,593", "2005-08-31": "$2,780", "2005-05-31": "$2,337", "2005-02-28": "$2,003"}}, "total-liabilities": {"Lennar Annual Total Liabilities (Millions of US $)": {"2020": "$11,836", "2019": "$13,326", "2018": "$13,883", "2017": "$10,759", "2016": "$8,150", "2015": "$8,469", "2014": "$7,672", "2013": "$6,646", "2012": "$6,361", "2011": "$5,851", "2010": "$5,593", "2009": "$4,727", "2008": "$4,802", "2007": "$5,281", "2006": "$6,707", "2005": "$7,290"}, "Lennar Quarterly Total Liabilities (Millions of US $)": {"2020-11-30": "$11,836", "2020-08-31": "$12,035", "2020-05-31": "$12,676", "2020-02-29": "$12,980", "2019-11-30": "$13,326", "2019-08-31": "$13,994", "2019-05-31": "$14,337", "2019-02-28": "$13,856", "2018-11-30": "$13,883", "2018-08-31": "$14,173", "2018-05-31": "$14,652", "2018-02-28": "$14,770", "2017-11-30": "$10,759", "2017-08-31": "$9,280", "2017-05-31": "$9,317", "2017-02-28": "$8,974", "2016-11-30": "$8,150", "2016-08-31": "$8,236", "2016-05-31": "$8,485", "2016-02-29": "$8,102", "2015-11-30": "$8,469", "2015-08-31": "$8,495", "2015-05-31": "$8,420", "2015-02-28": "$7,812", "2014-11-30": "$7,672", "2014-08-31": "$7,252", "2014-05-31": "$7,103", "2014-02-28": "$6,826", "2013-11-30": "$6,646", "2013-08-31": "$6,845", "2013-05-31": "$6,449", "2013-02-28": "$6,363", "2012-11-30": "$6,361", "2012-08-31": "$5,860", "2012-05-31": "$5,571", "2012-02-29": "$5,544", "2011-11-30": "$5,851", "2011-08-31": "$5,444", "2011-05-31": "$5,440", "2011-02-28": "$5,347", "2010-11-30": "$5,593", "2010-08-31": "$5,211", "2010-05-31": "$5,220", "2010-02-28": "$5,003", "2009-11-30": "$4,727", "2009-08-31": "$4,682", "2009-05-31": "$4,801", "2009-02-28": "$4,703", "2008-11-30": "$4,802", "2008-08-31": "$4,795", "2008-05-31": "$4,714", "2008-02-29": "$4,834", "2007-11-30": "$5,281", "2007-08-31": "$5,335", "2007-05-31": "$5,959", "2007-02-28": "$6,261", "2006-11-30": "$6,707", "2006-08-31": "$6,570", "2006-05-31": "$7,068", "2006-02-28": "$7,128", "2005-11-30": "$7,290", "2005-08-31": "$6,237", "2005-05-31": "$5,338", "2005-02-28": "$4,592"}}, "total-share-holder-equity": {"Lennar Annual Share Holder Equity (Millions of US $)": {"2020": "$18,099", "2019": "$16,034", "2018": "$14,683", "2017": "$7,986", "2016": "$7,212", "2015": "$5,950", "2014": "$5,251", "2013": "$4,627", "2012": "$4,001", "2011": "$3,304", "2010": "$3,194", "2009": "$2,588", "2008": "$2,623", "2007": "$3,822", "2006": "$5,701", "2005": "$5,251"}, "Lennar Quarterly Share Holder Equity (Millions of US $)": {"2020-11-30": "$18,099", "2020-08-31": "$17,280", "2020-05-31": "$16,633", "2020-02-29": "$16,193", "2019-11-30": "$16,034", "2019-08-31": "$15,466", "2019-05-31": "$15,247", "2019-02-28": "$14,894", "2018-11-30": "$14,683", "2018-08-31": "$14,116", "2018-05-31": "$13,699", "2018-02-28": "$13,174", "2017-11-30": "$7,986", "2017-08-31": "$7,659", "2017-05-31": "$7,437", "2017-02-28": "$7,256", "2016-11-30": "$7,212", "2016-08-31": "$6,763", "2016-05-31": "$6,363", "2016-02-29": "$6,093", "2015-11-30": "$5,950", "2015-08-31": "$5,675", "2015-05-31": "$5,476", "2015-02-28": "$5,309", "2014-11-30": "$5,251", "2014-08-31": "$5,038", "2014-05-31": "$4,891", "2014-02-28": "$4,701", "2013-11-30": "$4,627", "2013-08-31": "$4,171", "2013-05-31": "$4,045", "2013-02-28": "$4,070", "2012-11-30": "$4,001", "2012-08-31": "$3,858", "2012-05-31": "$3,780", "2012-02-29": "$3,323", "2011-11-30": "$3,304", "2011-08-31": "$3,280", "2011-05-31": "$3,259", "2011-02-28": "$3,233", "2010-11-30": "$3,194", "2010-08-31": "$3,068", "2010-05-31": "$3,029", "2010-02-28": "$2,978", "2009-11-30": "$2,588", "2009-08-31": "$2,406", "2009-05-31": "$2,482", "2009-02-28": "$2,467", "2008-11-30": "$2,623", "2008-08-31": "$3,432", "2008-05-31": "$3,540", "2008-02-29": "$3,681", "2007-11-30": "$3,822", "2007-08-31": "$5,097", "2007-05-31": "$5,584", "2007-02-28": "$5,775", "2006-11-30": "$5,701", "2006-08-31": "$5,931", "2006-05-31": "$5,766", "2006-02-28": "$5,555", "2005-11-30": "$5,251", "2005-08-31": "$4,719", "2005-05-31": "$4,267", "2005-02-28": "$4,162"}}, "profit-margins": {"current": "10.96%"}, "gross margin": {"2020-11-30": "15.44%", "2020-08-31": "14.20%", "2020-05-31": "13.18%", "2020-02-29": "12.74%", "2019-11-30": "12.59%", "2019-08-31": "12.42%", "2019-05-31": "12.24%", "2019-02-28": "11.43%", "2018-11-30": "11.35%", "2018-08-31": "11.06%", "2018-05-31": "11.29%", "2018-02-28": "12.48%", "2017-11-30": "12.85%", "2017-08-31": "13.09%", "2017-05-31": "13.03%", "2017-02-28": "13.43%", "2016-11-30": "13.65%", "2016-08-31": "13.64%", "2016-05-31": "13.75%", "2016-02-29": "13.67%", "2015-11-30": "13.75%", "2015-08-31": "14.02%", "2015-05-31": "14.07%", "2015-02-28": "13.91%", "2014-11-30": "14.13%", "2014-08-31": "13.95%", "2014-05-31": "13.94%", "2014-02-28": "14.28%", "2013-11-30": "14.02%", "2013-08-31": "12.98%", "2013-05-31": "12.12%", "2013-02-28": "11.28%", "2012-11-30": "10.82%", "2012-08-31": "8.87%", "2012-05-31": "7.96%", "2012-02-29": "6.74%", "2011-11-30": "6.40%", "2011-08-31": "6.20%", "2011-05-31": "6.45%", "2011-02-28": "7.39%", "2010-11-30": "7.09%", "2010-08-31": "-0.96%", "2010-05-31": "-5.06%", "2010-02-28": "-8.00%", "2009-11-30": "-10.99%", "2009-08-31": "-7.26%", "2009-05-31": "-6.56%", "2009-02-28": "-7.62%", "2008-11-30": "-6.75%", "2008-08-31": "-30.78%", "2008-05-31": "-34.08%", "2008-02-29": "-29.64%", "2007-11-30": "-24.07%", "2007-08-31": "-9.72%", "2007-05-31": "-1.25%", "2007-02-28": "4.22%", "2006-11-30": "6.73%", "2006-08-31": "12.98%", "2006-05-31": "14.74%", "2006-02-28": "15.58%", "2005-11-30": "15.81%"}, "operating margin": {"2020-11-30": "13.86%", "2020-08-31": "12.63%", "2020-05-31": "11.60%", "2020-02-29": "11.21%", "2019-11-30": "11.06%", "2019-08-31": "10.78%", "2019-05-31": "10.52%", "2019-02-28": "9.55%", "2018-11-30": "8.93%", "2018-08-31": "8.41%", "2018-05-31": "8.45%", "2018-02-28": "9.49%", "2017-11-30": "10.58%", "2017-08-31": "10.89%", "2017-05-31": "10.86%", "2017-02-28": "11.25%", "2016-11-30": "11.52%", "2016-08-31": "11.44%", "2016-05-31": "11.52%", "2016-02-29": "11.41%", "2015-11-30": "11.45%", "2015-08-31": "11.72%", "2015-05-31": "11.80%", "2015-02-28": "11.64%", "2014-11-30": "11.85%", "2014-08-31": "11.67%", "2014-05-31": "11.60%", "2014-02-28": "11.86%", "2013-11-30": "11.56%", "2013-08-31": "10.34%", "2013-05-31": "9.33%", "2013-02-28": "8.26%", "2012-11-30": "7.70%", "2012-08-31": "5.72%", "2012-05-31": "4.84%", "2012-02-29": "3.74%", "2011-11-30": "3.36%", "2011-08-31": "3.16%", "2011-05-31": "3.36%", "2011-02-28": "4.32%", "2010-11-30": "4.04%", "2010-08-31": "-4.22%", "2010-05-31": "-8.57%", "2010-02-28": "-11.67%", "2009-11-30": "-14.78%", "2009-08-31": "-10.62%", "2009-05-31": "-9.74%", "2009-02-28": "-10.62%", "2008-11-30": "-9.62%", "2008-08-31": "-33.24%", "2008-05-31": "-36.26%", "2008-02-29": "-31.56%", "2007-11-30": "-25.78%", "2007-08-31": "-11.12%", "2007-05-31": "-2.51%", "2007-02-28": "3.03%", "2006-11-30": "5.54%", "2006-08-31": "11.67%", "2006-05-31": "13.42%", "2006-02-28": "14.22%", "2005-11-30": "14.47%"}, "ebitda margin": {"2020-11-30": "14.16%", "2020-08-31": "12.95%", "2020-05-31": "11.91%", "2020-02-29": "11.51%", "2019-11-30": "11.35%", "2019-08-31": "11.07%", "2019-05-31": "10.82%", "2019-02-28": "9.82%", "2018-11-30": "9.26%", "2018-08-31": "8.81%", "2018-05-31": "8.92%", "2018-02-28": "10.11%", "2017-11-30": "11.21%", "2017-08-31": "11.48%", "2017-05-31": "11.44%", "2017-02-28": "11.83%", "2016-11-30": "12.12%", "2016-08-31": "12.07%", "2016-05-31": "12.16%", "2016-02-29": "12.07%", "2015-11-30": "12.13%", "2015-08-31": "12.41%", "2015-05-31": "12.52%", "2015-02-28": "12.39%", "2014-11-30": "12.62%", "2014-08-31": "12.49%", "2014-05-31": "12.43%", "2014-02-28": "12.73%", "2013-11-30": "12.47%", "2013-08-31": "11.30%", "2013-05-31": "10.38%", "2013-02-28": "9.38%", "2012-11-30": "8.92%", "2012-08-31": "7.17%", "2012-05-31": "6.27%", "2012-02-29": "5.15%", "2011-11-30": "4.68%", "2011-08-31": "4.20%", "2011-05-31": "4.32%", "2011-02-28": "5.14%", "2010-11-30": "4.69%", "2010-08-31": "-3.61%", "2010-05-31": "-7.97%", "2010-02-28": "-11.06%", "2009-11-30": "-14.07%", "2009-08-31": "-9.96%", "2009-05-31": "-9.07%", "2009-02-28": "-9.86%", "2008-11-30": "-8.85%", "2008-08-31": "-32.40%", "2008-05-31": "-35.48%", "2008-02-29": "-30.91%", "2007-11-30": "-25.21%", "2007-08-31": "-10.70%", "2007-05-31": "-2.15%", "2007-02-28": "3.34%", "2006-11-30": "5.85%", "2006-08-31": "12.00%", "2006-05-31": "13.80%", "2006-02-28": "14.68%", "2005-11-30": "14.99%"}, "pre tax profit margin": {"2020-11-30": "13.90%", "2020-08-31": "12.59%", "2020-05-31": "11.75%", "2020-02-29": "11.09%", "2019-11-30": "10.93%", "2019-08-31": "11.87%", "2019-05-31": "11.51%", "2019-02-28": "10.78%", "2018-11-30": "11.00%", "2018-08-31": "9.43%", "2018-05-31": "9.62%", "2018-02-28": "10.60%", "2017-11-30": "9.41%", "2017-08-31": "9.72%", "2017-05-31": "9.83%", "2017-02-28": "10.44%", "2016-11-30": "12.15%", "2016-08-31": "12.39%", "2016-05-31": "12.62%", "2016-02-29": "12.58%", "2015-11-30": "12.78%", "2015-08-31": "12.69%", "2015-05-31": "12.70%", "2015-02-28": "12.67%", "2014-11-30": "12.47%", "2014-08-31": "12.22%", "2014-05-31": "11.88%", "2014-02-28": "11.95%", "2013-11-30": "11.47%", "2013-08-31": "9.48%", "2013-05-31": "7.79%", "2013-02-28": "6.16%", "2012-11-30": "5.41%", "2012-08-31": "3.48%", "2012-05-31": "2.74%", "2012-02-29": "2.08%", "2011-11-30": "3.17%", "2011-08-31": "4.16%", "2011-05-31": "4.66%", "2011-02-28": "4.91%", "2010-11-30": "3.09%", "2010-08-31": "-7.90%", "2010-05-31": "-15.15%", "2010-02-28": "-20.12%", "2009-11-30": "-24.39%", "2009-08-31": "-15.99%", "2009-05-31": "-13.54%", "2009-02-28": "-13.81%", "2008-11-30": "-12.35%", "2008-08-31": "-44.47%", "2008-05-31": "-46.71%", "2008-02-29": "-39.54%", "2007-11-30": "-30.24%", "2007-08-31": "-11.58%", "2007-05-31": "-1.81%", "2007-02-28": "4.06%", "2006-11-30": "5.80%", "2006-08-31": "12.84%", "2006-05-31": "14.69%", "2006-02-28": "15.38%", "2005-11-30": "15.58%"}, "net profit margin": {"2020-11-30": "10.84%", "2020-08-31": "9.86%", "2020-05-31": "9.20%", "2020-02-29": "8.69%", "2019-11-30": "8.23%", "2019-08-31": "8.99%", "2019-05-31": "8.78%", "2019-02-28": "8.31%", "2018-11-30": "8.17%", "2018-08-31": "6.70%", "2018-05-31": "6.44%", "2018-02-28": "6.78%", "2017-11-30": "6.36%", "2017-08-31": "6.59%", "2017-05-31": "6.72%", "2017-02-28": "7.07%", "2016-11-30": "8.25%", "2016-08-31": "8.29%", "2016-05-31": "8.44%", "2016-02-29": "8.39%", "2015-11-30": "8.39%", "2015-08-31": "8.32%", "2015-05-31": "8.26%", "2015-02-28": "8.29%", "2014-11-30": "8.11%", "2014-08-31": "7.75%", "2014-05-31": "7.37%", "2014-02-28": "7.83%", "2013-11-30": "7.99%", "2013-08-31": "8.08%", "2013-05-31": "8.24%", "2013-02-28": "16.27%", "2012-11-30": "16.30%", "2012-08-31": "15.56%", "2012-05-31": "14.91%", "2012-02-29": "2.42%", "2011-11-30": "2.94%", "2011-08-31": "3.06%", "2011-05-31": "3.39%", "2011-02-28": "4.19%", "2010-11-30": "3.06%", "2010-08-31": "3.17%", "2010-05-31": "-3.41%", "2010-02-28": "-8.64%", "2009-11-30": "-13.37%", "2009-08-31": "-36.28%", "2009-05-31": "-30.52%", "2009-02-28": "-28.67%", "2008-11-30": "-24.24%", "2008-08-31": "-28.31%", "2008-05-31": "-29.43%", "2008-02-29": "-24.80%", "2007-11-30": "-19.05%", "2007-08-31": "-7.21%", "2007-05-31": "-1.16%", "2007-02-28": "2.56%", "2006-11-30": "3.65%", "2006-08-31": "8.05%", "2006-05-31": "9.18%", "2006-02-28": "9.66%", "2005-11-30": "9.77%"}, "pe ratio": {"current": "12.06", "2021-02-11": "12.03", "2020-11-30": "9.62", "2020-08-31": "10.37", "2020-05-31": "9.03", "2020-02-29": "9.49", "2019-11-30": "10.22", "2019-08-31": "8.32", "2019-05-31": "8.40", "2019-02-28": "8.64", "2018-11-30": "7.99", "2018-08-31": "12.30", "2018-05-31": "13.31", "2018-02-28": "14.66", "2017-11-30": "18.01", "2017-08-31": "14.63", "2017-05-31": "14.70", "2017-02-28": "13.80", "2016-11-30": "10.59", "2016-08-31": "12.16", "2016-05-31": "11.86", "2016-02-29": "11.40", "2015-11-30": "14.43", "2015-08-31": "14.93", "2015-05-31": "14.45", "2015-02-28": "16.49", "2014-11-30": "16.33", "2014-08-31": "15.39", "2014-05-31": "17.78", "2014-02-28": "19.06", "2013-11-30": "16.17", "2013-08-31": "15.60", "2013-05-31": "20.74", "2013-02-28": "11.34", "2012-11-30": "11.82", "2012-08-31": "11.56", "2012-05-31": "10.88", "2012-02-29": "53.41", "2011-11-30": "36.73", "2011-08-31": "28.65", "2011-05-31": "33.50", "2011-02-28": "28.20", "2010-11-30": "28.83", "2010-08-31": "23.94", "2010-05-31": "0.00", "2010-02-28": "0.00", "2009-11-30": "0.00", "2009-08-31": "0.00", "2009-05-31": "0.00", "2009-02-28": "0.00", "2008-11-30": "0.00", "2008-08-31": "0.00", "2008-05-31": "0.00", "2008-02-29": "0.00", "2007-11-30": "0.00", "2007-08-31": "0.00", "2007-05-31": "0.00", "2007-02-28": "17.38", "2006-11-30": "12.65"}, "price sales": {"2021-02-11": "1.30", "2020-11-30": "1.04", "2020-08-31": "1.03", "2020-05-31": "0.83", "2020-02-29": "0.83", "2019-11-30": "0.84", "2019-08-31": "0.73", "2019-05-31": "0.72", "2019-02-28": "0.71", "2018-11-30": "0.63", "2018-08-31": "0.82", "2018-05-31": "0.87", "2018-02-28": "1.01", "2017-11-30": "1.15", "2017-08-31": "0.98", "2017-05-31": "1.00", "2017-02-28": "0.99", "2016-11-30": "0.88", "2016-08-31": "1.02", "2016-05-31": "1.01", "2016-02-29": "0.97", "2015-11-30": "1.22", "2015-08-31": "1.25", "2015-05-31": "1.21", "2015-02-28": "1.38", "2014-11-30": "1.35", "2014-08-31": "1.22", "2014-05-31": "1.34", "2014-02-28": "1.52", "2013-11-30": "1.32", "2013-08-31": "1.28", "2013-05-31": "1.74", "2013-02-28": "1.88", "2012-11-30": "1.94", "2012-08-31": "1.78", "2012-05-31": "1.57", "2012-02-29": "1.37", "2011-11-30": "1.11", "2011-08-31": "0.90", "2011-05-31": "1.16", "2011-02-28": "1.19", "2010-11-30": "0.88", "2010-08-31": "0.73", "2010-05-31": "0.96", "2010-02-28": "0.86", "2009-11-30": "0.64", "2009-08-31": "0.67", "2009-05-31": "0.37", "2009-02-28": "0.24", "2008-11-30": "0.23", "2008-08-31": "0.35", "2008-05-31": "0.36", "2008-02-29": "0.31", "2007-11-30": "0.22", "2007-08-31": "0.33", "2007-05-31": "0.46", "2007-02-28": "0.44", "2006-11-30": "0.46"}, "price book": {"current": "1.61", "2021-02-11": "1.63", "2020-11-30": "1.31", "2020-08-31": "1.35", "2020-05-31": "1.13", "2020-02-29": "1.15", "2019-11-30": "1.16", "2019-08-31": "1.03", "2019-05-31": "1.03", "2019-02-28": "1.03", "2018-11-30": "0.93", "2018-08-31": "1.19", "2018-05-31": "1.22", "2018-02-28": "1.37", "2017-11-30": "1.85", "2017-08-31": "1.56", "2017-05-31": "1.59", "2017-02-28": "1.54", "2016-11-30": "1.35", "2016-08-31": "1.56", "2016-05-31": "1.53", "2016-02-29": "1.44", "2015-11-30": "1.77", "2015-08-31": "1.84", "2015-05-31": "1.70", "2015-02-28": "1.89", "2014-11-30": "1.79", "2014-08-31": "1.55", "2014-05-31": "1.67", "2014-02-28": "1.85", "2013-11-30": "1.53", "2013-08-31": "1.36", "2013-05-31": "1.81", "2013-02-28": "1.76", "2012-11-30": "1.75", "2012-08-31": "1.54", "2012-05-31": "1.31", "2012-02-29": "1.28", "2011-11-30": "1.01", "2011-08-31": "0.80", "2011-05-31": "1.04", "2011-02-28": "1.11", "2010-11-30": "0.84", "2010-08-31": "0.75", "2010-05-31": "1.00", "2010-02-28": "0.96", "2009-11-30": "0.85", "2009-08-31": "1.08", "2009-05-31": "0.63", "2009-02-28": "0.40", "2008-11-30": "0.40", "2008-08-31": "0.57", "2008-05-31": "0.70", "2008-02-29": "0.73", "2007-11-30": "0.59", "2007-08-31": "0.79", "2007-05-31": "1.16", "2007-02-28": "1.20", "2006-11-30": "1.28", "2006-08-31": "1.05", "2006-05-31": "1.15", "2006-02-28": "1.49"}, "price fcf": {"2021-02-11": "", "2020-11-30": "$13.31", "2020-08-31": "$12.83", "2020-05-31": "$10.13", "2020-02-29": "$7.32", "2019-11-30": "$4.38", "2019-08-31": "$3.83", "2019-05-31": "$3.57", "2019-02-28": "$4.04", "2018-11-30": "$5.06", "2018-08-31": "$4.39", "2018-05-31": "$4.33", "2018-02-28": "$2.64", "2017-11-30": "$3.67", "2017-08-31": "$3.23", "2017-05-31": "$2.05", "2017-02-28": "$3.20", "2016-11-30": "$1.94", "2016-08-31": "$3.20", "2016-05-31": "$2.26", "2016-02-29": "$1.04", "2015-11-30": "$-1.20", "2015-08-31": "$-2.47", "2015-05-31": "$-3.18", "2015-02-28": "$-3.61", "2014-11-30": "$-2.18", "2014-08-31": "$-1.38", "2014-05-31": "$-2.43", "2014-02-28": "$-2.25", "2013-11-30": "$-1.93", "2013-08-31": "$-3.40", "2013-05-31": "$-2.84", "2013-02-28": "$-1.93", "2012-11-30": "$-1.11", "2012-08-31": "$-3.02", "2012-05-31": "$-2.37", "2012-02-29": "$-2.04", "2011-11-30": "$-1.38", "2011-08-31": "$-0.16", "2011-05-31": "$-0.03", "2011-02-28": "$1.00", "2010-11-30": "$1.43", "2010-08-31": "$1.26", "2010-05-31": "$2.41", "2010-02-28": "$2.44", "2009-11-30": "$2.47", "2009-08-31": "$3.77", "2009-05-31": "$3.65", "2009-02-28": "$2.12", "2008-11-30": "$6.96", "2008-08-31": "$8.98", "2008-05-31": "$10.37", "2008-02-29": "$11.34", "2007-11-30": "$2.82", "2007-08-31": "$3.58", "2007-05-31": "$4.37", "2007-02-28": "$5.82", "2006-11-30": "$3.26"}, "net worth": {"value": "$29.08B"}, "current ratio": {"current": "11.43", "2020-11-30": "11.43", "2020-08-31": "13.62", "2020-05-31": "14.21", "2020-02-29": "12.65", "2019-11-30": "14.37", "2019-08-31": "14.19", "2019-05-31": "13.93", "2019-02-28": "14.77", "2018-11-30": "13.90", "2018-08-31": "12.62", "2018-05-31": "11.81", "2018-02-28": "16.40", "2017-11-30": "8.42", "2017-08-31": "7.76", "2017-05-31": "8.43", "2017-02-28": "9.33", "2016-11-30": "8.93", "2016-08-31": "9.26", "2016-05-31": "9.52", "2016-02-29": "9.55", "2015-11-30": "7.86", "2015-08-31": "7.86", "2015-05-31": "8.76", "2015-02-28": "8.68", "2014-11-30": "8.72", "2014-08-31": "8.31", "2014-05-31": "8.52", "2014-02-28": "7.69", "2013-11-30": "6.92", "2013-08-31": "7.10", "2013-05-31": "9.43", "2013-02-28": "9.29", "2012-11-30": "6.46", "2012-08-31": "6.21", "2012-05-31": "5.92", "2012-02-29": "5.78", "2011-11-30": "4.88", "2011-08-31": "4.69", "2011-05-31": "5.01", "2011-02-28": "5.15", "2010-11-30": "5.19", "2010-08-31": "5.36", "2010-05-31": "5.59", "2010-02-28": "5.40", "2009-11-30": "8.55", "2009-08-31": "7.59", "2009-05-31": "7.91", "2009-02-28": "7.51", "2008-11-30": "7.09", "2008-08-31": "6.59", "2008-05-31": "6.54", "2008-02-29": "6.30", "2007-11-30": "5.72", "2007-08-31": "8.74", "2007-05-31": "8.90", "2007-02-28": "8.83", "2006-11-30": "8.00", "2006-08-31": "9.18", "2006-05-31": "8.45", "2006-02-28": "8.49", "2005-11-30": "7.69", "2005-08-31": "3.32", "2005-05-31": "3.33", "2005-02-28": "3.50"}, "quick ratio": {"2020-11-30": "1.73", "2020-08-31": "1.55", "2020-05-31": "1.24", "2020-02-29": "0.71", "2019-11-30": "1.15", "2019-08-31": "0.79", "2019-05-31": "0.79", "2019-02-28": "0.85", "2018-11-30": "1.20", "2018-08-31": "0.72", "2018-05-31": "0.76", "2018-02-28": "0.84", "2017-11-30": "1.67", "2017-08-31": "0.59", "2017-05-31": "1.03", "2017-02-28": "0.97", "2016-11-30": "1.35", "2016-08-31": "0.82", "2016-05-31": "0.84", "2016-02-29": "0.81", "2015-11-30": "1.13", "2015-08-31": "0.74", "2015-05-31": "0.91", "2015-02-28": "0.88", "2014-11-30": "1.52", "2014-08-31": "1.00", "2014-05-31": "1.32", "2014-02-28": "1.16", "2013-11-30": "1.20", "2013-08-31": "0.93", "2013-05-31": "1.72", "2013-02-28": "2.12", "2012-11-30": "1.82", "2012-08-31": "1.43", "2012-05-31": "1.43", "2012-02-29": "1.53", "2011-11-30": "1.59", "2011-08-31": "1.46", "2011-05-31": "1.69", "2011-02-28": "1.81", "2010-11-30": "2.04", "2010-08-31": "1.89", "2010-05-31": "2.14", "2010-02-28": "2.05", "2009-11-30": "2.61", "2009-08-31": "1.95", "2009-05-31": "2.07", "2009-02-28": "1.59", "2008-11-30": "1.73", "2008-08-31": "1.11", "2008-05-31": "1.19", "2008-02-29": "1.35", "2007-11-30": "1.61", "2007-08-31": "0.44", "2007-05-31": "0.49", "2007-02-28": "0.46", "2006-11-30": "0.78", "2006-08-31": "0.33", "2006-05-31": "0.32", "2006-02-28": "0.33", "2005-11-30": "1.04", "2005-08-31": "0.15", "2005-05-31": "0.18", "2005-02-28": "0.38"}, "debt equity ratio": {"current": "0.33", "2020-11-30": "0.65", "2020-08-31": "0.70", "2020-05-31": "0.76", "2020-02-29": "0.80", "2019-11-30": "0.83", "2019-08-31": "0.91", "2019-05-31": "0.94", "2019-02-28": "0.93", "2018-11-30": "0.95", "2018-08-31": "1.00", "2018-05-31": "1.07", "2018-02-28": "1.12", "2017-11-30": "1.35", "2017-08-31": "1.21", "2017-05-31": "1.25", "2017-02-28": "1.24", "2016-11-30": "1.13", "2016-08-31": "1.22", "2016-05-31": "1.33", "2016-02-29": "1.33", "2015-11-30": "1.42", "2015-08-31": "1.50", "2015-05-31": "1.54", "2015-02-28": "1.47", "2014-11-30": "1.46", "2014-08-31": "1.44", "2014-05-31": "1.45", "2014-02-28": "1.45", "2013-11-30": "1.44", "2013-08-31": "1.64", "2013-05-31": "1.59", "2013-02-28": "1.56", "2012-11-30": "1.59", "2012-08-31": "1.52", "2012-05-31": "1.47", "2012-02-29": "1.67", "2011-11-30": "1.77", "2011-08-31": "1.66", "2011-05-31": "1.67", "2011-02-28": "1.65", "2010-11-30": "1.75", "2010-08-31": "1.70", "2010-05-31": "1.72", "2010-02-28": "1.68", "2009-11-30": "1.83", "2009-08-31": "1.95", "2009-05-31": "1.93", "2009-02-28": "1.91", "2008-11-30": "1.83", "2008-08-31": "1.40", "2008-05-31": "1.33", "2008-02-29": "1.31", "2007-11-30": "1.38", "2007-08-31": "1.05", "2007-05-31": "1.07", "2007-02-28": "1.08", "2006-11-30": "1.18", "2006-08-31": "1.11", "2006-05-31": "1.23", "2006-02-28": "1.28", "2005-11-30": "1.39", "2005-08-31": "1.32", "2005-05-31": "1.25", "2005-02-28": "1.10"}, "return on equity": {"2020-11-30": "14.29%", "2020-08-31": "13.50%", "2020-05-31": "12.95%", "2020-02-29": "12.64%", "2019-11-30": "11.89%", "2019-08-31": "12.96%", "2019-05-31": "12.85%", "2019-02-28": "12.43%", "2018-11-30": "12.08%", "2018-08-31": "9.79%", "2018-05-31": "9.38%", "2018-02-28": "9.94%", "2017-11-30": "10.60%", "2017-08-31": "10.92%", "2017-05-31": "11.08%", "2017-02-28": "11.57%", "2016-11-30": "13.67%", "2016-08-31": "13.86%", "2016-05-31": "14.27%", "2016-02-29": "14.21%", "2015-11-30": "14.19%", "2015-08-31": "13.97%", "2015-05-31": "13.53%", "2015-02-28": "13.04%", "2014-11-30": "12.70%", "2014-08-31": "11.45%", "2014-05-31": "10.74%", "2014-02-28": "11.26%", "2013-11-30": "11.21%", "2013-08-31": "10.66%", "2013-05-31": "10.04%", "2013-02-28": "18.10%", "2012-11-30": "17.89%", "2012-08-31": "16.18%", "2012-05-31": "14.93%", "2012-02-29": "2.40%", "2011-11-30": "2.78%", "2011-08-31": "2.84%", "2011-05-31": "3.20%", "2011-02-28": "4.09%", "2010-11-30": "3.06%", "2010-08-31": "3.40%", "2010-05-31": "-3.75%", "2010-02-28": "-10.25%", "2009-11-30": "-16.78%", "2009-08-31": "-50.67%", "2009-05-31": "-42.93%", "2009-02-28": "-39.03%", "2008-11-30": "-33.41%", "2008-08-31": "-42.83%", "2008-05-31": "-48.95%", "2008-02-29": "-46.15%", "2007-11-30": "-38.29%", "2007-08-31": "-15.98%", "2007-05-31": "-2.85%", "2007-02-28": "6.99%", "2006-11-30": "10.35%", "2006-08-31": "24.37%", "2006-05-31": "28.20%", "2006-02-28": "28.70%", "2005-11-30": "29.46%"}, "return on assets": {"2020-11-30": "8.28%", "2020-08-31": "7.62%", "2020-05-31": "7.10%", "2020-02-29": "6.77%", "2019-11-30": "6.26%", "2019-08-31": "6.72%", "2019-05-31": "6.58%", "2019-02-28": "6.26%", "2018-11-30": "5.94%", "2018-08-31": "4.64%", "2018-05-31": "4.34%", "2018-02-28": "4.48%", "2017-11-30": "4.68%", "2017-08-31": "4.94%", "2017-05-31": "5.01%", "2017-02-28": "5.20%", "2016-11-30": "6.08%", "2016-08-31": "5.97%", "2016-05-31": "5.96%", "2016-02-29": "5.82%", "2015-11-30": "5.72%", "2015-08-31": "5.60%", "2015-05-31": "5.46%", "2015-02-28": "5.31%", "2014-11-30": "5.18%", "2014-08-31": "4.68%", "2014-05-31": "4.31%", "2014-02-28": "4.46%", "2013-11-30": "4.39%", "2013-08-31": "4.10%", "2013-05-31": "3.91%", "2013-02-28": "7.13%", "2012-11-30": "6.99%", "2012-08-31": "6.22%", "2012-05-31": "5.66%", "2012-02-29": "0.89%", "2011-11-30": "1.04%", "2011-08-31": "1.06%", "2011-05-31": "1.19%", "2011-02-28": "1.51%", "2010-11-30": "1.13%", "2010-08-31": "1.24%", "2010-05-31": "-1.34%", "2010-02-28": "-3.61%", "2009-11-30": "-5.78%", "2009-08-31": "-17.45%", "2009-05-31": "-15.69%", "2009-02-28": "-15.15%", "2008-11-30": "-13.68%", "2008-08-31": "-18.18%", "2008-05-31": "-21.76%", "2008-02-29": "-21.20%", "2007-11-30": "-18.01%", "2007-08-31": "-7.63%", "2007-05-31": "-1.35%", "2007-02-28": "3.25%", "2006-11-30": "4.71%", "2006-08-31": "10.85%", "2006-05-31": "12.25%", "2006-02-28": "12.41%", "2005-11-30": "12.95%"}, "return on investments": {"2020-11-30": "12.86%", "2020-08-31": "11.83%", "2020-05-31": "10.85%", "2020-02-29": "10.55%", "2019-11-30": "10.13%", "2019-08-31": "9.71%", "2019-05-31": "9.50%", "2019-02-28": "8.67%", "2018-11-30": "7.82%", "2018-08-31": "7.07%", "2018-05-31": "7.00%", "2018-02-28": "7.84%", "2017-11-30": "9.94%", "2017-08-31": "10.41%", "2017-05-31": "10.32%", "2017-02-28": "10.55%", "2016-11-30": "10.84%", "2016-08-31": "10.52%", "2016-05-31": "10.41%", "2016-02-29": "10.17%", "2015-11-30": "10.06%", "2015-08-31": "10.16%", "2015-05-31": "9.98%", "2015-02-28": "9.46%", "2014-11-30": "9.56%", "2014-08-31": "8.85%", "2014-05-31": "8.50%", "2014-02-28": "8.41%", "2013-11-30": "7.89%", "2013-08-31": "6.54%", "2013-05-31": "5.55%", "2013-02-28": "4.60%", "2012-11-30": "4.27%", "2012-08-31": "3.00%", "2012-05-31": "2.45%", "2012-02-29": "1.86%", "2011-11-30": "1.61%", "2011-08-31": "1.49%", "2011-05-31": "1.62%", "2011-02-28": "2.15%", "2010-11-30": "2.08%", "2010-08-31": "-2.31%", "2010-05-31": "-4.71%", "2010-02-28": "-6.82%", "2009-11-30": "-8.95%", "2009-08-31": "-7.24%", "2009-05-31": "-7.14%", "2009-02-28": "-7.99%", "2008-11-30": "-7.74%", "2008-08-31": "-30.72%", "2008-05-31": "-38.02%", "2008-02-29": "-38.24%", "2007-11-30": "-34.65%", "2007-08-31": "-16.80%", "2007-05-31": "-4.22%", "2007-02-28": "5.64%", "2006-11-30": "10.49%", "2006-08-31": "23.45%", "2006-05-31": "26.83%", "2006-02-28": "27.29%", "2005-11-30": "28.56%"}, "return on tangible equity": {"2020-11-30": "17.91%", "2020-08-31": "17.05%", "2020-05-31": "16.47%", "2020-02-29": "16.18%", "2019-11-30": "15.32%", "2019-08-31": "16.80%", "2019-05-31": "16.78%", "2019-02-28": "16.37%", "2018-11-30": "16.05%", "2018-08-31": "12.46%", "2018-05-31": "11.28%", "2018-02-28": "11.12%", "2017-11-30": "10.80%", "2017-08-31": "11.08%", "2017-05-31": "11.19%", "2017-02-28": "11.63%", "2016-11-30": "13.67%", "2016-08-31": "13.86%", "2016-05-31": "14.27%", "2016-02-29": "14.21%", "2015-11-30": "14.19%", "2015-08-31": "13.97%", "2015-05-31": "13.53%", "2015-02-28": "13.04%", "2014-11-30": "12.70%", "2014-08-31": "11.45%", "2014-05-31": "10.74%", "2014-02-28": "11.26%", "2013-11-30": "11.21%", "2013-08-31": "10.66%", "2013-05-31": "10.04%", "2013-02-28": "18.10%", "2012-11-30": "17.89%", "2012-08-31": "16.18%", "2012-05-31": "14.93%", "2012-02-29": "2.40%", "2011-11-30": "2.78%", "2011-08-31": "2.84%", "2011-05-31": "3.20%", "2011-02-28": "4.09%", "2010-11-30": "3.06%", "2010-08-31": "3.40%", "2010-05-31": "-3.75%", "2010-02-28": "-10.25%", "2009-11-30": "-16.78%", "2009-08-31": "-50.67%", "2009-05-31": "-42.93%", "2009-02-28": "-39.03%", "2008-11-30": "-33.41%", "2008-08-31": "-42.83%", "2008-05-31": "-49.48%", "2008-02-29": "-47.09%", "2007-11-30": "-39.36%", "2007-08-31": "-16.54%", "2007-05-31": "-2.95%", "2007-02-28": "7.23%", "2006-11-30": "10.72%", "2006-08-31": "25.26%", "2006-05-31": "29.01%", "2006-02-28": "29.29%", "2005-11-30": "29.77%"}, "dividend yield history": {"last payout": "$1.00", "last yield": "1.08%"}}