{"ticker": "LII", "price": {"title": "Lennox Historical Annual Stock Price Data", "value": 274.26, "historical": {"2021": {"Average Stock Price": "280.6963", "Year Open": "268.2300", "Year High": "293.5000", "Year Low": "268.2300", "Year Close": "274.2600", "Annual % Change": "0.11%"}, "2020": {"Average Stock Price": "246.3073", "Year Open": "244.4400", "Year High": "306.6300", "Year Low": "166.8700", "Year Close": "273.9700", "Annual % Change": "12.30%"}, "2019": {"Average Stock Price": "254.5023", "Year Open": "216.1300", "Year High": "292.7000", "Year Low": "212.2500", "Year Close": "243.9700", "Annual % Change": "11.47%"}, "2018": {"Average Stock Price": "209.8754", "Year Open": "207.1300", "Year High": "228.6200", "Year Low": "189.2800", "Year Close": "218.8600", "Annual % Change": "5.09%"}, "2017": {"Average Stock Price": "175.8368", "Year Open": "153.6700", "Year High": "210.6600", "Year Low": "148.5100", "Year Close": "208.2600", "Annual % Change": "35.97%"}, "2016": {"Average Stock Price": "142.5392", "Year Open": "124.2400", "Year High": "163.1600", "Year Low": "113.9700", "Year Close": "153.1700", "Annual % Change": "22.63%"}, "2015": {"Average Stock Price": "115.2342", "Year Open": "94.5500", "Year High": "137.7900", "Year Low": "93.8500", "Year Close": "124.9000", "Annual % Change": "31.38%"}, "2014": {"Average Stock Price": "87.2712", "Year Open": "84.2800", "Year High": "96.0400", "Year Low": "73.6600", "Year Close": "95.0700", "Annual % Change": "11.77%"}, "2013": {"Average Stock Price": "68.1031", "Year Open": "54.4600", "Year High": "85.1200", "Year Low": "54.2900", "Year Close": "85.0600", "Annual % Change": "61.96%"}, "2012": {"Average Stock Price": "44.3792", "Year Open": "34.7400", "Year High": "53.8400", "Year Low": "34.7400", "Year Close": "52.5200", "Annual % Change": "55.61%"}, "2011": {"Average Stock Price": "40.6121", "Year Open": "47.9300", "Year High": "53.6300", "Year Low": "25.2900", "Year Close": "33.7500", "Annual % Change": "-28.63%"}, "2010": {"Average Stock Price": "43.4699", "Year Open": "40.0100", "Year High": "49.9300", "Year Low": "38.2200", "Year Close": "47.2900", "Annual % Change": "21.13%"}, "2009": {"Average Stock Price": "32.8514", "Year Open": "33.4400", "Year High": "40.7600", "Year Low": "23.8700", "Year Close": "39.0400", "Annual % Change": "20.90%"}, "2008": {"Average Stock Price": "33.2181", "Year Open": "40.5500", "Year High": "41.0000", "Year Low": "19.8900", "Year Close": "32.2900", "Annual % Change": "-22.04%"}, "2007": {"Average Stock Price": "34.2302", "Year Open": "30.1100", "Year High": "41.5000", "Year Low": "29.4100", "Year Close": "41.4200", "Annual % Change": "35.32%"}, "2006": {"Average Stock Price": "27.7919", "Year Open": "29.2200", "Year High": "34.5400", "Year Low": "21.4400", "Year Close": "30.6100", "Annual % Change": "8.55%"}, "2005": {"Average Stock Price": "23.3995", "Year Open": "19.9000", "Year High": "30.3200", "Year Low": "18.7000", "Year Close": "28.2000", "Annual % Change": "38.57%"}, "2004": {"Average Stock Price": "17.1538", "Year Open": "16.8100", "Year High": "20.4900", "Year Low": "14.0000", "Year Close": "20.3500", "Annual % Change": "21.86%"}, "2003": {"Average Stock Price": "14.7942", "Year Open": "13.8000", "Year High": "17.5900", "Year Low": "11.9900", "Year Close": "16.7000", "Annual % Change": "33.07%"}, "2002": {"Average Stock Price": "14.1540", "Year Open": "9.9600", "Year High": "18.0000", "Year Low": "9.7700", "Year Close": "12.5500", "Annual % Change": "29.38%"}, "2001": {"Average Stock Price": "9.9354", "Year Open": "7.6880", "Year High": "12.0600", "Year Low": "7.6880", "Year Close": "9.7000", "Annual % Change": "25.16%"}, "2000": {"Average Stock Price": "10.2820", "Year Open": "9.4400", "Year High": "14.8800", "Year Low": "6.8750", "Year Close": "7.7500", "Annual % Change": "-15.65%"}}}, "market cap": {"value": "$10.5B"}, "income statement": {"Revenue": {"2020-12-31": "3634.10000", "2019-12-31": "3807.20000", "2018-12-31": "3883.90000", "2017-12-31": "3839.60000", "2016-12-31": "3641.60000", "2015-12-31": "3467.40000", "2014-12-31": "3367.40000", "2013-12-31": "3199.10000", "2012-12-31": "2949.40000", "2011-12-31": "2840.90000", "2010-12-31": "2585.20000", "2009-12-31": "2847.50000", "2008-12-31": "3441.10000", "2007-12-31": "3691.70000", "2006-12-31": "3700.60000", "2005-12-31": "3405.30000"}, "Cost Of Goods Sold": {"2020-12-31": "2594.00000", "2019-12-31": "2727.40000", "2018-12-31": "2772.70000", "2017-12-31": "2714.40000", "2016-12-31": "2565.10000", "2015-12-31": "2520.00000", "2014-12-31": "2464.10000", "2013-12-31": "2337.90000", "2012-12-31": "2227.10000", "2011-12-31": "2171.00000", "2010-12-31": "1884.00000", "2009-12-31": "2059.40000", "2008-12-31": "2506.60000", "2007-12-31": "2687.80000", "2006-12-31": "2745.30000", "2005-12-31": "2460.20000"}, "Gross Profit": {"2020-12-31": "1040.10000", "2019-12-31": "1079.80000", "2018-12-31": "1111.20000", "2017-12-31": "1125.20000", "2016-12-31": "1076.50000", "2015-12-31": "947.39990", "2014-12-31": "903.29980", "2013-12-31": "861.20020", "2012-12-31": "722.29980", "2011-12-31": "669.89990", "2010-12-31": "701.20000", "2009-12-31": "788.10010", "2008-12-31": "934.50000", "2007-12-31": "1003.90000", "2006-12-31": "955.30000", "2005-12-31": "945.10010"}, "Research And Development Expenses": {"2020-12-31": "", "2019-12-31": "", "2018-12-31": "", "2017-12-31": "", "2016-12-31": "", "2015-12-31": "", "2014-12-31": "", "2013-12-31": "", "2012-12-31": "", "2011-12-31": "", "2010-12-31": "", "2009-12-31": "", "2008-12-31": "", "2007-12-31": "", "2006-12-31": "", "2005-12-31": ""}, "SG&A Expenses": {"2020-12-31": "555.90000", "2019-12-31": "585.90000", "2018-12-31": "608.20000", "2017-12-31": "637.70000", "2016-12-31": "621.00000", "2015-12-31": "580.50000", "2014-12-31": "573.70000", "2013-12-31": "570.10000", "2012-12-31": "507.00000", "2011-12-31": "476.90000", "2010-12-31": "492.00000", "2009-12-31": "644.90000", "2008-12-31": "686.90000", "2007-12-31": "731.10000", "2006-12-31": "772.20000", "2005-12-31": "753.70000"}, "Other Operating Income Or Expenses": {"2020-12-31": "5.10000", "2019-12-31": "173.30000", "2018-12-31": "9.90000", "2017-12-31": "10.20000", "2016-12-31": "7.10000", "2015-12-31": "-52.80000", "2014-12-31": "7.00000", "2013-12-31": "2.90000", "2012-12-31": "8.00000", "2011-12-31": "3.90000", "2010-12-31": "6.70000", "2009-12-31": "7.50000", "2008-12-31": "1.40000", "2007-12-31": "17.30000", "2006-12-31": "54.80000", "2005-12-31": "61.70000"}, "Operating Expenses": {"2020-12-31": "3155.60000", "2019-12-31": "3150.30000", "2018-12-31": "3374.00000", "2017-12-31": "3345.10000", "2016-12-31": "3212.20000", "2015-12-31": "3162.00000", "2014-12-31": "3032.70000", "2013-12-31": "2910.10000", "2012-12-31": "2730.30000", "2011-12-31": "2656.50000", "2010-12-31": "2380.70000", "2009-12-31": "2738.30000", "2008-12-31": "3222.50000", "2007-12-31": "3426.80000", "2006-12-31": "3476.00000", "2005-12-31": "3154.60000"}, "Operating Income": {"2020-12-31": "478.50020", "2019-12-31": "656.90010", "2018-12-31": "509.89990", "2017-12-31": "494.50020", "2016-12-31": "429.40010", "2015-12-31": "305.39990", "2014-12-31": "334.70000", "2013-12-31": "289.00000", "2012-12-31": "219.09990", "2011-12-31": "184.39990", "2010-12-31": "204.50000", "2009-12-31": "109.20020", "2008-12-31": "218.60010", "2007-12-31": "264.90010", "2006-12-31": "224.60010", "2005-12-31": "250.70020"}, "Total Non-Operating Income/Expense": {"2020-12-31": "-33.30000", "2019-12-31": "-149.00000", "2018-12-31": "-42.00000", "2017-12-31": "-30.50000", "2016-12-31": "-26.70000", "2015-12-31": "-22.80000", "2014-12-31": "-17.10000", "2013-12-31": "-14.70000", "2012-12-31": "-17.40000", "2011-12-31": "-17.10000", "2010-12-31": "-13.80000", "2009-12-31": "-8.30000", "2008-12-31": "-14.30000", "2007-12-31": "-7.50000", "2006-12-31": "-4.90000", "2005-12-31": "-15.70000"}, "Pre-Tax Income": {"2020-12-31": "445.20000", "2019-12-31": "507.90000", "2018-12-31": "467.90000", "2017-12-31": "464.00000", "2016-12-31": "402.70000", "2015-12-31": "282.60000", "2014-12-31": "317.60000", "2013-12-31": "274.30000", "2012-12-31": "201.70000", "2011-12-31": "167.30000", "2010-12-31": "190.70000", "2009-12-31": "100.90000", "2008-12-31": "204.30000", "2007-12-31": "257.40000", "2006-12-31": "219.70000", "2005-12-31": "235.00000"}, "Income Taxes": {"2020-12-31": "88.10000", "2019-12-31": "99.10000", "2018-12-31": "107.60000", "2017-12-31": "156.90000", "2016-12-31": "124.10000", "2015-12-31": "95.40000", "2014-12-31": "109.50000", "2013-12-31": "94.40000", "2012-12-31": "66.70000", "2011-12-31": "55.80000", "2010-12-31": "64.80000", "2009-12-31": "39.10000", "2008-12-31": "80.50000", "2007-12-31": "91.70000", "2006-12-31": "52.90000", "2005-12-31": "83.00000"}, "Income After Taxes": {"2020-12-31": "357.10000", "2019-12-31": "408.80000", "2018-12-31": "360.30000", "2017-12-31": "307.10000", "2016-12-31": "278.60000", "2015-12-31": "187.20000", "2014-12-31": "208.10000", "2013-12-31": "179.90000", "2012-12-31": "135.00000", "2011-12-31": "111.50000", "2010-12-31": "125.90000", "2009-12-31": "61.80000", "2008-12-31": "123.80000", "2007-12-31": "165.70000", "2006-12-31": "166.80000", "2005-12-31": "152.00000"}, "Other Income": {"2020-12-31": "", "2019-12-31": "", "2018-12-31": "", "2017-12-31": "", "2016-12-31": "", "2015-12-31": "", "2014-12-31": "", "2013-12-31": "", "2012-12-31": "", "2011-12-31": "", "2010-12-31": "", "2009-12-31": "", "2008-12-31": "", "2007-12-31": "", "2006-12-31": "", "2005-12-31": ""}, "Income From Continuous Operations": {"2020-12-31": "357.10000", "2019-12-31": "408.80000", "2018-12-31": "360.30000", "2017-12-31": "307.10000", "2016-12-31": "278.60000", "2015-12-31": "187.20000", "2014-12-31": "208.10000", "2013-12-31": "179.90000", "2012-12-31": "135.00000", "2011-12-31": "111.50000", "2010-12-31": "125.90000", "2009-12-31": "61.80000", "2008-12-31": "123.80000", "2007-12-31": "165.70000", "2006-12-31": "166.80000", "2005-12-31": "152.00000"}, "Income From Discontinued Operations": {"2020-12-31": "-0.80000", "2019-12-31": "-0.10000", "2018-12-31": "-1.30000", "2017-12-31": "-1.40000", "2016-12-31": "-0.80000", "2015-12-31": "-0.60000", "2014-12-31": "-2.30000", "2013-12-31": "-8.10000", "2012-12-31": "-45.00000", "2011-12-31": "-23.20000", "2010-12-31": "-9.70000", "2009-12-31": "-10.70000", "2008-12-31": "-1.00000", "2007-12-31": "3.30000", "2006-12-31": "-0.80000", "2005-12-31": "-1.40000"}, "Net Income": {"2020-12-31": "356.30000", "2019-12-31": "408.70000", "2018-12-31": "359.00000", "2017-12-31": "305.70000", "2016-12-31": "277.80000", "2015-12-31": "186.60000", "2014-12-31": "205.80000", "2013-12-31": "171.80000", "2012-12-31": "90.00000", "2011-12-31": "88.30000", "2010-12-31": "116.20000", "2009-12-31": "51.10000", "2008-12-31": "122.80000", "2007-12-31": "169.00000", "2006-12-31": "166.00000", "2005-12-31": "150.70000"}, "EBITDA": {"2020-12-31": "551.10020", "2019-12-31": "728.00010", "2018-12-31": "575.89990", "2017-12-31": "559.10020", "2016-12-31": "487.50020", "2015-12-31": "368.19990", "2014-12-31": "395.49990", "2013-12-31": "347.90000", "2012-12-31": "274.49980", "2011-12-31": "240.99990", "2010-12-31": "253.40000", "2009-12-31": "162.10020", "2008-12-31": "269.20010", "2007-12-31": "313.60020", "2006-12-31": "268.90010", "2005-12-31": "288.10020"}, "EBIT": {"2020-12-31": "478.50020", "2019-12-31": "656.90010", "2018-12-31": "509.89990", "2017-12-31": "494.50020", "2016-12-31": "429.40010", "2015-12-31": "305.39990", "2014-12-31": "334.70000", "2013-12-31": "289.00000", "2012-12-31": "219.09990", "2011-12-31": "184.39990", "2010-12-31": "204.50000", "2009-12-31": "109.20020", "2008-12-31": "218.60010", "2007-12-31": "264.90010", "2006-12-31": "224.60010", "2005-12-31": "250.70020"}, "Basic Shares Outstanding": {"2020-12-31": "38.30000", "2019-12-31": "39.00000", "2018-12-31": "40.60000", "2017-12-31": "42.20000", "2016-12-31": "43.40000", "2015-12-31": "44.90000", "2014-12-31": "47.90000", "2013-12-31": "49.80000", "2012-12-31": "50.70000", "2011-12-31": "52.50000", "2010-12-31": "54.60000", "2009-12-31": "55.60000", "2008-12-31": "56.70000", "2007-12-31": "66.40000", "2006-12-31": "69.90000", "2005-12-31": "64.20000"}, "Shares Outstanding": {"2020-12-31": "38.60000", "2019-12-31": "39.40000", "2018-12-31": "41.10000", "2017-12-31": "42.80000", "2016-12-31": "44.00000", "2015-12-31": "45.60000", "2014-12-31": "48.60000", "2013-12-31": "50.60000", "2012-12-31": "51.40000", "2011-12-31": "53.40000", "2010-12-31": "55.80000", "2009-12-31": "56.60000", "2008-12-31": "58.30000", "2007-12-31": "69.40000", "2006-12-31": "73.50000", "2005-12-31": "73.70000"}, "Basic EPS": {"2020-12-31": "9.30000", "2019-12-31": "10.49000", "2018-12-31": "8.84000", "2017-12-31": "7.25000", "2016-12-31": "6.39000", "2015-12-31": "4.16000", "2014-12-31": "4.30000", "2013-12-31": "3.45000", "2012-12-31": "1.77000", "2011-12-31": "1.68000", "2010-12-31": "2.13000", "2009-12-31": "0.92000", "2008-12-31": "2.17000", "2007-12-31": "2.55000", "2006-12-31": "2.37000", "2005-12-31": "2.35000"}, "EPS - Earnings Per Share": {"2020-12-31": "9.24000", "2019-12-31": "10.38000", "2018-12-31": "8.74000", "2017-12-31": "7.14000", "2016-12-31": "6.32000", "2015-12-31": "4.09000", "2014-12-31": "4.23000", "2013-12-31": "3.39000", "2012-12-31": "1.75000", "2011-12-31": "1.65000", "2010-12-31": "2.08000", "2009-12-31": "0.90000", "2008-12-31": "2.11000", "2007-12-31": "2.43000", "2006-12-31": "2.26000", "2005-12-31": "2.11000"}}, "income statement, quarterly": {"Revenue": {"2020-12-31": "914.00000", "2020-09-30": "1055.00000", "2020-06-30": "941.30000", "2020-03-31": "723.80000", "2019-12-31": "884.89980", "2019-09-30": "1032.90000", "2019-06-30": "1099.10000", "2019-03-31": "790.30000", "2018-12-31": "843.49990", "2018-09-30": "1030.20000", "2018-06-30": "1175.40000", "2018-03-31": "834.80000", "2017-12-31": "891.80000", "2017-09-30": "1052.30000", "2017-06-30": "1102.10000", "2017-03-31": "793.40000", "2016-12-31": "897.20010", "2016-09-30": "1010.00000", "2016-06-30": "1019.20000", "2016-03-31": "715.20000", "2015-12-31": "834.09990", "2015-09-30": "955.00000", "2015-06-30": "992.50000", "2015-03-31": "685.80000", "2014-12-31": "812.90000", "2014-09-30": "898.40000", "2014-06-30": "960.70000", "2014-03-31": "695.40000", "2013-12-31": "749.60010", "2013-09-30": "868.00000", "2013-06-30": "913.10000", "2013-03-31": "668.40000", "2012-12-31": "684.89990", "2012-09-30": "809.70000", "2012-06-30": "840.40000", "2012-03-31": "614.40000", "2011-12-31": "456.20000", "2011-09-30": "801.20000", "2011-06-30": "914.10000", "2011-03-31": "669.40000", "2010-12-31": "250.80000", "2010-09-30": "818.20000", "2010-06-30": "872.10000", "2010-03-31": "644.10000", "2009-12-31": "733.40000", "2009-09-30": "749.50000", "2009-06-30": "784.00000", "2009-03-31": "580.60000", "2008-12-31": "717.10020", "2008-09-30": "959.90000", "2008-06-30": "999.60000", "2008-03-31": "764.50000", "2007-12-31": "828.59990", "2007-09-30": "1029.80000", "2007-06-30": "1041.80000", "2007-03-31": "791.50000", "2006-12-31": "859.00000", "2006-09-30": "1020.30000", "2006-06-30": "1012.90000", "2006-03-31": "808.40000", "2005-12-31": "909.70000", "2005-09-30": "927.50000", "2005-06-30": "867.80000", "2005-03-31": "700.30000"}, "Cost Of Goods Sold": {"2020-12-31": "638.70000", "2020-09-30": "731.70000", "2020-06-30": "665.60000", "2020-03-31": "558.10000", "2019-12-31": "637.09990", "2019-09-30": "734.60000", "2019-06-30": "767.00000", "2019-03-31": "588.70000", "2018-12-31": "618.99990", "2018-09-30": "728.30000", "2018-06-30": "813.80000", "2018-03-31": "611.60000", "2017-12-31": "632.00000", "2017-09-30": "738.60000", "2017-06-30": "761.30000", "2017-03-31": "582.50000", "2016-12-31": "629.60020", "2016-09-30": "699.70000", "2016-06-30": "704.20000", "2016-03-31": "531.60000", "2015-12-31": "606.50010", "2015-09-30": "681.60000", "2015-06-30": "709.10000", "2015-03-31": "522.80000", "2014-12-31": "587.40010", "2014-09-30": "651.30000", "2014-06-30": "698.10000", "2014-03-31": "527.30000", "2013-12-31": "541.79990", "2013-09-30": "630.60000", "2013-06-30": "659.10000", "2013-03-31": "506.40000", "2012-12-31": "516.50010", "2012-09-30": "604.80000", "2012-06-30": "632.30000", "2012-03-31": "473.50000", "2011-12-31": "381.40000", "2011-09-30": "614.60000", "2011-06-30": "669.90000", "2011-03-31": "505.10000", "2010-12-31": "221.40000", "2010-09-30": "585.40000", "2010-06-30": "607.40000", "2010-03-31": "469.80000", "2009-12-31": "532.49990", "2009-09-30": "527.70000", "2009-06-30": "556.50000", "2009-03-31": "442.70000", "2008-12-31": "523.70010", "2008-09-30": "690.60000", "2008-06-30": "721.50000", "2008-03-31": "570.80000", "2007-12-31": "612.00010", "2007-09-30": "736.20000", "2007-06-30": "752.70000", "2007-03-31": "586.90000", "2006-12-31": "639.90010", "2006-09-30": "763.50000", "2006-06-30": "742.60000", "2006-03-31": "599.30000", "2005-12-31": "787.00000", "2005-09-30": "616.10000", "2005-06-30": "576.60000", "2005-03-31": "480.50000"}, "Gross Profit": {"2020-12-31": "275.30000", "2020-09-30": "323.30000", "2020-06-30": "275.70000", "2020-03-31": "165.70000", "2019-12-31": "247.79990", "2019-09-30": "298.30000", "2019-06-30": "332.10000", "2019-03-31": "201.60000", "2018-12-31": "224.50010", "2018-09-30": "301.90000", "2018-06-30": "361.60000", "2018-03-31": "223.20000", "2017-12-31": "259.80000", "2017-09-30": "313.70010", "2017-06-30": "340.80000", "2017-03-31": "210.90000", "2016-12-31": "267.59990", "2016-09-30": "310.30000", "2016-06-30": "315.00000", "2016-03-31": "183.60000", "2015-12-31": "227.59990", "2015-09-30": "273.40000", "2015-06-30": "283.40000", "2015-03-31": "163.00000", "2014-12-31": "225.49990", "2014-09-30": "247.10000", "2014-06-30": "262.60000", "2014-03-31": "168.10000", "2013-12-31": "207.80020", "2013-09-30": "237.40000", "2013-06-30": "254.00000", "2013-03-31": "162.00000", "2012-12-31": "168.39980", "2012-09-30": "204.90000", "2012-06-30": "208.10000", "2012-03-31": "140.90000", "2011-12-31": "74.80000", "2011-09-30": "186.60000", "2011-06-30": "244.20000", "2011-03-31": "164.30000", "2010-12-31": "29.40010", "2010-09-30": "232.80000", "2010-06-30": "264.70000", "2010-03-31": "174.30000", "2009-12-31": "200.90010", "2009-09-30": "221.80000", "2009-06-30": "227.50000", "2009-03-31": "137.90000", "2008-12-31": "193.40010", "2008-09-30": "269.30000", "2008-06-30": "278.10000", "2008-03-31": "193.70000", "2007-12-31": "216.59970", "2007-09-30": "293.60000", "2007-06-30": "289.10000", "2007-03-31": "204.60000", "2006-12-31": "219.09990", "2006-09-30": "256.80000", "2006-06-30": "270.30000", "2006-03-31": "209.10000", "2005-12-31": "122.70000", "2005-09-30": "311.40000", "2005-06-30": "291.20000", "2005-03-31": "219.80000"}, "Research And Development Expenses": {"2020-12-31": "", "2020-09-30": "", "2020-06-30": "", "2020-03-31": "", "2019-12-31": "", "2019-09-30": "", "2019-06-30": "", "2019-03-31": "", "2018-12-31": "", "2018-09-30": "", "2018-06-30": "", "2018-03-31": "", "2017-12-31": "", "2017-09-30": "", "2017-06-30": "", "2017-03-31": "", "2016-12-31": "", "2016-09-30": "", "2016-06-30": "", "2016-03-31": "", "2015-12-31": "", "2015-09-30": "", "2015-06-30": "", "2015-03-31": "", "2014-12-31": "", "2014-09-30": "", "2014-06-30": "", "2014-03-31": "", "2013-12-31": "", "2013-09-30": "", "2013-06-30": "", "2013-03-31": "", "2012-12-31": "", "2012-09-30": "", "2012-06-30": "", "2012-03-31": "", "2011-12-31": "", "2011-09-30": "", "2011-06-30": "", "2011-03-31": "", "2010-12-31": "", "2010-09-30": "", "2010-06-30": "", "2010-03-31": "", "2009-12-31": "", "2009-09-30": "", "2009-06-30": "", "2009-03-31": "", "2008-12-31": "", "2008-09-30": "", "2008-06-30": "", "2008-03-31": "", "2007-12-31": "", "2007-09-30": "", "2007-06-30": "", "2007-03-31": "", "2006-12-31": "", "2006-09-30": "", "2006-06-30": "", "2006-03-31": "", "2005-12-31": "", "2005-09-30": "", "2005-06-30": "", "2005-03-31": ""}, "SG&A Expenses": {"2020-12-31": "143.30000", "2020-09-30": "151.80000", "2020-06-30": "129.50000", "2020-03-31": "131.10000", "2019-12-31": "144.30000", "2019-09-30": "143.40000", "2019-06-30": "152.40000", "2019-03-31": "145.80000", "2018-12-31": "142.20000", "2018-09-30": "149.40000", "2018-06-30": "161.40000", "2018-03-31": "155.20000", "2017-12-31": "158.10000", "2017-09-30": "158.70000", "2017-06-30": "168.50000", "2017-03-31": "152.40000", "2016-12-31": "164.70000", "2016-09-30": "156.50000", "2016-06-30": "159.40000", "2016-03-31": "140.40000", "2015-12-31": "150.40000", "2015-09-30": "143.80000", "2015-06-30": "152.90000", "2015-03-31": "133.40000", "2014-12-31": "148.30000", "2014-09-30": "140.90000", "2014-06-30": "148.90000", "2014-03-31": "135.60000", "2013-12-31": "146.30000", "2013-09-30": "136.90000", "2013-06-30": "151.30000", "2013-03-31": "135.60000", "2012-12-31": "127.20000", "2012-09-30": "125.90000", "2012-06-30": "130.70000", "2012-03-31": "123.20000", "2011-12-31": "17.40000", "2011-09-30": "122.40000", "2011-06-30": "169.80000", "2011-03-31": "167.30000", "2010-12-31": "-20.90000", "2010-09-30": "163.50000", "2010-06-30": "180.50000", "2010-03-31": "168.90000", "2009-12-31": "168.40000", "2009-09-30": "157.10000", "2009-06-30": "164.30000", "2009-03-31": "155.10000", "2008-12-31": "147.10000", "2008-09-30": "168.60000", "2008-06-30": "187.20000", "2008-03-31": "184.00000", "2007-12-31": "148.40000", "2007-09-30": "194.30000", "2007-06-30": "197.30000", "2007-03-31": "191.10000", "2006-12-31": "182.30000", "2006-09-30": "200.80000", "2006-06-30": "201.20000", "2006-03-31": "187.90000", "2005-12-31": "94.30000", "2005-09-30": "230.20000", "2005-06-30": "224.90000", "2005-03-31": "204.30000"}, "Other Operating Income Or Expenses": {"2020-12-31": "7.20000", "2020-09-30": "-4.30000", "2020-06-30": "-0.20000", "2020-03-31": "2.30000", "2019-12-31": "91.90000", "2019-09-30": "8.00000", "2019-06-30": "34.00000", "2019-03-31": "39.40000", "2018-12-31": "35.40000", "2018-09-30": "-6.80000", "2018-06-30": "-4.60000", "2018-03-31": "-14.10000", "2017-12-31": "3.10000", "2017-09-30": "1.50000", "2017-06-30": "3.20000", "2017-03-31": "2.40000", "2016-12-31": "-2.80000", "2016-09-30": "3.70000", "2016-06-30": "5.90000", "2016-03-31": "0.30000", "2015-12-31": "-49.70000", "2015-09-30": "-3.00000", "2015-06-30": "2.20000", "2015-03-31": "-2.30000", "2014-12-31": "-1.50000", "2014-09-30": "1.40000", "2014-06-30": "5.60000", "2014-03-31": "1.50000", "2013-12-31": "-4.80000", "2013-09-30": "3.60000", "2013-06-30": "2.10000", "2013-03-31": "2.00000", "2012-12-31": "-0.60000", "2012-09-30": "2.30000", "2012-06-30": "2.50000", "2012-03-31": "3.80000", "2011-12-31": "-1.60000", "2011-09-30": "0.40000", "2011-06-30": "2.20000", "2011-03-31": "2.90000", "2010-12-31": "4.10000", "2010-09-30": "2.00000", "2010-06-30": "-1.70000", "2010-03-31": "2.30000", "2009-12-31": "-0.30000", "2009-09-30": "4.50000", "2009-06-30": "1.10000", "2009-03-31": "2.20000", "2008-12-31": "-9.10000", "2008-09-30": "-1.20000", "2008-06-30": "5.20000", "2008-03-31": "6.50000", "2007-12-31": "3.20000", "2007-09-30": "3.90000", "2007-06-30": "6.80000", "2007-03-31": "3.40000", "2006-12-31": "0.00000", "2006-09-30": "5.50000", "2006-06-30": "30.10000", "2006-03-31": "19.20000", "2005-12-31": "30.30000", "2005-09-30": "13.90000", "2005-06-30": "6.00000", "2005-03-31": "11.50000"}, "Operating Expenses": {"2020-12-31": "775.00000", "2020-09-30": "887.90000", "2020-06-30": "805.30000", "2020-03-31": "687.40000", "2019-12-31": "693.29970", "2019-09-30": "876.10000", "2019-06-30": "885.30000", "2019-03-31": "695.60000", "2018-12-31": "726.90010", "2018-09-30": "884.99990", "2018-06-30": "980.29990", "2018-03-31": "781.80000", "2017-12-31": "788.10000", "2017-09-30": "897.70000", "2017-06-30": "926.70000", "2017-03-31": "732.60000", "2016-12-31": "829.10010", "2016-09-30": "853.10000", "2016-06-30": "858.49990", "2016-03-31": "671.50000", "2015-12-31": "813.60010", "2015-09-30": "827.99990", "2015-06-30": "861.60000", "2015-03-31": "658.79990", "2014-12-31": "737.79980", "2014-09-30": "791.79990", "2014-06-30": "841.60000", "2014-03-31": "661.50000", "2013-12-31": "694.70020", "2013-09-30": "764.20000", "2013-06-30": "810.70000", "2013-03-31": "640.50000", "2012-12-31": "645.40000", "2012-09-30": "728.80000", "2012-06-30": "760.60000", "2012-03-31": "595.50000", "2011-12-31": "401.30000", "2011-09-30": "744.60000", "2011-06-30": "839.90000", "2011-03-31": "670.70000", "2010-12-31": "192.69980", "2010-09-30": "751.60000", "2010-06-30": "792.80000", "2010-03-31": "643.60000", "2009-12-31": "715.29970", "2009-09-30": "691.80000", "2009-06-30": "724.40000", "2009-03-31": "606.80000", "2008-12-31": "691.40000", "2008-09-30": "868.80000", "2008-06-30": "911.20000", "2008-03-31": "751.10000", "2007-12-31": "768.19990", "2007-09-30": "930.90000", "2007-06-30": "950.80000", "2007-03-31": "776.90000", "2006-12-31": "822.40000", "2006-09-30": "963.30000", "2006-06-30": "916.00000", "2006-03-31": "774.29990", "2005-12-31": "851.00010", "2005-09-30": "832.60000", "2005-06-30": "797.70000", "2005-03-31": "673.30000"}, "Operating Income": {"2020-12-31": "139.00000", "2020-09-30": "167.10000", "2020-06-30": "136.00000", "2020-03-31": "36.40000", "2019-12-31": "191.60020", "2019-09-30": "156.80000", "2019-06-30": "213.79990", "2019-03-31": "94.70000", "2018-12-31": "116.59990", "2018-09-30": "145.20000", "2018-06-30": "195.10010", "2018-03-31": "53.00000", "2017-12-31": "103.70010", "2017-09-30": "154.60000", "2017-06-30": "175.40000", "2017-03-31": "60.80010", "2016-12-31": "68.10000", "2016-09-30": "156.90000", "2016-06-30": "160.70010", "2016-03-31": "43.70000", "2015-12-31": "20.49980", "2015-09-30": "127.00010", "2015-06-30": "130.90000", "2015-03-31": "27.00010", "2014-12-31": "75.10020", "2014-09-30": "106.60010", "2014-06-30": "119.10000", "2014-03-31": "33.90000", "2013-12-31": "54.89990", "2013-09-30": "103.80000", "2013-06-30": "102.40000", "2013-03-31": "27.90000", "2012-12-31": "39.49990", "2012-09-30": "80.90000", "2012-06-30": "79.80010", "2012-03-31": "18.90000", "2011-12-31": "54.90000", "2011-09-30": "56.60000", "2011-06-30": "74.20000", "2011-03-31": "-1.30000", "2010-12-31": "58.10020", "2010-09-30": "66.60000", "2010-06-30": "79.29990", "2010-03-31": "0.50000", "2009-12-31": "18.10030", "2009-09-30": "57.70000", "2009-06-30": "59.60000", "2009-03-31": "-26.20010", "2008-12-31": "25.70020", "2008-09-30": "91.10000", "2008-06-30": "88.40000", "2008-03-31": "13.40000", "2007-12-31": "60.40000", "2007-09-30": "98.90010", "2007-06-30": "91.00010", "2007-03-31": "14.60000", "2006-12-31": "36.60000", "2006-09-30": "57.00000", "2006-06-30": "96.90000", "2006-03-31": "34.10010", "2005-12-31": "58.70000", "2005-09-30": "94.90000", "2005-06-30": "70.10000", "2005-03-31": "27.00000"}, "Total Non-Operating Income/Expense": {"2020-12-31": "-7.60000", "2020-09-30": "-7.90000", "2020-06-30": "-8.00000", "2020-03-31": "-9.90000", "2019-12-31": "-50.20000", "2019-09-30": "-13.10000", "2019-06-30": "-74.00000", "2019-03-31": "-11.70000", "2018-12-31": "-11.00000", "2018-09-30": "-11.40000", "2018-06-30": "-10.60000", "2018-03-31": "-9.00000", "2017-12-31": "-7.40000", "2017-09-30": "-7.60000", "2017-06-30": "-8.10000", "2017-03-31": "-7.40000", "2016-12-31": "-7.30000", "2016-09-30": "-7.00000", "2016-06-30": "-6.60000", "2016-03-31": "-5.80000", "2015-12-31": "-5.70000", "2015-09-30": "-5.00000", "2015-06-30": "-6.40000", "2015-03-31": "-5.70000", "2014-12-31": "-6.10000", "2014-09-30": "-4.00000", "2014-06-30": "-3.70000", "2014-03-31": "-3.30000", "2013-12-31": "-4.00000", "2013-09-30": "-3.80000", "2013-06-30": "-3.40000", "2013-03-31": "-3.50000", "2012-12-31": "-3.90000", "2012-09-30": "-4.40000", "2012-06-30": "-4.40000", "2012-03-31": "-4.70000", "2011-12-31": "-4.50000", "2011-09-30": "-4.10000", "2011-06-30": "-4.40000", "2011-03-31": "-4.10000", "2010-12-31": "-4.60000", "2010-09-30": "-3.50000", "2010-06-30": "-3.20000", "2010-03-31": "-2.50000", "2009-12-31": "-2.00000", "2009-09-30": "-2.30000", "2009-06-30": "-2.10000", "2009-03-31": "-1.90000", "2008-12-31": "-3.70000", "2008-09-30": "-4.00000", "2008-06-30": "-3.90000", "2008-03-31": "-2.70000", "2007-12-31": "-2.40000", "2007-09-30": "-2.10000", "2007-06-30": "-2.10000", "2007-03-31": "-0.90000", "2006-12-31": "-1.20000", "2006-09-30": "-1.30000", "2006-06-30": "-1.80000", "2006-03-31": "-0.60000", "2005-12-31": "1.70000", "2005-09-30": "-7.80000", "2005-06-30": "-4.00000", "2005-03-31": "-5.60000"}, "Pre-Tax Income": {"2020-12-31": "131.40000", "2020-09-30": "159.20000", "2020-06-30": "128.00000", "2020-03-31": "26.50000", "2019-12-31": "141.40000", "2019-09-30": "143.70000", "2019-06-30": "139.80000", "2019-03-31": "83.00000", "2018-12-31": "105.60000", "2018-09-30": "133.80000", "2018-06-30": "184.50000", "2018-03-31": "44.00000", "2017-12-31": "96.30000", "2017-09-30": "147.00000", "2017-06-30": "167.30000", "2017-03-31": "53.40000", "2016-12-31": "60.80000", "2016-09-30": "149.90000", "2016-06-30": "154.10000", "2016-03-31": "37.90000", "2015-12-31": "14.80000", "2015-09-30": "122.00000", "2015-06-30": "124.50000", "2015-03-31": "21.30000", "2014-12-31": "69.00000", "2014-09-30": "102.60000", "2014-06-30": "115.40000", "2014-03-31": "30.60000", "2013-12-31": "50.90000", "2013-09-30": "100.00000", "2013-06-30": "99.00000", "2013-03-31": "24.40000", "2012-12-31": "35.60000", "2012-09-30": "76.50000", "2012-06-30": "75.40000", "2012-03-31": "14.20000", "2011-12-31": "50.40000", "2011-09-30": "52.50000", "2011-06-30": "69.80000", "2011-03-31": "-5.40000", "2010-12-31": "53.50000", "2010-09-30": "63.10000", "2010-06-30": "76.10000", "2010-03-31": "-2.00000", "2009-12-31": "16.10000", "2009-09-30": "55.40000", "2009-06-30": "57.50000", "2009-03-31": "-28.10000", "2008-12-31": "22.00000", "2008-09-30": "87.10000", "2008-06-30": "84.50000", "2008-03-31": "10.70000", "2007-12-31": "58.00000", "2007-09-30": "96.80000", "2007-06-30": "88.90000", "2007-03-31": "13.70000", "2006-12-31": "35.40000", "2006-09-30": "55.70000", "2006-06-30": "95.10000", "2006-03-31": "33.50000", "2005-12-31": "60.40000", "2005-09-30": "87.10000", "2005-06-30": "66.10000", "2005-03-31": "21.40000"}, "Income Taxes": {"2020-12-31": "19.20000", "2020-09-30": "27.50000", "2020-06-30": "27.40000", "2020-03-31": "14.00000", "2019-12-31": "27.70000", "2019-09-30": "29.00000", "2019-06-30": "28.80000", "2019-03-31": "13.60000", "2018-12-31": "30.40000", "2018-09-30": "25.80000", "2018-06-30": "45.30000", "2018-03-31": "6.10000", "2017-12-31": "53.10000", "2017-09-30": "43.00000", "2017-06-30": "50.90000", "2017-03-31": "9.90000", "2016-12-31": "20.00000", "2016-09-30": "48.20000", "2016-06-30": "42.90000", "2016-03-31": "13.00000", "2015-12-31": "3.50000", "2015-09-30": "41.70000", "2015-06-30": "42.90000", "2015-03-31": "7.30000", "2014-12-31": "22.90000", "2014-09-30": "35.10000", "2014-06-30": "40.80000", "2014-03-31": "10.70000", "2013-12-31": "16.90000", "2013-09-30": "34.20000", "2013-06-30": "34.70000", "2013-03-31": "8.60000", "2012-12-31": "9.10000", "2012-09-30": "26.80000", "2012-06-30": "25.90000", "2012-03-31": "4.90000", "2011-12-31": "16.40000", "2011-09-30": "17.60000", "2011-06-30": "23.70000", "2011-03-31": "-1.90000", "2010-12-31": "16.90000", "2010-09-30": "21.20000", "2010-06-30": "27.40000", "2010-03-31": "-0.70000", "2009-12-31": "6.20000", "2009-09-30": "21.70000", "2009-06-30": "21.60000", "2009-03-31": "-10.40000", "2008-12-31": "11.10000", "2008-09-30": "32.30000", "2008-06-30": "33.10000", "2008-03-31": "4.00000", "2007-12-31": "22.40000", "2007-09-30": "35.60000", "2007-06-30": "28.60000", "2007-03-31": "5.10000", "2006-12-31": "-6.50000", "2006-09-30": "20.10000", "2006-06-30": "26.80000", "2006-03-31": "12.50000", "2005-12-31": "18.40000", "2005-09-30": "32.20000", "2005-06-30": "24.60000", "2005-03-31": "7.80000"}, "Income After Taxes": {"2020-12-31": "112.20000", "2020-09-30": "131.70000", "2020-06-30": "100.60000", "2020-03-31": "12.50000", "2019-12-31": "113.70000", "2019-09-30": "114.70000", "2019-06-30": "111.00000", "2019-03-31": "69.40000", "2018-12-31": "75.20000", "2018-09-30": "108.00000", "2018-06-30": "139.20000", "2018-03-31": "37.90000", "2017-12-31": "43.20000", "2017-09-30": "104.00000", "2017-06-30": "116.40000", "2017-03-31": "43.50000", "2016-12-31": "40.80000", "2016-09-30": "101.70000", "2016-06-30": "111.20000", "2016-03-31": "24.90000", "2015-12-31": "11.30000", "2015-09-30": "80.30000", "2015-06-30": "81.60000", "2015-03-31": "14.00000", "2014-12-31": "46.10000", "2014-09-30": "67.50000", "2014-06-30": "74.60000", "2014-03-31": "19.90000", "2013-12-31": "34.00000", "2013-09-30": "65.80000", "2013-06-30": "64.30000", "2013-03-31": "15.80000", "2012-12-31": "26.50000", "2012-09-30": "49.70000", "2012-06-30": "49.50000", "2012-03-31": "9.30000", "2011-12-31": "34.00000", "2011-09-30": "34.90000", "2011-06-30": "46.10000", "2011-03-31": "-3.50000", "2010-12-31": "36.60000", "2010-09-30": "41.90000", "2010-06-30": "48.70000", "2010-03-31": "-1.30000", "2009-12-31": "9.90000", "2009-09-30": "33.70000", "2009-06-30": "35.90000", "2009-03-31": "-17.70000", "2008-12-31": "10.90000", "2008-09-30": "54.80000", "2008-06-30": "51.40000", "2008-03-31": "6.70000", "2007-12-31": "35.60000", "2007-09-30": "61.20000", "2007-06-30": "60.30000", "2007-03-31": "8.60000", "2006-12-31": "41.90000", "2006-09-30": "35.60000", "2006-06-30": "68.30000", "2006-03-31": "21.00000", "2005-12-31": "42.00000", "2005-09-30": "54.90000", "2005-06-30": "41.50000", "2005-03-31": "13.60000"}, "Other Income": {"2020-12-31": "", "2020-09-30": "", "2020-06-30": "", "2020-03-31": "", "2019-12-31": "", "2019-09-30": "", "2019-06-30": "", "2019-03-31": "", "2018-12-31": "", "2018-09-30": "", "2018-06-30": "", "2018-03-31": "", "2017-12-31": "", "2017-09-30": "", "2017-06-30": "", "2017-03-31": "", "2016-12-31": "", "2016-09-30": "", "2016-06-30": "", "2016-03-31": "", "2015-12-31": "", "2015-09-30": "", "2015-06-30": "", "2015-03-31": "", "2014-12-31": "", "2014-09-30": "", "2014-06-30": "", "2014-03-31": "", "2013-12-31": "", "2013-09-30": "", "2013-06-30": "", "2013-03-31": "", "2012-12-31": "", "2012-09-30": "", "2012-06-30": "", "2012-03-31": "", "2011-12-31": "", "2011-09-30": "", "2011-06-30": "", "2011-03-31": "", "2010-12-31": "", "2010-09-30": "", "2010-06-30": "", "2010-03-31": "", "2009-12-31": "", "2009-09-30": "", "2009-06-30": "", "2009-03-31": "", "2008-12-31": "", "2008-09-30": "", "2008-06-30": "", "2008-03-31": "", "2007-12-31": "", "2007-09-30": "", "2007-06-30": "", "2007-03-31": "", "2006-12-31": "", "2006-09-30": "", "2006-06-30": "", "2006-03-31": "", "2005-12-31": "", "2005-09-30": "", "2005-06-30": "", "2005-03-31": ""}, "Income From Continuous Operations": {"2020-12-31": "112.20000", "2020-09-30": "131.70000", "2020-06-30": "100.60000", "2020-03-31": "12.50000", "2019-12-31": "113.70000", "2019-09-30": "114.70000", "2019-06-30": "111.00000", "2019-03-31": "69.40000", "2018-12-31": "75.20000", "2018-09-30": "108.00000", "2018-06-30": "139.20000", "2018-03-31": "37.90000", "2017-12-31": "43.20000", "2017-09-30": "104.00000", "2017-06-30": "116.40000", "2017-03-31": "43.50000", "2016-12-31": "40.80000", "2016-09-30": "101.70000", "2016-06-30": "111.20000", "2016-03-31": "24.90000", "2015-12-31": "11.30000", "2015-09-30": "80.30000", "2015-06-30": "81.60000", "2015-03-31": "14.00000", "2014-12-31": "46.10000", "2014-09-30": "67.50000", "2014-06-30": "74.60000", "2014-03-31": "19.90000", "2013-12-31": "34.00000", "2013-09-30": "65.80000", "2013-06-30": "64.30000", "2013-03-31": "15.80000", "2012-12-31": "26.50000", "2012-09-30": "49.70000", "2012-06-30": "49.50000", "2012-03-31": "9.30000", "2011-12-31": "34.00000", "2011-09-30": "34.90000", "2011-06-30": "46.10000", "2011-03-31": "-3.50000", "2010-12-31": "36.60000", "2010-09-30": "41.90000", "2010-06-30": "48.70000", "2010-03-31": "-1.30000", "2009-12-31": "9.90000", "2009-09-30": "33.70000", "2009-06-30": "35.90000", "2009-03-31": "-17.70000", "2008-12-31": "10.90000", "2008-09-30": "54.80000", "2008-06-30": "51.40000", "2008-03-31": "6.70000", "2007-12-31": "35.60000", "2007-09-30": "61.20000", "2007-06-30": "60.30000", "2007-03-31": "8.60000", "2006-12-31": "41.90000", "2006-09-30": "35.60000", "2006-06-30": "68.30000", "2006-03-31": "21.00000", "2005-12-31": "42.00000", "2005-09-30": "54.90000", "2005-06-30": "41.50000", "2005-03-31": "13.60000"}, "Income From Discontinued Operations": {"2020-12-31": "-0.50000", "2020-09-30": "", "2020-06-30": "-0.60000", "2020-03-31": "0.40000", "2019-12-31": "0.30000", "2019-09-30": "", "2019-06-30": "-0.30000", "2019-03-31": "-0.10000", "2018-12-31": "0.30000", "2018-09-30": "", "2018-06-30": "-1.60000", "2018-03-31": "0.00000", "2017-12-31": "", "2017-09-30": "-0.50000", "2017-06-30": "-0.90000", "2017-03-31": "", "2016-12-31": "-0.30000", "2016-09-30": "", "2016-06-30": "-0.50000", "2016-03-31": "", "2015-12-31": "-0.10000", "2015-09-30": "", "2015-06-30": "-0.40000", "2015-03-31": "-0.10000", "2014-12-31": "-1.50000", "2014-09-30": "-0.10000", "2014-06-30": "-0.70000", "2014-03-31": "0.00000", "2013-12-31": "1.20000", "2013-09-30": "-1.50000", "2013-06-30": "0.00000", "2013-03-31": "-7.80000", "2012-12-31": "-4.50000", "2012-09-30": "-20.30000", "2012-06-30": "-4.80000", "2012-03-31": "-15.40000", "2011-12-31": "-17.30000", "2011-09-30": "-1.10000", "2011-06-30": "-1.10000", "2011-03-31": "-3.70000", "2010-12-31": "-8.90000", "2010-09-30": "-0.10000", "2010-06-30": "-0.40000", "2010-03-31": "-0.30000", "2009-12-31": "-3.40000", "2009-09-30": "-2.70000", "2009-06-30": "-4.20000", "2009-03-31": "-0.40000", "2008-12-31": "-0.50000", "2008-09-30": "0.10000", "2008-06-30": "-0.20000", "2008-03-31": "-0.40000", "2007-12-31": "", "2007-09-30": "", "2007-06-30": "", "2007-03-31": "", "2006-12-31": "", "2006-09-30": "", "2006-06-30": "", "2006-03-31": "", "2005-12-31": "-0.10000", "2005-09-30": "", "2005-06-30": "-0.20000", "2005-03-31": "-1.10000"}, "Net Income": {"2020-12-31": "111.70000", "2020-09-30": "131.70000", "2020-06-30": "100.00000", "2020-03-31": "12.90000", "2019-12-31": "114.00000", "2019-09-30": "114.70000", "2019-06-30": "110.70000", "2019-03-31": "69.30000", "2018-12-31": "75.50000", "2018-09-30": "108.00000", "2018-06-30": "137.60000", "2018-03-31": "37.90000", "2017-12-31": "43.20000", "2017-09-30": "103.50000", "2017-06-30": "115.50000", "2017-03-31": "43.50000", "2016-12-31": "40.50000", "2016-09-30": "101.70000", "2016-06-30": "110.70000", "2016-03-31": "24.90000", "2015-12-31": "11.20000", "2015-09-30": "80.30000", "2015-06-30": "81.20000", "2015-03-31": "13.90000", "2014-12-31": "44.60000", "2014-09-30": "67.40000", "2014-06-30": "73.90000", "2014-03-31": "19.90000", "2013-12-31": "35.20000", "2013-09-30": "64.30000", "2013-06-30": "64.30000", "2013-03-31": "8.00000", "2012-12-31": "22.00000", "2012-09-30": "29.40000", "2012-06-30": "44.70000", "2012-03-31": "-6.10000", "2011-12-31": "16.70000", "2011-09-30": "33.80000", "2011-06-30": "45.00000", "2011-03-31": "-7.20000", "2010-12-31": "27.70000", "2010-09-30": "41.80000", "2010-06-30": "48.30000", "2010-03-31": "-1.60000", "2009-12-31": "6.50000", "2009-09-30": "31.00000", "2009-06-30": "31.70000", "2009-03-31": "-18.10000", "2008-12-31": "10.40000", "2008-09-30": "54.90000", "2008-06-30": "51.20000", "2008-03-31": "6.30000", "2007-12-31": "38.90000", "2007-09-30": "61.20000", "2007-06-30": "60.30000", "2007-03-31": "8.60000", "2006-12-31": "41.10000", "2006-09-30": "35.60000", "2006-06-30": "68.30000", "2006-03-31": "21.00000", "2005-12-31": "41.80000", "2005-09-30": "55.10000", "2005-06-30": "41.30000", "2005-03-31": "12.50000"}, "EBITDA": {"2020-12-31": "", "2020-09-30": "184.60000", "2020-06-30": "154.90000", "2020-03-31": "55.40000", "2019-12-31": "209.60020", "2019-09-30": "175.00000", "2019-06-30": "230.49990", "2019-03-31": "112.90000", "2018-12-31": "133.19990", "2018-09-30": "161.80000", "2018-06-30": "211.30010", "2018-03-31": "69.60000", "2017-12-31": "120.20010", "2017-09-30": "170.70000", "2017-06-30": "191.70000", "2017-03-31": "76.50010", "2016-12-31": "82.80000", "2016-09-30": "171.80000", "2016-06-30": "175.00010", "2016-03-31": "57.90000", "2015-12-31": "36.69980", "2015-09-30": "143.00010", "2015-06-30": "146.00000", "2015-03-31": "42.50010", "2014-12-31": "90.70020", "2014-09-30": "121.80010", "2014-06-30": "134.10000", "2014-03-31": "48.90000", "2013-12-31": "70.69990", "2013-09-30": "118.40000", "2013-06-30": "116.80000", "2013-03-31": "42.00000", "2012-12-31": "53.79990", "2012-09-30": "94.60000", "2012-06-30": "93.30010", "2012-03-31": "32.80000", "2011-12-31": "69.20000", "2011-09-30": "70.10000", "2011-06-30": "88.90000", "2011-03-31": "12.80000", "2010-12-31": "67.10020", "2010-09-30": "80.30000", "2010-06-30": "92.59990", "2010-03-31": "13.40000", "2009-12-31": "31.80030", "2009-09-30": "71.20000", "2009-06-30": "72.50000", "2009-03-31": "-13.40010", "2008-12-31": "37.90020", "2008-09-30": "103.90000", "2008-06-30": "101.30000", "2008-03-31": "26.10000", "2007-12-31": "73.20000", "2007-09-30": "111.30010", "2007-06-30": "102.70010", "2007-03-31": "26.40000", "2006-12-31": "48.10000", "2006-09-30": "70.40000", "2006-06-30": "106.90000", "2006-03-31": "43.50010", "2005-12-31": "67.70000", "2005-09-30": "104.40000", "2005-06-30": "79.40000", "2005-03-31": "36.60000"}, "EBIT": {"2020-12-31": "139.00000", "2020-09-30": "167.10000", "2020-06-30": "136.00000", "2020-03-31": "36.40000", "2019-12-31": "191.60020", "2019-09-30": "156.80000", "2019-06-30": "213.79990", "2019-03-31": "94.70000", "2018-12-31": "116.59980", "2018-09-30": "145.20000", "2018-06-30": "195.10010", "2018-03-31": "53.00000", "2017-12-31": "103.70010", "2017-09-30": "154.60000", "2017-06-30": "175.40000", "2017-03-31": "60.80010", "2016-12-31": "68.10000", "2016-09-30": "156.90000", "2016-06-30": "160.70010", "2016-03-31": "43.70000", "2015-12-31": "20.49980", "2015-09-30": "127.00010", "2015-06-30": "130.90000", "2015-03-31": "27.00010", "2014-12-31": "75.09990", "2014-09-30": "106.60010", "2014-06-30": "119.10000", "2014-03-31": "33.90000", "2013-12-31": "54.90000", "2013-09-30": "103.80000", "2013-06-30": "102.40000", "2013-03-31": "27.90000", "2012-12-31": "39.49980", "2012-09-30": "80.90000", "2012-06-30": "79.80010", "2012-03-31": "18.90000", "2011-12-31": "54.89990", "2011-09-30": "56.60000", "2011-06-30": "74.20000", "2011-03-31": "-1.30000", "2010-12-31": "58.10010", "2010-09-30": "66.60000", "2010-06-30": "79.29990", "2010-03-31": "0.50000", "2009-12-31": "18.10030", "2009-09-30": "57.70000", "2009-06-30": "59.60000", "2009-03-31": "-26.20010", "2008-12-31": "25.70010", "2008-09-30": "91.10000", "2008-06-30": "88.40000", "2008-03-31": "13.40000", "2007-12-31": "60.40000", "2007-09-30": "98.90010", "2007-06-30": "91.00010", "2007-03-31": "14.60000", "2006-12-31": "36.60000", "2006-09-30": "57.00000", "2006-06-30": "96.90000", "2006-03-31": "34.10010", "2005-12-31": "58.70020", "2005-09-30": "94.90000", "2005-06-30": "70.10000", "2005-03-31": "27.00000"}, "Basic Shares Outstanding": {"2020-12-31": "38.30000", "2020-09-30": "38.30000", "2020-06-30": "38.20000", "2020-03-31": "38.40000", "2019-12-31": "39.00000", "2019-09-30": "38.60000", "2019-06-30": "39.10000", "2019-03-31": "39.70000", "2018-12-31": "40.60000", "2018-09-30": "40.30000", "2018-06-30": "40.70000", "2018-03-31": "41.50000", "2017-12-31": "42.20000", "2017-09-30": "41.90000", "2017-06-30": "42.30000", "2017-03-31": "42.80000", "2016-12-31": "43.40000", "2016-09-30": "43.20000", "2016-06-30": "43.60000", "2016-03-31": "44.00000", "2015-12-31": "44.90000", "2015-09-30": "45.00000", "2015-06-30": "45.00000", "2015-03-31": "44.70000", "2014-12-31": "47.90000", "2014-09-30": "48.30000", "2014-06-30": "48.80000", "2014-03-31": "49.00000", "2013-12-31": "49.80000", "2013-09-30": "49.70000", "2013-06-30": "50.20000", "2013-03-31": "50.30000", "2012-12-31": "50.70000", "2012-09-30": "50.60000", "2012-06-30": "51.00000", "2012-03-31": "50.90000", "2011-12-31": "52.50000", "2011-09-30": "52.20000", "2011-06-30": "53.20000", "2011-03-31": "53.60000", "2010-12-31": "54.60000", "2010-09-30": "53.80000", "2010-06-30": "55.10000", "2010-03-31": "56.00000", "2009-12-31": "55.60000", "2009-09-30": "55.80000", "2009-06-30": "55.40000", "2009-03-31": "55.20000", "2008-12-31": "56.70000", "2008-09-30": "55.30000", "2008-06-30": "56.20000", "2008-03-31": "60.30000", "2007-12-31": "66.40000", "2007-09-30": "66.60000", "2007-06-30": "68.00000", "2007-03-31": "67.50000", "2006-12-31": "69.90000", "2006-09-30": "69.50000", "2006-06-30": "71.50000", "2006-03-31": "71.30000", "2005-12-31": "64.20000", "2005-09-30": "62.90000", "2005-06-30": "62.00000", "2005-03-31": "61.50000"}, "Shares Outstanding": {"2020-12-31": "38.60000", "2020-09-30": "38.60000", "2020-06-30": "38.40000", "2020-03-31": "38.70000", "2019-12-31": "39.40000", "2019-09-30": "39.00000", "2019-06-30": "39.50000", "2019-03-31": "40.10000", "2018-12-31": "41.10000", "2018-09-30": "40.70000", "2018-06-30": "41.10000", "2018-03-31": "42.10000", "2017-12-31": "42.80000", "2017-09-30": "42.40000", "2017-06-30": "42.90000", "2017-03-31": "43.50000", "2016-12-31": "44.00000", "2016-09-30": "43.70000", "2016-06-30": "44.10000", "2016-03-31": "44.70000", "2015-12-31": "45.60000", "2015-09-30": "45.60000", "2015-06-30": "45.60000", "2015-03-31": "45.50000", "2014-12-31": "48.60000", "2014-09-30": "49.00000", "2014-06-30": "49.60000", "2014-03-31": "49.90000", "2013-12-31": "50.60000", "2013-09-30": "50.50000", "2013-06-30": "50.90000", "2013-03-31": "51.00000", "2012-12-31": "51.40000", "2012-09-30": "51.30000", "2012-06-30": "51.60000", "2012-03-31": "50.90000", "2011-12-31": "53.40000", "2011-09-30": "52.80000", "2011-06-30": "54.30000", "2011-03-31": "53.60000", "2010-12-31": "55.80000", "2010-09-30": "55.00000", "2010-06-30": "56.30000", "2010-03-31": "56.00000", "2009-12-31": "56.60000", "2009-09-30": "57.10000", "2009-06-30": "56.60000", "2009-03-31": "55.20000", "2008-12-31": "58.30000", "2008-09-30": "57.00000", "2008-06-30": "58.00000", "2008-03-31": "62.70000", "2007-12-31": "69.40000", "2007-09-30": "69.80000", "2007-06-30": "71.20000", "2007-03-31": "70.90000", "2006-12-31": "73.50000", "2006-09-30": "72.90000", "2006-06-30": "75.20000", "2006-03-31": "75.40000", "2005-12-31": "73.70000", "2005-09-30": "74.20000", "2005-06-30": "72.80000", "2005-03-31": "72.40000"}, "Basic EPS": {"2020-12-31": "2.92000", "2020-09-30": "3.44000", "2020-06-30": "2.62000", "2020-03-31": "0.34000", "2019-12-31": "2.94000", "2019-09-30": "2.97000", "2019-06-30": "2.83000", "2019-03-31": "1.75000", "2018-12-31": "1.87000", "2018-09-30": "2.68000", "2018-06-30": "3.38000", "2018-03-31": "0.91000", "2017-12-31": "1.03000", "2017-09-30": "2.47000", "2017-06-30": "2.73000", "2017-03-31": "1.02000", "2016-12-31": "0.93000", "2016-09-30": "2.35000", "2016-06-30": "2.54000", "2016-03-31": "0.57000", "2015-12-31": "0.27000", "2015-09-30": "1.78000", "2015-06-30": "1.80000", "2015-03-31": "0.31000", "2014-12-31": "0.98000", "2014-09-30": "1.40000", "2014-06-30": "1.51000", "2014-03-31": "0.41000", "2013-12-31": "0.72000", "2013-09-30": "1.29000", "2013-06-30": "1.28000", "2013-03-31": "0.16000", "2012-12-31": "0.43000", "2012-09-30": "0.58000", "2012-06-30": "0.88000", "2012-03-31": "-0.12000", "2011-12-31": "0.31000", "2011-09-30": "0.65000", "2011-06-30": "0.85000", "2011-03-31": "-0.13000", "2010-12-31": "0.50000", "2010-09-30": "0.78000", "2010-06-30": "0.88000", "2010-03-31": "-0.03000", "2009-12-31": "0.13000", "2009-09-30": "0.55000", "2009-06-30": "0.57000", "2009-03-31": "-0.33000", "2008-12-31": "0.17000", "2008-09-30": "0.99000", "2008-06-30": "0.91000", "2008-03-31": "0.10000", "2007-12-31": "0.61000", "2007-09-30": "0.92000", "2007-06-30": "0.89000", "2007-03-31": "0.13000", "2006-12-31": "0.61000", "2006-09-30": "0.51000", "2006-06-30": "0.96000", "2006-03-31": "0.29000", "2005-12-31": "0.60000", "2005-09-30": "0.88000", "2005-06-30": "0.67000", "2005-03-31": "0.20000"}, "EPS - Earnings Per Share": {"2020-12-31": "2.89000", "2020-09-30": "3.42000", "2020-06-30": "2.60000", "2020-03-31": "0.33000", "2019-12-31": "2.91000", "2019-09-30": "2.94000", "2019-06-30": "2.80000", "2019-03-31": "1.73000", "2018-12-31": "1.84000", "2018-09-30": "2.65000", "2018-06-30": "3.35000", "2018-03-31": "0.90000", "2017-12-31": "1.01000", "2017-09-30": "2.44000", "2017-06-30": "2.69000", "2017-03-31": "1.00000", "2016-12-31": "0.92000", "2016-09-30": "2.33000", "2016-06-30": "2.51000", "2016-03-31": "0.56000", "2015-12-31": "0.24000", "2015-09-30": "1.76000", "2015-06-30": "1.78000", "2015-03-31": "0.31000", "2014-12-31": "0.96000", "2014-09-30": "1.38000", "2014-06-30": "1.49000", "2014-03-31": "0.40000", "2013-12-31": "0.70000", "2013-09-30": "1.27000", "2013-06-30": "1.26000", "2013-03-31": "0.16000", "2012-12-31": "0.43000", "2012-09-30": "0.57000", "2012-06-30": "0.87000", "2012-03-31": "-0.12000", "2011-12-31": "0.31000", "2011-09-30": "0.64000", "2011-06-30": "0.83000", "2011-03-31": "-0.13000", "2010-12-31": "0.49000", "2010-09-30": "0.76000", "2010-06-30": "0.86000", "2010-03-31": "-0.03000", "2009-12-31": "0.13000", "2009-09-30": "0.54000", "2009-06-30": "0.56000", "2009-03-31": "-0.33000", "2008-12-31": "0.17000", "2008-09-30": "0.96000", "2008-06-30": "0.88000", "2008-03-31": "0.10000", "2007-12-31": "0.58000", "2007-09-30": "0.88000", "2007-06-30": "0.85000", "2007-03-31": "0.12000", "2006-12-31": "0.58000", "2006-09-30": "0.49000", "2006-06-30": "0.91000", "2006-03-31": "0.28000", "2005-12-31": "0.57000", "2005-09-30": "0.76000", "2005-06-30": "0.59000", "2005-03-31": "0.19000"}}, "balance sheet": {"Cash On Hand": {"2020-12-31": "129.00000", "2019-12-31": "40.20000", "2018-12-31": "46.30000", "2017-12-31": "68.20000", "2016-12-31": "50.20000", "2015-12-31": "38.90000", "2014-12-31": "37.50000", "2013-12-31": "38.00000", "2012-12-31": "51.80000", "2011-12-31": "45.00000", "2010-12-31": "172.20000", "2009-12-31": "124.30000", "2008-12-31": "155.50000", "2007-12-31": "173.20000", "2006-12-31": "144.30000", "2005-12-31": "213.50000"}, "Receivables": {"2020-12-31": "448.30000", "2019-12-31": "477.80000", "2018-12-31": "472.70000", "2017-12-31": "506.50000", "2016-12-31": "469.80000", "2015-12-31": "422.80000", "2014-12-31": "421.40000", "2013-12-31": "408.10000", "2012-12-31": "373.40000", "2011-12-31": "387.00000", "2010-12-31": "384.80000", "2009-12-31": "357.00000", "2008-12-31": "363.40000", "2007-12-31": "492.00000", "2006-12-31": "502.60000", "2005-12-31": "508.40000"}, "Inventory": {"2020-12-31": "439.40000", "2019-12-31": "544.10000", "2018-12-31": "509.80000", "2017-12-31": "484.20000", "2016-12-31": "418.50000", "2015-12-31": "418.80000", "2014-12-31": "463.30000", "2013-12-31": "378.80000", "2012-12-31": "374.80000", "2011-12-31": "317.90000", "2010-12-31": "286.20000", "2009-12-31": "250.20000", "2008-12-31": "297.30000", "2007-12-31": "325.20000", "2006-12-31": "305.50000", "2005-12-31": "242.40000"}, "Pre-Paid Expenses": {"2020-12-31": "", "2019-12-31": "", "2018-12-31": "", "2017-12-31": "", "2016-12-31": "", "2015-12-31": "", "2014-12-31": "", "2013-12-31": "", "2012-12-31": "", "2011-12-31": "", "2010-12-31": "", "2009-12-31": "", "2008-12-31": "", "2007-12-31": "", "2006-12-31": "", "2005-12-31": ""}, "Other Current Assets": {"2020-12-31": "70.90000", "2019-12-31": "58.80000", "2018-12-31": "60.60000", "2017-12-31": "78.40000", "2016-12-31": "67.40000", "2015-12-31": "57.70000", "2014-12-31": "59.30000", "2013-12-31": "53.00000", "2012-12-31": "61.00000", "2011-12-31": "68.50000", "2010-12-31": "67.00000", "2009-12-31": "67.50000", "2008-12-31": "94.80000", "2007-12-31": "49.40000", "2006-12-31": "43.80000", "2005-12-31": "62.60000"}, "Total Current Assets": {"2020-12-31": "1087.60000", "2019-12-31": "1120.90000", "2018-12-31": "1089.40000", "2017-12-31": "1137.30000", "2016-12-31": "1005.90000", "2015-12-31": "938.20000", "2014-12-31": "981.50000", "2013-12-31": "902.40000", "2012-12-31": "987.10000", "2011-12-31": "1012.70000", "2010-12-31": "946.90000", "2009-12-31": "833.90000", "2008-12-31": "935.20000", "2007-12-31": "1070.70000", "2006-12-31": "1018.40000", "2005-12-31": "1047.20000"}, "Property, Plant, And Equipment": {"2020-12-31": "464.30000", "2019-12-31": "445.40000", "2018-12-31": "408.30000", "2017-12-31": "397.80000", "2016-12-31": "361.40000", "2015-12-31": "339.60000", "2014-12-31": "358.60000", "2013-12-31": "335.50000", "2012-12-31": "298.20000", "2011-12-31": "300.70000", "2010-12-31": "324.30000", "2009-12-31": "329.60000", "2008-12-31": "329.40000", "2007-12-31": "317.80000", "2006-12-31": "288.20000", "2005-12-31": "255.70000"}, "Long-Term Investments": {"2020-12-31": "", "2019-12-31": "", "2018-12-31": "", "2017-12-31": "", "2016-12-31": "", "2015-12-31": "", "2014-12-31": "", "2013-12-31": "", "2012-12-31": "", "2011-12-31": "", "2010-12-31": "", "2009-12-31": "", "2008-12-31": "", "2007-12-31": "", "2006-12-31": "", "2005-12-31": ""}, "Goodwill And Intangible Assets": {"2020-12-31": "186.90000", "2019-12-31": "186.50000", "2018-12-31": "186.60000", "2017-12-31": "200.50000", "2016-12-31": "195.10000", "2015-12-31": "195.10000", "2014-12-31": "209.40000", "2013-12-31": "216.80000", "2012-12-31": "223.80000", "2011-12-31": "223.20000", "2010-12-31": "271.80000", "2009-12-31": "257.40000", "2008-12-31": "232.30000", "2007-12-31": "262.80000", "2006-12-31": "239.80000", "2005-12-31": "223.90000"}, "Other Long-Term Assets": {"2020-12-31": "86.10000", "2019-12-31": "79.00000", "2018-12-31": "65.90000", "2017-12-31": "61.50000", "2016-12-31": "61.20000", "2015-12-31": "58.80000", "2014-12-31": "84.80000", "2013-12-31": "83.50000", "2012-12-31": "80.00000", "2011-12-31": "78.40000", "2010-12-31": "61.80000", "2009-12-31": "48.40000", "2008-12-31": "49.10000", "2007-12-31": "69.30000", "2006-12-31": "69.10000", "2005-12-31": "138.90000"}, "Total Long-Term Assets": {"2020-12-31": "944.89990", "2019-12-31": "914.00000", "2018-12-31": "727.80000", "2017-12-31": "754.20000", "2016-12-31": "754.40000", "2015-12-31": "739.20000", "2014-12-31": "782.80000", "2013-12-31": "724.30000", "2012-12-31": "704.80000", "2011-12-31": "693.00010", "2010-12-31": "745.10000", "2009-12-31": "710.00000", "2008-12-31": "724.30000", "2007-12-31": "743.90000", "2006-12-31": "701.40000", "2005-12-31": "690.40000"}, "Total Assets": {"2020-12-31": "2032.50000", "2019-12-31": "2034.90000", "2018-12-31": "1817.20000", "2017-12-31": "1891.50000", "2016-12-31": "1760.30000", "2015-12-31": "1677.40000", "2014-12-31": "1764.30000", "2013-12-31": "1626.70000", "2012-12-31": "1691.90000", "2011-12-31": "1705.70000", "2010-12-31": "1692.00000", "2009-12-31": "1543.90000", "2008-12-31": "1659.50000", "2007-12-31": "1814.60000", "2006-12-31": "1719.80000", "2005-12-31": "1737.60000"}, "Total Current Liabilities": {"2020-12-31": "701.30000", "2019-12-31": "1002.70000", "2018-12-31": "1008.50000", "2017-12-31": "654.50000", "2016-12-31": "888.60000", "2015-12-31": "823.80000", "2014-12-31": "827.30000", "2013-12-31": "714.00000", "2012-12-31": "600.00000", "2011-12-31": "577.10000", "2010-12-31": "615.60000", "2009-12-31": "593.80000", "2008-12-31": "576.00000", "2007-12-31": "684.20000", "2006-12-31": "651.10000", "2005-12-31": "656.50000"}, "Long Term Debt": {"2020-12-31": "970.70000", "2019-12-31": "849.30000", "2018-12-31": "740.50000", "2017-12-31": "970.50000", "2016-12-31": "615.70000", "2015-12-31": "506.00000", "2014-12-31": "675.00000", "2013-12-31": "233.20000", "2012-12-31": "351.00000", "2011-12-31": "459.60000", "2010-12-31": "317.00000", "2009-12-31": "193.80000", "2008-12-31": "413.70000", "2007-12-31": "166.70000", "2006-12-31": "96.80000", "2005-12-31": "108.00000"}, "Other Non-Current Liabilities": {"2020-12-31": "142.30000", "2019-12-31": "134.70000", "2018-12-31": "135.00000", "2017-12-31": "131.90000", "2016-12-31": "127.70000", "2015-12-31": "121.10000", "2014-12-31": "118.60000", "2013-12-31": "119.20000", "2012-12-31": "102.10000", "2011-12-31": "57.90000", "2010-12-31": "65.70000", "2009-12-31": "71.80000", "2008-12-31": "91.00000", "2007-12-31": "104.20000", "2006-12-31": "105.00000", "2005-12-31": "82.80000"}, "Total Long Term Liabilities": {"2020-12-31": "1348.30000", "2019-12-31": "1202.40000", "2018-12-31": "958.30000", "2017-12-31": "1186.90000", "2016-12-31": "833.70000", "2015-12-31": "752.00000", "2014-12-31": "928.00000", "2013-12-31": "427.00000", "2012-12-31": "593.60000", "2011-12-31": "660.80000", "2010-12-31": "486.70000", "2009-12-31": "345.70000", "2008-12-31": "624.90000", "2007-12-31": "321.90000", "2006-12-31": "264.30000", "2005-12-31": "286.70000"}, "Total Liabilities": {"2020-12-31": "2049.60000", "2019-12-31": "2205.10000", "2018-12-31": "1966.80000", "2017-12-31": "1841.40000", "2016-12-31": "1722.30000", "2015-12-31": "1575.80000", "2014-12-31": "1755.30000", "2013-12-31": "1141.00000", "2012-12-31": "1193.60000", "2011-12-31": "1237.90000", "2010-12-31": "1102.30000", "2009-12-31": "939.50000", "2008-12-31": "1200.90000", "2007-12-31": "1006.10000", "2006-12-31": "915.40000", "2005-12-31": "943.20000"}, "Common Stock Net": {"2020-12-31": "0.90000", "2019-12-31": "0.90000", "2018-12-31": "0.90000", "2017-12-31": "0.90000", "2016-12-31": "0.90000", "2015-12-31": "0.90000", "2014-12-31": "0.90000", "2013-12-31": "0.90000", "2012-12-31": "0.90000", "2011-12-31": "0.90000", "2010-12-31": "0.90000", "2009-12-31": "0.90000", "2008-12-31": "0.80000", "2007-12-31": "0.80000", "2006-12-31": "0.80000", "2005-12-31": "0.70000"}, "Retained Earnings (Accumulated Deficit)": {"2020-12-31": "2385.80000", "2019-12-31": "2148.70000", "2018-12-31": "1855.00000", "2017-12-31": "1575.90000", "2016-12-31": "1353.00000", "2015-12-31": "1146.70000", "2014-12-31": "1022.10000", "2013-12-31": "870.50000", "2012-12-31": "744.40000", "2011-12-31": "692.90000", "2010-12-31": "642.20000", "2009-12-31": "558.60000", "2008-12-31": "538.80000", "2007-12-31": "447.40000", "2006-12-31": "312.50000", "2005-12-31": "191.00000"}, "Comprehensive Income": {"2020-12-31": "-97.20000", "2019-12-31": "-103.80000", "2018-12-31": "-188.80000", "2017-12-31": "-157.40000", "2016-12-31": "-195.10000", "2015-12-31": "-204.70000", "2014-12-31": "-153.50000", "2013-12-31": "-61.10000", "2012-12-31": "-22.30000", "2011-12-31": "-37.10000", "2010-12-31": "30.20000", "2009-12-31": "-0.80000", "2008-12-31": "-98.80000", "2007-12-31": "63.60000", "2006-12-31": "-5.10000", "2005-12-31": "0.40000"}, "Other Share Holders Equity": {"2020-12-31": "", "2019-12-31": "", "2018-12-31": "", "2017-12-31": "", "2016-12-31": "", "2015-12-31": "", "2014-12-31": "", "2013-12-31": "", "2012-12-31": "", "2011-12-31": "", "2010-12-31": "", "2009-12-31": "", "2008-12-31": "", "2007-12-31": "", "2006-12-31": "", "2005-12-31": ""}, "Share Holder Equity": {"2020-12-31": "-17.10000", "2019-12-31": "-170.20000", "2018-12-31": "-149.60000", "2017-12-31": "50.10000", "2016-12-31": "38.00000", "2015-12-31": "101.60000", "2014-12-31": "9.00000", "2013-12-31": "485.70000", "2012-12-31": "498.30000", "2011-12-31": "467.80000", "2010-12-31": "589.70000", "2009-12-31": "604.40000", "2008-12-31": "458.60000", "2007-12-31": "808.50000", "2006-12-31": "804.40000", "2005-12-31": "794.40000"}, "Total Liabilities And Share Holders Equity": {"2020-12-31": "2032.50000", "2019-12-31": "2034.90000", "2018-12-31": "1817.20000", "2017-12-31": "1891.50000", "2016-12-31": "1760.30000", "2015-12-31": "1677.40000", "2014-12-31": "1764.30000", "2013-12-31": "1626.70000", "2012-12-31": "1691.90000", "2011-12-31": "1705.70000", "2010-12-31": "1692.00000", "2009-12-31": "1543.90000", "2008-12-31": "1659.50000", "2007-12-31": "1814.60000", "2006-12-31": "1719.80000", "2005-12-31": "1737.60000"}}, "balance sheet, quarterly": {"Cash On Hand": {"2020-12-31": "129.00000", "2020-09-30": "59.10000", "2020-06-30": "48.60000", "2020-03-31": "42.80000", "2019-12-31": "40.20000", "2019-09-30": "48.50000", "2019-06-30": "38.20000", "2019-03-31": "31.70000", "2018-12-31": "46.30000", "2018-09-30": "46.10000", "2018-06-30": "39.40000", "2018-03-31": "57.10000", "2017-12-31": "68.20000", "2017-09-30": "60.70000", "2017-06-30": "61.30000", "2017-03-31": "48.80000", "2016-12-31": "50.20000", "2016-09-30": "47.80000", "2016-06-30": "54.70000", "2016-03-31": "40.60000", "2015-12-31": "38.90000", "2015-09-30": "35.10000", "2015-06-30": "47.50000", "2015-03-31": "36.70000", "2014-12-31": "37.50000", "2014-09-30": "48.10000", "2014-06-30": "49.60000", "2014-03-31": "39.00000", "2013-12-31": "38.00000", "2013-09-30": "37.80000", "2013-06-30": "45.30000", "2013-03-31": "34.90000", "2012-12-31": "51.80000", "2012-09-30": "48.80000", "2012-06-30": "69.10000", "2012-03-31": "54.70000", "2011-12-31": "45.00000", "2011-09-30": "57.90000", "2011-06-30": "77.00000", "2011-03-31": "65.70000", "2010-12-31": "172.20000", "2010-09-30": "105.50000", "2010-06-30": "85.70000", "2010-03-31": "88.10000", "2009-12-31": "124.30000", "2009-09-30": "101.90000", "2009-06-30": "98.90000", "2009-03-31": "134.20000", "2008-12-31": "155.50000", "2008-09-30": "141.10000", "2008-06-30": "130.20000", "2008-03-31": "155.00000", "2007-12-31": "173.20000", "2007-09-30": "118.60000", "2007-06-30": "144.00000", "2007-03-31": "93.60000", "2006-12-31": "144.30000", "2006-09-30": "109.40000", "2006-06-30": "100.10000", "2006-03-31": "139.80000", "2005-12-31": "213.50000", "2005-09-30": "176.20000", "2005-06-30": "93.60000", "2005-03-31": "84.20000"}, "Receivables": {"2020-12-31": "448.30000", "2020-09-30": "542.70000", "2020-06-30": "624.20000", "2020-03-31": "492.70000", "2019-12-31": "477.80000", "2019-09-30": "622.20000", "2019-06-30": "718.80000", "2019-03-31": "502.60000", "2018-12-31": "472.70000", "2018-09-30": "580.90000", "2018-06-30": "741.30000", "2018-03-31": "528.50000", "2017-12-31": "506.50000", "2017-09-30": "598.10000", "2017-06-30": "689.90000", "2017-03-31": "513.40000", "2016-12-31": "469.80000", "2016-09-30": "570.40000", "2016-06-30": "643.50000", "2016-03-31": "469.80000", "2015-12-31": "422.80000", "2015-09-30": "537.70000", "2015-06-30": "609.30000", "2015-03-31": "449.40000", "2014-12-31": "421.40000", "2014-09-30": "501.50000", "2014-06-30": "576.50000", "2014-03-31": "442.20000", "2013-12-31": "408.10000", "2013-09-30": "489.20000", "2013-06-30": "542.30000", "2013-03-31": "407.00000", "2012-12-31": "373.40000", "2012-09-30": "450.30000", "2012-06-30": "513.20000", "2012-03-31": "394.70000", "2011-12-31": "387.00000", "2011-09-30": "478.20000", "2011-06-30": "525.40000", "2011-03-31": "404.60000", "2010-12-31": "384.80000", "2010-09-30": "429.20000", "2010-06-30": "458.00000", "2010-03-31": "349.50000", "2009-12-31": "357.00000", "2009-09-30": "387.30000", "2009-06-30": "431.40000", "2009-03-31": "334.50000", "2008-12-31": "363.40000", "2008-09-30": "552.60000", "2008-06-30": "604.70000", "2008-03-31": "490.80000", "2007-12-31": "492.00000", "2007-09-30": "630.80000", "2007-06-30": "637.20000", "2007-03-31": "502.30000", "2006-12-31": "502.60000", "2006-09-30": "602.70000", "2006-06-30": "611.00000", "2006-03-31": "495.30000", "2005-12-31": "508.40000", "2005-09-30": "567.40000", "2005-06-30": "541.90000", "2005-03-31": "450.20000"}, "Inventory": {"2020-12-31": "439.40000", "2020-09-30": "408.70000", "2020-06-30": "499.70000", "2020-03-31": "611.80000", "2019-12-31": "544.10000", "2019-09-30": "585.30000", "2019-06-30": "630.20000", "2019-03-31": "600.10000", "2018-12-31": "509.80000", "2018-09-30": "501.50000", "2018-06-30": "540.20000", "2018-03-31": "561.50000", "2017-12-31": "484.20000", "2017-09-30": "530.90000", "2017-06-30": "538.80000", "2017-03-31": "522.80000", "2016-12-31": "418.50000", "2016-09-30": "474.00000", "2016-06-30": "505.70000", "2016-03-31": "518.10000", "2015-12-31": "418.80000", "2015-09-30": "488.30000", "2015-06-30": "540.70000", "2015-03-31": "533.10000", "2014-12-31": "463.30000", "2014-09-30": "501.50000", "2014-06-30": "514.90000", "2014-03-31": "490.30000", "2013-12-31": "378.80000", "2013-09-30": "430.00000", "2013-06-30": "469.20000", "2013-03-31": "464.30000", "2012-12-31": "374.80000", "2012-09-30": "398.40000", "2012-06-30": "427.30000", "2012-03-31": "401.90000", "2011-12-31": "317.90000", "2011-09-30": "394.30000", "2011-06-30": "460.10000", "2011-03-31": "453.20000", "2010-12-31": "286.20000", "2010-09-30": "347.70000", "2010-06-30": "338.40000", "2010-03-31": "326.40000", "2009-12-31": "250.20000", "2009-09-30": "274.60000", "2009-06-30": "268.50000", "2009-03-31": "321.10000", "2008-12-31": "297.30000", "2008-09-30": "353.10000", "2008-06-30": "367.80000", "2008-03-31": "379.50000", "2007-12-31": "325.20000", "2007-09-30": "358.70000", "2007-06-30": "377.90000", "2007-03-31": "398.10000", "2006-12-31": "305.50000", "2006-09-30": "348.10000", "2006-06-30": "348.40000", "2006-03-31": "342.70000", "2005-12-31": "242.40000", "2005-09-30": "254.00000", "2005-06-30": "257.50000", "2005-03-31": "275.80000"}, "Pre-Paid Expenses": {"2020-12-31": "", "2020-09-30": "", "2020-06-30": "", "2020-03-31": "", "2019-12-31": "", "2019-09-30": "", "2019-06-30": "", "2019-03-31": "", "2018-12-31": "", "2018-09-30": "", "2018-06-30": "", "2018-03-31": "", "2017-12-31": "", "2017-09-30": "", "2017-06-30": "", "2017-03-31": "", "2016-12-31": "", "2016-09-30": "", "2016-06-30": "", "2016-03-31": "", "2015-12-31": "", "2015-09-30": "", "2015-06-30": "", "2015-03-31": "", "2014-12-31": "", "2014-09-30": "", "2014-06-30": "", "2014-03-31": "", "2013-12-31": "", "2013-09-30": "", "2013-06-30": "", "2013-03-31": "", "2012-12-31": "", "2012-09-30": "", "2012-06-30": "", "2012-03-31": "", "2011-12-31": "", "2011-09-30": "", "2011-06-30": "", "2011-03-31": "", "2010-12-31": "", "2010-09-30": "", "2010-06-30": "", "2010-03-31": "", "2009-12-31": "", "2009-09-30": "", "2009-06-30": "", "2009-03-31": "", "2008-12-31": "", "2008-09-30": "", "2008-06-30": "", "2008-03-31": "", "2007-12-31": "", "2007-09-30": "", "2007-06-30": "", "2007-03-31": "", "2006-12-31": "", "2006-09-30": "", "2006-06-30": "", "2006-03-31": "", "2005-12-31": "", "2005-09-30": "", "2005-06-30": "", "2005-03-31": ""}, "Other Current Assets": {"2020-12-31": "70.90000", "2020-09-30": "53.50000", "2020-06-30": "54.40000", "2020-03-31": "77.80000", "2019-12-31": "58.80000", "2019-09-30": "61.30000", "2019-06-30": "56.70000", "2019-03-31": "86.50000", "2018-12-31": "60.60000", "2018-09-30": "58.70000", "2018-06-30": "64.90000", "2018-03-31": "199.70000", "2017-12-31": "78.40000", "2017-09-30": "80.90000", "2017-06-30": "76.70000", "2017-03-31": "101.40000", "2016-12-31": "67.40000", "2016-09-30": "74.30000", "2016-06-30": "66.30000", "2016-03-31": "93.10000", "2015-12-31": "57.70000", "2015-09-30": "58.90000", "2015-06-30": "57.60000", "2015-03-31": "88.40000", "2014-12-31": "59.30000", "2014-09-30": "61.60000", "2014-06-30": "58.20000", "2014-03-31": "59.80000", "2013-12-31": "53.00000", "2013-09-30": "50.80000", "2013-06-30": "41.40000", "2013-03-31": "68.20000", "2012-12-31": "61.00000", "2012-09-30": "72.60000", "2012-06-30": "71.60000", "2012-03-31": "81.80000", "2011-12-31": "68.50000", "2011-09-30": "48.30000", "2011-06-30": "58.90000", "2011-03-31": "82.30000", "2010-12-31": "67.00000", "2010-09-30": "63.80000", "2010-06-30": "48.30000", "2010-03-31": "84.80000", "2009-12-31": "67.50000", "2009-09-30": "51.90000", "2009-06-30": "47.70000", "2009-03-31": "80.40000", "2008-12-31": "94.80000", "2008-09-30": "49.20000", "2008-06-30": "60.30000", "2008-03-31": "85.90000", "2007-12-31": "49.40000", "2007-09-30": "51.10000", "2007-06-30": "52.40000", "2007-03-31": "60.10000", "2006-12-31": "43.80000", "2006-09-30": "53.20000", "2006-06-30": "76.30000", "2006-03-31": "74.60000", "2005-12-31": "62.60000", "2005-09-30": "50.60000", "2005-06-30": "41.80000", "2005-03-31": "43.60000"}, "Total Current Assets": {"2020-12-31": "1087.60000", "2020-09-30": "1064.00000", "2020-06-30": "1226.90000", "2020-03-31": "1225.10000", "2019-12-31": "1120.90000", "2019-09-30": "1317.30000", "2019-06-30": "1443.90000", "2019-03-31": "1220.90000", "2018-12-31": "1089.40000", "2018-09-30": "1187.20000", "2018-06-30": "1385.80000", "2018-03-31": "1346.80000", "2017-12-31": "1137.30000", "2017-09-30": "1270.60000", "2017-06-30": "1366.70000", "2017-03-31": "1186.40000", "2016-12-31": "1005.90000", "2016-09-30": "1166.50000", "2016-06-30": "1270.20000", "2016-03-31": "1121.60000", "2015-12-31": "938.20000", "2015-09-30": "1151.90000", "2015-06-30": "1286.70000", "2015-03-31": "1140.30000", "2014-12-31": "981.50000", "2014-09-30": "1136.50000", "2014-06-30": "1222.70000", "2014-03-31": "1057.50000", "2013-12-31": "902.40000", "2013-09-30": "1037.30000", "2013-06-30": "1129.90000", "2013-03-31": "1004.10000", "2012-12-31": "987.10000", "2012-09-30": "1111.60000", "2012-06-30": "1112.70000", "2012-03-31": "998.30000", "2011-12-31": "1012.70000", "2011-09-30": "1028.80000", "2011-06-30": "1165.40000", "2011-03-31": "1047.00000", "2010-12-31": "946.90000", "2010-09-30": "982.90000", "2010-06-30": "969.50000", "2010-03-31": "883.10000", "2009-12-31": "833.90000", "2009-09-30": "825.20000", "2009-06-30": "873.80000", "2009-03-31": "888.70000", "2008-12-31": "935.20000", "2008-09-30": "1126.60000", "2008-06-30": "1188.90000", "2008-03-31": "1136.30000", "2007-12-31": "1070.70000", "2007-09-30": "1179.30000", "2007-06-30": "1231.70000", "2007-03-31": "1075.40000", "2006-12-31": "1018.40000", "2006-09-30": "1139.30000", "2006-06-30": "1154.30000", "2006-03-31": "1066.80000", "2005-12-31": "1047.20000", "2005-09-30": "1062.20000", "2005-06-30": "950.80000", "2005-03-31": "866.90000"}, "Property, Plant, And Equipment": {"2020-12-31": "464.30000", "2020-09-30": "444.90000", "2020-06-30": "441.20000", "2020-03-31": "442.10000", "2019-12-31": "445.40000", "2019-09-30": "418.80000", "2019-06-30": "418.00000", "2019-03-31": "411.70000", "2018-12-31": "408.30000", "2018-09-30": "374.40000", "2018-06-30": "371.00000", "2018-03-31": "390.10000", "2017-12-31": "397.80000", "2017-09-30": "374.60000", "2017-06-30": "371.70000", "2017-03-31": "365.60000", "2016-12-31": "361.40000", "2016-09-30": "346.20000", "2016-06-30": "345.20000", "2016-03-31": "338.50000", "2015-12-31": "339.60000", "2015-09-30": "345.30000", "2015-06-30": "352.10000", "2015-03-31": "356.00000", "2014-12-31": "358.60000", "2014-09-30": "350.50000", "2014-06-30": "350.50000", "2014-03-31": "340.60000", "2013-12-31": "335.50000", "2013-09-30": "314.80000", "2013-06-30": "308.70000", "2013-03-31": "295.10000", "2012-12-31": "298.20000", "2012-09-30": "289.40000", "2012-06-30": "292.60000", "2012-03-31": "299.20000", "2011-12-31": "300.70000", "2011-09-30": "333.30000", "2011-06-30": "347.00000", "2011-03-31": "348.40000", "2010-12-31": "324.30000", "2010-09-30": "320.90000", "2010-06-30": "318.20000", "2010-03-31": "326.70000", "2009-12-31": "329.60000", "2009-09-30": "329.90000", "2009-06-30": "328.80000", "2009-03-31": "324.30000", "2008-12-31": "329.40000", "2008-09-30": "334.90000", "2008-06-30": "320.70000", "2008-03-31": "318.80000", "2007-12-31": "317.80000", "2007-09-30": "306.40000", "2007-06-30": "294.70000", "2007-03-31": "288.00000", "2006-12-31": "288.20000", "2006-09-30": "273.10000", "2006-06-30": "269.30000", "2006-03-31": "260.90000", "2005-12-31": "255.70000", "2005-09-30": "244.60000", "2005-06-30": "238.10000", "2005-03-31": "236.30000"}, "Long-Term Investments": {"2020-12-31": "", "2020-09-30": "", "2020-06-30": "", "2020-03-31": "", "2019-12-31": "", "2019-09-30": "", "2019-06-30": "", "2019-03-31": "", "2018-12-31": "", "2018-09-30": "", "2018-06-30": "", "2018-03-31": "", "2017-12-31": "", "2017-09-30": "", "2017-06-30": "", "2017-03-31": "", "2016-12-31": "", "2016-09-30": "", "2016-06-30": "", "2016-03-31": "", "2015-12-31": "", "2015-09-30": "", "2015-06-30": "", "2015-03-31": "", "2014-12-31": "", "2014-09-30": "", "2014-06-30": "", "2014-03-31": "", "2013-12-31": "", "2013-09-30": "", "2013-06-30": "", "2013-03-31": "", "2012-12-31": "", "2012-09-30": "", "2012-06-30": "", "2012-03-31": "", "2011-12-31": "", "2011-09-30": "", "2011-06-30": "", "2011-03-31": "", "2010-12-31": "", "2010-09-30": "", "2010-06-30": "", "2010-03-31": "", "2009-12-31": "", "2009-09-30": "", "2009-06-30": "", "2009-03-31": "", "2008-12-31": "", "2008-09-30": "", "2008-06-30": "", "2008-03-31": "", "2007-12-31": "", "2007-09-30": "", "2007-06-30": "", "2007-03-31": "", "2006-12-31": "", "2006-09-30": "", "2006-06-30": "", "2006-03-31": "", "2005-12-31": "", "2005-09-30": "", "2005-06-30": "", "2005-03-31": ""}, "Goodwill And Intangible Assets": {"2020-12-31": "186.90000", "2020-09-30": "186.70000", "2020-06-30": "186.50000", "2020-03-31": "186.50000", "2019-12-31": "186.50000", "2019-09-30": "186.40000", "2019-06-30": "186.60000", "2019-03-31": "186.50000", "2018-12-31": "186.60000", "2018-09-30": "186.90000", "2018-06-30": "186.80000", "2018-03-31": "190.30000", "2017-12-31": "200.50000", "2017-09-30": "200.60000", "2017-06-30": "199.00000", "2017-03-31": "197.60000", "2016-12-31": "195.10000", "2016-09-30": "198.50000", "2016-06-30": "198.50000", "2016-03-31": "197.00000", "2015-12-31": "195.10000", "2015-09-30": "199.80000", "2015-06-30": "204.50000", "2015-03-31": "204.50000", "2014-12-31": "209.40000", "2014-09-30": "214.10000", "2014-06-30": "219.70000", "2014-03-31": "218.90000", "2013-12-31": "216.80000", "2013-09-30": "218.80000", "2013-06-30": "217.60000", "2013-03-31": "223.40000", "2012-12-31": "223.80000", "2012-09-30": "223.70000", "2012-06-30": "302.20000", "2012-03-31": "310.60000", "2011-12-31": "223.20000", "2011-09-30": "307.00000", "2011-06-30": "325.90000", "2011-03-31": "321.30000", "2010-12-31": "271.80000", "2010-09-30": "267.60000", "2010-06-30": "253.80000", "2010-03-31": "260.90000", "2009-12-31": "257.40000", "2009-09-30": "253.10000", "2009-06-30": "243.50000", "2009-03-31": "229.40000", "2008-12-31": "232.30000", "2008-09-30": "256.20000", "2008-06-30": "268.30000", "2008-03-31": "264.50000", "2007-12-31": "262.80000", "2007-09-30": "262.40000", "2007-06-30": "252.30000", "2007-03-31": "242.20000", "2006-12-31": "239.80000", "2006-09-30": "232.40000", "2006-06-30": "232.40000", "2006-03-31": "226.40000", "2005-12-31": "223.90000", "2005-09-30": "225.60000", "2005-06-30": "219.10000", "2005-03-31": "222.50000"}, "Other Long-Term Assets": {"2020-12-31": "86.10000", "2020-09-30": "74.40000", "2020-06-30": "77.10000", "2020-03-31": "75.20000", "2019-12-31": "79.00000", "2019-09-30": "71.80000", "2019-06-30": "76.50000", "2019-03-31": "68.00000", "2018-12-31": "65.90000", "2018-09-30": "66.90000", "2018-06-30": "66.60000", "2018-03-31": "64.90000", "2017-12-31": "61.50000", "2017-09-30": "66.60000", "2017-06-30": "67.10000", "2017-03-31": "67.00000", "2016-12-31": "61.20000", "2016-09-30": "68.00000", "2016-06-30": "65.30000", "2016-03-31": "63.40000", "2015-12-31": "58.80000", "2015-09-30": "86.60000", "2015-06-30": "88.00000", "2015-03-31": "87.20000", "2014-12-31": "84.80000", "2014-09-30": "89.20000", "2014-06-30": "90.80000", "2014-03-31": "87.90000", "2013-12-31": "83.50000", "2013-09-30": "73.00000", "2013-06-30": "79.50000", "2013-03-31": "81.60000", "2012-12-31": "80.00000", "2012-09-30": "81.50000", "2012-06-30": "84.00000", "2012-03-31": "82.80000", "2011-12-31": "78.40000", "2011-09-30": "81.00000", "2011-06-30": "93.40000", "2011-03-31": "95.10000", "2010-12-31": "61.80000", "2010-09-30": "59.80000", "2010-06-30": "59.30000", "2010-03-31": "50.60000", "2009-12-31": "48.40000", "2009-09-30": "49.50000", "2009-06-30": "51.50000", "2009-03-31": "51.20000", "2008-12-31": "49.10000", "2008-09-30": "73.80000", "2008-06-30": "72.50000", "2008-03-31": "72.70000", "2007-12-31": "69.30000", "2007-09-30": "78.40000", "2007-06-30": "76.30000", "2007-03-31": "74.00000", "2006-12-31": "69.10000", "2006-09-30": "150.60000", "2006-06-30": "145.10000", "2006-03-31": "141.70000", "2005-12-31": "138.90000", "2005-09-30": "121.40000", "2005-06-30": "111.80000", "2005-03-31": "137.30000"}, "Total Long-Term Assets": {"2020-12-31": "944.89990", "2020-09-30": "917.20000", "2020-06-30": "897.40000", "2020-03-31": "903.30000", "2019-12-31": "914.00000", "2019-09-30": "897.49990", "2019-06-30": "896.50000", "2019-03-31": "884.80000", "2018-12-31": "727.80000", "2018-09-30": "723.60000", "2018-06-30": "713.60000", "2018-03-31": "739.30000", "2017-12-31": "754.20000", "2017-09-30": "785.10000", "2017-06-30": "779.10000", "2017-03-31": "764.20000", "2016-12-31": "754.40000", "2016-09-30": "760.10000", "2016-06-30": "754.00000", "2016-03-31": "739.40000", "2015-12-31": "739.20000", "2015-09-30": "729.60000", "2015-06-30": "739.60000", "2015-03-31": "739.20000", "2014-12-31": "782.80000", "2014-09-30": "740.00000", "2014-06-30": "747.40000", "2014-03-31": "730.20000", "2013-12-31": "724.30000", "2013-09-30": "718.40000", "2013-06-30": "719.70010", "2013-03-31": "710.00000", "2012-12-31": "704.80000", "2012-09-30": "681.90000", "2012-06-30": "775.50010", "2012-03-31": "791.70000", "2011-12-31": "693.00010", "2011-09-30": "805.50000", "2011-06-30": "853.60000", "2011-03-31": "853.39990", "2010-12-31": "745.10000", "2010-09-30": "714.40000", "2010-06-30": "697.70000", "2010-03-31": "707.70000", "2009-12-31": "710.00000", "2009-09-30": "737.40000", "2009-06-30": "726.20000", "2009-03-31": "709.90000", "2008-12-31": "724.30000", "2008-09-30": "747.20000", "2008-06-30": "746.00000", "2008-03-31": "744.10000", "2007-12-31": "743.90000", "2007-09-30": "755.50000", "2007-06-30": "729.10000", "2007-03-31": "706.30000", "2006-12-31": "701.40000", "2006-09-30": "744.60000", "2006-06-30": "733.90000", "2006-03-31": "701.50000", "2005-12-31": "690.40000", "2005-09-30": "676.90000", "2005-06-30": "649.40000", "2005-03-31": "678.20000"}, "Total Assets": {"2020-12-31": "2032.50000", "2020-09-30": "1981.20000", "2020-06-30": "2124.30000", "2020-03-31": "2128.40000", "2019-12-31": "2034.90000", "2019-09-30": "2214.80000", "2019-06-30": "2340.40000", "2019-03-31": "2105.70000", "2018-12-31": "1817.20000", "2018-09-30": "1910.80000", "2018-06-30": "2099.40000", "2018-03-31": "2086.10000", "2017-12-31": "1891.50000", "2017-09-30": "2055.70000", "2017-06-30": "2145.80000", "2017-03-31": "1950.60000", "2016-12-31": "1760.30000", "2016-09-30": "1926.60000", "2016-06-30": "2024.20000", "2016-03-31": "1861.00000", "2015-12-31": "1677.40000", "2015-09-30": "1881.50000", "2015-06-30": "2026.30000", "2015-03-31": "1879.50000", "2014-12-31": "1764.30000", "2014-09-30": "1876.50000", "2014-06-30": "1970.10000", "2014-03-31": "1787.70000", "2013-12-31": "1626.70000", "2013-09-30": "1755.70000", "2013-06-30": "1849.60000", "2013-03-31": "1714.10000", "2012-12-31": "1691.90000", "2012-09-30": "1793.50000", "2012-06-30": "1888.20000", "2012-03-31": "1790.00000", "2011-12-31": "1705.70000", "2011-09-30": "1834.30000", "2011-06-30": "2019.00000", "2011-03-31": "1900.40000", "2010-12-31": "1692.00000", "2010-09-30": "1697.30000", "2010-06-30": "1667.20000", "2010-03-31": "1590.80000", "2009-12-31": "1543.90000", "2009-09-30": "1562.60000", "2009-06-30": "1600.00000", "2009-03-31": "1598.60000", "2008-12-31": "1659.50000", "2008-09-30": "1873.80000", "2008-06-30": "1934.90000", "2008-03-31": "1880.40000", "2007-12-31": "1814.60000", "2007-09-30": "1934.80000", "2007-06-30": "1960.80000", "2007-03-31": "1781.70000", "2006-12-31": "1719.80000", "2006-09-30": "1883.90000", "2006-06-30": "1888.20000", "2006-03-31": "1768.30000", "2005-12-31": "1737.60000", "2005-09-30": "1739.10000", "2005-06-30": "1600.20000", "2005-03-31": "1545.10000"}, "Total Current Liabilities": {"2020-12-31": "701.30000", "2020-09-30": "711.00000", "2020-06-30": "946.20000", "2020-03-31": "894.60000", "2019-12-31": "1002.70000", "2019-09-30": "1109.90000", "2019-06-30": "1075.00000", "2019-03-31": "917.40000", "2018-12-31": "1008.50000", "2018-09-30": "690.50000", "2018-06-30": "744.10000", "2018-03-31": "712.80000", "2017-12-31": "654.50000", "2017-09-30": "1023.70000", "2017-06-30": "989.50000", "2017-03-31": "1037.50000", "2016-12-31": "888.60000", "2016-09-30": "1188.10000", "2016-06-30": "1122.70000", "2016-03-31": "803.20000", "2015-12-31": "823.80000", "2015-09-30": "853.40000", "2015-06-30": "898.70000", "2015-03-31": "770.50000", "2014-12-31": "827.30000", "2014-09-30": "824.90000", "2014-06-30": "847.30000", "2014-03-31": "720.00000", "2013-12-31": "714.00000", "2013-09-30": "795.80000", "2013-06-30": "779.70000", "2013-03-31": "562.40000", "2012-12-31": "600.00000", "2012-09-30": "638.40000", "2012-06-30": "678.50000", "2012-03-31": "596.40000", "2011-12-31": "577.10000", "2011-09-30": "672.80000", "2011-06-30": "678.50000", "2011-03-31": "676.60000", "2010-12-31": "615.60000", "2010-09-30": "627.50000", "2010-06-30": "643.80000", "2010-03-31": "576.70000", "2009-12-31": "593.80000", "2009-09-30": "636.30000", "2009-06-30": "619.00000", "2009-03-31": "558.80000", "2008-12-31": "576.00000", "2008-09-30": "724.50000", "2008-06-30": "731.00000", "2008-03-31": "691.50000", "2007-12-31": "684.20000", "2007-09-30": "786.30000", "2007-06-30": "727.00000", "2007-03-31": "640.10000", "2006-12-31": "651.10000", "2006-09-30": "764.30000", "2006-06-30": "721.60000", "2006-03-31": "663.80000", "2005-12-31": "656.50000", "2005-09-30": "783.80000", "2005-06-30": "629.50000", "2005-03-31": "600.70000"}, "Long Term Debt": {"2020-12-31": "970.70000", "2020-09-30": "1006.60000", "2020-06-30": "1047.20000", "2020-03-31": "1189.90000", "2019-12-31": "849.30000", "2019-09-30": "1056.80000", "2019-06-30": "1155.80000", "2019-03-31": "1059.00000", "2018-12-31": "740.50000", "2018-09-30": "1103.60000", "2018-06-30": "1319.00000", "2018-03-31": "1258.30000", "2017-12-31": "970.50000", "2017-09-30": "775.70000", "2017-06-30": "922.60000", "2017-03-31": "693.90000", "2016-12-31": "615.70000", "2016-09-30": "512.50000", "2016-06-30": "619.00000", "2016-03-31": "884.50000", "2015-12-31": "506.00000", "2015-09-30": "668.00000", "2015-06-30": "813.20000", "2015-03-31": "869.00000", "2014-12-31": "675.00000", "2014-09-30": "365.70000", "2014-06-30": "419.80000", "2014-03-31": "394.00000", "2013-12-31": "233.20000", "2013-09-30": "266.20000", "2013-06-30": "410.80000", "2013-03-31": "489.80000", "2012-12-31": "351.00000", "2012-09-30": "449.60000", "2012-06-30": "514.20000", "2012-03-31": "511.50000", "2011-12-31": "459.60000", "2011-09-30": "495.70000", "2011-06-30": "570.80000", "2011-03-31": "488.50000", "2010-12-31": "317.00000", "2010-09-30": "362.10000", "2010-06-30": "349.60000", "2010-03-31": "286.60000", "2009-12-31": "193.80000", "2009-09-30": "159.90000", "2009-06-30": "276.90000", "2009-03-31": "396.40000", "2008-12-31": "413.70000", "2008-09-30": "384.90000", "2008-06-30": "448.60000", "2008-03-31": "359.70000", "2007-12-31": "166.70000", "2007-09-30": "95.40000", "2007-06-30": "161.80000", "2007-03-31": "132.30000", "2006-12-31": "96.80000", "2006-09-30": "108.10000", "2006-06-30": "121.00000", "2006-03-31": "108.00000", "2005-12-31": "108.00000", "2005-09-30": "119.30000", "2005-06-30": "263.00000", "2005-03-31": "269.10000"}, "Other Non-Current Liabilities": {"2020-12-31": "142.30000", "2020-09-30": "141.90000", "2020-06-30": "140.10000", "2020-03-31": "139.20000", "2019-12-31": "134.70000", "2019-09-30": "129.90000", "2019-06-30": "129.90000", "2019-03-31": "129.20000", "2018-12-31": "135.00000", "2018-09-30": "130.30000", "2018-06-30": "127.50000", "2018-03-31": "129.20000", "2017-12-31": "131.90000", "2017-09-30": "131.70000", "2017-06-30": "131.50000", "2017-03-31": "129.50000", "2016-12-31": "127.70000", "2016-09-30": "126.70000", "2016-06-30": "126.00000", "2016-03-31": "121.30000", "2015-12-31": "121.10000", "2015-09-30": "125.50000", "2015-06-30": "121.50000", "2015-03-31": "121.20000", "2014-12-31": "118.60000", "2014-09-30": "120.90000", "2014-06-30": "121.00000", "2014-03-31": "117.50000", "2013-12-31": "119.20000", "2013-09-30": "69.60000", "2013-06-30": "69.50000", "2013-03-31": "68.40000", "2012-12-31": "102.10000", "2012-09-30": "62.80000", "2012-06-30": "65.40000", "2012-03-31": "64.20000", "2011-12-31": "57.90000", "2011-09-30": "62.50000", "2011-06-30": "64.00000", "2011-03-31": "64.40000", "2010-12-31": "65.70000", "2010-09-30": "67.30000", "2010-06-30": "69.00000", "2010-03-31": "75.30000", "2009-12-31": "71.80000", "2009-09-30": "75.30000", "2009-06-30": "73.70000", "2009-03-31": "88.30000", "2008-12-31": "91.00000", "2008-09-30": "109.60000", "2008-06-30": "106.80000", "2008-03-31": "109.80000", "2007-12-31": "104.20000", "2007-09-30": "124.30000", "2007-06-30": "117.20000", "2007-03-31": "113.60000", "2006-12-31": "105.00000", "2006-09-30": "90.20000", "2006-06-30": "89.50000", "2006-03-31": "83.60000", "2005-12-31": "82.80000", "2005-09-30": "80.50000", "2005-06-30": "85.70000", "2005-03-31": "78.60000"}, "Total Long Term Liabilities": {"2020-12-31": "1348.30000", "2020-09-30": "1385.90000", "2020-06-30": "1407.00000", "2020-03-31": "1552.10000", "2019-12-31": "1202.40000", "2019-09-30": "1382.20000", "2019-06-30": "1482.90000", "2019-03-31": "1393.10000", "2018-12-31": "958.30000", "2018-09-30": "1307.10000", "2018-06-30": "1535.50000", "2018-03-31": "1475.90000", "2017-12-31": "1186.90000", "2017-09-30": "999.50000", "2017-06-30": "1145.70000", "2017-03-31": "914.10000", "2016-12-31": "833.70000", "2016-09-30": "714.30000", "2016-06-30": "870.10000", "2016-03-31": "1131.10000", "2015-12-31": "752.00000", "2015-09-30": "930.60000", "2015-06-30": "1071.30000", "2015-03-31": "1125.20000", "2014-12-31": "928.00000", "2014-09-30": "549.90000", "2014-06-30": "604.80000", "2014-03-31": "576.10000", "2013-12-31": "427.00000", "2013-09-30": "477.70000", "2013-06-30": "622.70000", "2013-03-31": "699.70000", "2012-12-31": "593.60000", "2012-09-30": "645.70000", "2012-06-30": "717.20010", "2012-03-31": "715.80000", "2011-12-31": "660.80000", "2011-09-30": "662.80000", "2011-06-30": "739.50000", "2011-03-31": "657.40000", "2010-12-31": "486.70000", "2010-09-30": "513.20000", "2010-06-30": "500.80000", "2010-03-31": "443.60000", "2009-12-31": "345.70000", "2009-09-30": "348.80000", "2009-06-30": "474.20000", "2009-03-31": "607.80000", "2008-12-31": "624.90000", "2008-09-30": "544.00000", "2008-06-30": "607.10000", "2008-03-31": "519.90000", "2007-12-31": "321.90000", "2007-09-30": "278.80000", "2007-06-30": "342.60000", "2007-03-31": "309.60000", "2006-12-31": "264.30000", "2006-09-30": "298.00000", "2006-06-30": "308.90000", "2006-03-31": "287.90000", "2005-12-31": "286.70000", "2005-09-30": "321.40000", "2005-06-30": "469.40000", "2005-03-31": "467.50000"}, "Total Liabilities": {"2020-12-31": "2049.60000", "2020-09-30": "2096.90000", "2020-06-30": "2353.20000", "2020-03-31": "2446.70000", "2019-12-31": "2205.10000", "2019-09-30": "2492.10000", "2019-06-30": "2557.90000", "2019-03-31": "2310.50000", "2018-12-31": "1966.80000", "2018-09-30": "1997.60000", "2018-06-30": "2279.60000", "2018-03-31": "2188.70000", "2017-12-31": "1841.40000", "2017-09-30": "2023.20000", "2017-06-30": "2135.20000", "2017-03-31": "1951.60000", "2016-12-31": "1722.30000", "2016-09-30": "1902.40000", "2016-06-30": "1992.80000", "2016-03-31": "1934.30000", "2015-12-31": "1575.80000", "2015-09-30": "1784.00000", "2015-06-30": "1970.00000", "2015-03-31": "1895.70000", "2014-12-31": "1755.30000", "2014-09-30": "1374.80000", "2014-06-30": "1452.10000", "2014-03-31": "1296.10000", "2013-12-31": "1141.00000", "2013-09-30": "1273.50000", "2013-06-30": "1402.40000", "2013-03-31": "1262.10000", "2012-12-31": "1193.60000", "2012-09-30": "1284.10000", "2012-06-30": "1395.70000", "2012-03-31": "1312.20000", "2011-12-31": "1237.90000", "2011-09-30": "1335.60000", "2011-06-30": "1418.00000", "2011-03-31": "1334.00000", "2010-12-31": "1102.30000", "2010-09-30": "1140.70000", "2010-06-30": "1144.60000", "2010-03-31": "1020.30000", "2009-12-31": "939.50000", "2009-09-30": "985.10000", "2009-06-30": "1093.20000", "2009-03-31": "1166.60000", "2008-12-31": "1200.90000", "2008-09-30": "1268.50000", "2008-06-30": "1338.10000", "2008-03-31": "1211.40000", "2007-12-31": "1006.10000", "2007-09-30": "1065.10000", "2007-06-30": "1069.60000", "2007-03-31": "949.70000", "2006-12-31": "915.40000", "2006-09-30": "1062.30000", "2006-06-30": "1030.50000", "2006-03-31": "951.70000", "2005-12-31": "943.20000", "2005-09-30": "1105.20000", "2005-06-30": "1098.90000", "2005-03-31": "1068.20000"}, "Common Stock Net": {"2020-12-31": "0.90000", "2020-09-30": "0.90000", "2020-06-30": "0.90000", "2020-03-31": "0.90000", "2019-12-31": "0.90000", "2019-09-30": "0.90000", "2019-06-30": "0.90000", "2019-03-31": "0.90000", "2018-12-31": "0.90000", "2018-09-30": "0.90000", "2018-06-30": "0.90000", "2018-03-31": "0.90000", "2017-12-31": "0.90000", "2017-09-30": "0.90000", "2017-06-30": "0.90000", "2017-03-31": "0.90000", "2016-12-31": "0.90000", "2016-09-30": "0.90000", "2016-06-30": "0.90000", "2016-03-31": "0.90000", "2015-12-31": "0.90000", "2015-09-30": "0.90000", "2015-06-30": "0.90000", "2015-03-31": "0.90000", "2014-12-31": "0.90000", "2014-09-30": "0.90000", "2014-06-30": "0.90000", "2014-03-31": "0.90000", "2013-12-31": "0.90000", "2013-09-30": "0.90000", "2013-06-30": "0.90000", "2013-03-31": "0.90000", "2012-12-31": "0.90000", "2012-09-30": "0.90000", "2012-06-30": "0.90000", "2012-03-31": "0.90000", "2011-12-31": "0.90000", "2011-09-30": "0.90000", "2011-06-30": "0.90000", "2011-03-31": "0.90000", "2010-12-31": "0.90000", "2010-09-30": "0.90000", "2010-06-30": "0.90000", "2010-03-31": "0.90000", "2009-12-31": "0.90000", "2009-09-30": "0.90000", "2009-06-30": "0.80000", "2009-03-31": "0.80000", "2008-12-31": "0.80000", "2008-09-30": "0.80000", "2008-06-30": "0.80000", "2008-03-31": "0.80000", "2007-12-31": "0.80000", "2007-09-30": "0.80000", "2007-06-30": "0.80000", "2007-03-31": "0.80000", "2006-12-31": "0.80000", "2006-09-30": "0.80000", "2006-06-30": "0.80000", "2006-03-31": "0.70000", "2005-12-31": "0.70000", "2005-09-30": "0.70000", "2005-06-30": "0.70000", "2005-03-31": "0.70000"}, "Retained Earnings (Accumulated Deficit)": {"2020-12-31": "2385.80000", "2020-09-30": "2303.70000", "2020-06-30": "2201.50000", "2020-03-31": "2130.90000", "2019-12-31": "2148.70000", "2019-09-30": "2064.40000", "2019-06-30": "1979.40000", "2019-03-31": "1898.70000", "2018-12-31": "1855.00000", "2018-09-30": "1805.00000", "2018-06-30": "1722.80000", "2018-03-31": "1609.60000", "2017-12-31": "1575.90000", "2017-09-30": "1554.40000", "2017-06-30": "1472.20000", "2017-03-31": "1378.10000", "2016-12-31": "1353.00000", "2016-09-30": "1331.10000", "2016-06-30": "1247.90000", "2016-03-31": "1155.80000", "2015-12-31": "1146.70000", "2015-09-30": "1151.50000", "2015-06-30": "1087.30000", "2015-03-31": "1022.50000", "2014-12-31": "1022.10000", "2014-09-30": "990.90000", "2014-06-30": "937.90000", "2014-03-31": "878.60000", "2013-12-31": "870.50000", "2013-09-30": "847.10000", "2013-06-30": "794.70000", "2013-03-31": "742.40000", "2012-12-31": "744.40000", "2012-09-30": "732.60000", "2012-06-30": "713.20000", "2012-03-31": "677.70000", "2011-12-31": "692.90000", "2011-09-30": "685.40000", "2011-06-30": "660.90000", "2011-03-31": "625.40000", "2010-12-31": "642.20000", "2010-09-30": "622.60000", "2010-06-30": "588.80000", "2010-03-31": "548.70000", "2009-12-31": "558.60000", "2009-09-30": "560.10000", "2009-06-30": "536.90000", "2009-03-31": "512.90000", "2008-12-31": "538.80000", "2008-09-30": "536.10000", "2008-06-30": "488.90000", "2008-03-31": "445.40000", "2007-12-31": "447.40000", "2007-09-30": "417.60000", "2007-06-30": "365.00000", "2007-03-31": "313.50000", "2006-12-31": "312.50000", "2006-09-30": "288.30000", "2006-06-30": "260.30000", "2006-03-31": "204.10000", "2005-12-31": "191.00000", "2005-09-30": "148.10000", "2005-06-30": "105.60000", "2005-03-31": "66.90000"}, "Comprehensive Income": {"2020-12-31": "-97.20000", "2020-09-30": "-114.90000", "2020-06-30": "-121.70000", "2020-03-31": "-133.10000", "2019-12-31": "-103.80000", "2019-09-30": "-127.20000", "2019-06-30": "-129.60000", "2019-03-31": "-180.20000", "2018-12-31": "-188.80000", "2018-09-30": "-175.60000", "2018-06-30": "-181.00000", "2018-03-31": "-181.30000", "2017-12-31": "-157.40000", "2017-09-30": "-157.00000", "2017-06-30": "-166.50000", "2017-03-31": "-176.50000", "2016-12-31": "-195.10000", "2016-09-30": "-187.00000", "2016-06-30": "-186.60000", "2016-03-31": "-190.70000", "2015-12-31": "-204.70000", "2015-09-30": "-209.80000", "2015-06-30": "-178.90000", "2015-03-31": "-178.70000", "2014-12-31": "-153.50000", "2014-09-30": "-76.90000", "2014-06-30": "-50.90000", "2014-03-31": "-61.10000", "2013-12-31": "-61.10000", "2013-09-30": "-93.90000", "2013-06-30": "-103.10000", "2013-03-31": "-71.60000", "2012-12-31": "-22.30000", "2012-09-30": "-10.20000", "2012-06-30": "-39.70000", "2012-03-31": "-14.70000", "2011-12-31": "-37.10000", "2011-09-30": "-28.80000", "2011-06-30": "47.30000", "2011-03-31": "41.40000", "2010-12-31": "30.20000", "2010-09-30": "19.60000", "2010-06-30": "-25.10000", "2010-03-31": "7.10000", "2009-12-31": "-0.80000", "2009-09-30": "-24.50000", "2009-06-30": "-53.50000", "2009-03-31": "-99.30000", "2008-12-31": "-98.80000", "2008-09-30": "40.80000", "2008-06-30": "85.50000", "2008-03-31": "81.50000", "2007-12-31": "63.60000", "2007-09-30": "61.80000", "2007-06-30": "33.70000", "2007-03-31": "7.70000", "2006-12-31": "-5.10000", "2006-09-30": "16.20000", "2006-06-30": "15.70000", "2006-03-31": "1.00000", "2005-12-31": "0.40000", "2005-09-30": "", "2005-06-30": "-23.50000", "2005-03-31": "-7.40000"}, "Other Share Holders Equity": {"2020-12-31": "", "2020-09-30": "", "2020-06-30": "", "2020-03-31": "", "2019-12-31": "", "2019-09-30": "", "2019-06-30": "", "2019-03-31": "", "2018-12-31": "", "2018-09-30": "", "2018-06-30": "", "2018-03-31": "", "2017-12-31": "", "2017-09-30": "", "2017-06-30": "", "2017-03-31": "", "2016-12-31": "", "2016-09-30": "", "2016-06-30": "", "2016-03-31": "", "2015-12-31": "", "2015-09-30": "", "2015-06-30": "", "2015-03-31": "", "2014-12-31": "", "2014-09-30": "", "2014-06-30": "", "2014-03-31": "", "2013-12-31": "", "2013-09-30": "", "2013-06-30": "", "2013-03-31": "", "2012-12-31": "", "2012-09-30": "", "2012-06-30": "", "2012-03-31": "", "2011-12-31": "", "2011-09-30": "", "2011-06-30": "", "2011-03-31": "", "2010-12-31": "", "2010-09-30": "", "2010-06-30": "", "2010-03-31": "", "2009-12-31": "", "2009-09-30": "", "2009-06-30": "", "2009-03-31": "", "2008-12-31": "", "2008-09-30": "", "2008-06-30": "", "2008-03-31": "", "2007-12-31": "", "2007-09-30": "", "2007-06-30": "", "2007-03-31": "", "2006-12-31": "", "2006-09-30": "", "2006-06-30": "", "2006-03-31": "", "2005-12-31": "", "2005-09-30": "", "2005-06-30": "", "2005-03-31": ""}, "Share Holder Equity": {"2020-12-31": "-17.10000", "2020-09-30": "-115.70000", "2020-06-30": "-228.90000", "2020-03-31": "-318.30000", "2019-12-31": "-170.20000", "2019-09-30": "-277.30000", "2019-06-30": "-217.50000", "2019-03-31": "-204.80000", "2018-12-31": "-149.60000", "2018-09-30": "-86.80000", "2018-06-30": "-180.20000", "2018-03-31": "-102.60000", "2017-12-31": "50.10000", "2017-09-30": "32.50000", "2017-06-30": "10.60000", "2017-03-31": "-1.00000", "2016-12-31": "38.00000", "2016-09-30": "24.20000", "2016-06-30": "31.40000", "2016-03-31": "-73.30000", "2015-12-31": "101.60000", "2015-09-30": "97.50000", "2015-06-30": "56.30000", "2015-03-31": "-16.20000", "2014-12-31": "9.00000", "2014-09-30": "501.70000", "2014-06-30": "518.00000", "2014-03-31": "491.60000", "2013-12-31": "485.70000", "2013-09-30": "482.20000", "2013-06-30": "447.20000", "2013-03-31": "452.00000", "2012-12-31": "498.30000", "2012-09-30": "509.40000", "2012-06-30": "492.50000", "2012-03-31": "477.80000", "2011-12-31": "467.80000", "2011-09-30": "498.70000", "2011-06-30": "601.00000", "2011-03-31": "566.40000", "2010-12-31": "589.70000", "2010-09-30": "556.60000", "2010-06-30": "522.60000", "2010-03-31": "570.50000", "2009-12-31": "604.40000", "2009-09-30": "577.50000", "2009-06-30": "506.80000", "2009-03-31": "432.00000", "2008-12-31": "458.60000", "2008-09-30": "605.30000", "2008-06-30": "596.80000", "2008-03-31": "669.00000", "2007-12-31": "808.50000", "2007-09-30": "869.70000", "2007-06-30": "891.20000", "2007-03-31": "832.00000", "2006-12-31": "804.40000", "2006-09-30": "821.60000", "2006-06-30": "857.70000", "2006-03-31": "816.60000", "2005-12-31": "794.40000", "2005-09-30": "633.90000", "2005-06-30": "501.30000", "2005-03-31": "476.90000"}, "Total Liabilities And Share Holders Equity": {"2020-12-31": "2032.50000", "2020-09-30": "1981.20000", "2020-06-30": "2124.30000", "2020-03-31": "2128.40000", "2019-12-31": "2034.90000", "2019-09-30": "2214.80000", "2019-06-30": "2340.40000", "2019-03-31": "2105.70000", "2018-12-31": "1817.20000", "2018-09-30": "1910.80000", "2018-06-30": "2099.40000", "2018-03-31": "2086.10000", "2017-12-31": "1891.50000", "2017-09-30": "2055.70000", "2017-06-30": "2145.80000", "2017-03-31": "1950.60000", "2016-12-31": "1760.30000", "2016-09-30": "1926.60000", "2016-06-30": "2024.20000", "2016-03-31": "1861.00000", "2015-12-31": "1677.40000", "2015-09-30": "1881.50000", "2015-06-30": "2026.30000", "2015-03-31": "1879.50000", "2014-12-31": "1764.30000", "2014-09-30": "1876.50000", "2014-06-30": "1970.10000", "2014-03-31": "1787.70000", "2013-12-31": "1626.70000", "2013-09-30": "1755.70000", "2013-06-30": "1849.60000", "2013-03-31": "1714.10000", "2012-12-31": "1691.90000", "2012-09-30": "1793.50000", "2012-06-30": "1888.20000", "2012-03-31": "1790.00000", "2011-12-31": "1705.70000", "2011-09-30": "1834.30000", "2011-06-30": "2019.00000", "2011-03-31": "1900.40000", "2010-12-31": "1692.00000", "2010-09-30": "1697.30000", "2010-06-30": "1667.20000", "2010-03-31": "1590.80000", "2009-12-31": "1543.90000", "2009-09-30": "1562.60000", "2009-06-30": "1600.00000", "2009-03-31": "1598.60000", "2008-12-31": "1659.50000", "2008-09-30": "1873.80000", "2008-06-30": "1934.90000", "2008-03-31": "1880.40000", "2007-12-31": "1814.60000", "2007-09-30": "1934.80000", "2007-06-30": "1960.80000", "2007-03-31": "1781.70000", "2006-12-31": "1719.80000", "2006-09-30": "1883.90000", "2006-06-30": "1888.20000", "2006-03-31": "1768.30000", "2005-12-31": "1737.60000", "2005-09-30": "1739.10000", "2005-06-30": "1600.20000", "2005-03-31": "1545.10000"}}, "cash flow statement": {"Net Income/Loss": {"2020-12-31": "356.30000", "2019-12-31": "408.70000", "2018-12-31": "359.00000", "2017-12-31": "305.70000", "2016-12-31": "277.80000", "2015-12-31": "186.60000", "2014-12-31": "205.80000", "2013-12-31": "171.80000", "2012-12-31": "90.00000", "2011-12-31": "88.30000", "2010-12-31": "116.20000", "2009-12-31": "51.10000", "2008-12-31": "122.80000", "2007-12-31": "169.00000", "2006-12-31": "166.00000", "2005-12-31": "150.70000"}, "Total Depreciation And Amortization - Cash Flow": {"2020-12-31": "72.60000", "2019-12-31": "71.10000", "2018-12-31": "66.00000", "2017-12-31": "64.60000", "2016-12-31": "58.10000", "2015-12-31": "62.80000", "2014-12-31": "60.80000", "2013-12-31": "58.90000", "2012-12-31": "55.40000", "2011-12-31": "56.60000", "2010-12-31": "48.90000", "2009-12-31": "52.90000", "2008-12-31": "50.60000", "2007-12-31": "48.70000", "2006-12-31": "44.30000", "2005-12-31": "37.40000"}, "Other Non-Cash Items": {"2020-12-31": "47.20000", "2019-12-31": "82.90000", "2018-12-31": "60.70000", "2017-12-31": "70.10000", "2016-12-31": "8.90000", "2015-12-31": "63.20000", "2014-12-31": "19.80000", "2013-12-31": "29.10000", "2012-12-31": "29.00000", "2011-12-31": "18.90000", "2010-12-31": "32.00000", "2009-12-31": "66.60000", "2008-12-31": "16.90000", "2007-12-31": "49.90000", "2006-12-31": "31.50000", "2005-12-31": "2.10000"}, "Total Non-Cash Items": {"2020-12-31": "119.80000", "2019-12-31": "154.00000", "2018-12-31": "126.70000", "2017-12-31": "134.70000", "2016-12-31": "67.00000", "2015-12-31": "126.00000", "2014-12-31": "80.60000", "2013-12-31": "88.00000", "2012-12-31": "84.40000", "2011-12-31": "75.50000", "2010-12-31": "80.90000", "2009-12-31": "119.50000", "2008-12-31": "67.50000", "2007-12-31": "98.60000", "2006-12-31": "75.80000", "2005-12-31": "39.50000"}, "Change In Accounts Receivable": {"2020-12-31": "26.50000", "2019-12-31": "-33.10000", "2018-12-31": "-9.90000", "2017-12-31": "-28.40000", "2016-12-31": "-50.60000", "2015-12-31": "-23.50000", "2014-12-31": "-32.60000", "2013-12-31": "-49.00000", "2012-12-31": "13.30000", "2011-12-31": "-3.00000", "2010-12-31": "-31.30000", "2009-12-31": "11.20000", "2008-12-31": "83.50000", "2007-12-31": "31.10000", "2006-12-31": "11.10000", "2005-12-31": "-53.60000"}, "Change In Inventories": {"2020-12-31": "110.30000", "2019-12-31": "-63.90000", "2018-12-31": "-84.20000", "2017-12-31": "-56.40000", "2016-12-31": "0.30000", "2015-12-31": "28.80000", "2014-12-31": "-96.70000", "2013-12-31": "-19.50000", "2012-12-31": "-55.80000", "2011-12-31": "-29.60000", "2010-12-31": "-35.40000", "2009-12-31": "51.80000", "2008-12-31": "14.70000", "2007-12-31": "-5.30000", "2006-12-31": "-47.30000", "2005-12-31": "0.10000"}, "Change In Accounts Payable": {"2020-12-31": "-31.70000", "2019-12-31": "-56.10000", "2018-12-31": "102.20000", "2017-12-31": "-19.60000", "2016-12-31": "40.10000", "2015-12-31": "-2.90000", "2014-12-31": "46.10000", "2013-12-31": "-10.90000", "2012-12-31": "37.10000", "2011-12-31": "-3.90000", "2010-12-31": "27.00000", "2009-12-31": "-5.40000", "2008-12-31": "-44.00000", "2007-12-31": "-0.90000", "2006-12-31": "-25.90000", "2005-12-31": "64.40000"}, "Change In Assets/Liabilities": {"2020-12-31": "1.30000", "2019-12-31": "-5.60000", "2018-12-31": "-3.80000", "2017-12-31": "-5.80000", "2016-12-31": "2.30000", "2015-12-31": "0.10000", "2014-12-31": "-9.30000", "2013-12-31": "-11.90000", "2012-12-31": "-3.70000", "2011-12-31": "-0.80000", "2010-12-31": "-15.00000", "2009-12-31": "-7.20000", "2008-12-31": "-5.30000", "2007-12-31": "-27.60000", "2006-12-31": "-0.80000", "2005-12-31": "-33.10000"}, "Total Change In Assets/Liabilities": {"2020-12-31": "136.10000", "2019-12-31": "-166.20000", "2018-12-31": "4.70000", "2017-12-31": "-116.60000", "2016-12-31": "28.20000", "2015-12-31": "40.00000", "2014-12-31": "-101.70000", "2013-12-31": "-54.00000", "2012-12-31": "44.90000", "2011-12-31": "-90.40000", "2010-12-31": "-14.10000", "2009-12-31": "47.20000", "2008-12-31": "5.70000", "2007-12-31": "-26.80000", "2006-12-31": "-56.20000", "2005-12-31": "41.40000"}, "Cash Flow From Operating Activities": {"2020-12-31": "612.40000", "2019-12-31": "396.10000", "2018-12-31": "495.50000", "2017-12-31": "325.10000", "2016-12-31": "373.90000", "2015-12-31": "353.60000", "2014-12-31": "184.80000", "2013-12-31": "210.30000", "2012-12-31": "221.40000", "2011-12-31": "76.20000", "2010-12-31": "185.80000", "2009-12-31": "225.50000", "2008-12-31": "183.20000", "2007-12-31": "239.90000", "2006-12-31": "200.70000", "2005-12-31": "228.70000"}, "Net Change In Property, Plant, And Equipment": {"2020-12-31": "-77.50000", "2019-12-31": "-104.30000", "2018-12-31": "-95.10000", "2017-12-31": "-98.10000", "2016-12-31": "-84.10000", "2015-12-31": "-69.80000", "2014-12-31": "-87.30000", "2013-12-31": "-75.90000", "2012-12-31": "-50.10000", "2011-12-31": "-41.20000", "2010-12-31": "-43.00000", "2009-12-31": "-58.20000", "2008-12-31": "-56.30000", "2007-12-31": "-69.40000", "2006-12-31": "-71.30000", "2005-12-31": "-62.60000"}, "Net Change In Intangible Assets": {"2020-12-31": "", "2019-12-31": "", "2018-12-31": "", "2017-12-31": "", "2016-12-31": "", "2015-12-31": "", "2014-12-31": "", "2013-12-31": "", "2012-12-31": "", "2011-12-31": "", "2010-12-31": "", "2009-12-31": "", "2008-12-31": "", "2007-12-31": "", "2006-12-31": "", "2005-12-31": ""}, "Net Acquisitions/Divestitures": {"2020-12-31": "", "2019-12-31": "43.50000", "2018-12-31": "114.70000", "2017-12-31": "", "2016-12-31": "", "2015-12-31": "", "2014-12-31": "", "2013-12-31": "8.60000", "2012-12-31": "10.10000", "2011-12-31": "-147.10000", "2010-12-31": "-3.60000", "2009-12-31": "10.00000", "2008-12-31": "-4.70000", "2007-12-31": "", "2006-12-31": "", "2005-12-31": ""}, "Net Change In Short-term Investments": {"2020-12-31": "-2.20000", "2019-12-31": "-2.90000", "2018-12-31": "", "2017-12-31": "", "2016-12-31": "", "2015-12-31": "", "2014-12-31": "", "2013-12-31": "", "2012-12-31": "", "2011-12-31": "", "2010-12-31": "", "2009-12-31": "33.30000", "2008-12-31": "-5.50000", "2007-12-31": "-27.40000", "2006-12-31": "", "2005-12-31": ""}, "Net Change In Long-Term Investments": {"2020-12-31": "", "2019-12-31": "", "2018-12-31": "", "2017-12-31": "", "2016-12-31": "", "2015-12-31": "", "2014-12-31": "", "2013-12-31": "", "2012-12-31": "", "2011-12-31": "", "2010-12-31": "", "2009-12-31": "0.90000", "2008-12-31": "", "2007-12-31": "-0.80000", "2006-12-31": "-24.20000", "2005-12-31": "39.30000"}, "Net Change In Investments - Total": {"2020-12-31": "-2.20000", "2019-12-31": "-2.90000", "2018-12-31": "", "2017-12-31": "", "2016-12-31": "", "2015-12-31": "", "2014-12-31": "", "2013-12-31": "", "2012-12-31": "", "2011-12-31": "", "2010-12-31": "", "2009-12-31": "34.20000", "2008-12-31": "-5.50000", "2007-12-31": "-28.20000", "2006-12-31": "-24.20000", "2005-12-31": "39.30000"}, "Investing Activities - Other": {"2020-12-31": "", "2019-12-31": "79.60000", "2018-12-31": "10.90000", "2017-12-31": "", "2016-12-31": "", "2015-12-31": "", "2014-12-31": "", "2013-12-31": "", "2012-12-31": "-0.40000", "2011-12-31": "10.50000", "2010-12-31": "-14.80000", "2009-12-31": "", "2008-12-31": "", "2007-12-31": "", "2006-12-31": "", "2005-12-31": "2.50000"}, "Cash Flow From Investing Activities": {"2020-12-31": "-79.70000", "2019-12-31": "15.90000", "2018-12-31": "30.50000", "2017-12-31": "-98.10000", "2016-12-31": "-84.10000", "2015-12-31": "-69.80000", "2014-12-31": "-87.30000", "2013-12-31": "-67.30000", "2012-12-31": "-40.40000", "2011-12-31": "-177.80000", "2010-12-31": "-61.40000", "2009-12-31": "-14.00000", "2008-12-31": "-66.50000", "2007-12-31": "-97.60000", "2006-12-31": "-95.50000", "2005-12-31": "-20.80000"}, "Net Long-Term Debt": {"2020-12-31": "-201.30000", "2019-12-31": "108.10010", "2018-12-31": "29.89990", "2017-12-31": "136.10010", "2016-12-31": "131.70000", "2015-12-31": "-180.50000", "2014-12-31": "522.70000", "2013-12-31": "11.00000", "2012-12-31": "-79.10000", "2011-12-31": "142.10000", "2010-12-31": "87.40000", "2009-12-31": "-185.00000", "2008-12-31": "192.40000", "2007-12-31": "94.90000", "2006-12-31": "-11.20000", "2005-12-31": "-41.30000"}, "Net Current Debt": {"2020-12-31": "0.00000", "2019-12-31": "", "2018-12-31": "", "2017-12-31": "-1.50000", "2016-12-31": "-2.40000", "2015-12-31": "-1.70000", "2014-12-31": "1.50000", "2013-12-31": "2.00000", "2012-12-31": "0.20000", "2011-12-31": "3.80000", "2010-12-31": "-0.80000", "2009-12-31": "-4.30000", "2008-12-31": "1.40000", "2007-12-31": "3.40000", "2006-12-31": "-0.40000", "2005-12-31": "-4.20000"}, "Debt Issuance/Retirement Net - Total": {"2020-12-31": "-201.30000", "2019-12-31": "108.10010", "2018-12-31": "29.89990", "2017-12-31": "134.60010", "2016-12-31": "129.30000", "2015-12-31": "-182.20000", "2014-12-31": "524.20000", "2013-12-31": "13.00000", "2012-12-31": "-78.90000", "2011-12-31": "145.90000", "2010-12-31": "86.60000", "2009-12-31": "-189.30000", "2008-12-31": "193.80000", "2007-12-31": "98.30000", "2006-12-31": "-11.60000", "2005-12-31": "-45.50000"}, "Net Common Equity Issued/Repurchased": {"2020-12-31": "-114.90000", "2019-12-31": "-420.70000", "2018-12-31": "-473.80000", "2017-12-31": "-273.00000", "2016-12-31": "-330.70000", "2015-12-31": "-29.60000", "2014-12-31": "-570.70000", "2013-12-31": "-135.20000", "2012-12-31": "-57.10000", "2011-12-31": "-120.50000", "2010-12-31": "-150.20000", "2009-12-31": "3.80000", "2008-12-31": "-304.10000", "2007-12-31": "-232.10000", "2006-12-31": "-143.60000", "2005-12-31": "10.00000"}, "Net Total Equity Issued/Repurchased": {"2020-12-31": "-114.90000", "2019-12-31": "-420.70000", "2018-12-31": "-473.80000", "2017-12-31": "-273.00000", "2016-12-31": "-330.70000", "2015-12-31": "-29.60000", "2014-12-31": "-570.70000", "2013-12-31": "-135.20000", "2012-12-31": "-57.10000", "2011-12-31": "-120.50000", "2010-12-31": "-150.20000", "2009-12-31": "3.80000", "2008-12-31": "-304.10000", "2007-12-31": "-232.10000", "2006-12-31": "-143.60000", "2005-12-31": "10.00000"}, "Total Common And Preferred Stock Dividends Paid": {"2020-12-31": "-118.10000", "2019-12-31": "-110.50000", "2018-12-31": "-93.90000", "2017-12-31": "-79.70000", "2016-12-31": "-69.00000", "2015-12-31": "-59.30000", "2014-12-31": "-52.60000", "2013-12-31": "-34.00000", "2012-12-31": "-47.60000", "2011-12-31": "-36.50000", "2010-12-31": "-32.40000", "2009-12-31": "-31.10000", "2008-12-31": "-32.40000", "2007-12-31": "-35.00000", "2006-12-31": "-31.30000", "2005-12-31": "-24.80000"}, "Financial Activities - Other": {"2020-12-31": "-7.50000", "2019-12-31": "-0.30000", "2018-12-31": "", "2017-12-31": "-0.20000", "2016-12-31": "-4.20000", "2015-12-31": "", "2014-12-31": "9.60000", "2013-12-31": "6.00000", "2012-12-31": "3.50000", "2011-12-31": "-0.80000", "2010-12-31": "2.50000", "2009-12-31": "4.90000", "2008-12-31": "10.70000", "2007-12-31": "16.10000", "2006-12-31": "11.00000", "2005-12-31": "3.40000"}, "Cash Flow From Financial Activities": {"2020-12-31": "-441.80000", "2019-12-31": "-423.40000", "2018-12-31": "-537.80000", "2017-12-31": "-218.30000", "2016-12-31": "-274.60000", "2015-12-31": "-271.10000", "2014-12-31": "-89.50000", "2013-12-31": "-150.20000", "2012-12-31": "-180.10000", "2011-12-31": "-11.90000", "2010-12-31": "-93.50000", "2009-12-31": "-211.70000", "2008-12-31": "-132.00000", "2007-12-31": "-152.70000", "2006-12-31": "-175.50000", "2005-12-31": "-56.90000"}, "Net Cash Flow": {"2020-12-31": "86.60000", "2019-12-31": "-9.00000", "2018-12-31": "-21.90000", "2017-12-31": "18.00000", "2016-12-31": "11.30000", "2015-12-31": "1.40000", "2014-12-31": "-0.50000", "2013-12-31": "-13.80000", "2012-12-31": "6.80000", "2011-12-31": "-115.00000", "2010-12-31": "35.70000", "2009-12-31": "2.20000", "2008-12-31": "-23.40000", "2007-12-31": "1.20000", "2006-12-31": "-69.20000", "2005-12-31": "152.60000"}, "Stock-Based Compensation": {"2020-12-31": "24.30000", "2019-12-31": "21.30000", "2018-12-31": "26.30000", "2017-12-31": "24.90000", "2016-12-31": "31.70000", "2015-12-31": "26.60000", "2014-12-31": "23.30000", "2013-12-31": "29.30000", "2012-12-31": "15.20000", "2011-12-31": "13.70000", "2010-12-31": "15.40000", "2009-12-31": "12.80000", "2008-12-31": "11.80000", "2007-12-31": "21.00000", "2006-12-31": "24.40000", "2005-12-31": "28.80000"}, "Common Stock Dividends Paid": {"2020-12-31": "-118.10000", "2019-12-31": "-110.50000", "2018-12-31": "-93.90000", "2017-12-31": "-79.70000", "2016-12-31": "-69.00000", "2015-12-31": "-59.30000", "2014-12-31": "-52.60000", "2013-12-31": "-34.00000", "2012-12-31": "-47.60000", "2011-12-31": "-36.50000", "2010-12-31": "-32.40000", "2009-12-31": "-31.10000", "2008-12-31": "-32.40000", "2007-12-31": "-35.00000", "2006-12-31": "-31.30000", "2005-12-31": "-24.80000"}}, "cash flow statement, quarterly": {"Net Income/Loss": {"2020-12-31": 111.7, "2020-09-30": 131.7, "2020-06-30": 100, "2020-03-31": "12.90000", "2019-12-31": 114, "2019-09-30": 114.7, "2019-06-30": 110.7, "2019-03-31": "69.30000", "2018-12-31": 75.6, "2018-09-30": 107.9, "2018-06-30": 137.6, "2018-03-31": "37.90000", "2017-12-31": 43.2, "2017-09-30": 103.5, "2017-06-30": 115.5, "2017-03-31": "43.50000", "2016-12-31": 40.5, "2016-09-30": 101.7, "2016-06-30": 110.7, "2016-03-31": "24.90000", "2015-12-31": 11.3, "2015-09-30": 80.2, "2015-06-30": 81.2, "2015-03-31": "13.90000", "2014-12-31": 44.6, "2014-09-30": 67.4, "2014-06-30": 73.9, "2014-03-31": "19.90000", "2013-12-31": 35.2, "2013-09-30": 64.3, "2013-06-30": 64.3, "2013-03-31": "8.00000", "2012-12-31": 22, "2012-09-30": 29.4, "2012-06-30": 44.7, "2012-03-31": "-6.10000", "2011-12-31": 16.7, "2011-09-30": 33.8, "2011-06-30": 45, "2011-03-31": "-7.20000", "2010-12-31": 27.7, "2010-09-30": 41.8, "2010-06-30": 48.3, "2010-03-31": "-1.60000", "2009-12-31": 6.4, "2009-09-30": 31.1, "2009-06-30": 31.7, "2009-03-31": "-18.10000", "2008-12-31": 10.4, "2008-09-30": 54.9, "2008-06-30": 51.2, "2008-03-31": "6.30000", "2007-12-31": 38.9, "2007-09-30": 61.2, "2007-06-30": 60.3, "2007-03-31": "8.60000", "2006-12-31": 41.1, "2006-09-30": 35.6, "2006-06-30": 68.3, "2006-03-31": "21.00000", "2005-12-31": 41.8, "2005-09-30": 55.1, "2005-06-30": 41.3, "2005-03-31": "12.50000"}, "Total Depreciation And Amortization - Cash Flow": {"2020-12-31": 17.2, "2020-09-30": 17.5, "2020-06-30": 18.9, "2020-03-31": "19.00000", "2019-12-31": 18, "2019-09-30": 18.2, "2019-06-30": 16.7, "2019-03-31": "18.20000", "2018-12-31": 16.6, "2018-09-30": 16.6, "2018-06-30": 16.2, "2018-03-31": "16.60000", "2017-12-31": 16.5, "2017-09-30": 16.1, "2017-06-30": 16.3, "2017-03-31": "15.70000", "2016-12-31": 14.7, "2016-09-30": 14.9, "2016-06-30": 14.3, "2016-03-31": "14.20000", "2015-12-31": 16.2, "2015-09-30": 16, "2015-06-30": 15.1, "2015-03-31": "15.50000", "2014-12-31": 15.6, "2014-09-30": 15.2, "2014-06-30": 15, "2014-03-31": "15.00000", "2013-12-31": 15.8, "2013-09-30": 14.6, "2013-06-30": 14.4, "2013-03-31": "14.10000", "2012-12-31": 14.3, "2012-09-30": 13.7, "2012-06-30": 13.5, "2012-03-31": "13.90000", "2011-12-31": 14.3, "2011-09-30": 13.5, "2011-06-30": 14.7, "2011-03-31": "14.10000", "2010-12-31": 9, "2010-09-30": 13.7, "2010-06-30": 13.3, "2010-03-31": "12.90000", "2009-12-31": 13.7, "2009-09-30": 13.5, "2009-06-30": 12.9, "2009-03-31": "12.80000", "2008-12-31": 12.2, "2008-09-30": 12.8, "2008-06-30": 12.9, "2008-03-31": "12.70000", "2007-12-31": 12.8, "2007-09-30": 12.4, "2007-06-30": 11.7, "2007-03-31": "11.80000", "2006-12-31": 11.5, "2006-09-30": 13.4, "2006-06-30": 10, "2006-03-31": "9.40000", "2005-12-31": 9, "2005-09-30": 9.5, "2005-06-30": 9.3, "2005-03-31": "9.60000"}, "Other Non-Cash Items": {"2020-12-31": 11.2, "2020-09-30": 9.9, "2020-06-30": 11.6, "2020-03-31": "14.50000", "2019-12-31": -20.1, "2019-09-30": 20.1, "2019-06-30": 62.4, "2019-03-31": "20.50000", "2018-12-31": 31.5, "2018-09-30": 1, "2018-06-30": 14.9, "2018-03-31": "13.30000", "2017-12-31": 55.7, "2017-09-30": 13.3, "2017-06-30": 1.3, "2017-03-31": "-0.20000", "2016-12-31": 45.5, "2016-09-30": -42.7, "2016-06-30": 4.5, "2016-03-31": "1.60000", "2015-12-31": 41.8, "2015-09-30": 13.6, "2015-06-30": 7.7, "2015-03-31": "0.10000", "2014-12-31": 4.2, "2014-09-30": 9.6, "2014-06-30": 5.2, "2014-03-31": "0.80000", "2013-12-31": 11.8, "2013-09-30": 9.3, "2013-06-30": 8.9, "2013-03-31": "-0.90000", "2012-12-31": -8.7, "2012-09-30": 9.9, "2012-06-30": 14.5, "2012-03-31": "13.30000", "2011-12-31": 12.7, "2011-09-30": 4.2, "2011-06-30": 2.5, "2011-03-31": "-0.50000", "2010-12-31": 16.1, "2010-09-30": 7.7, "2010-06-30": 2.3, "2010-03-31": "5.90000", "2009-12-31": -12.7, "2009-09-30": 20.8, "2009-06-30": 15.6, "2009-03-31": "42.90000", "2008-12-31": 8.5, "2008-09-30": 6.2, "2008-06-30": -1.2, "2008-03-31": "3.40000", "2007-12-31": 28.9, "2007-09-30": 6, "2007-06-30": 11.4, "2007-03-31": "3.60000", "2006-12-31": 25.7, "2006-09-30": 11.7, "2006-06-30": -14.5, "2006-03-31": "8.60000", "2005-12-31": 22.9, "2005-09-30": -2.8, "2005-06-30": -8.4, "2005-03-31": "-9.60000"}, "Total Non-Cash Items": {"2020-12-31": 28.4, "2020-09-30": 27.4, "2020-06-30": 30.5, "2020-03-31": "33.50000", "2019-12-31": -2.1, "2019-09-30": 38.3, "2019-06-30": 79.1, "2019-03-31": "38.70000", "2018-12-31": 48.1, "2018-09-30": 17.6, "2018-06-30": 31.1, "2018-03-31": "29.90000", "2017-12-31": 72.2, "2017-09-30": 29.4, "2017-06-30": 17.6, "2017-03-31": "15.50000", "2016-12-31": 60.2, "2016-09-30": -27.8, "2016-06-30": 18.8, "2016-03-31": "15.80000", "2015-12-31": 58, "2015-09-30": 29.6, "2015-06-30": 22.8, "2015-03-31": "15.60000", "2014-12-31": 19.8, "2014-09-30": 24.8, "2014-06-30": 20.2, "2014-03-31": "15.80000", "2013-12-31": 27.6, "2013-09-30": 23.9, "2013-06-30": 23.3, "2013-03-31": "13.20000", "2012-12-31": 5.6, "2012-09-30": 23.6, "2012-06-30": 28, "2012-03-31": "27.20000", "2011-12-31": 27, "2011-09-30": 17.7, "2011-06-30": 17.2, "2011-03-31": "13.60000", "2010-12-31": 25.1, "2010-09-30": 21.4, "2010-06-30": 15.6, "2010-03-31": "18.80000", "2009-12-31": 1, "2009-09-30": 34.3, "2009-06-30": 28.5, "2009-03-31": "55.70000", "2008-12-31": 20.7, "2008-09-30": 19, "2008-06-30": 11.7, "2008-03-31": "16.10000", "2007-12-31": 41.7, "2007-09-30": 18.4, "2007-06-30": 23.1, "2007-03-31": "15.40000", "2006-12-31": 37.2, "2006-09-30": 25.1, "2006-06-30": -4.5, "2006-03-31": "18.00000", "2005-12-31": 31.9, "2005-09-30": 6.7, "2005-06-30": 0.9, "2005-03-31": "0.00000"}, "Change In Accounts Receivable": {"2020-12-31": 95.8, "2020-09-30": 82.2, "2020-06-30": -132.8, "2020-03-31": "-18.70000", "2019-12-31": 145.1, "2019-09-30": 91.8, "2019-06-30": -207.3, "2019-03-31": "-62.70000", "2018-12-31": 104.1, "2018-09-30": 158.1, "2018-06-30": -227.6, "2018-03-31": "-44.50000", "2017-12-31": 89.9, "2017-09-30": 95.5, "2017-06-30": -172.9, "2017-03-31": "-40.90000", "2016-12-31": 95.6, "2016-09-30": 70, "2016-06-30": -171.7, "2016-03-31": "-44.50000", "2015-12-31": 112.4, "2015-09-30": 63.3, "2015-06-30": -159.1, "2015-03-31": "-40.10000", "2014-12-31": 71.4, "2014-09-30": 64.2, "2014-06-30": -134.4, "2014-03-31": "-33.80000", "2013-12-31": 76.3, "2013-09-30": 51.8, "2013-06-30": -141.3, "2013-03-31": "-35.80000", "2012-12-31": 75.7, "2012-09-30": 57.5, "2012-06-30": -123.6, "2012-03-31": "3.70000", "2011-12-31": 63.6, "2011-09-30": 30.6, "2011-06-30": -114.3, "2011-03-31": "17.10000", "2010-12-31": 40.3, "2010-09-30": 43.8, "2010-06-30": -119.7, "2010-03-31": "4.30000", "2009-12-31": 30.1, "2009-09-30": 41.6, "2009-06-30": -86.3, "2009-03-31": "25.80000", "2008-12-31": 161.8, "2008-09-30": 33.7, "2008-06-30": -117.5, "2008-03-31": "5.50000", "2007-12-31": 142.4, "2007-09-30": 17.7, "2007-06-30": -131.8, "2007-03-31": "2.80000", "2006-12-31": 104.4, "2006-09-30": 4.7, "2006-06-30": -111.2, "2006-03-31": "13.20000", "2005-12-31": 55.9, "2005-09-30": -22, "2005-06-30": -103.1, "2005-03-31": "15.60000"}, "Change In Inventories": {"2020-12-31": -27.3, "2020-09-30": 94.5, "2020-06-30": 114.1, "2020-03-31": "-71.00000", "2019-12-31": 43.1, "2019-09-30": 42.9, "2019-06-30": -29, "2019-03-31": "-120.90000", "2018-12-31": -10.5, "2018-09-30": 41.8, "2018-06-30": 8.8, "2018-03-31": "-124.30000", "2017-12-31": 46.2, "2017-09-30": 11.5, "2017-06-30": -12.9, "2017-03-31": "-101.20000", "2016-12-31": 50.2, "2016-09-30": 30.7, "2016-06-30": 14.9, "2016-03-31": "-95.50000", "2015-12-31": 69.8, "2015-09-30": 44.3, "2015-06-30": -6.8, "2015-03-31": "-78.50000", "2014-12-31": 30.9, "2014-09-30": 5.4, "2014-06-30": -10.1, "2014-03-31": "-122.90000", "2013-12-31": 56.9, "2013-09-30": 41.9, "2013-06-30": -17.4, "2013-03-31": "-100.90000", "2012-12-31": 25.5, "2012-09-30": 32.1, "2012-06-30": -38.2, "2012-03-31": "-75.20000", "2011-12-31": 53, "2011-09-30": 54.5, "2011-06-30": -2.5, "2011-03-31": "-134.60000", "2010-12-31": 67.3, "2010-09-30": 5.1, "2010-06-30": -22.2, "2010-03-31": "-85.60000", "2009-12-31": 30.7, "2009-09-30": -2.3, "2009-06-30": 55.8, "2009-03-31": "-32.40000", "2008-12-31": 48.8, "2008-09-30": 7.1, "2008-06-30": 13.5, "2008-03-31": "-54.70000", "2007-12-31": 39.8, "2007-09-30": 27, "2007-06-30": 21.1, "2007-03-31": "-93.20000", "2006-12-31": 49.6, "2006-09-30": 3, "2006-06-30": -0.9, "2006-03-31": "-99.00000", "2005-12-31": 10.2, "2005-09-30": 6, "2005-06-30": 15.2, "2005-03-31": "-31.30000"}, "Change In Accounts Payable": {"2020-12-31": -29.3, "2020-09-30": 63.8, "2020-06-30": -57.5, "2020-03-31": "-8.70000", "2019-12-31": -31.6, "2019-09-30": -77.1, "2019-06-30": 54.3, "2019-03-31": "-1.70000", "2018-12-31": 55.3, "2018-09-30": -62.3, "2018-06-30": 31.7, "2018-03-31": "77.50000", "2017-12-31": -50.6, "2017-09-30": -50.3, "2017-06-30": 34, "2017-03-31": "47.30000", "2016-12-31": -16.3, "2016-09-30": -26.2, "2016-06-30": 14.7, "2016-03-31": "67.90000", "2015-12-31": -26.3, "2015-09-30": -63.9, "2015-06-30": 57.7, "2015-03-31": "29.60000", "2014-12-31": -4.9, "2014-09-30": -63.3, "2014-06-30": 54.8, "2014-03-31": "59.50000", "2013-12-31": -40.3, "2013-09-30": -50.6, "2013-06-30": 61.2, "2013-03-31": "18.80000", "2012-12-31": 16.3, "2012-09-30": -79.6, "2012-06-30": 66.1, "2012-03-31": "34.30000", "2011-12-31": -65.5, "2011-09-30": -17.4, "2011-06-30": 28.8, "2011-03-31": "50.20000", "2010-12-31": -16.8, "2010-09-30": -37.9, "2010-06-30": 33, "2010-03-31": "48.70000", "2009-12-31": -42.7, "2009-09-30": 10.2, "2009-06-30": 2.6, "2009-03-31": "24.50000", "2008-12-31": -112.8, "2008-09-30": -18.6, "2008-06-30": 53, "2008-03-31": "34.40000", "2007-12-31": -68.3, "2007-09-30": -38.1, "2007-06-30": 45.6, "2007-03-31": "59.90000", "2006-12-31": -95.2, "2006-09-30": 9.6, "2006-06-30": 17.5, "2006-03-31": "42.20000", "2005-12-31": -22.4, "2005-09-30": 16.6, "2005-06-30": 23, "2005-03-31": "47.20000"}, "Change In Assets/Liabilities": {"2020-12-31": -4.6, "2020-09-30": 0.7, "2020-06-30": 1.9, "2020-03-31": "3.30000", "2019-12-31": 10, "2019-09-30": -6.7, "2019-06-30": -14.1, "2019-03-31": "5.20000", "2018-12-31": 4.8, "2018-09-30": -6.4, "2018-06-30": 0.4, "2018-03-31": "-2.60000", "2017-12-31": 1.5, "2017-09-30": -1.6, "2017-06-30": -3.6, "2017-03-31": "-2.10000", "2016-12-31": 5.9, "2016-09-30": 3.1, "2016-06-30": -0.5, "2016-03-31": "-6.20000", "2015-12-31": -2.5, "2015-09-30": 2.7, "2015-06-30": -6.4, "2015-03-31": "6.30000", "2014-12-31": 6, "2014-09-30": -11.1, "2014-06-30": 9.7, "2014-03-31": "-13.90000", "2013-12-31": -5, "2013-09-30": -9.1, "2013-06-30": -0.8, "2013-03-31": "3.00000", "2012-12-31": 4.9, "2012-09-30": -10.5, "2012-06-30": -3.4, "2012-03-31": "5.30000", "2011-12-31": 4.2, "2011-09-30": -0.7, "2011-06-30": -1, "2011-03-31": "-3.30000", "2010-12-31": -4.7, "2010-09-30": -5.9, "2010-06-30": -4.2, "2010-03-31": "-0.20000", "2009-12-31": -0.9, "2009-09-30": -2.1, "2009-06-30": -7.7, "2009-03-31": "3.50000", "2008-12-31": -2.5, "2008-09-30": -3.9, "2008-06-30": 3, "2008-03-31": "-1.90000", "2007-12-31": -28.1, "2007-09-30": -2.2, "2007-06-30": 1.3, "2007-03-31": "1.40000", "2006-12-31": -4.9, "2006-09-30": 3.3, "2006-06-30": 2.4, "2006-03-31": "-1.60000", "2005-12-31": -39.3, "2005-09-30": -10.1, "2005-06-30": 7.1, "2005-03-31": "9.20000"}, "Total Change In Assets/Liabilities": {"2020-12-31": 27.9, "2020-09-30": 279.3, "2020-06-30": -25.7, "2020-03-31": "-145.40000", "2019-12-31": 159.7, "2019-09-30": 82.8, "2019-06-30": -159.5, "2019-03-31": "-249.20000", "2018-12-31": 119.9, "2018-09-30": 147.1, "2018-06-30": -110.9, "2018-03-31": "-151.40000", "2017-12-31": 82.9, "2017-09-30": 46.5, "2017-06-30": -79.4, "2017-03-31": "-166.60000", "2016-12-31": 145.8, "2016-09-30": 81.7, "2016-06-30": -55.4, "2016-03-31": "-143.90000", "2015-12-31": 176.7, "2015-09-30": 55.3, "2015-06-30": -40.2, "2015-03-31": "-151.80000", "2014-12-31": 97.1, "2014-09-30": -5.1, "2014-06-30": -20.2, "2014-03-31": "-173.50000", "2013-12-31": 91.5, "2013-09-30": 65.4, "2013-06-30": -43.4, "2013-03-31": "-167.50000", "2012-12-31": 130.6, "2012-09-30": 22.9, "2012-06-30": -52.7, "2012-03-31": "-55.90000", "2011-12-31": 28.8, "2011-09-30": 90.9, "2011-06-30": -54.8, "2011-03-31": "-155.30000", "2010-12-31": 96.6, "2010-09-30": 10.3, "2010-06-30": -53.8, "2010-03-31": "-67.20000", "2009-12-31": 15.5, "2009-09-30": 64.7, "2009-06-30": -6.4, "2009-03-31": "-26.60000", "2008-12-31": 34.8, "2008-09-30": 45.1, "2008-06-30": -8.4, "2008-03-31": "-65.80000", "2007-12-31": 60.4, "2007-09-30": 35.8, "2007-06-30": -20.2, "2007-03-31": "-102.80000", "2006-12-31": 22.5, "2006-09-30": 59.4, "2006-06-30": -48.8, "2006-03-31": "-89.30000", "2005-12-31": 3.4, "2005-09-30": 26.7, "2005-06-30": -12.2, "2005-03-31": "23.50000"}, "Cash Flow From Operating Activities": {"2020-12-31": 166.2, "2020-09-30": 439.7, "2020-06-30": 105.3, "2020-03-31": "-98.80000", "2019-12-31": 271.6, "2019-09-30": 235.5, "2019-06-30": 30, "2019-03-31": "-141.00000", "2018-12-31": 264.2, "2018-09-30": 266.3, "2018-06-30": 48.5, "2018-03-31": "-83.50000", "2017-12-31": 196.1, "2017-09-30": 177.3, "2017-06-30": 59.3, "2017-03-31": "-107.60000", "2016-12-31": 247, "2016-09-30": 152.2, "2016-06-30": 76.3, "2016-03-31": "-101.60000", "2015-12-31": 246.7, "2015-09-30": 159.2, "2015-06-30": 69.9, "2015-03-31": "-122.20000", "2014-12-31": 161.3, "2014-09-30": 96.9, "2014-06-30": 51.6, "2014-03-31": "-125.00000", "2013-12-31": 145.3, "2013-09-30": 153.3, "2013-06-30": 49, "2013-03-31": "-137.30000", "2012-12-31": 157, "2012-09-30": 75, "2012-06-30": 23.7, "2012-03-31": "-34.30000", "2011-12-31": 78.4, "2011-09-30": 140.2, "2011-06-30": 5.9, "2011-03-31": "-148.30000", "2010-12-31": 142.2, "2010-09-30": 69.6, "2010-06-30": 14.3, "2010-03-31": "-40.30000", "2009-12-31": 12.2, "2009-09-30": 130.6, "2009-06-30": 66.4, "2009-03-31": "16.30000", "2008-12-31": 43.4, "2008-09-30": 116.2, "2008-06-30": 56.2, "2008-03-31": "-32.60000", "2007-12-31": 129.4, "2007-09-30": 115.8, "2007-06-30": 69.8, "2007-03-31": "-75.10000", "2006-12-31": 115.9, "2006-09-30": 120.1, "2006-06-30": 15, "2006-03-31": "-50.30000", "2005-12-31": 74.2, "2005-09-30": 88.5, "2005-06-30": 30, "2005-03-31": "36.00000"}, "Net Change In Property, Plant, And Equipment": {"2020-12-31": -22.3, "2020-09-30": -12, "2020-06-30": -18.6, "2020-03-31": "-24.60000", "2019-12-31": -28.5, "2019-09-30": -23.1, "2019-06-30": -15.8, "2019-03-31": "-36.90000", "2018-12-31": -34.3, "2018-09-30": -17.5, "2018-06-30": -20.7, "2018-03-31": "-22.60000", "2017-12-31": -37.8, "2017-09-30": -17.1, "2017-06-30": -18.4, "2017-03-31": "-24.80000", "2016-12-31": -24.7, "2016-09-30": -17.7, "2016-06-30": -17.9, "2016-03-31": "-23.80000", "2015-12-31": -22.8, "2015-09-30": -14, "2015-06-30": -15, "2015-03-31": "-18.00000", "2014-12-31": -27.6, "2014-09-30": -18.5, "2014-06-30": -23.9, "2014-03-31": "-17.30000", "2013-12-31": -35, "2013-09-30": -17.5, "2013-06-30": -11.3, "2013-03-31": "-12.10000", "2012-12-31": -22.2, "2012-09-30": -11.6, "2012-06-30": -9.8, "2012-03-31": "-6.50000", "2011-12-31": -15.6, "2011-09-30": -8.5, "2011-06-30": -9.9, "2011-03-31": "-7.20000", "2010-12-31": -13.1, "2010-09-30": -10.3, "2010-06-30": -8.9, "2010-03-31": "-10.70000", "2009-12-31": -25.2, "2009-09-30": -11.6, "2009-06-30": -11.6, "2009-03-31": "-9.80000", "2008-12-31": -18.5, "2008-09-30": -15.7, "2008-06-30": -12.6, "2008-03-31": "-9.50000", "2007-12-31": -25.4, "2007-09-30": -19.3, "2007-06-30": -14.9, "2007-03-31": "-9.80000", "2006-12-31": -22.3, "2006-09-30": -18.1, "2006-06-30": -16.8, "2006-03-31": "-14.10000", "2005-12-31": -21.7, "2005-09-30": -13.7, "2005-06-30": -13.7, "2005-03-31": "-13.50000"}, "Net Change In Intangible Assets": {"2020-12-31": 0, "2020-09-30": 0, "2020-06-30": 0, "2020-03-31": "", "2019-12-31": 0, "2019-09-30": 0, "2019-06-30": 0, "2019-03-31": "", "2018-12-31": 0, "2018-09-30": 0, "2018-06-30": 0, "2018-03-31": "", "2017-12-31": 0, "2017-09-30": 0, "2017-06-30": 0, "2017-03-31": "", "2016-12-31": 0, "2016-09-30": 0, "2016-06-30": 0, "2016-03-31": "", "2015-12-31": 0, "2015-09-30": 0, "2015-06-30": 0, "2015-03-31": "", "2014-12-31": 0, "2014-09-30": 0, "2014-06-30": 0, "2014-03-31": "", "2013-12-31": 0, "2013-09-30": 0, "2013-06-30": 0, "2013-03-31": "", "2012-12-31": 0, "2012-09-30": 0, "2012-06-30": 0, "2012-03-31": "", "2011-12-31": 0, "2011-09-30": 0, "2011-06-30": 0, "2011-03-31": "", "2010-12-31": 0, "2010-09-30": 0, "2010-06-30": 0, "2010-03-31": "", "2009-12-31": 0, "2009-09-30": 0, "2009-06-30": 0, "2009-03-31": "", "2008-12-31": 0, "2008-09-30": 0, "2008-06-30": 0, "2008-03-31": "", "2007-12-31": 0, "2007-09-30": 0, "2007-06-30": 0, "2007-03-31": "", "2006-12-31": 0, "2006-09-30": 0, "2006-06-30": 0, "2006-03-31": "", "2005-12-31": 0, "2005-09-30": 0, "2005-06-30": 0, "2005-03-31": ""}, "Net Acquisitions/Divestitures": {"2020-12-31": 0, "2020-09-30": 0, "2020-06-30": 0, "2020-03-31": "", "2019-12-31": 0, "2019-09-30": -0.1, "2019-06-30": 0, "2019-03-31": "43.60000", "2018-12-31": -1.2, "2018-09-30": 4.1, "2018-06-30": 111.8, "2018-03-31": "", "2017-12-31": 0, "2017-09-30": 0, "2017-06-30": 0, "2017-03-31": "", "2016-12-31": 0, "2016-09-30": 0, "2016-06-30": 0, "2016-03-31": "", "2015-12-31": 0, "2015-09-30": 0, "2015-06-30": 0, "2015-03-31": "", "2014-12-31": 0, "2014-09-30": 0, "2014-06-30": 0, "2014-03-31": "", "2013-12-31": 0.5, "2013-09-30": 3.3, "2013-06-30": -0.5, "2013-03-31": "5.30000", "2012-12-31": 0, "2012-09-30": 2.9, "2012-06-30": 7.2, "2012-03-31": "", "2011-12-31": 0, "2011-09-30": 0, "2011-06-30": -2.9, "2011-03-31": "-144.20000", "2010-12-31": -1.1, "2010-09-30": 0.4, "2010-06-30": 0.6, "2010-03-31": "-3.50000", "2009-12-31": 9.5, "2009-09-30": -0.5, "2009-06-30": 0.5, "2009-03-31": "0.50000", "2008-12-31": -4.7, "2008-09-30": 0, "2008-06-30": 0, "2008-03-31": "", "2007-12-31": 0, "2007-09-30": 0, "2007-06-30": 0, "2007-03-31": "", "2006-12-31": 0, "2006-09-30": 0, "2006-06-30": 0, "2006-03-31": "", "2005-12-31": 0, "2005-09-30": 0, "2005-06-30": 0, "2005-03-31": ""}, "Net Change In Short-term Investments": {"2020-12-31": -0.9, "2020-09-30": -0.2, "2020-06-30": 0, "2020-03-31": "-1.10000", "2019-12-31": -0.5, "2019-09-30": -0.6, "2019-06-30": -1.8, "2019-03-31": "", "2018-12-31": 0, "2018-09-30": 0, "2018-06-30": 0, "2018-03-31": "", "2017-12-31": 0, "2017-09-30": 0, "2017-06-30": 0, "2017-03-31": "", "2016-12-31": 0, "2016-09-30": 0, "2016-06-30": 0, "2016-03-31": "", "2015-12-31": 0, "2015-09-30": 0, "2015-06-30": 0, "2015-03-31": "", "2014-12-31": 0, "2014-09-30": 0, "2014-06-30": 0, "2014-03-31": "", "2013-12-31": 0, "2013-09-30": 0, "2013-06-30": 0, "2013-03-31": "", "2012-12-31": 0, "2012-09-30": 0, "2012-06-30": 0, "2012-03-31": "", "2011-12-31": 0, "2011-09-30": 0, "2011-06-30": 0, "2011-03-31": "", "2010-12-31": 0, "2010-09-30": 0, "2010-06-30": 0, "2010-03-31": "", "2009-12-31": 0, "2009-09-30": 33.5, "2009-06-30": -1.3, "2009-03-31": "1.10000", "2008-12-31": 1.2, "2008-09-30": 0.4, "2008-06-30": -0.3, "2008-03-31": "-6.80000", "2007-12-31": -2.4, "2007-09-30": -1.1, "2007-06-30": -23.9, "2007-03-31": "", "2006-12-31": 0, "2006-09-30": 0, "2006-06-30": 0, "2006-03-31": "", "2005-12-31": 0, "2005-09-30": 0, "2005-06-30": 0, "2005-03-31": ""}, "Net Change In Long-Term Investments": {"2020-12-31": 0, "2020-09-30": 0, "2020-06-30": 0, "2020-03-31": "", "2019-12-31": 0, "2019-09-30": 0, "2019-06-30": 0, "2019-03-31": "", "2018-12-31": 0, "2018-09-30": 0, "2018-06-30": 0, "2018-03-31": "", "2017-12-31": 0, "2017-09-30": 0, "2017-06-30": 0, "2017-03-31": "", "2016-12-31": 0, "2016-09-30": 0, "2016-06-30": 0, "2016-03-31": "", "2015-12-31": 0, "2015-09-30": 0, "2015-06-30": 0, "2015-03-31": "", "2014-12-31": 0, "2014-09-30": 0, "2014-06-30": 0, "2014-03-31": "", "2013-12-31": 0, "2013-09-30": 0, "2013-06-30": 0, "2013-03-31": "", "2012-12-31": 0, "2012-09-30": 0, "2012-06-30": 0, "2012-03-31": "", "2011-12-31": 0, "2011-09-30": 0, "2011-06-30": 0, "2011-03-31": "", "2010-12-31": 0, "2010-09-30": 0, "2010-06-30": 0, "2010-03-31": "", "2009-12-31": 0.2, "2009-09-30": 0.7, "2009-06-30": 0, "2009-03-31": "", "2008-12-31": 0, "2008-09-30": 0, "2008-06-30": 0, "2008-03-31": "", "2007-12-31": -0.8, "2007-09-30": 0, "2007-06-30": 0, "2007-03-31": "", "2006-12-31": -18.8, "2006-09-30": -0.4, "2006-06-30": -0.7, "2006-03-31": "-4.30000", "2005-12-31": 0, "2005-09-30": 0, "2005-06-30": 39.3, "2005-03-31": ""}, "Net Change In Investments - Total": {"2020-12-31": -0.9, "2020-09-30": -0.2, "2020-06-30": 0, "2020-03-31": "-1.10000", "2019-12-31": -0.5, "2019-09-30": -0.6, "2019-06-30": -1.8, "2019-03-31": "", "2018-12-31": 0, "2018-09-30": 0, "2018-06-30": 0, "2018-03-31": "", "2017-12-31": 0, "2017-09-30": 0, "2017-06-30": 0, "2017-03-31": "", "2016-12-31": 0, "2016-09-30": 0, "2016-06-30": 0, "2016-03-31": "", "2015-12-31": 0, "2015-09-30": 0, "2015-06-30": 0, "2015-03-31": "", "2014-12-31": 0, "2014-09-30": 0, "2014-06-30": 0, "2014-03-31": "", "2013-12-31": 0, "2013-09-30": 0, "2013-06-30": 0, "2013-03-31": "", "2012-12-31": 0, "2012-09-30": 0, "2012-06-30": 0, "2012-03-31": "", "2011-12-31": 0, "2011-09-30": 0, "2011-06-30": 0, "2011-03-31": "", "2010-12-31": 0, "2010-09-30": 0, "2010-06-30": 0, "2010-03-31": "", "2009-12-31": 0.2, "2009-09-30": 34.2, "2009-06-30": -1.3, "2009-03-31": "1.10000", "2008-12-31": 1.2, "2008-09-30": 0.4, "2008-06-30": -0.3, "2008-03-31": "-6.80000", "2007-12-31": -3.2, "2007-09-30": -1.1, "2007-06-30": -23.9, "2007-03-31": "", "2006-12-31": -18.8, "2006-09-30": -0.4, "2006-06-30": -0.7, "2006-03-31": "-4.30000", "2005-12-31": 0, "2005-09-30": 0, "2005-06-30": 39.3, "2005-03-31": ""}, "Investing Activities - Other": {"2020-12-31": 0, "2020-09-30": 0, "2020-06-30": 0, "2020-03-31": "", "2019-12-31": 68, "2019-09-30": -1.2, "2019-06-30": 5.9, "2019-03-31": "6.90000", "2018-12-31": 6.7, "2018-09-30": 4.2, "2018-06-30": 0, "2018-03-31": "", "2017-12-31": 0, "2017-09-30": 0, "2017-06-30": 0, "2017-03-31": "", "2016-12-31": 0, "2016-09-30": 0, "2016-06-30": 0, "2016-03-31": "", "2015-12-31": 0, "2015-09-30": 0, "2015-06-30": 0, "2015-03-31": "", "2014-12-31": 0, "2014-09-30": 0, "2014-06-30": 0, "2014-03-31": "", "2013-12-31": 0.1, "2013-09-30": 0, "2013-06-30": 0, "2013-03-31": "-0.10000", "2012-12-31": -0.1, "2012-09-30": 0.1, "2012-06-30": -0.1, "2012-03-31": "-0.30000", "2011-12-31": -0.5, "2011-09-30": -0.1, "2011-06-30": 9.8, "2011-03-31": "1.30000", "2010-12-31": -1.7, "2010-09-30": 10.7, "2010-06-30": 1.3, "2010-03-31": "-25.10000", "2009-12-31": 0, "2009-09-30": 0, "2009-06-30": 0, "2009-03-31": "", "2008-12-31": 0, "2008-09-30": 0, "2008-06-30": 0, "2008-03-31": "", "2007-12-31": 0, "2007-09-30": 0, "2007-06-30": 0, "2007-03-31": "", "2006-12-31": 0, "2006-09-30": 0, "2006-06-30": 0, "2006-03-31": "", "2005-12-31": 0, "2005-09-30": 0.1, "2005-06-30": 0.6, "2005-03-31": "1.80000"}, "Cash Flow From Investing Activities": {"2020-12-31": -23.2, "2020-09-30": -12.2, "2020-06-30": -18.6, "2020-03-31": "-25.70000", "2019-12-31": 39, "2019-09-30": -25, "2019-06-30": -11.7, "2019-03-31": "13.60000", "2018-12-31": -28.8, "2018-09-30": -9.2, "2018-06-30": 91.1, "2018-03-31": "-22.60000", "2017-12-31": -37.8, "2017-09-30": -17.1, "2017-06-30": -18.4, "2017-03-31": "-24.80000", "2016-12-31": -24.7, "2016-09-30": -17.7, "2016-06-30": -17.9, "2016-03-31": "-23.80000", "2015-12-31": -22.8, "2015-09-30": -14, "2015-06-30": -15, "2015-03-31": "-18.00000", "2014-12-31": -27.6, "2014-09-30": -18.5, "2014-06-30": -23.9, "2014-03-31": "-17.30000", "2013-12-31": -34.4, "2013-09-30": -14.2, "2013-06-30": -11.8, "2013-03-31": "-6.90000", "2012-12-31": -22.3, "2012-09-30": -8.6, "2012-06-30": -2.7, "2012-03-31": "-6.80000", "2011-12-31": -16.1, "2011-09-30": -8.6, "2011-06-30": -3, "2011-03-31": "-150.10000", "2010-12-31": -15.9, "2010-09-30": 0.8, "2010-06-30": -7, "2010-03-31": "-39.30000", "2009-12-31": -15.5, "2009-09-30": 22.1, "2009-06-30": -12.4, "2009-03-31": "-8.20000", "2008-12-31": -22, "2008-09-30": -15.3, "2008-06-30": -12.9, "2008-03-31": "-16.30000", "2007-12-31": -28.6, "2007-09-30": -20.4, "2007-06-30": -38.8, "2007-03-31": "-9.80000", "2006-12-31": -41.1, "2006-09-30": -18.5, "2006-06-30": -17.5, "2006-03-31": "-18.40000", "2005-12-31": -21.7, "2005-09-30": -13.6, "2005-06-30": 26.2, "2005-03-31": "-11.70000"}, "Net Long-Term Debt": {"2020-12-31": -39.9001, "2020-09-30": -376.7999, "2020-06-30": -52, "2020-03-31": "267.40000", "2019-12-31": -284.3999, "2019-09-30": -18.2, "2019-06-30": 163.6, "2019-03-31": "247.10000", "2018-12-31": -92.0001, "2018-09-30": -223.3, "2018-06-30": 60.5, "2018-03-31": "284.70000", "2017-12-31": -120.0999, "2017-09-30": -64.8, "2017-06-30": 85.7, "2017-03-31": "235.30000", "2016-12-31": -184.4, "2016-09-30": -16.2, "2016-06-30": -25.9, "2016-03-31": "358.20000", "2015-12-31": -173, "2015-09-30": -138, "2015-06-30": -31, "2015-03-31": "161.50000", "2014-12-31": 332.4, "2014-09-30": -14.8, "2014-06-30": 45.5, "2014-03-31": "159.60000", "2013-12-31": -32.8001, "2013-09-30": -105.6999, "2013-06-30": 20.7, "2013-03-31": "128.80000", "2012-12-31": -93.2, "2012-09-30": -39.8, "2012-06-30": 2.1, "2012-03-31": "51.80000", "2011-12-31": -35.7, "2011-09-30": -75.8, "2011-06-30": 32.3, "2011-03-31": "221.30000", "2010-12-31": -45.1001, "2010-09-30": 12.5001, "2010-06-30": 62.1, "2010-03-31": "57.90000", "2009-12-31": 33.8, "2009-09-30": -116.7, "2009-06-30": -84.6, "2009-03-31": "-17.50000", "2008-12-31": 15.6, "2008-09-30": -80.1, "2008-06-30": 63.9, "2008-03-31": "193.00000", "2007-12-31": 46.4, "2007-09-30": -16.4, "2007-06-30": 29.4, "2007-03-31": "35.50000", "2006-12-31": -11.1, "2006-09-30": -13, "2006-06-30": 12.9, "2006-03-31": "", "2005-12-31": -11.2, "2005-09-30": -0.1, "2005-06-30": -31, "2005-03-31": "1.00000"}, "Net Current Debt": {"2020-12-31": 0, "2020-09-30": 0, "2020-06-30": 0, "2020-03-31": "", "2019-12-31": 0, "2019-09-30": 0, "2019-06-30": 0, "2019-03-31": "", "2018-12-31": 1.5, "2018-09-30": -4.4, "2018-06-30": 3, "2018-03-31": "-0.10000", "2017-12-31": -0.1, "2017-09-30": -0.3, "2017-06-30": -0.3, "2017-03-31": "-0.80000", "2016-12-31": -0.3, "2016-09-30": -2.6, "2016-06-30": 0.9, "2016-03-31": "-0.40000", "2015-12-31": -2.5, "2015-09-30": 0.4, "2015-06-30": 0.6, "2015-03-31": "-0.20000", "2014-12-31": -1.9, "2014-09-30": 4, "2014-06-30": -3.1, "2014-03-31": "2.50000", "2013-12-31": -1.8, "2013-09-30": 2.2, "2013-06-30": 0.4, "2013-03-31": "1.20000", "2012-12-31": -1.1, "2012-09-30": -8.6, "2012-06-30": 3.3, "2012-03-31": "6.60000", "2011-12-31": 1.3, "2011-09-30": -2.6, "2011-06-30": 3.9, "2011-03-31": "1.20000", "2010-12-31": -6.5, "2010-09-30": 1.5, "2010-06-30": 2.1, "2010-03-31": "2.10000", "2009-12-31": -3.3, "2009-09-30": -2.1, "2009-06-30": -1.1, "2009-03-31": "2.20000", "2008-12-31": 1.3, "2008-09-30": -4.8, "2008-06-30": 4.4, "2008-03-31": "0.50000", "2007-12-31": 0.6, "2007-09-30": -1.2, "2007-06-30": 4.2, "2007-03-31": "-0.20000", "2006-12-31": 0.2, "2006-09-30": -3.2, "2006-06-30": 0.3, "2006-03-31": "2.30000", "2005-12-31": -1.1, "2005-09-30": 1.5, "2005-06-30": -2.8, "2005-03-31": "-1.80000"}, "Debt Issuance/Retirement Net - Total": {"2020-12-31": -39.9001, "2020-09-30": -376.7999, "2020-06-30": -52, "2020-03-31": "267.40000", "2019-12-31": -284.3999, "2019-09-30": -18.2, "2019-06-30": 163.6, "2019-03-31": "247.10000", "2018-12-31": -90.5001, "2018-09-30": -227.6999, "2018-06-30": 63.4999, "2018-03-31": "284.60000", "2017-12-31": -120.1999, "2017-09-30": -65.1, "2017-06-30": 85.4, "2017-03-31": "234.50000", "2016-12-31": -184.7, "2016-09-30": -18.8, "2016-06-30": -25, "2016-03-31": "357.80000", "2015-12-31": -175.5, "2015-09-30": -137.6, "2015-06-30": -30.4, "2015-03-31": "161.30000", "2014-12-31": 330.5, "2014-09-30": -10.8, "2014-06-30": 42.4, "2014-03-31": "162.10000", "2013-12-31": -34.6001, "2013-09-30": -103.4999, "2013-06-30": 21.1, "2013-03-31": "130.00000", "2012-12-31": -94.3, "2012-09-30": -48.4, "2012-06-30": 5.4, "2012-03-31": "58.40000", "2011-12-31": -34.4, "2011-09-30": -78.4, "2011-06-30": 36.2, "2011-03-31": "222.50000", "2010-12-31": -51.6001, "2010-09-30": 14.0001, "2010-06-30": 64.2, "2010-03-31": "60.00000", "2009-12-31": 30.5, "2009-09-30": -118.8, "2009-06-30": -85.7, "2009-03-31": "-15.30000", "2008-12-31": 16.9, "2008-09-30": -84.9, "2008-06-30": 68.3, "2008-03-31": "193.50000", "2007-12-31": 47, "2007-09-30": -17.6, "2007-06-30": 33.6, "2007-03-31": "35.30000", "2006-12-31": -10.9, "2006-09-30": -16.2, "2006-06-30": 13.2, "2006-03-31": "2.30000", "2005-12-31": -12.3, "2005-09-30": 1.4, "2005-06-30": -33.8, "2005-03-31": "-0.80000"}, "Net Common Equity Issued/Repurchased": {"2020-12-31": -7, "2020-09-30": -3.9, "2020-06-30": 0.7, "2020-03-31": "-104.70000", "2019-12-31": -6.3, "2019-09-30": -151.5, "2019-06-30": -150.2, "2019-03-31": "-112.70000", "2018-12-31": -105, "2018-09-30": -1.2, "2018-06-30": -200.3, "2018-03-31": "-167.30000", "2017-12-31": -9.3, "2017-09-30": -76.1, "2017-06-30": -100, "2017-03-31": "-87.60000", "2016-12-31": -6.3, "2016-09-30": -104.3, "2016-06-30": -3.9, "2016-03-31": "-216.20000", "2015-12-31": -7.9, "2015-09-30": -1, "2015-06-30": -0.8, "2015-03-31": "-19.90000", "2014-12-31": -459.6, "2014-09-30": -51.3, "2014-06-30": -49.6, "2014-03-31": "-10.20000", "2013-12-31": -62.8, "2013-09-30": -34.6, "2013-06-30": -34.1, "2013-03-31": "-3.70000", "2012-12-31": -19, "2012-09-30": -35.7, "2012-06-30": -0.6, "2012-03-31": "-1.80000", "2011-12-31": -31.1, "2011-09-30": -54.2, "2011-06-30": -11.4, "2011-03-31": "-23.80000", "2010-12-31": -2.4, "2010-09-30": -49.7, "2010-06-30": -59.7, "2010-03-31": "-38.40000", "2009-12-31": -0.7, "2009-09-30": 5.3, "2009-06-30": 1.2, "2009-03-31": "-2.00000", "2008-12-31": -12.6, "2008-09-30": 2.7, "2008-06-30": -123.4, "2008-03-31": "-170.80000", "2007-12-31": -100.2, "2007-09-30": -101.5, "2007-06-30": -25.9, "2007-03-31": "-4.50000", "2006-12-31": -29.9, "2006-09-30": -69.7, "2006-06-30": -38.6, "2006-03-31": "-5.40000", "2005-12-31": -4.5, "2005-09-30": 6.3, "2005-06-30": 1.5, "2005-03-31": "6.70000"}, "Net Total Equity Issued/Repurchased": {"2020-12-31": -7, "2020-09-30": -3.9, "2020-06-30": 0.7, "2020-03-31": "-104.70000", "2019-12-31": -6.3, "2019-09-30": -151.5, "2019-06-30": -150.2, "2019-03-31": "-112.70000", "2018-12-31": -105, "2018-09-30": -1.2, "2018-06-30": -200.3, "2018-03-31": "-167.30000", "2017-12-31": -9.3, "2017-09-30": -76.1, "2017-06-30": -100, "2017-03-31": "-87.60000", "2016-12-31": -6.3, "2016-09-30": -104.3, "2016-06-30": -3.9, "2016-03-31": "-216.20000", "2015-12-31": -7.9, "2015-09-30": -1, "2015-06-30": -0.8, "2015-03-31": "-19.90000", "2014-12-31": -459.6, "2014-09-30": -51.3, "2014-06-30": -49.6, "2014-03-31": "-10.20000", "2013-12-31": -62.8, "2013-09-30": -34.6, "2013-06-30": -34.1, "2013-03-31": "-3.70000", "2012-12-31": -19, "2012-09-30": -35.7, "2012-06-30": -0.6, "2012-03-31": "-1.80000", "2011-12-31": -31.1, "2011-09-30": -54.2, "2011-06-30": -11.4, "2011-03-31": "-23.80000", "2010-12-31": -2.4, "2010-09-30": -49.7, "2010-06-30": -59.7, "2010-03-31": "-38.40000", "2009-12-31": -0.7, "2009-09-30": 5.3, "2009-06-30": 1.2, "2009-03-31": "-2.00000", "2008-12-31": -12.6, "2008-09-30": 2.7, "2008-06-30": -123.4, "2008-03-31": "-170.80000", "2007-12-31": -100.2, "2007-09-30": -101.5, "2007-06-30": -25.9, "2007-03-31": "-4.50000", "2006-12-31": -29.9, "2006-09-30": -69.7, "2006-06-30": -38.6, "2006-03-31": "-5.40000", "2005-12-31": -4.5, "2005-09-30": 6.3, "2005-06-30": 1.5, "2005-03-31": "6.70000"}, "Total Common And Preferred Stock Dividends Paid": {"2020-12-31": -29.5, "2020-09-30": -29.5, "2020-06-30": -29.4, "2020-03-31": "-29.70000", "2019-12-31": -29.6, "2019-09-30": -30.1, "2019-06-30": -25.3, "2019-03-31": "-25.50000", "2018-12-31": -25.7, "2018-09-30": -25.8, "2018-06-30": -21.1, "2018-03-31": "-21.30000", "2017-12-31": -21.3, "2017-09-30": -21.5, "2017-06-30": -18.4, "2017-03-31": "-18.50000", "2016-12-31": -18.5, "2016-09-30": -18.7, "2016-06-30": -15.7, "2016-03-31": "-16.10000", "2015-12-31": -16.2, "2015-09-30": -16.2, "2015-06-30": -13.5, "2015-03-31": "-13.40000", "2014-12-31": -14.4, "2014-09-30": -14.6, "2014-06-30": -11.8, "2014-03-31": "-11.80000", "2013-12-31": -11.9, "2013-09-30": -12, "2013-06-30": -10.1, "2013-03-31": "", "2012-12-31": -20.1, "2012-09-30": -9.2, "2012-06-30": -9.1, "2012-03-31": "-9.20000", "2011-12-31": -9.3, "2011-09-30": -9.5, "2011-06-30": -9.6, "2011-03-31": "-8.10000", "2010-12-31": -8, "2010-09-30": -8.2, "2010-06-30": -8.3, "2010-03-31": "-7.90000", "2009-12-31": -7.9, "2009-09-30": -7.7, "2009-06-30": -7.8, "2009-03-31": "-7.70000", "2008-12-31": 0, "2008-09-30": -7.8, "2008-06-30": -15.9, "2008-03-31": "-8.70000", "2007-12-31": 0, "2007-09-30": -8.6, "2007-06-30": -17.7, "2007-03-31": "-8.70000", "2006-12-31": -0.1, "2006-09-30": -7.7, "2006-06-30": -15.7, "2006-03-31": "-7.80000", "2005-12-31": 0, "2005-09-30": -6.3, "2005-06-30": -12.3, "2005-03-31": "-6.20000"}, "Financial Activities - Other": {"2020-12-31": -0.4, "2020-09-30": -7.1, "2020-06-30": 0, "2020-03-31": "", "2019-12-31": -0.3, "2019-09-30": 0, "2019-06-30": 0, "2019-03-31": "", "2018-12-31": 0, "2018-09-30": 0, "2018-06-30": 0, "2018-03-31": "", "2017-12-31": -0.2, "2017-09-30": 0, "2017-06-30": 0, "2017-03-31": "", "2016-12-31": -3.3, "2016-09-30": -0.9, "2016-06-30": 0, "2016-03-31": "", "2015-12-31": -18.6, "2015-09-30": 1.3, "2015-06-30": 1.3, "2015-03-31": "16.00000", "2014-12-31": 4.3, "2014-09-30": 1.3, "2014-06-30": -0.2, "2014-03-31": "4.20000", "2013-12-31": 1.3, "2013-09-30": 1.3, "2013-06-30": 1.1, "2013-03-31": "2.30000", "2012-12-31": 1.8, "2012-09-30": 0.5, "2012-06-30": 0.4, "2012-03-31": "0.80000", "2011-12-31": -2.3, "2011-09-30": 0, "2011-06-30": 0.3, "2011-03-31": "1.20000", "2010-12-31": 1.6, "2010-09-30": 1, "2010-06-30": -2.2, "2010-03-31": "2.10000", "2009-12-31": 1.5, "2009-09-30": 3.2, "2009-06-30": 0.5, "2009-03-31": "-0.30000", "2008-12-31": -1.4, "2008-09-30": 1.2, "2008-06-30": 0.1, "2008-03-31": "10.80000", "2007-12-31": 1.9, "2007-09-30": 1.7, "2007-06-30": 1.5, "2007-03-31": "11.00000", "2006-12-31": 2.5, "2006-09-30": 0, "2006-06-30": 2.9, "2006-03-31": "5.60000", "2005-12-31": 2, "2005-09-30": 1.4, "2005-06-30": 0, "2005-03-31": ""}, "Cash Flow From Financial Activities": {"2020-12-31": -76.8, "2020-09-30": -417.3, "2020-06-30": -80.7, "2020-03-31": "133.00000", "2019-12-31": -320.6, "2019-09-30": -199.8, "2019-06-30": -11.9, "2019-03-31": "108.90000", "2018-12-31": -221.2, "2018-09-30": -254.7, "2018-06-30": -157.9, "2018-03-31": "96.00000", "2017-12-31": -151, "2017-09-30": -162.7, "2017-06-30": -33, "2017-03-31": "128.40000", "2016-12-31": -212.8, "2016-09-30": -142.7, "2016-06-30": -44.6, "2016-03-31": "125.50000", "2015-12-31": -218.2, "2015-09-30": -153.5, "2015-06-30": -43.4, "2015-03-31": "144.00000", "2014-12-31": -139.2, "2014-09-30": -75.4, "2014-06-30": -19.2, "2014-03-31": "144.30000", "2013-12-31": -108, "2013-09-30": -148.8, "2013-06-30": -22, "2013-03-31": "128.60000", "2012-12-31": -131.6, "2012-09-30": -92.8, "2012-06-30": -3.9, "2012-03-31": "48.20000", "2011-12-31": -77.1, "2011-09-30": -142.1, "2011-06-30": 15.5, "2011-03-31": "191.80000", "2010-12-31": -60.4, "2010-09-30": -42.9, "2010-06-30": -6, "2010-03-31": "15.80000", "2009-12-31": 23.4, "2009-09-30": -118, "2009-06-30": -91.8, "2009-03-31": "-25.30000", "2008-12-31": 2.9, "2008-09-30": -88.8, "2008-06-30": -70.9, "2008-03-31": "24.80000", "2007-12-31": -51.3, "2007-09-30": -126, "2007-06-30": -8.5, "2007-03-31": "33.10000", "2006-12-31": -38.4, "2006-09-30": -93.6, "2006-06-30": -38.2, "2006-03-31": "-5.30000", "2005-12-31": -14.8, "2005-09-30": 2.8, "2005-06-30": -44.6, "2005-03-31": "-0.30000"}, "Net Cash Flow": {"2020-12-31": 68.9, "2020-09-30": 10.2, "2020-06-30": 5.7, "2020-03-31": "1.80000", "2019-12-31": -8.8, "2019-09-30": 9.7, "2019-06-30": 4.7, "2019-03-31": "-14.60000", "2018-12-31": 0.2, "2018-09-30": 6.7, "2018-06-30": -17.7, "2018-03-31": "-11.10000", "2017-12-31": 7.5, "2017-09-30": -0.6, "2017-06-30": 12.5, "2017-03-31": "-1.40000", "2016-12-31": 2.4, "2016-09-30": -6.9, "2016-06-30": 14.1, "2016-03-31": "1.70000", "2015-12-31": 3.8, "2015-09-30": -12.4, "2015-06-30": 10.8, "2015-03-31": "-0.80000", "2014-12-31": -10.6, "2014-09-30": -1.5, "2014-06-30": 10.6, "2014-03-31": "1.00000", "2013-12-31": 0.2, "2013-09-30": -7.5, "2013-06-30": 10.4, "2013-03-31": "-16.90000", "2012-12-31": 3, "2012-09-30": -20.3, "2012-06-30": 14.4, "2012-03-31": "9.70000", "2011-12-31": -12.9, "2011-09-30": -18.6, "2011-06-30": 21.3, "2011-03-31": "-104.80000", "2010-12-31": 67.6, "2010-09-30": 30.5, "2010-06-30": -1.1, "2010-03-31": "-61.30000", "2009-12-31": 22.4, "2009-09-30": 36.5, "2009-06-30": -36.5, "2009-03-31": "-20.20000", "2008-12-31": 15, "2008-09-30": 11.8, "2008-06-30": -25, "2008-03-31": "-25.20000", "2007-12-31": 52, "2007-09-30": -26.6, "2007-06-30": 26.5, "2007-03-31": "-50.70000", "2006-12-31": 34.9, "2006-09-30": 9.3, "2006-06-30": -39.7, "2006-03-31": "-73.70000", "2005-12-31": 37.3, "2005-09-30": 82.6, "2005-06-30": 9.4, "2005-03-31": "23.30000"}, "Stock-Based Compensation": {"2020-12-31": 5.9, "2020-09-30": 8, "2020-06-30": 6.7, "2020-03-31": "3.70000", "2019-12-31": 5.7, "2019-09-30": 4.2, "2019-06-30": 6.2, "2019-03-31": "5.20000", "2018-12-31": 5.3, "2018-09-30": 7.4, "2018-06-30": 8.8, "2018-03-31": "4.80000", "2017-12-31": 6.1, "2017-09-30": 6.3, "2017-06-30": 7.6, "2017-03-31": "4.90000", "2016-12-31": 6.9, "2016-09-30": 10, "2016-06-30": 8.5, "2016-03-31": "6.30000", "2015-12-31": 8.1, "2015-09-30": 7.7, "2015-06-30": 7.3, "2015-03-31": "3.50000", "2014-12-31": 6, "2014-09-30": 6.6, "2014-06-30": 6.9, "2014-03-31": "3.80000", "2013-12-31": 8.8, "2013-09-30": 5.3, "2013-06-30": 7.5, "2013-03-31": "7.70000", "2012-12-31": 4.7, "2012-09-30": 2.7, "2012-06-30": 4, "2012-03-31": "3.80000", "2011-12-31": 1.1, "2011-09-30": 3.5, "2011-06-30": 4.2, "2011-03-31": "4.90000", "2010-12-31": 3.6, "2010-09-30": 4.1, "2010-06-30": 3.4, "2010-03-31": "4.30000", "2009-12-31": 3.8, "2009-09-30": 3.8, "2009-06-30": 3.1, "2009-03-31": "2.10000", "2008-12-31": 3.5, "2008-09-30": 1.7, "2008-06-30": 3.4, "2008-03-31": "3.20000", "2007-12-31": 4.4, "2007-09-30": 3.3, "2007-06-30": 7.1, "2007-03-31": "6.20000", "2006-12-31": 6.8, "2006-09-30": 4.8, "2006-06-30": 5, "2006-03-31": "7.80000", "2005-12-31": 11.7, "2005-09-30": 7.4, "2005-06-30": 3.2, "2005-03-31": "6.50000"}, "Common Stock Dividends Paid": {"2020-12-31": -29.5, "2020-09-30": -29.5, "2020-06-30": -29.4, "2020-03-31": "-29.70000", "2019-12-31": -29.6, "2019-09-30": -30.1, "2019-06-30": -25.3, "2019-03-31": "-25.50000", "2018-12-31": -25.7, "2018-09-30": -25.8, "2018-06-30": -21.1, "2018-03-31": "-21.30000", "2017-12-31": -21.3, "2017-09-30": -21.5, "2017-06-30": -18.4, "2017-03-31": "-18.50000", "2016-12-31": -18.5, "2016-09-30": -18.7, "2016-06-30": -15.7, "2016-03-31": "-16.10000", "2015-12-31": -16.2, "2015-09-30": -16.2, "2015-06-30": -13.5, "2015-03-31": "-13.40000", "2014-12-31": -14.4, "2014-09-30": -14.6, "2014-06-30": -11.8, "2014-03-31": "-11.80000", "2013-12-31": -11.9, "2013-09-30": -12, "2013-06-30": -10.1, "2013-03-31": "0.00000", "2012-12-31": -20.1, "2012-09-30": -9.2, "2012-06-30": -9.1, "2012-03-31": "-9.20000", "2011-12-31": -9.3, "2011-09-30": -9.5, "2011-06-30": -9.6, "2011-03-31": "-8.10000", "2010-12-31": -8, "2010-09-30": -8.2, "2010-06-30": -8.3, "2010-03-31": "-7.90000", "2009-12-31": -7.9, "2009-09-30": -7.7, "2009-06-30": -7.8, "2009-03-31": "-7.70000", "2008-12-31": 0, "2008-09-30": -7.8, "2008-06-30": -15.9, "2008-03-31": "-8.70000", "2007-12-31": 0, "2007-09-30": -8.6, "2007-06-30": -17.7, "2007-03-31": "-8.70000", "2006-12-31": -0.1, "2006-09-30": -7.7, "2006-06-30": -15.7, "2006-03-31": "-7.80000", "2005-12-31": 0, "2005-09-30": -6.3, "2005-06-30": -12.3, "2005-03-31": "-6.20000"}}, "financial ratios": {"Current Ratio": {"2019-12-31": "1.11790", "2018-12-31": "1.08020", "2017-12-31": "1.73770", "2016-12-31": "1.13200", "2015-12-31": "1.13890", "2014-12-31": "1.18640", "2013-12-31": "1.26390", "2012-12-31": "1.64520", "2011-12-31": "1.75480", "2010-12-31": "1.53820", "2009-12-31": "1.40430", "2008-12-31": "1.62360", "2007-12-31": "1.56490", "2006-12-31": "1.56410", "2005-12-31": "1.59510"}, "Long-term Debt / Capital": {"2019-12-31": "1.25060", "2018-12-31": "1.25320", "2017-12-31": "0.95090", "2016-12-31": "0.94190", "2015-12-31": "0.83280", "2014-12-31": "0.98680", "2013-12-31": "0.32440", "2012-12-31": "0.41330", "2011-12-31": "0.49560", "2010-12-31": "0.34960", "2009-12-31": "0.24280", "2008-12-31": "0.47430", "2007-12-31": "0.17090", "2006-12-31": "0.10740", "2005-12-31": "0.11970"}, "Debt/Equity Ratio": {"2019-12-31": "-6.88130", "2018-12-31": "-6.96060", "2017-12-31": "20.03990", "2016-12-31": "22.84740", "2015-12-31": "7.29430", "2014-12-31": "102.84440", "2013-12-31": "0.82440", "2012-12-31": "0.77580", "2011-12-31": "0.99420", "2010-12-31": "0.54100", "2009-12-31": "0.38300", "2008-12-31": "0.91670", "2007-12-31": "0.25710", "2006-12-31": "0.13580", "2005-12-31": "0.15170"}, "Gross Margin": {"2019-12-31": "28.36210", "2018-12-31": "28.61040", "2017-12-31": "29.30510", "2016-12-31": "29.56120", "2015-12-31": "27.32310", "2014-12-31": "26.82490", "2013-12-31": "26.92010", "2012-12-31": "24.48970", "2011-12-31": "23.58060", "2010-12-31": "27.12360", "2009-12-31": "27.67690", "2008-12-31": "27.15700", "2007-12-31": "27.19340", "2006-12-31": "25.81470", "2005-12-31": "27.75380"}, "Operating Margin": {"2019-12-31": "17.25420", "2018-12-31": "13.12860", "2017-12-31": "12.87900", "2016-12-31": "11.79150", "2015-12-31": "8.80780", "2014-12-31": "9.93940", "2013-12-31": "9.03380", "2012-12-31": "7.42860", "2011-12-31": "6.49090", "2010-12-31": "7.91040", "2009-12-31": "3.83500", "2008-12-31": "6.35260", "2007-12-31": "7.17560", "2006-12-31": "6.06930", "2005-12-31": "7.36210"}, "EBIT Margin": {"2019-12-31": "17.25420", "2018-12-31": "13.12860", "2017-12-31": "12.87900", "2016-12-31": "11.79150", "2015-12-31": "8.80780", "2014-12-31": "9.93940", "2013-12-31": "9.03380", "2012-12-31": "7.42860", "2011-12-31": "6.49090", "2010-12-31": "7.91040", "2009-12-31": "3.83500", "2008-12-31": "6.35260", "2007-12-31": "7.17560", "2006-12-31": "6.06930", "2005-12-31": "7.36210"}, "EBITDA Margin": {"2019-12-31": "19.12170", "2018-12-31": "14.82790", "2017-12-31": "14.56140", "2016-12-31": "13.38700", "2015-12-31": "10.61890", "2014-12-31": "11.74500", "2013-12-31": "10.87490", "2012-12-31": "9.30700", "2011-12-31": "8.48320", "2010-12-31": "9.80200", "2009-12-31": "5.69270", "2008-12-31": "7.82310", "2007-12-31": "8.49470", "2006-12-31": "7.26640", "2005-12-31": "8.46030"}, "Pre-Tax Profit Margin": {"2019-12-31": "13.34050", "2018-12-31": "12.04720", "2017-12-31": "12.08460", "2016-12-31": "11.05830", "2015-12-31": "8.15020", "2014-12-31": "9.43160", "2013-12-31": "8.57430", "2012-12-31": "6.83870", "2011-12-31": "5.88900", "2010-12-31": "7.37660", "2009-12-31": "3.54350", "2008-12-31": "5.93710", "2007-12-31": "6.97240", "2006-12-31": "5.93690", "2005-12-31": "6.90100"}, "Net Profit Margin": {"2019-12-31": "10.73490", "2018-12-31": "9.24330", "2017-12-31": "7.96180", "2016-12-31": "7.62850", "2015-12-31": "5.38160", "2014-12-31": "6.11150", "2013-12-31": "5.37030", "2012-12-31": "3.05150", "2011-12-31": "3.10820", "2010-12-31": "4.49480", "2009-12-31": "1.79460", "2008-12-31": "3.56860", "2007-12-31": "4.57780", "2006-12-31": "4.48580", "2005-12-31": "4.42550"}, "Asset Turnover": {"2019-12-31": "1.87100", "2018-12-31": "2.13730", "2017-12-31": "2.02990", "2016-12-31": "2.06870", "2015-12-31": "2.06710", "2014-12-31": "1.90860", "2013-12-31": "1.96660", "2012-12-31": "1.74320", "2011-12-31": "1.66550", "2010-12-31": "1.52790", "2009-12-31": "1.84440", "2008-12-31": "2.07360", "2007-12-31": "2.03440", "2006-12-31": "2.15180", "2005-12-31": "1.95980"}, "Inventory Turnover Ratio": {"2019-12-31": "5.01270", "2018-12-31": "5.43880", "2017-12-31": "5.60590", "2016-12-31": "6.12930", "2015-12-31": "6.01720", "2014-12-31": "5.31860", "2013-12-31": "6.17190", "2012-12-31": "5.94210", "2011-12-31": "6.82920", "2010-12-31": "6.58280", "2009-12-31": "8.23100", "2008-12-31": "8.43120", "2007-12-31": "8.26510", "2006-12-31": "8.98630", "2005-12-31": "10.14930"}, "Receiveable Turnover": {"2019-12-31": "7.96820", "2018-12-31": "8.21640", "2017-12-31": "7.58070", "2016-12-31": "7.75140", "2015-12-31": "8.20100", "2014-12-31": "7.99100", "2013-12-31": "7.83900", "2012-12-31": "7.89880", "2011-12-31": "7.34080", "2010-12-31": "6.71830", "2009-12-31": "7.97620", "2008-12-31": "9.46920", "2007-12-31": "7.50350", "2006-12-31": "7.36290", "2005-12-31": "6.69810"}, "Days Sales In Receivables": {"2019-12-31": "45.80720", "2018-12-31": "44.42330", "2017-12-31": "48.14890", "2016-12-31": "47.08840", "2015-12-31": "44.50660", "2014-12-31": "45.67650", "2013-12-31": "46.56200", "2012-12-31": "46.20970", "2011-12-31": "49.72190", "2010-12-31": "54.32930", "2009-12-31": "45.76120", "2008-12-31": "38.54610", "2007-12-31": "48.64430", "2006-12-31": "49.57280", "2005-12-31": "54.49330"}, "ROE - Return On Equity": {"2019-12-31": "-240.18810", "2018-12-31": "-240.84260", "2017-12-31": "612.97400", "2016-12-31": "733.15420", "2015-12-31": "184.25190", "2014-12-31": "2312.21600", "2013-12-31": "37.03930", "2012-12-31": "27.09210", "2011-12-31": "23.83500", "2010-12-31": "21.34980", "2009-12-31": "10.22500", "2008-12-31": "26.99520", "2007-12-31": "20.49470", "2006-12-31": "20.73600", "2005-12-31": "19.13390"}, "Return On Tangible Equity": {"2019-12-31": "-114.60610", "2018-12-31": "-107.16830", "2017-12-31": "-204.18880", "2016-12-31": "-177.33930", "2015-12-31": "-200.21380", "2014-12-31": "-103.84230", "2013-12-31": "66.90220", "2012-12-31": "49.18030", "2011-12-31": "45.58460", "2010-12-31": "39.60370", "2009-12-31": "17.80980", "2008-12-31": "54.70620", "2007-12-31": "30.36470", "2006-12-31": "29.54300", "2005-12-31": "26.64330"}, "ROA - Return On Assets": {"2019-12-31": "20.08940", "2018-12-31": "19.82720", "2017-12-31": "16.23580", "2016-12-31": "15.82690", "2015-12-31": "11.16010", "2014-12-31": "11.79510", "2013-12-31": "11.05920", "2012-12-31": "7.97920", "2011-12-31": "6.53690", "2010-12-31": "7.44090", "2009-12-31": "4.00290", "2008-12-31": "7.46010", "2007-12-31": "9.13150", "2006-12-31": "9.69880", "2005-12-31": "8.74770"}, "ROI - Return On Investment": {"2019-12-31": "60.19730", "2018-12-31": "60.97480", "2017-12-31": "30.09020", "2016-12-31": "42.61890", "2015-12-31": "30.80980", "2014-12-31": "30.42400", "2013-12-31": "25.02430", "2012-12-31": "15.89540", "2011-12-31": "12.02290", "2010-12-31": "13.88550", "2009-12-31": "7.74240", "2008-12-31": "14.19240", "2007-12-31": "16.99140", "2006-12-31": "18.50870", "2005-12-31": "16.84400"}, "Book Value Per Share": {"2019-12-31": "-4.41000", "2018-12-31": "-3.75330", "2017-12-31": "1.19830", "2016-12-31": "0.88420", "2015-12-31": "2.27400", "2014-12-31": "0.20160", "2013-12-31": "9.89150", "2012-12-31": "9.92000", "2011-12-31": "9.20070", "2010-12-31": "10.98220", "2009-12-31": "10.74010", "2008-12-31": "8.17370", "2007-12-31": "13.02920", "2006-12-31": "11.97810", "2005-12-31": "11.18320"}, "Operating Cash Flow Per Share": {"2019-12-31": -2.0027, "2018-12-31": 4.4602, "2017-12-31": -0.9019, "2016-12-31": 0.7433, "2015-12-31": 3.9519, "2014-12-31": -0.3536, "2013-12-31": -0.1513, "2012-12-31": 2.8804, "2011-12-31": -1.9027, "2010-12-31": -0.6544, "2009-12-31": 0.8417, "2008-12-31": -0.3144, "2007-12-31": 0.7262, "2006-12-31": -0.3725, "2005-12-31": 3.1031}, "Free Cash Flow Per Share": {"2019-12-31": -2.336, "2018-12-31": 4.4384, "2017-12-31": -1.2827, "2016-12-31": 0.3627, "2015-12-31": 4.2175, "2014-12-31": -0.6499, "2013-12-31": -0.6766, "2012-12-31": 2.6773, "2011-12-31": -1.9037, "2010-12-31": -0.3967, "2009-12-31": 0.7791, "2008-12-31": -0.2801, "2007-12-31": 0.6963, "2006-12-31": -0.4932, "2005-12-31": 2.2537}}, "financial ratios, quarterly": {"Current Ratio": {"2020-09-30": "1.49650", "2020-06-30": "1.29670", "2020-03-31": "1.36940", "2019-12-31": "1.11790", "2019-09-30": "1.18690", "2019-06-30": "1.34320", "2019-03-31": "1.33080", "2018-12-31": "1.08020", "2018-09-30": "1.71930", "2018-06-30": "1.86240", "2018-03-31": "1.88950", "2017-12-31": "1.73770", "2017-09-30": "1.24120", "2017-06-30": "1.38120", "2017-03-31": "1.14350", "2016-12-31": "1.13200", "2016-09-30": "0.98180", "2016-06-30": "1.13140", "2016-03-31": "1.39640", "2015-12-31": "1.13890", "2015-09-30": "1.34980", "2015-06-30": "1.43170", "2015-03-31": "1.47990", "2014-12-31": "1.18640", "2014-09-30": "1.37770", "2014-06-30": "1.44310", "2014-03-31": "1.46880", "2013-12-31": "1.26390", "2013-09-30": "1.30350", "2013-06-30": "1.44910", "2013-03-31": "1.78540", "2012-12-31": "1.64520", "2012-09-30": "1.74120", "2012-06-30": "1.63990", "2012-03-31": "1.67390", "2011-12-31": "1.75480", "2011-09-30": "1.52910", "2011-06-30": "1.71760", "2011-03-31": "1.54740", "2010-12-31": "1.53820", "2010-09-30": "1.56640", "2010-06-30": "1.50590", "2010-03-31": "1.53130", "2009-12-31": "1.40430", "2009-09-30": "1.29690", "2009-06-30": "1.41160", "2009-03-31": "1.59040", "2008-12-31": "1.62360", "2008-09-30": "1.55500", "2008-06-30": "1.62640", "2008-03-31": "1.64320", "2007-12-31": "1.56490", "2007-09-30": "1.49980", "2007-06-30": "1.69420", "2007-03-31": "1.68010", "2006-12-31": "1.56410", "2006-09-30": "1.49060", "2006-06-30": "1.59960", "2006-03-31": "1.60710", "2005-12-31": "1.59510", "2005-09-30": "1.35520", "2005-06-30": "1.51040", "2005-03-31": "1.44320"}, "Long-term Debt / Capital": {"2020-09-30": "1.12990", "2020-06-30": "1.27970", "2020-03-31": "1.36520", "2019-12-31": "1.25060", "2019-09-30": "1.35570", "2019-06-30": "1.23180", "2019-03-31": "1.23980", "2018-12-31": "1.25320", "2018-09-30": "1.08540", "2018-06-30": "1.15820", "2018-03-31": "1.08880", "2017-12-31": "0.95090", "2017-09-30": "0.95980", "2017-06-30": "0.98860", "2017-03-31": "1.00140", "2016-12-31": "0.94190", "2016-09-30": "0.95490", "2016-06-30": "0.95170", "2016-03-31": "1.09040", "2015-12-31": "0.83280", "2015-09-30": "0.87260", "2015-06-30": "0.93530", "2015-03-31": "1.01900", "2014-12-31": "0.98680", "2014-09-30": "0.42160", "2014-06-30": "0.44760", "2014-03-31": "0.44490", "2013-12-31": "0.32440", "2013-09-30": "0.35570", "2013-06-30": "0.47880", "2013-03-31": "0.52010", "2012-12-31": "0.41330", "2012-09-30": "0.46880", "2012-06-30": "0.51080", "2012-03-31": "0.51700", "2011-12-31": "0.49560", "2011-09-30": "0.49850", "2011-06-30": "0.48710", "2011-03-31": "0.46310", "2010-12-31": "0.34960", "2010-09-30": "0.39410", "2010-06-30": "0.40080", "2010-03-31": "0.33440", "2009-12-31": "0.24280", "2009-09-30": "0.21680", "2009-06-30": "0.35330", "2009-03-31": "0.47850", "2008-12-31": "0.47430", "2008-09-30": "0.38870", "2008-06-30": "0.42910", "2008-03-31": "0.34970", "2007-12-31": "0.17090", "2007-09-30": "0.09880", "2007-06-30": "0.15370", "2007-03-31": "0.13720", "2006-12-31": "0.10740", "2006-09-30": "0.11630", "2006-06-30": "0.12360", "2006-03-31": "0.11680", "2005-12-31": "0.11970", "2005-09-30": "0.15840", "2005-06-30": "0.34410", "2005-03-31": "0.36070"}, "Debt/Equity Ratio": {"2020-09-30": "-8.76060", "2020-06-30": "-6.07600", "2020-03-31": "-4.53090", "2019-12-31": "-6.88130", "2019-09-30": "-5.23300", "2019-06-30": "-6.74390", "2019-03-31": "-6.33110", "2018-12-31": "-6.96060", "2018-09-30": "-12.97120", "2018-06-30": "-7.50610", "2018-03-31": "-12.56430", "2017-12-31": "20.03990", "2017-09-30": "34.58770", "2017-06-30": "112.16040", "2017-03-31": "-1103.10000", "2016-12-31": "22.84740", "2016-09-30": "43.63220", "2016-06-30": "34.24200", "2016-03-31": "-14.99860", "2015-12-31": "7.29430", "2015-09-30": "9.41540", "2015-06-30": "18.74960", "2015-03-31": "-67.02470", "2014-12-31": "102.84440", "2014-09-30": "1.18800", "2014-06-30": "1.17120", "2014-03-31": "1.14770", "2013-12-31": "0.82440", "2013-09-30": "0.90190", "2013-06-30": "1.20100", "2013-03-31": "1.14250", "2012-12-31": "0.77580", "2012-09-30": "0.94420", "2012-06-30": "1.07390", "2012-03-31": "1.09560", "2011-12-31": "0.99420", "2011-09-30": "1.00180", "2011-06-30": "0.96160", "2011-03-31": "0.86790", "2010-12-31": "0.54100", "2010-09-30": "0.66670", "2010-06-30": "0.68160", "2010-03-31": "0.51060", "2009-12-31": "0.38300", "2009-09-30": "0.34820", "2009-06-30": "0.63080", "2009-03-31": "0.93770", "2008-12-31": "0.91670", "2008-09-30": "0.66330", "2008-06-30": "0.78770", "2008-03-31": "0.60030", "2007-12-31": "0.25710", "2007-09-30": "0.18450", "2007-06-30": "0.19980", "2007-03-31": "0.17370", "2006-12-31": "0.13580", "2006-09-30": "0.14590", "2006-06-30": "0.15900", "2006-03-31": "0.15050", "2005-12-31": "0.15170", "2005-09-30": "0.37250", "2005-06-30": "0.54920", "2005-03-31": "0.64840"}, "Gross Margin": {"2020-09-30": "30.64460", "2020-06-30": "29.28930", "2020-03-31": "22.89310", "2019-12-31": "28.00320", "2019-09-30": "28.87990", "2019-06-30": "30.21560", "2019-03-31": "25.50930", "2018-12-31": "26.61530", "2018-09-30": "29.30500", "2018-06-30": "30.76400", "2018-03-31": "26.73690", "2017-12-31": "29.13210", "2017-09-30": "29.81090", "2017-06-30": "30.92280", "2017-03-31": "26.58180", "2016-12-31": "29.82610", "2016-09-30": "30.72280", "2016-06-30": "30.90660", "2016-03-31": "25.67110", "2015-12-31": "27.28690", "2015-09-30": "28.62830", "2015-06-30": "28.55420", "2015-03-31": "23.76790", "2014-12-31": "27.74020", "2014-09-30": "27.50450", "2014-06-30": "27.33420", "2014-03-31": "24.17310", "2013-12-31": "27.72150", "2013-09-30": "27.35020", "2013-06-30": "27.81730", "2013-03-31": "24.23700", "2012-12-31": "24.58750", "2012-09-30": "25.30570", "2012-06-30": "24.76200", "2012-03-31": "22.93290", "2011-12-31": "16.39630", "2011-09-30": "23.29010", "2011-06-30": "26.71480", "2011-03-31": "24.54440", "2010-12-31": "11.72250", "2010-09-30": "28.45270", "2010-06-30": "30.35200", "2010-03-31": "27.06100", "2009-12-31": "27.39300", "2009-09-30": "29.59310", "2009-06-30": "29.01790", "2009-03-31": "23.75130", "2008-12-31": "26.96970", "2008-09-30": "28.05500", "2008-06-30": "27.82110", "2008-03-31": "25.33680", "2007-12-31": "26.14050", "2007-09-30": "28.51040", "2007-06-30": "27.75010", "2007-03-31": "25.84970", "2006-12-31": "25.50640", "2006-09-30": "25.16910", "2006-06-30": "26.68580", "2006-03-31": "25.86590", "2005-12-31": "13.48800", "2005-09-30": "33.57410", "2005-06-30": "33.55610", "2005-03-31": "31.38660"}, "Operating Margin": {"2020-09-30": "15.83890", "2020-06-30": "14.44810", "2020-03-31": "5.02900", "2019-12-31": "21.65220", "2019-09-30": "15.18060", "2019-06-30": "19.45230", "2019-03-31": "11.98280", "2018-12-31": "13.82330", "2018-09-30": "14.09440", "2018-06-30": "16.59860", "2018-03-31": "6.34880", "2017-12-31": "11.62820", "2017-09-30": "14.69160", "2017-06-30": "15.91510", "2017-03-31": "7.66320", "2016-12-31": "7.59030", "2016-09-30": "15.53470", "2016-06-30": "15.76730", "2016-03-31": "6.11020", "2015-12-31": "2.45770", "2015-09-30": "13.29840", "2015-06-30": "13.18890", "2015-03-31": "3.93700", "2014-12-31": "9.23860", "2014-09-30": "11.86560", "2014-06-30": "12.39720", "2014-03-31": "4.87490", "2013-12-31": "7.32390", "2013-09-30": "11.95850", "2013-06-30": "11.21450", "2013-03-31": "4.17420", "2012-12-31": "5.76720", "2012-09-30": "9.99140", "2012-06-30": "9.49550", "2012-03-31": "3.07620", "2011-12-31": "12.03420", "2011-09-30": "7.06440", "2011-06-30": "8.11730", "2011-03-31": "-0.19420", "2010-12-31": "23.16600", "2010-09-30": "8.13980", "2010-06-30": "9.09300", "2010-03-31": "0.07760", "2009-12-31": "2.46800", "2009-09-30": "7.69850", "2009-06-30": "7.60200", "2009-03-31": "-4.51260", "2008-12-31": "3.58390", "2008-09-30": "9.49060", "2008-06-30": "8.84350", "2008-03-31": "1.75280", "2007-12-31": "7.28940", "2007-09-30": "9.60380", "2007-06-30": "8.73490", "2007-03-31": "1.84460", "2006-12-31": "4.26080", "2006-09-30": "5.58660", "2006-06-30": "9.56660", "2006-03-31": "4.21820", "2005-12-31": "6.45270", "2005-09-30": "10.23180", "2005-06-30": "8.07790", "2005-03-31": "3.85550"}, "EBIT Margin": {"2020-09-30": "15.83890", "2020-06-30": "14.44810", "2020-03-31": "5.02900", "2019-12-31": "21.65220", "2019-09-30": "15.18060", "2019-06-30": "19.45230", "2019-03-31": "11.98280", "2018-12-31": "13.82330", "2018-09-30": "14.09440", "2018-06-30": "16.59860", "2018-03-31": "6.34880", "2017-12-31": "11.62820", "2017-09-30": "14.69160", "2017-06-30": "15.91510", "2017-03-31": "7.66320", "2016-12-31": "7.59030", "2016-09-30": "15.53470", "2016-06-30": "15.76730", "2016-03-31": "6.11020", "2015-12-31": "2.45770", "2015-09-30": "13.29840", "2015-06-30": "13.18890", "2015-03-31": "3.93700", "2014-12-31": "9.23850", "2014-09-30": "11.86560", "2014-06-30": "12.39720", "2014-03-31": "4.87490", "2013-12-31": "7.32390", "2013-09-30": "11.95850", "2013-06-30": "11.21450", "2013-03-31": "4.17420", "2012-12-31": "5.76720", "2012-09-30": "9.99140", "2012-06-30": "9.49550", "2012-03-31": "3.07620", "2011-12-31": "12.03420", "2011-09-30": "7.06440", "2011-06-30": "8.11730", "2011-03-31": "-0.19420", "2010-12-31": "23.16590", "2010-09-30": "8.13980", "2010-06-30": "9.09300", "2010-03-31": "0.07760", "2009-12-31": "2.46800", "2009-09-30": "7.69850", "2009-06-30": "7.60200", "2009-03-31": "-4.51260", "2008-12-31": "3.58390", "2008-09-30": "9.49060", "2008-06-30": "8.84350", "2008-03-31": "1.75280", "2007-12-31": "7.28940", "2007-09-30": "9.60380", "2007-06-30": "8.73490", "2007-03-31": "1.84460", "2006-12-31": "4.26080", "2006-09-30": "5.58660", "2006-06-30": "9.56660", "2006-03-31": "4.21820", "2005-12-31": "6.45270", "2005-09-30": "10.23180", "2005-06-30": "8.07790", "2005-03-31": "3.85550"}, "EBITDA Margin": {"2020-09-30": "", "2020-06-30": "", "2020-03-31": "", "2019-12-31": "", "2019-09-30": "", "2019-06-30": "", "2019-03-31": "", "2018-12-31": "", "2018-09-30": "", "2018-06-30": "", "2018-03-31": "", "2017-12-31": "", "2017-09-30": "", "2017-06-30": "", "2017-03-31": "", "2016-12-31": "", "2016-09-30": "", "2016-06-30": "", "2016-03-31": "", "2015-12-31": "", "2015-09-30": "", "2015-06-30": "", "2015-03-31": "", "2014-12-31": "", "2014-09-30": "", "2014-06-30": "", "2014-03-31": "", "2013-12-31": "", "2013-09-30": "", "2013-06-30": "", "2013-03-31": "", "2012-12-31": "", "2012-09-30": "", "2012-06-30": "", "2012-03-31": "", "2011-12-31": "", "2011-09-30": "", "2011-06-30": "", "2011-03-31": "", "2010-12-31": "", "2010-09-30": "", "2010-06-30": "", "2010-03-31": "", "2009-12-31": "", "2009-09-30": "", "2009-06-30": "", "2009-03-31": "", "2008-12-31": "", "2008-09-30": "", "2008-06-30": "", "2008-03-31": "", "2007-12-31": "", "2007-09-30": "", "2007-06-30": "", "2007-03-31": "", "2006-12-31": "", "2006-09-30": "", "2006-06-30": "", "2006-03-31": "", "2005-12-31": "", "2005-09-30": "", "2005-06-30": "", "2005-03-31": ""}, "Pre-Tax Profit Margin": {"2020-09-30": "15.09010", "2020-06-30": "13.59820", "2020-03-31": "3.66120", "2019-12-31": "15.97920", "2019-09-30": "13.91230", "2019-06-30": "12.71950", "2019-03-31": "10.50230", "2018-12-31": "12.51930", "2018-09-30": "12.98780", "2018-06-30": "15.69680", "2018-03-31": "5.27070", "2017-12-31": "10.79840", "2017-09-30": "13.96940", "2017-06-30": "15.18010", "2017-03-31": "6.73050", "2016-12-31": "6.77660", "2016-09-30": "14.84160", "2016-06-30": "15.11970", "2016-03-31": "5.29920", "2015-12-31": "1.77440", "2015-09-30": "12.77490", "2015-06-30": "12.54410", "2015-03-31": "3.10590", "2014-12-31": "8.48810", "2014-09-30": "11.42030", "2014-06-30": "12.01210", "2014-03-31": "4.40030", "2013-12-31": "6.79030", "2013-09-30": "11.52070", "2013-06-30": "10.84220", "2013-03-31": "3.65050", "2012-12-31": "5.19780", "2012-09-30": "9.44790", "2012-06-30": "8.97190", "2012-03-31": "2.31120", "2011-12-31": "11.04780", "2011-09-30": "6.55270", "2011-06-30": "7.63590", "2011-03-31": "-0.80670", "2010-12-31": "21.33170", "2010-09-30": "7.71210", "2010-06-30": "8.72610", "2010-03-31": "-0.31050", "2009-12-31": "2.19530", "2009-09-30": "7.39160", "2009-06-30": "7.33420", "2009-03-31": "-4.83980", "2008-12-31": "3.06790", "2008-09-30": "9.07390", "2008-06-30": "8.45340", "2008-03-31": "1.39960", "2007-12-31": "6.99980", "2007-09-30": "9.39990", "2007-06-30": "8.53330", "2007-03-31": "1.73090", "2006-12-31": "4.12110", "2006-09-30": "5.45920", "2006-06-30": "9.38890", "2006-03-31": "4.14400", "2005-12-31": "6.63960", "2005-09-30": "9.39080", "2005-06-30": "7.61700", "2005-03-31": "3.05580"}, "Net Profit Margin": {"2020-09-30": "12.48340", "2020-06-30": "10.62360", "2020-03-31": "1.78230", "2019-12-31": "12.88280", "2019-09-30": "11.10470", "2019-06-30": "10.07190", "2019-03-31": "8.76880", "2018-12-31": "8.95080", "2018-09-30": "10.48340", "2018-06-30": "11.70670", "2018-03-31": "4.54000", "2017-12-31": "4.84410", "2017-09-30": "9.83560", "2017-06-30": "10.48000", "2017-03-31": "5.48270", "2016-12-31": "4.51400", "2016-09-30": "10.06930", "2016-06-30": "10.86150", "2016-03-31": "3.48150", "2015-12-31": "1.34280", "2015-09-30": "8.40840", "2015-06-30": "8.18140", "2015-03-31": "2.02680", "2014-12-31": "5.48650", "2014-09-30": "7.50220", "2014-06-30": "7.69230", "2014-03-31": "2.86170", "2013-12-31": "4.69580", "2013-09-30": "7.40780", "2013-06-30": "7.04190", "2013-03-31": "1.19690", "2012-12-31": "3.21210", "2012-09-30": "3.63100", "2012-06-30": "5.31890", "2012-03-31": "-0.99280", "2011-12-31": "3.66070", "2011-09-30": "4.21870", "2011-06-30": "4.92290", "2011-03-31": "-1.07560", "2010-12-31": "11.04470", "2010-09-30": "5.10880", "2010-06-30": "5.53840", "2010-03-31": "-0.24840", "2009-12-31": "0.88630", "2009-09-30": "4.13610", "2009-06-30": "4.04340", "2009-03-31": "-3.11750", "2008-12-31": "1.45030", "2008-09-30": "5.71930", "2008-06-30": "5.12200", "2008-03-31": "0.82410", "2007-12-31": "4.69470", "2007-09-30": "5.94290", "2007-06-30": "5.78810", "2007-03-31": "1.08650", "2006-12-31": "4.78460", "2006-09-30": "3.48920", "2006-06-30": "6.74300", "2006-03-31": "2.59770", "2005-12-31": "4.59490", "2005-09-30": "5.94070", "2005-06-30": "4.75920", "2005-03-31": "1.78490"}, "Asset Turnover": {"2020-09-30": "0.53250", "2020-06-30": "0.44310", "2020-03-31": "0.34010", "2019-12-31": "0.43490", "2019-09-30": "0.46640", "2019-06-30": "0.46960", "2019-03-31": "0.37530", "2018-12-31": "0.46420", "2018-09-30": "0.53910", "2018-06-30": "0.55990", "2018-03-31": "0.40020", "2017-12-31": "0.47150", "2017-09-30": "0.51190", "2017-06-30": "0.51360", "2017-03-31": "0.40670", "2016-12-31": "0.50970", "2016-09-30": "0.52420", "2016-06-30": "0.50350", "2016-03-31": "0.38430", "2015-12-31": "0.49730", "2015-09-30": "0.50760", "2015-06-30": "0.48980", "2015-03-31": "0.36490", "2014-12-31": "0.46070", "2014-09-30": "0.47880", "2014-06-30": "0.48760", "2014-03-31": "0.38900", "2013-12-31": "0.46080", "2013-09-30": "0.49440", "2013-06-30": "0.49370", "2013-03-31": "0.38990", "2012-12-31": "0.40480", "2012-09-30": "0.45150", "2012-06-30": "0.44510", "2012-03-31": "0.34320", "2011-12-31": "0.26750", "2011-09-30": "0.43680", "2011-06-30": "0.45270", "2011-03-31": "0.35220", "2010-12-31": "0.14820", "2010-09-30": "0.48210", "2010-06-30": "0.52310", "2010-03-31": "0.40490", "2009-12-31": "0.47500", "2009-09-30": "0.47960", "2009-06-30": "0.49000", "2009-03-31": "0.36320", "2008-12-31": "0.43210", "2008-09-30": "0.51230", "2008-06-30": "0.51660", "2008-03-31": "0.40660", "2007-12-31": "0.45660", "2007-09-30": "0.53230", "2007-06-30": "0.53130", "2007-03-31": "0.44420", "2006-12-31": "0.49950", "2006-09-30": "0.54160", "2006-06-30": "0.53640", "2006-03-31": "0.45720", "2005-12-31": "0.52350", "2005-09-30": "0.53330", "2005-06-30": "0.54230", "2005-03-31": "0.45320"}, "Inventory Turnover Ratio": {"2020-09-30": "1.79030", "2020-06-30": "1.33200", "2020-03-31": "0.91220", "2019-12-31": "1.17090", "2019-09-30": "1.25510", "2019-06-30": "1.21710", "2019-03-31": "0.98100", "2018-12-31": "1.21420", "2018-09-30": "1.45220", "2018-06-30": "1.50650", "2018-03-31": "1.08920", "2017-12-31": "1.30520", "2017-09-30": "1.39120", "2017-06-30": "1.41300", "2017-03-31": "1.11420", "2016-12-31": "1.50440", "2016-09-30": "1.47620", "2016-06-30": "1.39250", "2016-03-31": "1.02610", "2015-12-31": "1.44820", "2015-09-30": "1.39590", "2015-06-30": "1.31140", "2015-03-31": "0.98070", "2014-12-31": "1.26790", "2014-09-30": "1.29870", "2014-06-30": "1.35580", "2014-03-31": "1.07550", "2013-12-31": "1.43030", "2013-09-30": "1.46650", "2013-06-30": "1.40470", "2013-03-31": "1.09070", "2012-12-31": "1.37810", "2012-09-30": "1.51810", "2012-06-30": "1.47980", "2012-03-31": "1.17820", "2011-12-31": "1.19970", "2011-09-30": "1.55870", "2011-06-30": "1.45600", "2011-03-31": "1.11450", "2010-12-31": "0.77360", "2010-09-30": "1.68360", "2010-06-30": "1.79490", "2010-03-31": "1.43930", "2009-12-31": "2.12830", "2009-09-30": "1.92170", "2009-06-30": "2.07260", "2009-03-31": "1.37870", "2008-12-31": "1.76150", "2008-09-30": "1.95580", "2008-06-30": "1.96170", "2008-03-31": "1.50410", "2007-12-31": "1.88190", "2007-09-30": "2.05240", "2007-06-30": "1.99180", "2007-03-31": "1.47430", "2006-12-31": "2.09460", "2006-09-30": "2.19330", "2006-06-30": "2.13150", "2006-03-31": "1.74880", "2005-12-31": "3.24670", "2005-09-30": "2.42560", "2005-06-30": "2.23920", "2005-03-31": "1.74220"}, "Receiveable Turnover": {"2020-09-30": "1.94400", "2020-06-30": "1.50800", "2020-03-31": "1.46900", "2019-12-31": "1.85200", "2019-09-30": "1.66010", "2019-06-30": "1.52910", "2019-03-31": "1.57240", "2018-12-31": "1.78440", "2018-09-30": "1.77350", "2018-06-30": "1.58560", "2018-03-31": "1.57960", "2017-12-31": "1.76070", "2017-09-30": "1.75940", "2017-06-30": "1.59750", "2017-03-31": "1.54540", "2016-12-31": "1.90970", "2016-09-30": "1.77070", "2016-06-30": "1.58380", "2016-03-31": "1.52240", "2015-12-31": "1.97280", "2015-09-30": "1.77610", "2015-06-30": "1.62890", "2015-03-31": "1.52600", "2014-12-31": "1.92900", "2014-09-30": "1.79140", "2014-06-30": "1.66640", "2014-03-31": "1.57260", "2013-12-31": "1.83680", "2013-09-30": "1.77430", "2013-06-30": "1.68380", "2013-03-31": "1.64230", "2012-12-31": "1.83420", "2012-09-30": "1.79810", "2012-06-30": "1.63760", "2012-03-31": "1.55660", "2011-12-31": "1.17880", "2011-09-30": "1.67550", "2011-06-30": "1.73980", "2011-03-31": "1.65450", "2010-12-31": "0.65180", "2010-09-30": "1.90630", "2010-06-30": "1.90410", "2010-03-31": "1.84290", "2009-12-31": "2.05430", "2009-09-30": "1.93520", "2009-06-30": "1.81730", "2009-03-31": "1.73570", "2008-12-31": "1.97330", "2008-09-30": "1.73710", "2008-06-30": "1.65310", "2008-03-31": "1.55770", "2007-12-31": "1.68410", "2007-09-30": "1.63250", "2007-06-30": "1.63500", "2007-03-31": "1.57580", "2006-12-31": "1.70910", "2006-09-30": "1.69290", "2006-06-30": "1.65780", "2006-03-31": "1.63210", "2005-12-31": "1.78930", "2005-09-30": "1.63460", "2005-06-30": "1.60140", "2005-03-31": "1.55550"}, "Days Sales In Receivables": {"2020-09-30": "46.29670", "2020-06-30": "59.68130", "2020-03-31": "61.26420", "2019-12-31": "48.59530", "2019-09-30": "54.21440", "2019-06-30": "58.85910", "2019-03-31": "57.23650", "2018-12-31": "50.43630", "2018-09-30": "50.74840", "2018-06-30": "56.76110", "2018-03-31": "56.97770", "2017-12-31": "51.11570", "2017-09-30": "51.15370", "2017-06-30": "56.33880", "2017-03-31": "58.23800", "2016-12-31": "47.12660", "2016-09-30": "50.82770", "2016-06-30": "56.82400", "2016-03-31": "59.11910", "2015-12-31": "45.62040", "2015-09-30": "50.67330", "2015-06-30": "55.25140", "2015-03-31": "58.97640", "2014-12-31": "46.65520", "2014-09-30": "50.23930", "2014-06-30": "54.00750", "2014-03-31": "57.23040", "2013-12-31": "48.99810", "2013-09-30": "50.72350", "2013-06-30": "53.45200", "2013-03-31": "54.80250", "2012-12-31": "49.06700", "2012-09-30": "50.05190", "2012-06-30": "54.95950", "2012-03-31": "57.81740", "2011-12-31": "76.34810", "2011-09-30": "53.71690", "2011-06-30": "51.72960", "2011-03-31": "54.39800", "2010-12-31": "138.08610", "2010-09-30": "47.21100", "2010-06-30": "47.26520", "2010-03-31": "48.83560", "2009-12-31": "43.80970", "2009-09-30": "46.50700", "2009-06-30": "49.52300", "2009-03-31": "51.85150", "2008-12-31": "45.60870", "2008-09-30": "51.81170", "2008-06-30": "54.44480", "2008-03-31": "57.77890", "2007-12-31": "53.43950", "2007-09-30": "55.12920", "2007-06-30": "55.04700", "2007-03-31": "57.11560", "2006-12-31": "52.65890", "2006-09-30": "53.16380", "2006-06-30": "54.28970", "2006-03-31": "55.14230", "2005-12-31": "50.29790", "2005-09-30": "55.05770", "2005-06-30": "56.20070", "2005-03-31": "57.85810"}, "ROE - Return On Equity": {"2020-09-30": "-113.82880", "2020-06-30": "-43.94930", "2020-03-31": "-3.92710", "2019-12-31": "-66.80380", "2019-09-30": "-41.36310", "2019-06-30": "-51.03450", "2019-03-31": "-33.88670", "2018-12-31": "-50.26740", "2018-09-30": "-124.42370", "2018-06-30": "-77.24750", "2018-03-31": "-36.93960", "2017-12-31": "86.22750", "2017-09-30": "319.99900", "2017-06-30": "1098.11800", "2017-03-31": "-4350.42500", "2016-12-31": "107.36790", "2016-09-30": "420.24710", "2016-06-30": "354.14180", "2016-03-31": "-33.97010", "2015-12-31": "11.12200", "2015-09-30": "82.35900", "2015-06-30": "144.93760", "2015-03-31": "-86.41990", "2014-12-31": "512.22090", "2014-09-30": "13.45430", "2014-06-30": "14.40160", "2014-03-31": "4.04800", "2013-12-31": "7.00020", "2013-09-30": "13.64580", "2013-06-30": "14.37840", "2013-03-31": "3.49560", "2012-12-31": "5.31810", "2012-09-30": "9.75660", "2012-06-30": "10.05080", "2012-03-31": "1.94640", "2011-12-31": "7.26810", "2011-09-30": "6.99820", "2011-06-30": "7.67050", "2011-03-31": "-0.61790", "2010-12-31": "6.20650", "2010-09-30": "7.52780", "2010-06-30": "9.31880", "2010-03-31": "-0.22790", "2009-12-31": "1.63800", "2009-09-30": "5.83550", "2009-06-30": "7.08370", "2009-03-31": "-4.09720", "2008-12-31": "2.37680", "2008-09-30": "9.05340", "2008-06-30": "8.61260", "2008-03-31": "1.00150", "2007-12-31": "4.40320", "2007-09-30": "7.03690", "2007-06-30": "6.76620", "2007-03-31": "1.03370", "2006-12-31": "5.20890", "2006-09-30": "4.33300", "2006-06-30": "7.96320", "2006-03-31": "2.57160", "2005-12-31": "5.28700", "2005-09-30": "8.66070", "2005-06-30": "8.27850", "2005-03-31": "2.85180"}, "Return On Tangible Equity": {"2020-09-30": "-43.55160", "2020-06-30": "-24.21760", "2020-03-31": "-2.47620", "2019-12-31": "-31.87550", "2019-09-30": "-24.73580", "2019-06-30": "-27.46850", "2019-03-31": "-17.73580", "2018-12-31": "-22.36760", "2018-09-30": "-39.45930", "2018-06-30": "-37.92910", "2018-03-31": "-12.93960", "2017-12-31": "-28.72340", "2017-09-30": "-61.86790", "2017-06-30": "-61.78350", "2017-03-31": "-21.90330", "2016-12-31": "-25.97070", "2016-09-30": "-58.34770", "2016-06-30": "-66.54690", "2016-03-31": "-9.21200", "2015-12-31": "-12.08560", "2015-09-30": "-78.49460", "2015-06-30": "-55.06080", "2015-03-31": "-6.34350", "2014-12-31": "-23.00400", "2014-09-30": "23.47010", "2014-06-30": "25.00840", "2014-03-31": "7.29740", "2013-12-31": "12.64410", "2013-09-30": "24.98100", "2013-06-30": "28.00520", "2013-03-31": "6.91160", "2012-12-31": "9.65390", "2012-09-30": "17.39590", "2012-06-30": "26.01160", "2012-03-31": "5.56220", "2011-12-31": "13.90030", "2011-09-30": "18.20550", "2011-06-30": "16.75750", "2011-03-31": "-1.42800", "2010-12-31": "11.51310", "2010-09-30": "14.49830", "2010-06-30": "18.11760", "2010-03-31": "-0.41990", "2009-12-31": "2.85300", "2009-09-30": "10.38840", "2009-06-30": "13.63460", "2009-03-31": "-8.73640", "2008-12-31": "4.81660", "2008-09-30": "15.69750", "2008-06-30": "15.64690", "2008-03-31": "1.65640", "2007-12-31": "6.52370", "2007-09-30": "10.07740", "2007-06-30": "9.43810", "2007-03-31": "1.45810", "2006-12-31": "7.42120", "2006-09-30": "6.04210", "2006-06-30": "10.92280", "2006-03-31": "3.55810", "2005-12-31": "7.36200", "2005-09-30": "13.44600", "2005-06-30": "14.70590", "2005-03-31": "5.34590"}, "ROA - Return On Assets": {"2020-09-30": "6.64750", "2020-06-30": "4.73570", "2020-03-31": "0.58730", "2019-12-31": "5.58750", "2019-09-30": "5.17880", "2019-06-30": "4.74280", "2019-03-31": "3.29580", "2018-12-31": "4.13820", "2018-09-30": "5.65210", "2018-06-30": "6.63050", "2018-03-31": "1.81680", "2017-12-31": "2.28390", "2017-09-30": "5.05910", "2017-06-30": "5.42460", "2017-03-31": "2.23010", "2016-12-31": "2.31780", "2016-09-30": "5.27870", "2016-06-30": "5.49350", "2016-03-31": "1.33800", "2015-12-31": "0.67370", "2015-09-30": "4.26790", "2015-06-30": "4.02700", "2015-03-31": "0.74490", "2014-12-31": "2.61290", "2014-09-30": "3.59710", "2014-06-30": "3.78660", "2014-03-31": "1.11320", "2013-12-31": "2.09010", "2013-09-30": "3.74780", "2013-06-30": "3.47640", "2013-03-31": "0.92180", "2012-12-31": "1.56630", "2012-09-30": "2.77110", "2012-06-30": "2.62150", "2012-03-31": "0.51960", "2011-12-31": "1.99330", "2011-09-30": "1.90260", "2011-06-30": "2.28330", "2011-03-31": "-0.18420", "2010-12-31": "2.16310", "2010-09-30": "2.46860", "2010-06-30": "2.92110", "2010-03-31": "-0.08170", "2009-12-31": "0.64120", "2009-09-30": "2.15670", "2009-06-30": "2.24380", "2009-03-31": "-1.10720", "2008-12-31": "0.65680", "2008-09-30": "2.92450", "2008-06-30": "2.65650", "2008-03-31": "0.35630", "2007-12-31": "1.96190", "2007-09-30": "3.16310", "2007-06-30": "3.07530", "2007-03-31": "0.48270", "2006-12-31": "2.43630", "2006-09-30": "1.88970", "2006-06-30": "3.61720", "2006-03-31": "1.18760", "2005-12-31": "2.41710", "2005-09-30": "3.15680", "2005-06-30": "2.59340", "2005-03-31": "0.88020"}, "ROI - Return On Investment": {"2020-09-30": "14.78280", "2020-06-30": "12.29380", "2020-03-31": "1.43410", "2019-12-31": "16.74270", "2019-09-30": "14.71460", "2019-06-30": "11.82990", "2019-03-31": "8.12460", "2018-12-31": "12.72640", "2018-09-30": "10.62160", "2018-06-30": "12.22340", "2018-03-31": "3.27940", "2017-12-31": "4.23280", "2017-09-30": "12.86810", "2017-06-30": "12.47320", "2017-03-31": "6.27800", "2016-12-31": "6.24140", "2016-09-30": "18.94910", "2016-06-30": "17.09720", "2016-03-31": "3.06950", "2015-12-31": "1.85980", "2015-09-30": "10.48990", "2015-06-30": "9.38470", "2015-03-31": "1.64170", "2014-12-31": "6.73980", "2014-09-30": "7.78190", "2014-06-30": "7.95480", "2014-03-31": "2.24710", "2013-12-31": "4.72940", "2013-09-30": "8.79210", "2013-06-30": "7.49420", "2013-03-31": "1.67760", "2012-12-31": "3.12020", "2012-09-30": "5.18250", "2012-06-30": "4.91710", "2012-03-31": "0.94010", "2011-12-31": "3.66620", "2011-09-30": "3.50970", "2011-06-30": "3.93410", "2011-03-31": "-0.33180", "2010-12-31": "4.03660", "2010-09-30": "4.56080", "2010-06-30": "5.58360", "2010-03-31": "-0.15170", "2009-12-31": "1.24030", "2009-09-30": "4.57010", "2009-06-30": "4.58080", "2009-03-31": "-2.13660", "2008-12-31": "1.24960", "2008-09-30": "5.53420", "2008-06-30": "4.91680", "2008-03-31": "0.65130", "2007-12-31": "3.65050", "2007-09-30": "6.34130", "2007-06-30": "5.72650", "2007-03-31": "0.89180", "2006-12-31": "4.64940", "2006-09-30": "3.82920", "2006-06-30": "6.97860", "2006-03-31": "2.27130", "2005-12-31": "4.65430", "2005-09-30": "7.28890", "2005-06-30": "5.42980", "2005-03-31": "1.82310"}, "Book Value Per Share": {"2020-09-30": "-3.02200", "2020-06-30": "-5.98420", "2020-03-31": "-8.32120", "2019-12-31": "-4.41000", "2019-09-30": "-7.19740", "2019-06-30": "-5.57320", "2019-03-31": "-5.17680", "2018-12-31": "-3.75330", "2018-09-30": "-2.15500", "2018-06-30": "-4.47700", "2018-03-31": "-2.48320", "2017-12-31": "1.19830", "2017-09-30": "0.77810", "2017-06-30": "0.25130", "2017-03-31": "-0.02340", "2016-12-31": "0.88420", "2016-09-30": "0.56220", "2016-06-30": "0.71920", "2016-03-31": "-1.68120", "2015-12-31": "2.27400", "2015-09-30": "2.16430", "2015-06-30": "1.25050", "2015-03-31": "-0.36010", "2014-12-31": "0.20160", "2014-09-30": "10.44470", "2014-06-30": "10.62800", "2014-03-31": "10.00410", "2013-12-31": "9.89150", "2013-09-30": "9.72650", "2013-06-30": "8.95850", "2013-03-31": "8.97090", "2012-12-31": "9.92000", "2012-09-30": "10.13030", "2012-06-30": "9.65420", "2012-03-31": "9.37560", "2011-12-31": "9.20070", "2011-09-30": "9.67240", "2011-06-30": "11.31420", "2011-03-31": "10.62270", "2010-12-31": "10.98220", "2010-09-30": "10.41660", "2010-06-30": "9.60010", "2010-03-31": "10.23120", "2009-12-31": "10.74010", "2009-09-30": "10.31800", "2009-06-30": "9.13280", "2009-03-31": "7.80110", "2008-12-31": "8.17370", "2008-09-30": "10.93390", "2008-06-30": "10.82400", "2008-03-31": "11.40080", "2007-12-31": "13.02920", "2007-09-30": "13.49570", "2007-06-30": "13.17290", "2007-03-31": "12.18940", "2006-12-31": "11.97810", "2006-09-30": "12.11390", "2006-06-30": "12.11490", "2006-03-31": "11.38420", "2005-12-31": "11.18320", "2005-09-30": "9.73300", "2005-06-30": "7.85230", "2005-03-31": "7.46330"}, "Operating Cash Flow Per Share": {"2020-09-30": 11.3903, "2020-06-30": 2.7223, "2020-03-31": "-2.55300", "2019-12-31": 6.861, "2019-09-30": 6.0024, "2019-06-30": 0.7061, "2019-03-31": "-3.51620", "2018-12-31": 6.373, "2018-09-30": 6.5346, "2018-06-30": 1.1318, "2018-03-31": "-1.98340", "2017-12-31": 4.5533, "2017-09-30": 4.1684, "2017-06-30": 1.3477, "2017-03-31": "-2.47360", "2016-12-31": 5.5938, "2016-09-30": 3.4776, "2016-06-30": 1.6992, "2016-03-31": "-2.27290", "2015-12-31": 5.4101, "2015-09-30": 3.4912, "2015-06-30": 1.5388, "2015-03-31": "-2.68570", "2014-12-31": 3.3229, "2014-09-30": 1.9594, "2014-06-30": 1.0252, "2014-03-31": "-2.50500", "2013-12-31": 2.869, "2013-09-30": 3.0219, "2013-06-30": 0.9574, "2013-03-31": "-2.69220", "2012-12-31": 3.052, "2012-09-30": 1.4608, "2012-06-30": 0.4685, "2012-03-31": "-0.67390", "2011-12-31": 1.4687, "2011-09-30": 2.5808, "2011-06-30": 0.1443, "2011-03-31": "-2.76680", "2010-12-31": 2.537, "2010-09-30": 1.2545, "2010-06-30": 0.2578, "2010-03-31": "-0.71960", "2009-12-31": 0.2485, "2009-09-30": 2.2745, "2009-06-30": 1.1658, "2009-03-31": "0.29530", "2008-12-31": 0.6898, "2008-09-30": 2.0457, "2008-06-30": 0.9268, "2008-03-31": "-0.51990", "2007-12-31": 1.8737, "2007-09-30": 1.6575, "2007-06-30": 0.9848, "2007-03-31": "-1.05920", "2006-12-31": 1.5674, "2006-09-30": 1.6326, "2006-06-30": 0.1977, "2006-03-31": "-0.66710", "2005-12-31": 1.0209, "2005-09-30": 1.1756, "2005-06-30": 0.4094, "2005-03-31": "0.49720"}, "Free Cash Flow Per Share": {"2020-09-30": 11.0852, "2020-06-30": 2.2329, "2020-03-31": "-3.18860", "2019-12-31": 6.1574, "2019-09-30": 5.393, "2019-06-30": 0.2921, "2019-03-31": "-4.43640", "2018-12-31": 5.5529, "2018-09-30": 6.0943, "2018-06-30": 0.6151, "2018-03-31": "-2.52020", "2017-12-31": 3.6834, "2017-09-30": 3.7532, "2017-06-30": 0.9108, "2017-03-31": "-3.04370", "2016-12-31": 5.0418, "2016-09-30": 3.0639, "2016-06-30": 1.2861, "2016-03-31": "-2.80540", "2015-12-31": 4.9101, "2015-09-30": 3.1842, "2015-06-30": 1.2107, "2015-03-31": "-3.08130", "2014-12-31": 2.745, "2014-09-30": 1.5717, "2014-06-30": 0.5412, "2014-03-31": "-2.85170", "2013-12-31": 2.1789, "2013-09-30": 2.6717, "2013-06-30": 0.7349, "2013-03-31": "-2.92940", "2012-12-31": 2.6212, "2012-09-30": 1.2328, "2012-06-30": 0.2803, "2012-03-31": "-0.80160", "2011-12-31": 1.1819, "2011-09-30": 2.4109, "2011-06-30": -0.0363, "2011-03-31": "-2.90110", "2010-12-31": 2.31, "2010-09-30": 1.059, "2010-06-30": 0.1008, "2010-03-31": "-0.91070", "2009-12-31": -0.2018, "2009-09-30": 2.0746, "2009-06-30": 0.9652, "2009-03-31": "0.11780", "2008-12-31": 0.3872, "2008-09-30": 1.7636, "2008-06-30": 0.6974, "2008-03-31": "-0.67150", "2007-12-31": 1.5041, "2007-09-30": 1.374, "2007-06-30": 0.7762, "2007-03-31": "-1.19750", "2006-12-31": 1.2694, "2006-09-30": 1.3714, "2006-06-30": -0.0262, "2006-03-31": "-0.85410", "2005-12-31": 0.7227, "2005-09-30": 0.998, "2005-06-30": 0.2222, "2005-03-31": "0.31080"}}, "revenue": {"Lennox Annual Revenue (Millions of US $)": {"2020": "$3,634", "2019": "$3,807", "2018": "$3,884", "2017": "$3,840", "2016": "$3,642", "2015": "$3,467", "2014": "$3,367", "2013": "$3,199", "2012": "$2,949", "2011": "$2,841", "2010": "$2,585", "2009": "$2,848", "2008": "$3,441", "2007": "$3,692", "2006": "$3,701", "2005": "$3,405"}, "Lennox Quarterly Revenue (Millions of US $)": {"2020-12-31": "$914", "2020-09-30": "$1,055", "2020-06-30": "$941", "2020-03-31": "$724", "2019-12-31": "$885", "2019-09-30": "$1,033", "2019-06-30": "$1,099", "2019-03-31": "$790", "2018-12-31": "$844", "2018-09-30": "$1,030", "2018-06-30": "$1,175", "2018-03-31": "$835", "2017-12-31": "$892", "2017-09-30": "$1,052", "2017-06-30": "$1,102", "2017-03-31": "$793", "2016-12-31": "$897", "2016-09-30": "$1,010", "2016-06-30": "$1,019", "2016-03-31": "$715", "2015-12-31": "$834", "2015-09-30": "$955", "2015-06-30": "$993", "2015-03-31": "$686", "2014-12-31": "$813", "2014-09-30": "$898", "2014-06-30": "$961", "2014-03-31": "$695", "2013-12-31": "$750", "2013-09-30": "$868", "2013-06-30": "$913", "2013-03-31": "$668", "2012-12-31": "$685", "2012-09-30": "$810", "2012-06-30": "$840", "2012-03-31": "$614", "2011-12-31": "$456", "2011-09-30": "$801", "2011-06-30": "$914", "2011-03-31": "$669", "2010-12-31": "$251", "2010-09-30": "$818", "2010-06-30": "$872", "2010-03-31": "$644", "2009-12-31": "$733", "2009-09-30": "$750", "2009-06-30": "$784", "2009-03-31": "$581", "2008-12-31": "$717", "2008-09-30": "$960", "2008-06-30": "$1,000", "2008-03-31": "$765", "2007-12-31": "$829", "2007-09-30": "$1,030", "2007-06-30": "$1,042", "2007-03-31": "$792", "2006-12-31": "$859", "2006-09-30": "$1,020", "2006-06-30": "$1,013", "2006-03-31": "$808", "2005-12-31": "$910", "2005-09-30": "$928", "2005-06-30": "$868", "2005-03-31": "$700"}}, "gross-profit": {"Lennox Annual Gross Profit (Millions of US $)": {"2020": "$1,040", "2019": "$1,080", "2018": "$1,111", "2017": "$1,125", "2016": "$1,077", "2015": "$947", "2014": "$903", "2013": "$861", "2012": "$722", "2011": "$670", "2010": "$701", "2009": "$788", "2008": "$935", "2007": "$1,004", "2006": "$955", "2005": "$945"}, "Lennox Quarterly Gross Profit (Millions of US $)": {"2020-12-31": "$275", "2020-09-30": "$323", "2020-06-30": "$276", "2020-03-31": "$166", "2019-12-31": "$248", "2019-09-30": "$298", "2019-06-30": "$332", "2019-03-31": "$202", "2018-12-31": "$225", "2018-09-30": "$302", "2018-06-30": "$362", "2018-03-31": "$223", "2017-12-31": "$260", "2017-09-30": "$314", "2017-06-30": "$341", "2017-03-31": "$211", "2016-12-31": "$268", "2016-09-30": "$310", "2016-06-30": "$315", "2016-03-31": "$184", "2015-12-31": "$228", "2015-09-30": "$273", "2015-06-30": "$283", "2015-03-31": "$163", "2014-12-31": "$226", "2014-09-30": "$247", "2014-06-30": "$263", "2014-03-31": "$168", "2013-12-31": "$208", "2013-09-30": "$237", "2013-06-30": "$254", "2013-03-31": "$162", "2012-12-31": "$168", "2012-09-30": "$205", "2012-06-30": "$208", "2012-03-31": "$141", "2011-12-31": "$75", "2011-09-30": "$187", "2011-06-30": "$244", "2011-03-31": "$164", "2010-12-31": "$29", "2010-09-30": "$233", "2010-06-30": "$265", "2010-03-31": "$174", "2009-12-31": "$201", "2009-09-30": "$222", "2009-06-30": "$228", "2009-03-31": "$138", "2008-12-31": "$193", "2008-09-30": "$269", "2008-06-30": "$278", "2008-03-31": "$194", "2007-12-31": "$217", "2007-09-30": "$294", "2007-06-30": "$289", "2007-03-31": "$205", "2006-12-31": "$219", "2006-09-30": "$257", "2006-06-30": "$270", "2006-03-31": "$209", "2005-12-31": "$123", "2005-09-30": "$311", "2005-06-30": "$291", "2005-03-31": "$220"}}, "operating-income": {"Lennox Annual Operating Income (Millions of US $)": {"2020": "$479", "2019": "$657", "2018": "$510", "2017": "$495", "2016": "$429", "2015": "$305", "2014": "$335", "2013": "$289", "2012": "$219", "2011": "$184", "2010": "$205", "2009": "$109", "2008": "$219", "2007": "$265", "2006": "$225", "2005": "$251"}, "Lennox Quarterly Operating Income (Millions of US $)": {"2020-12-31": "$139", "2020-09-30": "$167", "2020-06-30": "$136", "2020-03-31": "$36", "2019-12-31": "$192", "2019-09-30": "$157", "2019-06-30": "$214", "2019-03-31": "$95", "2018-12-31": "$117", "2018-09-30": "$145", "2018-06-30": "$195", "2018-03-31": "$53", "2017-12-31": "$104", "2017-09-30": "$155", "2017-06-30": "$175", "2017-03-31": "$61", "2016-12-31": "$68", "2016-09-30": "$157", "2016-06-30": "$161", "2016-03-31": "$44", "2015-12-31": "$21", "2015-09-30": "$127", "2015-06-30": "$131", "2015-03-31": "$27", "2014-12-31": "$75", "2014-09-30": "$107", "2014-06-30": "$119", "2014-03-31": "$34", "2013-12-31": "$55", "2013-09-30": "$104", "2013-06-30": "$102", "2013-03-31": "$28", "2012-12-31": "$40", "2012-09-30": "$81", "2012-06-30": "$80", "2012-03-31": "$19", "2011-12-31": "$55", "2011-09-30": "$57", "2011-06-30": "$74", "2011-03-31": "$-1", "2010-12-31": "$58", "2010-09-30": "$67", "2010-06-30": "$79", "2010-03-31": "$1", "2009-12-31": "$18", "2009-09-30": "$58", "2009-06-30": "$60", "2009-03-31": "$-26", "2008-12-31": "$26", "2008-09-30": "$91", "2008-06-30": "$88", "2008-03-31": "$13", "2007-12-31": "$60", "2007-09-30": "$99", "2007-06-30": "$91", "2007-03-31": "$15", "2006-12-31": "$37", "2006-09-30": "$57", "2006-06-30": "$97", "2006-03-31": "$34", "2005-12-31": "$59", "2005-09-30": "$95", "2005-06-30": "$70", "2005-03-31": "$27"}}, "ebitda": {"Lennox Annual EBITDA (Millions of US $)": {"2019": "$728", "2018": "$576", "2017": "$559", "2016": "$488", "2015": "$368", "2014": "$396", "2013": "$348", "2012": "$275", "2011": "$241", "2010": "$253", "2009": "$162", "2008": "$269", "2007": "$314", "2006": "$269", "2005": "$288"}, "Lennox Quarterly EBITDA (Millions of US $)": {"2020-09-30": "$185", "2020-06-30": "$155", "2020-03-31": "$55", "2019-12-31": "$210", "2019-09-30": "$175", "2019-06-30": "$231", "2019-03-31": "$113", "2018-12-31": "$133", "2018-09-30": "$162", "2018-06-30": "$211", "2018-03-31": "$70", "2017-12-31": "$120", "2017-09-30": "$171", "2017-06-30": "$192", "2017-03-31": "$77", "2016-12-31": "$83", "2016-09-30": "$172", "2016-06-30": "$175", "2016-03-31": "$58", "2015-12-31": "$37", "2015-09-30": "$143", "2015-06-30": "$146", "2015-03-31": "$43", "2014-12-31": "$91", "2014-09-30": "$122", "2014-06-30": "$134", "2014-03-31": "$49", "2013-12-31": "$71", "2013-09-30": "$118", "2013-06-30": "$117", "2013-03-31": "$42", "2012-12-31": "$54", "2012-09-30": "$95", "2012-06-30": "$93", "2012-03-31": "$33", "2011-12-31": "$69", "2011-09-30": "$70", "2011-06-30": "$89", "2011-03-31": "$13", "2010-12-31": "$67", "2010-09-30": "$80", "2010-06-30": "$93", "2010-03-31": "$13", "2009-12-31": "$32", "2009-09-30": "$71", "2009-06-30": "$73", "2009-03-31": "$-13", "2008-12-31": "$38", "2008-09-30": "$104", "2008-06-30": "$101", "2008-03-31": "$26", "2007-12-31": "$73", "2007-09-30": "$111", "2007-06-30": "$103", "2007-03-31": "$26", "2006-12-31": "$48", "2006-09-30": "$70", "2006-06-30": "$107", "2006-03-31": "$44", "2005-12-31": "$68", "2005-09-30": "$104", "2005-06-30": "$79", "2005-03-31": "$37"}}, "net-income": {"Lennox Annual Net Income (Millions of US $)": {"2020": "$356", "2019": "$409", "2018": "$359", "2017": "$306", "2016": "$278", "2015": "$187", "2014": "$206", "2013": "$172", "2012": "$90", "2011": "$88", "2010": "$116", "2009": "$51", "2008": "$123", "2007": "$169", "2006": "$166", "2005": "$151"}, "Lennox Quarterly Net Income (Millions of US $)": {"2020-12-31": "$112", "2020-09-30": "$132", "2020-06-30": "$100", "2020-03-31": "$13", "2019-12-31": "$114", "2019-09-30": "$115", "2019-06-30": "$111", "2019-03-31": "$69", "2018-12-31": "$76", "2018-09-30": "$108", "2018-06-30": "$138", "2018-03-31": "$38", "2017-12-31": "$43", "2017-09-30": "$104", "2017-06-30": "$116", "2017-03-31": "$44", "2016-12-31": "$41", "2016-09-30": "$102", "2016-06-30": "$111", "2016-03-31": "$25", "2015-12-31": "$11", "2015-09-30": "$80", "2015-06-30": "$81", "2015-03-31": "$14", "2014-12-31": "$45", "2014-09-30": "$67", "2014-06-30": "$74", "2014-03-31": "$20", "2013-12-31": "$35", "2013-09-30": "$64", "2013-06-30": "$64", "2013-03-31": "$8", "2012-12-31": "$22", "2012-09-30": "$29", "2012-06-30": "$45", "2012-03-31": "$-6", "2011-12-31": "$17", "2011-09-30": "$34", "2011-06-30": "$45", "2011-03-31": "$-7", "2010-12-31": "$28", "2010-09-30": "$42", "2010-06-30": "$48", "2010-03-31": "$-2", "2009-12-31": "$7", "2009-09-30": "$31", "2009-06-30": "$32", "2009-03-31": "$-18", "2008-12-31": "$10", "2008-09-30": "$55", "2008-06-30": "$51", "2008-03-31": "$6", "2007-12-31": "$39", "2007-09-30": "$61", "2007-06-30": "$60", "2007-03-31": "$9", "2006-12-31": "$41", "2006-09-30": "$36", "2006-06-30": "$68", "2006-03-31": "$21", "2005-12-31": "$42", "2005-09-30": "$55", "2005-06-30": "$41", "2005-03-31": "$13"}}, "eps-earnings-per-share-diluted": {"Lennox Annual EPS": {"2020": "$9.24", "2019": "$10.38", "2018": "$8.74", "2017": "$7.14", "2016": "$6.32", "2015": "$4.09", "2014": "$4.23", "2013": "$3.39", "2012": "$1.75", "2011": "$1.65", "2010": "$2.08", "2009": "$0.90", "2008": "$2.11", "2007": "$2.43", "2006": "$2.26", "2005": "$2.11"}, "Lennox Quarterly EPS": {"2020-12-31": "$2.89", "2020-09-30": "$3.42", "2020-06-30": "$2.60", "2020-03-31": "$0.33", "2019-12-31": "$2.91", "2019-09-30": "$2.94", "2019-06-30": "$2.80", "2019-03-31": "$1.73", "2018-12-31": "$1.84", "2018-09-30": "$2.65", "2018-06-30": "$3.35", "2018-03-31": "$0.90", "2017-12-31": "$1.01", "2017-09-30": "$2.44", "2017-06-30": "$2.69", "2017-03-31": "$1.00", "2016-12-31": "$0.92", "2016-09-30": "$2.33", "2016-06-30": "$2.51", "2016-03-31": "$0.56", "2015-12-31": "$0.24", "2015-09-30": "$1.76", "2015-06-30": "$1.78", "2015-03-31": "$0.31", "2014-12-31": "$0.96", "2014-09-30": "$1.38", "2014-06-30": "$1.49", "2014-03-31": "$0.40", "2013-12-31": "$0.70", "2013-09-30": "$1.27", "2013-06-30": "$1.26", "2013-03-31": "$0.16", "2012-12-31": "$0.43", "2012-09-30": "$0.57", "2012-06-30": "$0.87", "2012-03-31": "$-0.12", "2011-12-31": "$0.31", "2011-09-30": "$0.64", "2011-06-30": "$0.83", "2011-03-31": "$-0.13", "2010-12-31": "$0.49", "2010-09-30": "$0.76", "2010-06-30": "$0.86", "2010-03-31": "$-0.03", "2009-12-31": "$0.13", "2009-09-30": "$0.54", "2009-06-30": "$0.56", "2009-03-31": "$-0.33", "2008-12-31": "$0.17", "2008-09-30": "$0.96", "2008-06-30": "$0.88", "2008-03-31": "$0.10", "2007-12-31": "$0.58", "2007-09-30": "$0.88", "2007-06-30": "$0.85", "2007-03-31": "$0.12", "2006-12-31": "$0.58", "2006-09-30": "$0.49", "2006-06-30": "$0.91", "2006-03-31": "$0.28", "2005-12-31": "$0.57", "2005-09-30": "$0.76", "2005-06-30": "$0.59", "2005-03-31": "$0.19"}}, "shares-outstanding": {"Lennox Annual Shares Outstanding (Millions of Shares)": {"2020": "39", "2019": "39", "2018": "41", "2017": "43", "2016": "44", "2015": "46", "2014": "49", "2013": "51", "2012": "51", "2011": "53", "2010": "56", "2009": "57", "2008": "58", "2007": "69", "2006": "74", "2005": "74"}, "Lennox Quarterly Shares Outstanding (Millions of Shares)": {"2020-12-31": "39", "2020-09-30": "39", "2020-06-30": "38", "2020-03-31": "39", "2019-12-31": "39", "2019-09-30": "39", "2019-06-30": "40", "2019-03-31": "40", "2018-12-31": "41", "2018-09-30": "41", "2018-06-30": "41", "2018-03-31": "42", "2017-12-31": "43", "2017-09-30": "42", "2017-06-30": "43", "2017-03-31": "44", "2016-12-31": "44", "2016-09-30": "44", "2016-06-30": "44", "2016-03-31": "45", "2015-12-31": "46", "2015-09-30": "46", "2015-06-30": "46", "2015-03-31": "46", "2014-12-31": "49", "2014-09-30": "49", "2014-06-30": "50", "2014-03-31": "50", "2013-12-31": "51", "2013-09-30": "51", "2013-06-30": "51", "2013-03-31": "51", "2012-12-31": "51", "2012-09-30": "51", "2012-06-30": "52", "2012-03-31": "51", "2011-12-31": "53", "2011-09-30": "53", "2011-06-30": "54", "2011-03-31": "54", "2010-12-31": "56", "2010-09-30": "55", "2010-06-30": "56", "2010-03-31": "56", "2009-12-31": "57", "2009-09-30": "57", "2009-06-30": "57", "2009-03-31": "55", "2008-12-31": "58", "2008-09-30": "57", "2008-06-30": "58", "2008-03-31": "63", "2007-12-31": "69", "2007-09-30": "70", "2007-06-30": "71", "2007-03-31": "71", "2006-12-31": "74", "2006-09-30": "73", "2006-06-30": "75", "2006-03-31": "75", "2005-12-31": "74", "2005-09-30": "74", "2005-06-30": "73", "2005-03-31": "72"}}, "total-assets": {"Lennox Annual Total Assets (Millions of US $)": {"2019": "$2,035", "2018": "$1,817", "2017": "$1,892", "2016": "$1,760", "2015": "$1,677", "2014": "$1,764", "2013": "$1,627", "2012": "$1,692", "2011": "$1,706", "2010": "$1,692", "2009": "$1,544", "2008": "$1,660", "2007": "$1,815", "2006": "$1,720", "2005": "$1,738"}, "Lennox Quarterly Total Assets (Millions of US $)": {"2020-09-30": "$1,981", "2020-06-30": "$2,124", "2020-03-31": "$2,128", "2019-12-31": "$2,035", "2019-09-30": "$2,215", "2019-06-30": "$2,340", "2019-03-31": "$2,106", "2018-12-31": "$1,817", "2018-09-30": "$1,911", "2018-06-30": "$2,099", "2018-03-31": "$2,086", "2017-12-31": "$1,892", "2017-09-30": "$2,056", "2017-06-30": "$2,146", "2017-03-31": "$1,951", "2016-12-31": "$1,760", "2016-09-30": "$1,927", "2016-06-30": "$2,024", "2016-03-31": "$1,861", "2015-12-31": "$1,677", "2015-09-30": "$1,882", "2015-06-30": "$2,026", "2015-03-31": "$1,880", "2014-12-31": "$1,764", "2014-09-30": "$1,877", "2014-06-30": "$1,970", "2014-03-31": "$1,788", "2013-12-31": "$1,627", "2013-09-30": "$1,756", "2013-06-30": "$1,850", "2013-03-31": "$1,714", "2012-12-31": "$1,692", "2012-09-30": "$1,794", "2012-06-30": "$1,888", "2012-03-31": "$1,790", "2011-12-31": "$1,706", "2011-09-30": "$1,834", "2011-06-30": "$2,019", "2011-03-31": "$1,900", "2010-12-31": "$1,692", "2010-09-30": "$1,697", "2010-06-30": "$1,667", "2010-03-31": "$1,591", "2009-12-31": "$1,544", "2009-09-30": "$1,563", "2009-06-30": "$1,600", "2009-03-31": "$1,599", "2008-12-31": "$1,660", "2008-09-30": "$1,874", "2008-06-30": "$1,935", "2008-03-31": "$1,880", "2007-12-31": "$1,815", "2007-09-30": "$1,935", "2007-06-30": "$1,961", "2007-03-31": "$1,782", "2006-12-31": "$1,720", "2006-09-30": "$1,884", "2006-06-30": "$1,888", "2006-03-31": "$1,768", "2005-12-31": "$1,738", "2005-09-30": "$1,739", "2005-06-30": "$1,600", "2005-03-31": "$1,545"}}, "cash-on-hand": {"Lennox Annual Cash on Hand (Millions of US $)": {"2019": "$40", "2018": "$46", "2017": "$68", "2016": "$50", "2015": "$39", "2014": "$38", "2013": "$38", "2012": "$52", "2011": "$45", "2010": "$172", "2009": "$124", "2008": "$156", "2007": "$173", "2006": "$144", "2005": "$214"}, "Lennox Quarterly Cash on Hand (Millions of US $)": {"2020-09-30": "$59", "2020-06-30": "$49", "2020-03-31": "$43", "2019-12-31": "$40", "2019-09-30": "$49", "2019-06-30": "$38", "2019-03-31": "$32", "2018-12-31": "$46", "2018-09-30": "$46", "2018-06-30": "$39", "2018-03-31": "$57", "2017-12-31": "$68", "2017-09-30": "$61", "2017-06-30": "$61", "2017-03-31": "$49", "2016-12-31": "$50", "2016-09-30": "$48", "2016-06-30": "$55", "2016-03-31": "$41", "2015-12-31": "$39", "2015-09-30": "$35", "2015-06-30": "$48", "2015-03-31": "$37", "2014-12-31": "$38", "2014-09-30": "$48", "2014-06-30": "$50", "2014-03-31": "$39", "2013-12-31": "$38", "2013-09-30": "$38", "2013-06-30": "$45", "2013-03-31": "$35", "2012-12-31": "$52", "2012-09-30": "$49", "2012-06-30": "$69", "2012-03-31": "$55", "2011-12-31": "$45", "2011-09-30": "$58", "2011-06-30": "$77", "2011-03-31": "$66", "2010-12-31": "$172", "2010-09-30": "$106", "2010-06-30": "$86", "2010-03-31": "$88", "2009-12-31": "$124", "2009-09-30": "$102", "2009-06-30": "$99", "2009-03-31": "$134", "2008-12-31": "$156", "2008-09-30": "$141", "2008-06-30": "$130", "2008-03-31": "$155", "2007-12-31": "$173", "2007-09-30": "$119", "2007-06-30": "$144", "2007-03-31": "$94", "2006-12-31": "$144", "2006-09-30": "$109", "2006-06-30": "$100", "2006-03-31": "$140", "2005-12-31": "$214", "2005-09-30": "$176", "2005-06-30": "$94", "2005-03-31": "$84"}}, "long-term-debt": {"Lennox Annual Long Term Debt (Millions of US $)": {"2019": "$849", "2018": "$741", "2017": "$971", "2016": "$616", "2015": "$506", "2014": "$675", "2013": "$233", "2012": "$351", "2011": "$460", "2010": "$317", "2009": "$194", "2008": "$414", "2007": "$167", "2006": "$97", "2005": "$108"}, "Lennox Quarterly Long Term Debt (Millions of US $)": {"2020-09-30": "$1,007", "2020-06-30": "$1,047", "2020-03-31": "$1,190", "2019-12-31": "$849", "2019-09-30": "$1,057", "2019-06-30": "$1,156", "2019-03-31": "$1,059", "2018-12-31": "$741", "2018-09-30": "$1,104", "2018-06-30": "$1,319", "2018-03-31": "$1,258", "2017-12-31": "$971", "2017-09-30": "$776", "2017-06-30": "$923", "2017-03-31": "$694", "2016-12-31": "$616", "2016-09-30": "$513", "2016-06-30": "$619", "2016-03-31": "$885", "2015-12-31": "$506", "2015-09-30": "$668", "2015-06-30": "$813", "2015-03-31": "$869", "2014-12-31": "$675", "2014-09-30": "$366", "2014-06-30": "$420", "2014-03-31": "$394", "2013-12-31": "$233", "2013-09-30": "$266", "2013-06-30": "$411", "2013-03-31": "$490", "2012-12-31": "$351", "2012-09-30": "$450", "2012-06-30": "$514", "2012-03-31": "$512", "2011-12-31": "$460", "2011-09-30": "$496", "2011-06-30": "$571", "2011-03-31": "$489", "2010-12-31": "$317", "2010-09-30": "$362", "2010-06-30": "$350", "2010-03-31": "$287", "2009-12-31": "$194", "2009-09-30": "$160", "2009-06-30": "$277", "2009-03-31": "$396", "2008-12-31": "$414", "2008-09-30": "$385", "2008-06-30": "$449", "2008-03-31": "$360", "2007-12-31": "$167", "2007-09-30": "$95", "2007-06-30": "$162", "2007-03-31": "$132", "2006-12-31": "$97", "2006-09-30": "$108", "2006-06-30": "$121", "2006-03-31": "$108", "2005-12-31": "$108", "2005-09-30": "$119", "2005-06-30": "$263", "2005-03-31": "$269"}}, "total-liabilities": {"Lennox Annual Total Liabilities (Millions of US $)": {"2019": "$2,205", "2018": "$1,967", "2017": "$1,841", "2016": "$1,722", "2015": "$1,576", "2014": "$1,755", "2013": "$1,141", "2012": "$1,194", "2011": "$1,238", "2010": "$1,102", "2009": "$940", "2008": "$1,201", "2007": "$1,006", "2006": "$915", "2005": "$943"}, "Lennox Quarterly Total Liabilities (Millions of US $)": {"2020-09-30": "$2,097", "2020-06-30": "$2,353", "2020-03-31": "$2,447", "2019-12-31": "$2,205", "2019-09-30": "$2,492", "2019-06-30": "$2,558", "2019-03-31": "$2,311", "2018-12-31": "$1,967", "2018-09-30": "$1,998", "2018-06-30": "$2,280", "2018-03-31": "$2,189", "2017-12-31": "$1,841", "2017-09-30": "$2,023", "2017-06-30": "$2,135", "2017-03-31": "$1,952", "2016-12-31": "$1,722", "2016-09-30": "$1,902", "2016-06-30": "$1,993", "2016-03-31": "$1,934", "2015-12-31": "$1,576", "2015-09-30": "$1,784", "2015-06-30": "$1,970", "2015-03-31": "$1,896", "2014-12-31": "$1,755", "2014-09-30": "$1,375", "2014-06-30": "$1,452", "2014-03-31": "$1,296", "2013-12-31": "$1,141", "2013-09-30": "$1,274", "2013-06-30": "$1,402", "2013-03-31": "$1,262", "2012-12-31": "$1,194", "2012-09-30": "$1,284", "2012-06-30": "$1,396", "2012-03-31": "$1,312", "2011-12-31": "$1,238", "2011-09-30": "$1,336", "2011-06-30": "$1,418", "2011-03-31": "$1,334", "2010-12-31": "$1,102", "2010-09-30": "$1,141", "2010-06-30": "$1,145", "2010-03-31": "$1,020", "2009-12-31": "$940", "2009-09-30": "$985", "2009-06-30": "$1,093", "2009-03-31": "$1,167", "2008-12-31": "$1,201", "2008-09-30": "$1,269", "2008-06-30": "$1,338", "2008-03-31": "$1,211", "2007-12-31": "$1,006", "2007-09-30": "$1,065", "2007-06-30": "$1,070", "2007-03-31": "$950", "2006-12-31": "$915", "2006-09-30": "$1,062", "2006-06-30": "$1,031", "2006-03-31": "$952", "2005-12-31": "$943", "2005-09-30": "$1,105", "2005-06-30": "$1,099", "2005-03-31": "$1,068"}}, "total-share-holder-equity": {"Lennox Annual Share Holder Equity (Millions of US $)": {"2019": "$-170", "2018": "$-150", "2017": "$50", "2016": "$38", "2015": "$102", "2014": "$9", "2013": "$486", "2012": "$498", "2011": "$468", "2010": "$590", "2009": "$604", "2008": "$459", "2007": "$809", "2006": "$804", "2005": "$794"}, "Lennox Quarterly Share Holder Equity (Millions of US $)": {"2020-09-30": "$-116", "2020-06-30": "$-229", "2020-03-31": "$-318", "2019-12-31": "$-170", "2019-09-30": "$-277", "2019-06-30": "$-218", "2019-03-31": "$-205", "2018-12-31": "$-150", "2018-09-30": "$-87", "2018-06-30": "$-180", "2018-03-31": "$-103", "2017-12-31": "$50", "2017-09-30": "$33", "2017-06-30": "$11", "2017-03-31": "$-1", "2016-12-31": "$38", "2016-09-30": "$24", "2016-06-30": "$31", "2016-03-31": "$-73", "2015-12-31": "$102", "2015-09-30": "$98", "2015-06-30": "$56", "2015-03-31": "$-16", "2014-12-31": "$9", "2014-09-30": "$502", "2014-06-30": "$518", "2014-03-31": "$492", "2013-12-31": "$486", "2013-09-30": "$482", "2013-06-30": "$447", "2013-03-31": "$452", "2012-12-31": "$498", "2012-09-30": "$509", "2012-06-30": "$493", "2012-03-31": "$478", "2011-12-31": "$468", "2011-09-30": "$499", "2011-06-30": "$601", "2011-03-31": "$566", "2010-12-31": "$590", "2010-09-30": "$557", "2010-06-30": "$523", "2010-03-31": "$571", "2009-12-31": "$604", "2009-09-30": "$578", "2009-06-30": "$507", "2009-03-31": "$432", "2008-12-31": "$459", "2008-09-30": "$605", "2008-06-30": "$597", "2008-03-31": "$669", "2007-12-31": "$809", "2007-09-30": "$870", "2007-06-30": "$891", "2007-03-31": "$832", "2006-12-31": "$804", "2006-09-30": "$822", "2006-06-30": "$858", "2006-03-31": "$817", "2005-12-31": "$794", "2005-09-30": "$634", "2005-06-30": "$501", "2005-03-31": "$477"}}, "profit-margins": {"current": "9.8%"}, "gross margin": {"2020-12-31": "28.62%", "2020-09-30": "28.10%", "2020-06-30": "27.57%", "2020-03-31": "27.91%", "2019-12-31": "28.37%", "2019-09-30": "28.07%", "2019-06-30": "28.20%", "2019-03-31": "28.43%", "2018-12-31": "28.64%", "2018-09-30": "29.17%", "2018-06-30": "29.31%", "2018-03-31": "29.32%", "2017-12-31": "29.33%", "2017-09-30": "29.50%", "2017-06-30": "29.72%", "2017-03-31": "29.69%", "2016-12-31": "29.58%", "2016-09-30": "28.98%", "2016-06-30": "28.38%", "2016-03-31": "27.68%", "2015-12-31": "27.31%", "2015-09-30": "27.39%", "2015-06-30": "27.08%", "2015-03-31": "26.74%", "2014-12-31": "26.82%", "2014-09-30": "26.82%", "2014-06-30": "26.76%", "2014-03-31": "26.88%", "2013-12-31": "26.91%", "2013-09-30": "26.20%", "2013-06-30": "25.65%", "2013-03-31": "24.74%", "2012-12-31": "24.48%", "2012-09-30": "23.13%", "2012-06-30": "22.54%", "2012-03-31": "23.23%", "2011-12-31": "23.59%", "2011-09-30": "23.68%", "2011-06-30": "25.26%", "2011-03-31": "26.48%", "2010-12-31": "27.12%", "2010-09-30": "28.46%", "2010-06-30": "28.74%", "2010-03-31": "28.34%", "2009-12-31": "27.70%", "2009-09-30": "27.58%", "2009-06-30": "27.22%", "2009-03-31": "26.95%", "2008-12-31": "27.14%", "2008-09-30": "26.96%", "2008-06-30": "27.12%", "2008-03-31": "27.11%", "2007-12-31": "27.21%", "2007-09-30": "27.05%", "2007-06-30": "26.12%", "2007-03-31": "25.81%", "2006-12-31": "25.81%", "2006-09-30": "22.90%", "2006-06-30": "24.95%", "2006-03-31": "26.58%", "2005-12-31": "27.75%"}, "operating margin": {"2020-12-31": "13.15%", "2020-09-30": "14.73%", "2020-06-30": "14.54%", "2020-03-31": "16.01%", "2019-12-31": "17.28%", "2019-09-30": "15.48%", "2019-06-30": "15.18%", "2019-03-31": "14.38%", "2018-12-31": "13.13%", "2018-09-30": "12.64%", "2018-06-30": "12.82%", "2018-03-31": "12.55%", "2017-12-31": "12.89%", "2017-09-30": "11.94%", "2017-06-30": "12.13%", "2017-03-31": "12.02%", "2016-12-31": "11.81%", "2016-09-30": "10.68%", "2016-06-30": "9.99%", "2016-03-31": "9.21%", "2015-12-31": "8.79%", "2015-09-30": "10.44%", "2015-06-30": "10.03%", "2015-03-31": "9.77%", "2014-12-31": "9.95%", "2014-09-30": "9.53%", "2014-06-30": "9.53%", "2014-03-31": "9.14%", "2013-12-31": "9.03%", "2013-09-30": "8.71%", "2013-06-30": "8.13%", "2013-03-31": "7.59%", "2012-12-31": "7.43%", "2012-09-30": "8.64%", "2012-06-30": "7.78%", "2012-03-31": "7.36%", "2011-12-31": "6.51%", "2011-09-30": "7.13%", "2011-06-30": "7.47%", "2011-03-31": "7.78%", "2010-12-31": "7.93%", "2010-09-30": "5.38%", "2010-06-30": "5.20%", "2010-03-31": "4.71%", "2009-12-31": "3.86%", "2009-09-30": "4.17%", "2009-06-30": "4.96%", "2009-03-31": "5.49%", "2008-12-31": "6.33%", "2008-09-30": "7.09%", "2008-06-30": "7.17%", "2008-03-31": "7.17%", "2007-12-31": "7.18%", "2007-09-30": "6.50%", "2007-06-30": "5.39%", "2007-03-31": "5.59%", "2006-12-31": "6.08%", "2006-09-30": "6.58%", "2006-06-30": "7.79%", "2006-03-31": "7.34%", "2005-12-31": "7.37%"}, "ebitda margin": {"2020-09-30": "16.78%", "2020-06-30": "16.61%", "2020-03-31": "17.91%", "2019-12-31": "19.12%", "2019-09-30": "17.29%", "2019-06-30": "16.96%", "2019-03-31": "16.13%", "2018-12-31": "14.83%", "2018-09-30": "14.32%", "2018-06-30": "14.47%", "2018-03-31": "14.25%", "2017-12-31": "14.59%", "2017-09-30": "13.61%", "2017-06-30": "13.78%", "2017-03-31": "13.63%", "2016-12-31": "13.40%", "2016-09-30": "12.35%", "2016-06-30": "11.72%", "2016-03-31": "10.98%", "2015-12-31": "10.64%", "2015-09-30": "12.27%", "2015-06-30": "11.86%", "2015-03-31": "11.61%", "2014-12-31": "11.76%", "2014-09-30": "11.38%", "2014-06-30": "11.36%", "2014-03-31": "11.00%", "2013-12-31": "10.88%", "2013-09-30": "10.56%", "2013-06-30": "10.01%", "2013-03-31": "9.46%", "2012-12-31": "9.33%", "2012-09-30": "10.66%", "2012-06-30": "9.77%", "2012-03-31": "9.37%", "2011-12-31": "8.49%", "2011-09-30": "9.07%", "2011-06-30": "9.39%", "2011-03-31": "9.69%", "2010-12-31": "9.79%", "2010-09-30": "7.11%", "2010-06-30": "6.97%", "2010-03-31": "6.49%", "2009-12-31": "5.72%", "2009-09-30": "5.97%", "2009-06-30": "6.64%", "2009-03-31": "7.06%", "2008-12-31": "7.82%", "2008-09-30": "8.55%", "2008-06-30": "8.58%", "2008-03-31": "8.54%", "2007-12-31": "8.48%", "2007-09-30": "7.74%", "2007-06-30": "6.65%", "2007-03-31": "6.81%", "2006-12-31": "7.27%", "2006-09-30": "7.70%", "2006-06-30": "8.83%", "2006-03-31": "8.39%", "2005-12-31": "8.46%"}, "pre tax profit margin": {"2020-12-31": "12.25%", "2020-09-30": "12.62%", "2020-06-30": "12.28%", "2020-03-31": "12.08%", "2019-12-31": "13.34%", "2019-09-30": "12.56%", "2019-06-30": "12.31%", "2019-03-31": "13.24%", "2018-12-31": "12.08%", "2018-09-30": "11.67%", "2018-06-30": "11.94%", "2018-03-31": "11.70%", "2017-12-31": "12.06%", "2017-09-30": "11.13%", "2017-06-30": "11.34%", "2017-03-31": "11.24%", "2016-12-31": "11.07%", "2016-09-30": "9.98%", "2016-06-30": "9.34%", "2016-03-31": "8.58%", "2015-12-31": "8.16%", "2015-09-30": "9.78%", "2015-06-30": "9.38%", "2015-03-31": "9.17%", "2014-12-31": "9.44%", "2014-09-30": "9.08%", "2014-06-30": "9.07%", "2014-03-31": "8.71%", "2013-12-31": "8.57%", "2013-09-30": "8.26%", "2013-06-30": "7.67%", "2013-03-31": "7.06%", "2012-12-31": "6.85%", "2012-09-30": "7.94%", "2012-06-30": "7.08%", "2012-03-31": "6.71%", "2011-12-31": "5.92%", "2011-09-30": "6.53%", "2011-06-30": "6.86%", "2011-03-31": "7.20%", "2010-12-31": "7.39%", "2010-09-30": "4.99%", "2010-06-30": "4.83%", "2010-03-31": "4.36%", "2009-12-31": "3.55%", "2009-09-30": "3.78%", "2009-06-30": "4.57%", "2009-03-31": "5.10%", "2008-12-31": "5.96%", "2008-09-30": "6.78%", "2008-06-30": "6.93%", "2008-03-31": "6.96%", "2007-12-31": "6.99%", "2007-09-30": "6.31%", "2007-06-30": "5.22%", "2007-03-31": "5.43%", "2006-12-31": "5.95%", "2006-09-30": "6.53%", "2006-06-30": "7.54%", "2006-03-31": "7.03%", "2005-12-31": "6.87%"}, "net profit margin": {"2020-12-31": "9.82%", "2020-09-30": "9.96%", "2020-06-30": "9.55%", "2020-03-31": "9.44%", "2019-12-31": "10.74%", "2019-09-30": "9.85%", "2019-06-30": "9.68%", "2019-03-31": "10.19%", "2018-12-31": "9.27%", "2018-09-30": "8.32%", "2018-06-30": "8.17%", "2018-03-31": "7.76%", "2017-12-31": "8.00%", "2017-09-30": "7.93%", "2017-06-30": "7.97%", "2017-03-31": "8.01%", "2016-12-31": "7.66%", "2016-09-30": "6.96%", "2016-06-30": "6.44%", "2016-03-31": "5.63%", "2015-12-31": "5.36%", "2015-09-30": "6.38%", "2015-06-30": "6.11%", "2015-03-31": "5.96%", "2014-12-31": "6.12%", "2014-09-30": "5.93%", "2014-06-30": "5.89%", "2014-03-31": "5.67%", "2013-12-31": "5.35%", "2013-09-30": "5.04%", "2013-06-30": "4.00%", "2013-03-31": "3.46%", "2012-12-31": "3.05%", "2012-09-30": "3.13%", "2012-06-30": "3.32%", "2012-03-31": "3.23%", "2011-12-31": "3.13%", "2011-09-30": "3.80%", "2011-06-30": "4.07%", "2011-03-31": "4.25%", "2010-12-31": "4.49%", "2010-09-30": "3.10%", "2010-06-30": "2.80%", "2010-03-31": "2.34%", "2009-12-31": "1.83%", "2009-09-30": "1.94%", "2009-06-30": "2.60%", "2009-03-31": "3.01%", "2008-12-31": "3.54%", "2008-09-30": "4.25%", "2008-06-30": "4.33%", "2008-03-31": "4.53%", "2007-12-31": "4.58%", "2007-09-30": "4.59%", "2007-06-30": "3.93%", "2007-03-31": "4.18%", "2006-12-31": "4.49%", "2006-09-30": "4.45%", "2006-06-30": "5.08%", "2006-03-31": "4.52%", "2005-12-31": "4.43%"}, "pe ratio": {"current": "27.56", "2021-02-05": "43.19", "2020-12-31": "43.14", "2020-09-30": "29.29", "2020-06-30": "26.33", "2020-03-31": "20.02", "2019-12-31": "23.15", "2019-09-30": "25.59", "2019-06-30": "29.80", "2019-03-31": "26.93", "2018-12-31": "24.34", "2018-09-30": "26.82", "2018-06-30": "25.18", "2018-03-31": "28.02", "2017-12-31": "28.08", "2017-09-30": "24.38", "2017-06-30": "25.34", "2017-03-31": "23.64", "2016-12-31": "23.09", "2016-09-30": "26.44", "2016-06-30": "26.63", "2016-03-31": "29.40", "2015-12-31": "28.74", "2015-09-30": "22.16", "2015-06-30": "22.79", "2015-03-31": "25.21", "2014-12-31": "20.95", "2014-09-30": "17.99", "2014-06-30": "21.48", "2014-03-31": "23.10", "2013-12-31": "23.08", "2013-09-30": "22.06", "2013-06-30": "24.39", "2013-03-31": "28.49", "2012-12-31": "27.26", "2012-09-30": "26.56", "2012-06-30": "24.56", "2012-03-31": "21.64", "2011-12-31": "18.15", "2011-09-30": "12.37", "2011-06-30": "19.29", "2011-03-31": "23.10", "2010-12-31": "19.72", "2010-09-30": "21.40", "2010-06-30": "24.43", "2010-03-31": "32.55", "2009-12-31": "38.32", "2009-09-30": "32.59", "2009-06-30": "20.09", "2009-03-31": "13.36", "2008-12-31": "12.93", "2008-09-30": "11.11", "2008-06-30": "9.95", "2008-03-31": "12.46", "2007-12-31": "14.18", "2007-09-30": "11.58", "2007-06-30": "13.92", "2007-03-31": "14.46", "2006-12-31": "11.45"}, "price sales": {"2021-02-05": "2.91", "2020-12-31": "2.91", "2020-09-30": "2.92", "2020-06-30": "2.51", "2020-03-31": "1.89", "2019-12-31": "2.50", "2019-09-30": "2.53", "2019-06-30": "2.89", "2019-03-31": "2.75", "2018-12-31": "2.26", "2018-09-30": "2.25", "2018-06-30": "2.06", "2018-03-31": "2.17", "2017-12-31": "2.24", "2017-09-30": "1.93", "2017-06-30": "2.01", "2017-03-31": "1.89", "2016-12-31": "1.77", "2016-09-30": "1.86", "2016-06-30": "1.73", "2016-03-31": "1.66", "2015-12-31": "1.55", "2015-09-30": "1.43", "2015-06-30": "1.40", "2015-03-31": "1.50", "2014-12-31": "1.30", "2014-09-30": "1.07", "2014-06-30": "1.27", "2014-03-31": "1.31", "2013-12-31": "1.24", "2013-09-30": "1.12", "2013-06-30": "0.98", "2013-03-31": "0.99", "2012-12-31": "0.83", "2012-09-30": "0.83", "2012-06-30": "0.81", "2012-03-31": "0.69", "2011-12-31": "0.57", "2011-09-30": "0.47", "2011-06-30": "0.78", "2011-03-31": "0.98", "2010-12-31": "0.89", "2010-09-30": "0.66", "2010-06-30": "0.68", "2010-03-31": "0.75", "2009-12-31": "0.67", "2009-09-30": "0.62", "2009-06-30": "0.51", "2009-03-31": "0.40", "2008-12-31": "0.47", "2008-09-30": "0.48", "2008-06-30": "0.43", "2008-03-31": "0.56", "2007-12-31": "0.66", "2007-09-30": "0.54", "2007-06-30": "0.55", "2007-03-31": "0.59", "2006-12-31": "0.51"}, "price book": {"current": "0.00", "2021-02-05": "0.00", "2020-09-30": "-89.95", "2020-06-30": "-38.71", "2020-03-31": "-21.65", "2019-12-31": "-54.60", "2019-09-30": "-33.21", "2019-06-30": "-48.39", "2019-03-31": "-49.94", "2018-12-31": "-56.88", "2018-09-30": "-98.58", "2018-06-30": "-43.36", "2018-03-31": "-79.55", "2017-12-31": "167.58", "2017-09-30": "221.24", "2017-06-30": "700.87", "2017-03-31": "-6838.27", "2016-12-31": "165.27", "2016-09-30": "265.74", "2016-06-30": "188.12", "2016-03-31": "-76.06", "2015-12-31": "51.81", "2015-09-30": "49.26", "2015-06-30": "80.75", "2015-03-31": "-289.87", "2014-12-31": "439.53", "2014-09-30": "6.84", "2014-06-30": "7.80", "2014-03-31": "8.38", "2013-12-31": "7.91", "2013-09-30": "7.08", "2013-06-30": "6.59", "2013-03-31": "6.45", "2012-12-31": "4.81", "2012-09-30": "4.30", "2012-06-30": "4.35", "2012-03-31": "3.86", "2011-12-31": "3.28", "2011-09-30": "2.37", "2011-06-30": "3.36", "2011-03-31": "4.35", "2010-12-31": "3.77", "2010-09-30": "3.49", "2010-06-30": "3.77", "2010-03-31": "3.75", "2009-12-31": "3.14", "2009-09-30": "3.00", "2009-06-30": "3.01", "2009-03-31": "2.89", "2008-12-31": "3.35", "2008-09-30": "2.57", "2008-06-30": "2.25", "2008-03-31": "2.65", "2007-12-31": "2.66", "2007-09-30": "2.08", "2007-06-30": "2.15", "2007-03-31": "2.42", "2006-12-31": "2.10", "2006-09-30": "1.55", "2006-06-30": "1.78", "2006-03-31": "2.13"}, "price fcf": {"2021-02-05": "", "2020-09-30": "$16.29", "2020-06-30": "$10.59", "2020-03-31": "$8.65", "2019-12-31": "$7.41", "2019-09-30": "$6.80", "2019-06-30": "$7.50", "2019-03-31": "$7.83", "2018-12-31": "$9.74", "2018-09-30": "$7.87", "2018-06-30": "$5.53", "2018-03-31": "$5.83", "2017-12-31": "$5.30", "2017-09-30": "$6.66", "2017-06-30": "$5.97", "2017-03-31": "$6.35", "2016-12-31": "$6.59", "2016-09-30": "$6.45", "2016-06-30": "$6.58", "2016-03-31": "$6.50", "2015-12-31": "$6.22", "2015-09-30": "$4.06", "2015-06-30": "$2.45", "2015-03-31": "$1.78", "2014-12-31": "$2.01", "2014-09-30": "$1.44", "2014-06-30": "$2.54", "2014-03-31": "$2.73", "2013-12-31": "$2.66", "2013-09-30": "$3.10", "2013-06-30": "$1.66", "2013-03-31": "$1.20", "2012-12-31": "$3.33", "2012-09-30": "$1.89", "2012-06-30": "$3.07", "2012-03-31": "$2.75", "2011-12-31": "$0.66", "2011-09-30": "$1.78", "2011-06-30": "$0.43", "2011-03-31": "$0.57", "2010-12-31": "$2.56", "2010-09-30": "$0.05", "2010-06-30": "$1.06", "2010-03-31": "$1.93", "2009-12-31": "$2.96", "2009-09-30": "$3.54", "2009-06-30": "$3.23", "2009-03-31": "$2.97", "2008-12-31": "$2.18", "2008-09-30": "$3.29", "2008-06-30": "$2.90", "2008-03-31": "$2.98", "2007-12-31": "$2.46", "2007-09-30": "$2.22", "2007-06-30": "$2.22", "2007-03-31": "$1.42", "2006-12-31": "$1.76"}, "net worth": {"value": "$10.5B"}, "current ratio": {"2020-12-31": "1.55", "2020-09-30": "1.50", "2020-06-30": "1.30", "2020-03-31": "1.37", "2019-12-31": "1.12", "2019-09-30": "1.19", "2019-06-30": "1.34", "2019-03-31": "1.33", "2018-12-31": "1.08", "2018-09-30": "1.72", "2018-06-30": "1.86", "2018-03-31": "1.89", "2017-12-31": "1.74", "2017-09-30": "1.24", "2017-06-30": "1.38", "2017-03-31": "1.14", "2016-12-31": "1.13", "2016-09-30": "0.98", "2016-06-30": "1.13", "2016-03-31": "1.40", "2015-12-31": "1.14", "2015-09-30": "1.35", "2015-06-30": "1.43", "2015-03-31": "1.48", "2014-12-31": "1.19", "2014-09-30": "1.38", "2014-06-30": "1.44", "2014-03-31": "1.47", "2013-12-31": "1.26", "2013-09-30": "1.30", "2013-06-30": "1.45", "2013-03-31": "1.79", "2012-12-31": "1.65", "2012-09-30": "1.74", "2012-06-30": "1.64", "2012-03-31": "1.67", "2011-12-31": "1.76", "2011-09-30": "1.53", "2011-06-30": "1.72", "2011-03-31": "1.55", "2010-12-31": "1.54", "2010-09-30": "1.57", "2010-06-30": "1.51", "2010-03-31": "1.53", "2009-12-31": "1.40", "2009-09-30": "1.30", "2009-06-30": "1.41", "2009-03-31": "1.59", "2008-12-31": "1.62", "2008-09-30": "1.56", "2008-06-30": "1.63", "2008-03-31": "1.64", "2007-12-31": "1.57", "2007-09-30": "1.50", "2007-06-30": "1.69", "2007-03-31": "1.68", "2006-12-31": "1.56", "2006-09-30": "1.49", "2006-06-30": "1.60", "2006-03-31": "1.61", "2005-12-31": "1.60", "2005-09-30": "1.36", "2005-06-30": "1.51", "2005-03-31": "1.44"}, "quick ratio": {"2020-12-31": "0.92", "2020-09-30": "0.92", "2020-06-30": "0.77", "2020-03-31": "0.69", "2019-12-31": "0.58", "2019-09-30": "0.66", "2019-06-30": "0.76", "2019-03-31": "0.68", "2018-12-31": "0.58", "2018-09-30": "0.99", "2018-06-30": "1.14", "2018-03-31": "1.10", "2017-12-31": "1.00", "2017-09-30": "0.72", "2017-06-30": "0.84", "2017-03-31": "0.64", "2016-12-31": "0.66", "2016-09-30": "0.58", "2016-06-30": "0.68", "2016-03-31": "0.75", "2015-12-31": "0.63", "2015-09-30": "0.78", "2015-06-30": "0.83", "2015-03-31": "0.79", "2014-12-31": "0.63", "2014-09-30": "0.77", "2014-06-30": "0.84", "2014-03-31": "0.79", "2013-12-31": "0.73", "2013-09-30": "0.76", "2013-06-30": "0.85", "2013-03-31": "0.96", "2012-12-31": "1.02", "2012-09-30": "1.12", "2012-06-30": "1.01", "2012-03-31": "1.00", "2011-12-31": "1.20", "2011-09-30": "0.94", "2011-06-30": "1.04", "2011-03-31": "0.88", "2010-12-31": "1.07", "2010-09-30": "1.01", "2010-06-30": "0.98", "2010-03-31": "0.97", "2009-12-31": "0.98", "2009-09-30": "0.87", "2009-06-30": "0.98", "2009-03-31": "1.02", "2008-12-31": "1.11", "2008-09-30": "1.07", "2008-06-30": "1.12", "2008-03-31": "1.09", "2007-12-31": "1.09", "2007-09-30": "1.04", "2007-06-30": "1.17", "2007-03-31": "1.06", "2006-12-31": "1.10", "2006-09-30": "1.04", "2006-06-30": "1.12", "2006-03-31": "1.09", "2005-12-31": "1.23", "2005-09-30": "1.03", "2005-06-30": "1.10", "2005-03-31": "0.98"}, "debt equity ratio": {"current": "0.00", "2020-12-31": "-119.86", "2020-09-30": "-18.12", "2020-06-30": "-10.28", "2020-03-31": "-7.69", "2019-12-31": "-12.96", "2019-09-30": "-8.99", "2019-06-30": "-11.76", "2019-03-31": "-11.28", "2018-12-31": "-13.15", "2018-09-30": "-23.01", "2018-06-30": "-12.65", "2018-03-31": "-21.33", "2017-12-31": "36.75", "2017-09-30": "62.25", "2017-06-30": "201.43", "2017-03-31": "-1951.60", "2016-12-31": "45.32", "2016-09-30": "78.61", "2016-06-30": "63.47", "2016-03-31": "-26.39", "2015-12-31": "15.51", "2015-09-30": "18.30", "2015-06-30": "34.99", "2015-03-31": "-117.02", "2014-12-31": "195.03", "2014-09-30": "2.74", "2014-06-30": "2.80", "2014-03-31": "2.64", "2013-12-31": "2.35", "2013-09-30": "2.64", "2013-06-30": "3.14", "2013-03-31": "2.79", "2012-12-31": "2.40", "2012-09-30": "2.52", "2012-06-30": "2.83", "2012-03-31": "2.75", "2011-12-31": "2.65", "2011-09-30": "2.68", "2011-06-30": "2.36", "2011-03-31": "2.36", "2010-12-31": "1.87", "2010-09-30": "2.05", "2010-06-30": "2.19", "2010-03-31": "1.79", "2009-12-31": "1.55", "2009-09-30": "1.71", "2009-06-30": "2.16", "2009-03-31": "2.70", "2008-12-31": "2.62", "2008-09-30": "2.10", "2008-06-30": "2.24", "2008-03-31": "1.81", "2007-12-31": "1.24", "2007-09-30": "1.23", "2007-06-30": "1.20", "2007-03-31": "1.14", "2006-12-31": "1.14", "2006-09-30": "1.29", "2006-06-30": "1.20", "2006-03-31": "1.17", "2005-12-31": "1.19", "2005-09-30": "1.74", "2005-06-30": "2.19", "2005-03-31": "2.24"}, "return on equity": {"2020-12-31": "-210.00%", "2020-09-30": "-172.39%", "2020-06-30": "-137.63%", "2020-03-31": "-143.64%", "2019-12-31": "-188.05%", "2019-09-30": "-174.59%", "2019-06-30": "-220.61%", "2019-03-31": "-251.45%", "2018-12-31": "-276.92%", "2018-09-30": "-408.75%", "2018-06-30": "-646.00%", "2018-03-31": "-13377.78%", "2017-12-31": "1320.43%", "2017-09-30": "1506.17%", "2017-06-30": "1683.33%", "2017-03-31": "1295.65%", "2016-12-31": "5580.00%", "2016-09-30": "1185.71%", "2016-06-30": "574.68%", "2016-03-31": "430.60%", "2015-12-31": "310.00%", "2015-09-30": "598.64%", "2015-06-30": "150.27%", "2015-03-31": "78.97%", "2014-12-31": "54.17%", "2014-09-30": "39.24%", "2014-06-30": "39.03%", "2014-03-31": "38.38%", "2013-12-31": "36.64%", "2013-09-30": "33.63%", "2013-06-30": "25.81%", "2013-03-31": "21.31%", "2012-12-31": "18.20%", "2012-09-30": "17.45%", "2012-06-30": "18.58%", "2012-03-31": "17.60%", "2011-12-31": "16.68%", "2011-09-30": "17.73%", "2011-06-30": "18.67%", "2011-03-31": "19.86%", "2010-12-31": "20.71%", "2010-09-30": "16.85%", "2010-06-30": "14.76%", "2010-03-31": "12.04%", "2009-12-31": "9.81%", "2009-09-30": "11.13%", "2009-06-30": "15.78%", "2009-03-31": "18.73%", "2008-12-31": "20.94%", "2008-09-30": "22.54%", "2008-06-30": "21.32%", "2008-03-31": "20.50%", "2007-12-31": "19.87%", "2007-09-30": "20.14%", "2007-06-30": "17.44%", "2007-03-31": "18.58%", "2006-12-31": "20.12%", "2006-09-30": "20.30%", "2006-06-30": "23.98%", "2006-03-31": "23.16%", "2005-12-31": "25.10%"}, "return on assets": {"2020-12-31": "17.28%", "2020-09-30": "17.37%", "2020-06-30": "16.09%", "2020-03-31": "16.20%", "2019-12-31": "18.81%", "2019-09-30": "17.50%", "2019-06-30": "17.81%", "2019-03-31": "19.72%", "2018-12-31": "18.20%", "2018-09-30": "16.37%", "2018-06-30": "15.89%", "2018-03-31": "14.72%", "2017-12-31": "15.26%", "2017-09-30": "15.42%", "2017-06-30": "15.57%", "2017-03-31": "15.56%", "2016-12-31": "14.74%", "2016-09-30": "13.30%", "2016-06-30": "12.20%", "2016-03-31": "10.58%", "2015-12-31": "9.97%", "2015-09-30": "11.65%", "2015-06-30": "10.97%", "2015-03-31": "10.68%", "2014-12-31": "11.14%", "2014-09-30": "10.80%", "2014-06-30": "10.81%", "2014-03-31": "10.43%", "2013-12-31": "9.85%", "2013-09-30": "9.01%", "2013-06-30": "6.98%", "2013-03-31": "5.87%", "2012-12-31": "5.03%", "2012-09-30": "4.74%", "2012-06-30": "4.99%", "2012-03-31": "4.90%", "2011-12-31": "4.77%", "2011-09-30": "5.37%", "2011-06-30": "5.91%", "2011-03-31": "6.38%", "2010-12-31": "6.98%", "2010-09-30": "5.85%", "2010-06-30": "5.28%", "2010-03-31": "4.32%", "2009-12-31": "3.30%", "2009-09-30": "3.43%", "2009-06-30": "4.69%", "2009-03-31": "5.55%", "2008-12-31": "6.64%", "2008-09-30": "8.05%", "2008-06-30": "8.30%", "2008-03-31": "8.75%", "2007-12-31": "9.02%", "2007-09-30": "9.25%", "2007-06-30": "7.95%", "2007-03-31": "8.47%", "2006-12-31": "9.15%", "2006-09-30": "9.18%", "2006-06-30": "10.43%", "2006-03-31": "9.29%", "2005-12-31": "9.12%"}, "return on investments": {"2020-12-31": "54.09%", "2020-09-30": "65.15%", "2020-06-30": "66.18%", "2020-03-31": "73.29%", "2019-12-31": "80.96%", "2019-09-30": "73.73%", "2019-06-30": "67.18%", "2019-03-31": "61.32%", "2018-12-31": "52.27%", "2018-09-30": "45.88%", "2018-06-30": "49.18%", "2018-03-31": "49.72%", "2017-12-31": "57.31%", "2017-09-30": "59.46%", "2017-06-30": "65.46%", "2017-03-31": "70.56%", "2016-12-31": "64.86%", "2016-09-30": "58.63%", "2016-06-30": "49.66%", "2016-03-31": "42.16%", "2015-12-31": "39.39%", "2015-09-30": "45.38%", "2015-06-30": "41.54%", "2015-03-31": "39.26%", "2014-12-31": "39.70%", "2014-09-30": "36.95%", "2014-06-30": "37.92%", "2014-03-31": "36.75%", "2013-12-31": "35.38%", "2013-09-30": "32.15%", "2013-06-30": "27.72%", "2013-03-31": "24.27%", "2012-12-31": "23.03%", "2012-09-30": "24.21%", "2012-06-30": "21.55%", "2012-03-31": "20.09%", "2011-12-31": "17.84%", "2011-09-30": "18.22%", "2011-06-30": "19.54%", "2011-03-31": "21.64%", "2010-12-31": "23.07%", "2010-09-30": "19.15%", "2010-06-30": "19.12%", "2010-03-31": "17.25%", "2009-12-31": "13.98%", "2009-09-30": "14.65%", "2009-06-30": "17.39%", "2009-03-31": "19.17%", "2008-12-31": "22.15%", "2008-09-30": "24.96%", "2008-06-30": "25.91%", "2008-03-31": "26.16%", "2007-12-31": "26.79%", "2007-09-30": "24.93%", "2007-06-30": "20.79%", "2007-03-31": "21.83%", "2006-12-31": "24.10%", "2006-09-30": "26.45%", "2006-06-30": "32.03%", "2006-03-31": "30.86%", "2005-12-31": "31.72%"}, "return on tangible equity": {"2020-09-30": "-90.94%", "2020-06-30": "-78.58%", "2020-03-31": "-81.62%", "2019-12-31": "-101.24%", "2019-09-30": "-93.04%", "2019-06-30": "-103.63%", "2019-03-31": "-114.33%", "2018-12-31": "-113.39%", "2018-09-30": "-120.66%", "2018-06-30": "-132.11%", "2018-03-31": "-150.69%", "2017-12-31": "-174.18%", "2017-09-30": "-171.35%", "2017-06-30": "-168.80%", "2017-03-31": "-171.02%", "2016-12-31": "-145.31%", "2016-09-30": "-141.28%", "2016-06-30": "-143.44%", "2016-03-31": "-128.34%", "2015-12-31": "-131.68%", "2015-09-30": "-131.15%", "2015-06-30": "-294.66%", "2015-03-31": "484.85%", "2014-12-31": "125.04%", "2014-09-30": "69.50%", "2014-06-30": "69.99%", "2014-03-31": "70.72%", "2013-12-31": "69.02%", "2013-09-30": "63.39%", "2013-06-30": "48.24%", "2013-03-31": "42.45%", "2012-12-31": "39.22%", "2012-09-30": "38.29%", "2012-06-30": "45.34%", "2012-03-31": "40.96%", "2011-12-31": "37.20%", "2011-09-30": "38.83%", "2011-06-30": "38.33%", "2011-03-31": "39.61%", "2010-12-31": "39.12%", "2010-09-30": "31.28%", "2010-06-30": "26.88%", "2010-03-31": "21.86%", "2009-12-31": "18.29%", "2009-09-30": "21.65%", "2009-06-30": "30.36%", "2009-03-31": "35.41%", "2008-12-31": "37.28%", "2008-09-30": "37.08%", "2008-06-30": "33.28%", "2008-03-31": "30.22%", "2007-12-31": "28.38%", "2007-09-30": "28.49%", "2007-06-30": "24.51%", "2007-03-31": "26.00%", "2006-12-31": "28.03%", "2006-09-30": "28.13%", "2006-06-30": "33.91%", "2006-03-31": "34.36%", "2005-12-31": "39.87%"}, "dividend yield history": {"last payout": "$3.08", "last yield": "1.12%"}}