{"ticker": "LBRDA", "price": {"title": "Liberty Broadband Historical Annual Stock Price Data", "value": 146.63, "historical": {"2020": {"Average Stock Price": "133.0699", "Year Open": "125.1900", "Year High": "161.8300", "Year Low": "87.3800", "Year Close": "157.5800", "Annual % Change": "26.51%"}, "2019": {"Average Stock Price": "100.7426", "Year Open": "72.6900", "Year High": "124.5600", "Year Low": "72.6900", "Year Close": "124.5600", "Annual % Change": "73.46%"}, "2018": {"Average Stock Price": "81.0890", "Year Open": "88.3000", "Year High": "96.1600", "Year Low": "68.2700", "Year Close": "71.8100", "Annual % Change": "-15.57%"}, "2017": {"Average Stock Price": "87.9649", "Year Open": "71.1400", "Year High": "103.1200", "Year Low": "71.1400", "Year Close": "85.0500", "Annual % Change": "17.38%"}, "2016": {"Average Stock Price": "60.8805", "Year Open": "50.4900", "Year High": "73.2400", "Year Low": "43.9100", "Year Close": "72.4600", "Annual % Change": "40.29%"}, "2015": {"Average Stock Price": "52.8313", "Year Open": "49.8000", "Year High": "56.9200", "Year Low": "44.4700", "Year Close": "51.6500", "Annual % Change": "3.11%"}, "2014": {"Average Stock Price": "50.7483", "Year Open": "47.1800", "Year High": "54.8400", "Year Low": "45.6900", "Year Close": "50.0900", "Annual % Change": "0.00%"}}}, "market cap": {"value": "$26.17B"}, "income statement": {"Revenue": {"2019-12-31": "14.85900", "2018-12-31": "22.25600", "2017-12-31": "13.09200", "2016-12-31": "30.58600", "2015-12-31": "91.18200", "2014-12-31": "69.04500", "2013-12-31": "77.36300", "2012-12-31": "83.09800", "2011-12-31": "1136.93400"}, "Cost Of Goods Sold": {"2019-12-31": "", "2018-12-31": "", "2017-12-31": "", "2016-12-31": "", "2015-12-31": "", "2014-12-31": "", "2013-12-31": "", "2012-12-31": "9.18900", "2011-12-31": "433.45400"}, "Gross Profit": {"2019-12-31": "14.85900", "2018-12-31": "22.25600", "2017-12-31": "13.09200", "2016-12-31": "30.58600", "2015-12-31": "91.18200", "2014-12-31": "69.04500", "2013-12-31": "77.36300", "2012-12-31": "73.90900", "2011-12-31": "703.48000"}, "Research And Development Expenses": {"2019-12-31": "", "2018-12-31": "", "2017-12-31": "", "2016-12-31": "10.24000", "2015-12-31": "17.03200", "2014-12-31": "18.47700", "2013-12-31": "15.55700", "2012-12-31": "15.80000", "2011-12-31": "21.92700"}, "SG&A Expenses": {"2019-12-31": "32.81100", "2018-12-31": "23.49700", "2017-12-31": "24.06500", "2016-12-31": "34.70300", "2015-12-31": "42.79200", "2014-12-31": "47.77800", "2013-12-31": "34.06800", "2012-12-31": "24.39700", "2011-12-31": "29.31200"}, "Other Operating Income Or Expenses": {"2019-12-31": "-9.45000", "2018-12-31": "-7.99400", "2017-12-31": "-10.73500", "2016-12-31": "-2.79800", "2015-12-31": "33.68500", "2014-12-31": "-36.72100", "2013-12-31": "-23.44400", "2012-12-31": "-19.99400", "2011-12-31": "-5.72100"}, "Operating Expenses": {"2019-12-31": "44.13600", "2018-12-31": "34.27000", "2017-12-31": "38.57000", "2016-12-31": "51.74600", "2015-12-31": "32.22700", "2014-12-31": "112.01900", "2013-12-31": "77.45100", "2012-12-31": "75.21900", "2011-12-31": "496.57500"}, "Operating Income": {"2019-12-31": "-29.27700", "2018-12-31": "-12.01400", "2017-12-31": "-25.47800", "2016-12-31": "-21.16000", "2015-12-31": "58.95500", "2014-12-31": "-42.97400", "2013-12-31": "-0.08800", "2012-12-31": "7.87900", "2011-12-31": "640.35890"}, "Total Non-Operating Income/Expense": {"2019-12-31": "184.43500", "2018-12-31": "103.89100", "2017-12-31": "2476.07800", "2016-12-31": "1496.83200", "2015-12-31": "-129.01000", "2014-12-31": "-159.31700", "2013-12-31": "-64.33800", "2012-12-31": "62.88000", "2011-12-31": "0.60000"}, "Pre-Tax Income": {"2019-12-31": "155.15800", "2018-12-31": "91.87700", "2017-12-31": "2450.60000", "2016-12-31": "1475.67200", "2015-12-31": "-70.05500", "2014-12-31": "-202.29100", "2013-12-31": "-64.42600", "2012-12-31": "70.75900", "2011-12-31": "640.95900"}, "Income Taxes": {"2019-12-31": "37.94200", "2018-12-31": "21.92400", "2017-12-31": "416.93300", "2016-12-31": "558.36900", "2015-12-31": "-19.86800", "2014-12-31": "-67.68600", "2013-12-31": "-22.69800", "2012-12-31": "26.85600", "2011-12-31": "32.55100"}, "Income After Taxes": {"2019-12-31": "117.21600", "2018-12-31": "69.95300", "2017-12-31": "2033.66700", "2016-12-31": "917.30300", "2015-12-31": "-50.18700", "2014-12-31": "-134.60500", "2013-12-31": "-41.72800", "2012-12-31": "43.90300", "2011-12-31": "608.40800"}, "Other Income": {"2019-12-31": "", "2018-12-31": "", "2017-12-31": "", "2016-12-31": "", "2015-12-31": "", "2014-12-31": "", "2013-12-31": "", "2012-12-31": "", "2011-12-31": ""}, "Income From Continuous Operations": {"2019-12-31": "117.21600", "2018-12-31": "69.95300", "2017-12-31": "2033.66700", "2016-12-31": "917.30300", "2015-12-31": "-50.18700", "2014-12-31": "-134.60500", "2013-12-31": "-41.72800", "2012-12-31": "43.90300", "2011-12-31": "608.40800"}, "Income From Discontinued Operations": {"2019-12-31": "", "2018-12-31": "", "2017-12-31": "", "2016-12-31": "", "2015-12-31": "", "2014-12-31": "", "2013-12-31": "", "2012-12-31": "0.13300", "2011-12-31": "-2.53700"}, "Net Income": {"2019-12-31": "117.21600", "2018-12-31": "69.95300", "2017-12-31": "2033.66700", "2016-12-31": "917.30300", "2015-12-31": "-50.18700", "2014-12-31": "-134.60500", "2013-12-31": "-41.72800", "2012-12-31": "44.19600", "2011-12-31": "607.37400"}, "EBITDA": {"2019-12-31": "-27.40200", "2018-12-31": "-9.23500", "2017-12-31": "-21.70800", "2016-12-31": "-17.15500", "2015-12-31": "65.04300", "2014-12-31": "-33.93100", "2013-12-31": "4.29400", "2012-12-31": "13.71800", "2011-12-31": "646.53990"}, "EBIT": {"2019-12-31": "-29.27700", "2018-12-31": "-12.01400", "2017-12-31": "-25.47800", "2016-12-31": "-21.16000", "2015-12-31": "58.95500", "2014-12-31": "-42.97400", "2013-12-31": "-0.08800", "2012-12-31": "7.87900", "2011-12-31": "640.35890"}, "Basic Shares Outstanding": {"2019-12-31": "181.53100", "2018-12-31": "181.32500", "2017-12-31": "181.77200", "2016-12-31": "152.10300", "2015-12-31": "102.50400", "2014-12-31": "88.14300", "2013-12-31": "88.34300", "2012-12-31": "88.34300", "2011-12-31": ""}, "Shares Outstanding": {"2019-12-31": "182.78400", "2018-12-31": "182.58900", "2017-12-31": "183.14600", "2016-12-31": "152.85200", "2015-12-31": "102.99800", "2014-12-31": "88.77300", "2013-12-31": "88.34300", "2012-12-31": "88.34300", "2011-12-31": ""}, "Basic EPS": {"2019-12-31": "0.65000", "2018-12-31": "0.39000", "2017-12-31": "11.19000", "2016-12-31": "6.03000", "2015-12-31": "-0.49000", "2014-12-31": "-1.52000", "2013-12-31": "-0.47000", "2012-12-31": "0.50000", "2011-12-31": ""}, "EPS - Earnings Per Share": {"2019-12-31": "0.64000", "2018-12-31": "0.38000", "2017-12-31": "11.10000", "2016-12-31": "6.00000", "2015-12-31": "-0.49000", "2014-12-31": "-1.52000", "2013-12-31": "-0.47000", "2012-12-31": "0.50000", "2011-12-31": "0.00000"}}, "income statement, quarterly": {"Revenue": {"2020-09-30": "4.21900", "2020-06-30": "4.11400", "2020-03-31": "4.10400", "2019-12-31": "3.94100", "2019-09-30": "3.71300", "2019-06-30": "3.74700", "2019-03-31": "3.45800", "2018-12-31": "3.57600", "2018-09-30": "3.51800", "2018-06-30": "3.37100", "2018-03-31": "11.79100", "2017-12-31": "3.44900", "2017-09-30": "3.43000", "2017-06-30": "3.07300", "2017-03-31": "3.14000", "2016-12-31": "3.17300", "2016-09-30": "20.61600", "2016-06-30": "2.96600", "2016-03-31": "3.83100", "2015-12-31": "49.99600", "2015-09-30": "15.22500", "2015-06-30": "12.64500", "2015-03-31": "13.31600", "2014-12-31": "17.53300", "2014-09-30": "17.44500", "2014-06-30": "17.14600", "2014-03-31": "16.92100", "2013-12-31": "", "2013-09-30": "17.62700", "2012-12-31": "", "2011-12-31": ""}, "Cost Of Goods Sold": {"2020-09-30": "", "2020-06-30": "", "2020-03-31": "", "2019-12-31": "", "2019-09-30": "", "2019-06-30": "", "2019-03-31": "", "2018-12-31": "", "2018-09-30": "", "2018-06-30": "", "2018-03-31": "", "2017-12-31": "", "2017-09-30": "", "2017-06-30": "", "2017-03-31": "", "2016-12-31": "", "2016-09-30": "", "2016-06-30": "", "2016-03-31": "", "2015-12-31": "", "2015-09-30": "", "2015-06-30": "", "2015-03-31": "", "2014-12-31": "", "2014-09-30": "", "2014-06-30": "", "2014-03-31": "", "2013-12-31": "", "2013-09-30": "2.89600", "2012-12-31": "", "2011-12-31": ""}, "Gross Profit": {"2020-09-30": "4.21900", "2020-06-30": "4.11400", "2020-03-31": "4.10400", "2019-12-31": "3.94100", "2019-09-30": "3.71300", "2019-06-30": "3.74700", "2019-03-31": "3.45800", "2018-12-31": "3.57600", "2018-09-30": "3.51800", "2018-06-30": "3.37100", "2018-03-31": "11.79100", "2017-12-31": "3.44900", "2017-09-30": "3.43000", "2017-06-30": "3.07300", "2017-03-31": "3.14000", "2016-12-31": "3.17300", "2016-09-30": "20.61600", "2016-06-30": "2.96600", "2016-03-31": "3.83100", "2015-12-31": "49.99600", "2015-09-30": "15.22500", "2015-06-30": "12.64500", "2015-03-31": "13.31600", "2014-12-31": "17.53300", "2014-09-30": "17.44500", "2014-06-30": "17.14600", "2014-03-31": "16.92100", "2013-12-31": "", "2013-09-30": "14.73100", "2012-12-31": "", "2011-12-31": ""}, "Research And Development Expenses": {"2020-09-30": "", "2020-06-30": "", "2020-03-31": "", "2019-12-31": "", "2019-09-30": "", "2019-06-30": "", "2019-03-31": "", "2018-12-31": "", "2018-09-30": "", "2018-06-30": "", "2018-03-31": "", "2017-12-31": "", "2017-09-30": "1.44000", "2017-06-30": "2.38400", "2017-03-31": "2.39000", "2016-12-31": "2.20000", "2016-09-30": "2.38400", "2016-06-30": "2.94500", "2016-03-31": "2.71100", "2015-12-31": "4.14400", "2015-09-30": "3.51200", "2015-06-30": "3.67500", "2015-03-31": "5.70100", "2014-12-31": "4.59300", "2014-09-30": "4.68800", "2014-06-30": "4.78400", "2014-03-31": "4.41200", "2013-12-31": "", "2013-09-30": "4.43000", "2012-12-31": "", "2011-12-31": ""}, "SG&A Expenses": {"2020-09-30": "17.96800", "2020-06-30": "10.93000", "2020-03-31": "8.41800", "2019-12-31": "9.14900", "2019-09-30": "8.50700", "2019-06-30": "8.21700", "2019-03-31": "6.93800", "2018-12-31": "6.06900", "2018-09-30": "5.18700", "2018-06-30": "5.51400", "2018-03-31": "6.72700", "2017-12-31": "5.96600", "2017-09-30": "6.18900", "2017-06-30": "6.36600", "2017-03-31": "5.54400", "2016-12-31": "6.91100", "2016-09-30": "9.85500", "2016-06-30": "9.13100", "2016-03-31": "8.80600", "2015-12-31": "10.70100", "2015-09-30": "9.51500", "2015-06-30": "10.66000", "2015-03-31": "11.91600", "2014-12-31": "9.84600", "2014-09-30": "8.00600", "2014-06-30": "16.56500", "2014-03-31": "13.36100", "2013-12-31": "", "2013-09-30": "9.77900", "2012-12-31": "", "2011-12-31": ""}, "Other Operating Income Or Expenses": {"2020-09-30": "-2.52300", "2020-06-30": "-2.52400", "2020-03-31": "-2.46800", "2019-12-31": "-2.64700", "2019-09-30": "-2.32300", "2019-06-30": "-2.22700", "2019-03-31": "-2.25300", "2018-12-31": "-2.13000", "2018-09-30": "-1.92600", "2018-06-30": "-2.02900", "2018-03-31": "-1.90900", "2017-12-31": "-8.76700", "2017-09-30": "-0.64600", "2017-06-30": "-0.70700", "2017-03-31": "-0.61500", "2016-12-31": "-0.69900", "2016-09-30": "-0.78200", "2016-06-30": "-0.64900", "2016-03-31": "-0.66800", "2015-12-31": "-22.37300", "2015-09-30": "-1.09000", "2015-06-30": "-0.86800", "2015-03-31": "58.01600", "2014-12-31": "-37.03800", "2014-09-30": "4.09200", "2014-06-30": "-1.71400", "2014-03-31": "-2.06100", "2013-12-31": "", "2013-09-30": "-1.93700", "2012-12-31": "", "2011-12-31": ""}, "Operating Expenses": {"2020-09-30": "20.54700", "2020-06-30": "13.94600", "2020-03-31": "11.37900", "2019-12-31": "12.26300", "2019-09-30": "11.30100", "2019-06-30": "10.91300", "2019-03-31": "9.65900", "2018-12-31": "8.66900", "2018-09-30": "7.61400", "2018-06-30": "8.44200", "2018-03-31": "9.54500", "2017-12-31": "9.44500", "2017-09-30": "9.21700", "2017-06-30": "10.40600", "2017-03-31": "9.50200", "2016-12-31": "10.88000", "2016-09-30": "13.99200", "2016-06-30": "13.70300", "2016-03-31": "13.17100", "2015-12-31": "38.38600", "2015-09-30": "14.93700", "2015-06-30": "16.05900", "2015-03-31": "-37.15500", "2014-12-31": "53.93700", "2014-09-30": "11.08100", "2014-06-30": "25.54400", "2014-03-31": "21.45700", "2013-12-31": "", "2013-09-30": "20.10700", "2012-12-31": "", "2011-12-31": ""}, "Operating Income": {"2020-09-30": "-16.32800", "2020-06-30": "-9.83200", "2020-03-31": "-7.27500", "2019-12-31": "-8.32200", "2019-09-30": "-7.58800", "2019-06-30": "-7.16600", "2019-03-31": "-6.20100", "2018-12-31": "-5.09300", "2018-09-30": "-4.09600", "2018-06-30": "-5.07100", "2018-03-31": "2.24600", "2017-12-31": "-5.99600", "2017-09-30": "-5.78700", "2017-06-30": "-7.33300", "2017-03-31": "-6.36200", "2016-12-31": "-7.70700", "2016-09-30": "6.62400", "2016-06-30": "-10.73700", "2016-03-31": "-9.34000", "2015-12-31": "11.61000", "2015-09-30": "0.28800", "2015-06-30": "-3.41400", "2015-03-31": "50.47100", "2014-12-31": "-36.40400", "2014-09-30": "6.36400", "2014-06-30": "-8.39800", "2014-03-31": "-4.53600", "2013-12-31": "", "2013-09-30": "-2.48000", "2012-12-31": "", "2011-12-31": ""}, "Total Non-Operating Income/Expense": {"2020-09-30": "110.26700", "2020-06-30": "107.02400", "2020-03-31": "-3.34100", "2019-12-31": "129.75900", "2019-09-30": "44.20800", "2019-06-30": "23.14200", "2019-03-31": "-12.67400", "2018-12-31": "24.81600", "2018-09-30": "81.49700", "2018-06-30": "19.84500", "2018-03-31": "-22.26700", "2017-12-31": "2502.12700", "2017-09-30": "-11.41000", "2017-06-30": "1.81400", "2017-03-31": "-16.45300", "2016-12-31": "79.32800", "2016-09-30": "-1.18000", "2016-06-30": "1445.86200", "2016-03-31": "-27.17800", "2015-12-31": "-45.46800", "2015-09-30": "-29.16700", "2015-06-30": "-8.83700", "2015-03-31": "-45.53800", "2014-12-31": "-30.10300", "2014-09-30": "-56.79100", "2014-06-30": "14.38900", "2014-03-31": "-86.81200", "2013-12-31": "", "2013-09-30": "-79.63800", "2012-12-31": "", "2011-12-31": ""}, "Pre-Tax Income": {"2020-09-30": "93.93900", "2020-06-30": "97.19200", "2020-03-31": "-10.61600", "2019-12-31": "121.43700", "2019-09-30": "36.62000", "2019-06-30": "15.97600", "2019-03-31": "-18.87500", "2018-12-31": "19.72300", "2018-09-30": "77.40100", "2018-06-30": "14.77400", "2018-03-31": "-20.02100", "2017-12-31": "2496.13100", "2017-09-30": "-17.19700", "2017-06-30": "-5.51900", "2017-03-31": "-22.81500", "2016-12-31": "71.62100", "2016-09-30": "5.44400", "2016-06-30": "1435.12500", "2016-03-31": "-36.51800", "2015-12-31": "-33.85800", "2015-09-30": "-28.87900", "2015-06-30": "-12.25100", "2015-03-31": "4.93300", "2014-12-31": "-66.50700", "2014-09-30": "-50.42700", "2014-06-30": "5.99100", "2014-03-31": "-91.34800", "2013-12-31": "", "2013-09-30": "-82.11800", "2012-12-31": "", "2011-12-31": ""}, "Income Taxes": {"2020-09-30": "24.97900", "2020-06-30": "24.97800", "2020-03-31": "-2.77400", "2019-12-31": "29.46800", "2019-09-30": "9.12400", "2019-06-30": "3.92400", "2019-03-31": "-4.57400", "2018-12-31": "4.91900", "2018-09-30": "17.76200", "2018-06-30": "4.19400", "2018-03-31": "-4.95100", "2017-12-31": "435.17800", "2017-09-30": "-7.33300", "2017-06-30": "-2.54200", "2017-03-31": "-8.37000", "2016-12-31": "26.02000", "2016-09-30": "1.65500", "2016-06-30": "544.97100", "2016-03-31": "-14.27700", "2015-12-31": "-5.45700", "2015-09-30": "-9.58400", "2015-06-30": "-4.44200", "2015-03-31": "-0.38500", "2014-12-31": "-19.70300", "2014-09-30": "-18.43700", "2014-06-30": "4.08700", "2014-03-31": "-33.63300", "2013-12-31": "", "2013-09-30": "-30.09800", "2012-12-31": "", "2011-12-31": ""}, "Income After Taxes": {"2020-09-30": "68.96000", "2020-06-30": "72.21400", "2020-03-31": "-7.84200", "2019-12-31": "91.96900", "2019-09-30": "27.49600", "2019-06-30": "12.05200", "2019-03-31": "-14.30100", "2018-12-31": "14.80400", "2018-09-30": "59.63900", "2018-06-30": "10.58000", "2018-03-31": "-15.07000", "2017-12-31": "2060.95300", "2017-09-30": "-9.86400", "2017-06-30": "-2.97700", "2017-03-31": "-14.44500", "2016-12-31": "45.60100", "2016-09-30": "3.78900", "2016-06-30": "890.15400", "2016-03-31": "-22.24100", "2015-12-31": "-28.40100", "2015-09-30": "-19.29500", "2015-06-30": "-7.80900", "2015-03-31": "5.31800", "2014-12-31": "-46.80400", "2014-09-30": "-31.99000", "2014-06-30": "1.90400", "2014-03-31": "-57.71500", "2013-12-31": "", "2013-09-30": "-52.02000", "2012-12-31": "", "2011-12-31": ""}, "Other Income": {"2020-09-30": "", "2020-06-30": "", "2020-03-31": "", "2019-12-31": "", "2019-09-30": "", "2019-06-30": "", "2019-03-31": "", "2018-12-31": "", "2018-09-30": "", "2018-06-30": "", "2018-03-31": "", "2017-12-31": "", "2017-09-30": "", "2017-06-30": "", "2017-03-31": "", "2016-12-31": "", "2016-09-30": "", "2016-06-30": "", "2016-03-31": "", "2015-12-31": "", "2015-09-30": "", "2015-06-30": "", "2015-03-31": "", "2014-12-31": "", "2014-09-30": "", "2014-06-30": "", "2014-03-31": "", "2013-12-31": "", "2013-09-30": "", "2012-12-31": "", "2011-12-31": ""}, "Income From Continuous Operations": {"2020-09-30": "68.96000", "2020-06-30": "72.21400", "2020-03-31": "-7.84200", "2019-12-31": "91.96900", "2019-09-30": "27.49600", "2019-06-30": "12.05200", "2019-03-31": "-14.30100", "2018-12-31": "14.80400", "2018-09-30": "59.63900", "2018-06-30": "10.58000", "2018-03-31": "-15.07000", "2017-12-31": "2060.95300", "2017-09-30": "-9.86400", "2017-06-30": "-2.97700", "2017-03-31": "-14.44500", "2016-12-31": "45.60100", "2016-09-30": "3.78900", "2016-06-30": "890.15400", "2016-03-31": "-22.24100", "2015-12-31": "-28.40100", "2015-09-30": "-19.29500", "2015-06-30": "-7.80900", "2015-03-31": "5.31800", "2014-12-31": "-46.80400", "2014-09-30": "-31.99000", "2014-06-30": "1.90400", "2014-03-31": "-57.71500", "2013-12-31": "", "2013-09-30": "-52.02000", "2012-12-31": "", "2011-12-31": ""}, "Income From Discontinued Operations": {"2020-09-30": "", "2020-06-30": "", "2020-03-31": "", "2019-12-31": "", "2019-09-30": "", "2019-06-30": "", "2019-03-31": "", "2018-12-31": "", "2018-09-30": "", "2018-06-30": "", "2018-03-31": "", "2017-12-31": "", "2017-09-30": "", "2017-06-30": "", "2017-03-31": "", "2016-12-31": "", "2016-09-30": "", "2016-06-30": "", "2016-03-31": "", "2015-12-31": "", "2015-09-30": "", "2015-06-30": "", "2015-03-31": "", "2014-12-31": "", "2014-09-30": "", "2014-06-30": "", "2014-03-31": "", "2013-12-31": "", "2013-09-30": "", "2012-12-31": "", "2011-12-31": ""}, "Net Income": {"2020-09-30": "68.96000", "2020-06-30": "72.21400", "2020-03-31": "-7.84200", "2019-12-31": "91.96900", "2019-09-30": "27.49600", "2019-06-30": "12.05200", "2019-03-31": "-14.30100", "2018-12-31": "14.80400", "2018-09-30": "59.63900", "2018-06-30": "10.58000", "2018-03-31": "-15.07000", "2017-12-31": "2060.95300", "2017-09-30": "-9.86400", "2017-06-30": "-2.97700", "2017-03-31": "-14.44500", "2016-12-31": "45.60100", "2016-09-30": "3.78900", "2016-06-30": "890.15400", "2016-03-31": "-22.24100", "2015-12-31": "-28.40100", "2015-09-30": "-19.29500", "2015-06-30": "-7.80900", "2015-03-31": "5.31800", "2014-12-31": "-46.80400", "2014-09-30": "-31.99000", "2014-06-30": "1.90400", "2014-03-31": "-57.71500", "2013-12-31": "", "2013-09-30": "-52.02000", "2012-12-31": "", "2011-12-31": ""}, "EBITDA": {"2020-09-30": "-16.27200", "2020-06-30": "-9.34000", "2020-03-31": "-6.78200", "2019-12-31": "-7.85500", "2019-09-30": "-7.11700", "2019-06-30": "-6.69700", "2019-03-31": "-5.73300", "2018-12-31": "-4.62300", "2018-09-30": "-3.59500", "2018-06-30": "-4.17200", "2018-03-31": "3.15500", "2017-12-31": "-5.07000", "2017-09-30": "-4.84500", "2017-06-30": "-6.38400", "2017-03-31": "-5.40900", "2016-12-31": "-6.63700", "2016-09-30": "7.59500", "2016-06-30": "-9.75900", "2016-03-31": "-8.35400", "2015-12-31": "12.77800", "2015-09-30": "1.10800", "2015-06-30": "-2.55800", "2015-03-31": "53.71500", "2014-12-31": "-33.94400", "2014-09-30": "8.84300", "2014-06-30": "-5.91700", "2014-03-31": "-2.91300", "2013-12-31": "", "2013-09-30": "-2.48000", "2012-12-31": "", "2011-12-31": ""}, "EBIT": {"2020-09-30": "-16.32800", "2020-06-30": "-9.83200", "2020-03-31": "-7.27500", "2019-12-31": "-8.32200", "2019-09-30": "-7.58800", "2019-06-30": "-7.16600", "2019-03-31": "-6.20100", "2018-12-31": "-5.09300", "2018-09-30": "-4.09600", "2018-06-30": "-5.07100", "2018-03-31": "2.24600", "2017-12-31": "-5.99600", "2017-09-30": "-5.78700", "2017-06-30": "-7.33300", "2017-03-31": "-6.36200", "2016-12-31": "-7.70700", "2016-09-30": "6.62400", "2016-06-30": "-10.73700", "2016-03-31": "-9.34000", "2015-12-31": "11.61000", "2015-09-30": "0.28800", "2015-06-30": "-3.41400", "2015-03-31": "50.47100", "2014-12-31": "-36.40400", "2014-09-30": "6.36400", "2014-06-30": "-8.39800", "2014-03-31": "-4.53600", "2013-12-31": "", "2013-09-30": "-2.48000", "2012-12-31": "", "2011-12-31": ""}, "Basic Shares Outstanding": {"2020-09-30": "181.47200", "2020-06-30": "181.92500", "2020-03-31": "181.90200", "2019-12-31": "181.53100", "2019-09-30": "181.52200", "2019-06-30": "181.45000", "2019-03-31": "181.36600", "2018-12-31": "181.32500", "2018-09-30": "181.32800", "2018-06-30": "181.32300", "2018-03-31": "181.31600", "2017-12-31": "181.77200", "2017-09-30": "181.84600", "2017-06-30": "181.79800", "2017-03-31": "181.77100", "2016-12-31": "152.10300", "2016-09-30": "181.62100", "2016-06-30": "141.17400", "2016-03-31": "103.27900", "2015-12-31": "102.50400", "2015-09-30": "103.02400", "2015-06-30": "103.00100", "2015-03-31": "100.35900", "2014-12-31": "88.14300", "2014-09-30": "88.34300", "2014-06-30": "88.34300", "2014-03-31": "88.34300", "2013-12-31": "", "2013-09-30": "", "2012-12-31": "", "2011-12-31": ""}, "Shares Outstanding": {"2020-09-30": "182.50300", "2020-06-30": "182.84600", "2020-03-31": "182.80800", "2019-12-31": "182.78400", "2019-09-30": "182.97300", "2019-06-30": "182.83200", "2019-03-31": "182.66500", "2018-12-31": "182.58900", "2018-09-30": "182.57200", "2018-06-30": "182.47100", "2018-03-31": "182.71400", "2017-12-31": "183.14600", "2017-09-30": "183.33100", "2017-06-30": "183.14900", "2017-03-31": "183.04500", "2016-12-31": "152.85200", "2016-09-30": "182.59100", "2016-06-30": "141.77900", "2016-03-31": "103.66800", "2015-12-31": "102.99800", "2015-09-30": "103.68600", "2015-06-30": "103.65000", "2015-03-31": "100.94300", "2014-12-31": "88.77300", "2014-09-30": "88.34300", "2014-06-30": "88.34300", "2014-03-31": "88.34300", "2013-12-31": "", "2013-09-30": "", "2012-12-31": "", "2011-12-31": ""}, "Basic EPS": {"2020-09-30": "0.38000", "2020-06-30": "0.40000", "2020-03-31": "-0.04000", "2019-12-31": "0.51000", "2019-09-30": "0.15000", "2019-06-30": "0.07000", "2019-03-31": "-0.08000", "2018-12-31": "0.08000", "2018-09-30": "0.33000", "2018-06-30": "0.06000", "2018-03-31": "-0.08000", "2017-12-31": "11.34000", "2017-09-30": "-0.05000", "2017-06-30": "-0.02000", "2017-03-31": "-0.08000", "2016-12-31": "-0.08000", "2016-09-30": "0.02000", "2016-06-30": "6.31000", "2016-03-31": "-0.22000", "2015-12-31": "-0.27000", "2015-09-30": "-0.19000", "2015-06-30": "-0.08000", "2015-03-31": "0.05000", "2014-12-31": "-0.53000", "2014-09-30": "-0.36000", "2014-06-30": "0.02000", "2014-03-31": "-0.65000", "2013-12-31": "", "2013-09-30": "", "2012-12-31": "", "2011-12-31": ""}, "EPS - Earnings Per Share": {"2020-09-30": "0.38000", "2020-06-30": "0.39000", "2020-03-31": "-0.04000", "2019-12-31": "0.50000", "2019-09-30": "0.15000", "2019-06-30": "0.07000", "2019-03-31": "-0.08000", "2018-12-31": "0.07000", "2018-09-30": "0.33000", "2018-06-30": "0.06000", "2018-03-31": "-0.08000", "2017-12-31": "11.25000", "2017-09-30": "-0.05000", "2017-06-30": "-0.02000", "2017-03-31": "-0.08000", "2016-12-31": "-0.08000", "2016-09-30": "0.02000", "2016-06-30": "6.28000", "2016-03-31": "-0.22000", "2015-12-31": "-0.27000", "2015-09-30": "-0.19000", "2015-06-30": "-0.08000", "2015-03-31": "0.05000", "2014-12-31": "-0.53000", "2014-09-30": "-0.36000", "2014-06-30": "0.02000", "2014-03-31": "-0.65000", "2013-12-31": "0.00000", "2013-09-30": "0.00000", "2012-12-31": "0.00000", "2011-12-31": "0.00000"}}, "balance sheet": {"Cash On Hand": {"2019-12-31": "49.72400", "2018-12-31": "83.10300", "2017-12-31": "81.25700", "2016-12-31": "205.72800", "2015-12-31": "664.09300", "2014-12-31": "57.89200", "2013-12-31": "13.32500", "2012-12-31": "14.09700", "2011-12-31": ""}, "Receivables": {"2019-12-31": "", "2018-12-31": "", "2017-12-31": "", "2016-12-31": "", "2015-12-31": "2.46200", "2014-12-31": "0.61700", "2013-12-31": "0.52300", "2012-12-31": "1.97300", "2011-12-31": ""}, "Inventory": {"2019-12-31": "", "2018-12-31": "", "2017-12-31": "", "2016-12-31": "", "2015-12-31": "", "2014-12-31": "", "2013-12-31": "0.44100", "2012-12-31": "5.94000", "2011-12-31": ""}, "Pre-Paid Expenses": {"2019-12-31": "", "2018-12-31": "", "2017-12-31": "", "2016-12-31": "", "2015-12-31": "", "2014-12-31": "", "2013-12-31": "", "2012-12-31": "", "2011-12-31": ""}, "Other Current Assets": {"2019-12-31": "2.40900", "2018-12-31": "1.47100", "2017-12-31": "2.79700", "2016-12-31": "52.69100", "2015-12-31": "11.66000", "2014-12-31": "10.63900", "2013-12-31": "103.84700", "2012-12-31": "2.69800", "2011-12-31": ""}, "Total Current Assets": {"2019-12-31": "52.13300", "2018-12-31": "84.57400", "2017-12-31": "84.05400", "2016-12-31": "258.41900", "2015-12-31": "678.21500", "2014-12-31": "69.14800", "2013-12-31": "154.79400", "2012-12-31": "53.64500", "2011-12-31": ""}, "Property, Plant, And Equipment": {"2019-12-31": "", "2018-12-31": "", "2017-12-31": "", "2016-12-31": "", "2015-12-31": "1.24800", "2014-12-31": "3.59000", "2013-12-31": "4.66000", "2012-12-31": "6.82100", "2011-12-31": ""}, "Long-Term Investments": {"2019-12-31": "12194.67000", "2018-12-31": "12004.38000", "2017-12-31": "11835.61000", "2016-12-31": "9315.25300", "2015-12-31": "2812.25900", "2014-12-31": "2859.56600", "2013-12-31": "2728.72400", "2012-12-31": "232.64800", "2011-12-31": ""}, "Goodwill And Intangible Assets": {"2019-12-31": "", "2018-12-31": "", "2017-12-31": "", "2016-12-31": "15.80300", "2015-12-31": "18.38400", "2014-12-31": "40.08100", "2013-12-31": "21.09800", "2012-12-31": "22.23100", "2011-12-31": "0.00000"}, "Other Long-Term Assets": {"2019-12-31": "9.53500", "2018-12-31": "9.48700", "2017-12-31": "12.12200", "2016-12-31": "1.48500", "2015-12-31": "0.26700", "2014-12-31": "0.26400", "2013-12-31": "0.10300", "2012-12-31": "0.28900", "2011-12-31": ""}, "Total Long-Term Assets": {"2019-12-31": "12204.21000", "2018-12-31": "12013.86000", "2017-12-31": "11847.74000", "2016-12-31": "9332.54100", "2015-12-31": "2887.52600", "2014-12-31": "2934.32300", "2013-12-31": "2754.58500", "2012-12-31": "261.98900", "2011-12-31": ""}, "Total Assets": {"2019-12-31": "12256.34000", "2018-12-31": "12098.44000", "2017-12-31": "11931.79000", "2016-12-31": "9590.96000", "2015-12-31": "3565.74100", "2014-12-31": "3003.47100", "2013-12-31": "2909.37900", "2012-12-31": "315.63400", "2011-12-31": "0.00000"}, "Total Current Liabilities": {"2019-12-31": "12.13900", "2018-12-31": "8.19500", "2017-12-31": "10.54900", "2016-12-31": "412.11600", "2015-12-31": "15.37600", "2014-12-31": "99.59600", "2013-12-31": "70.10700", "2012-12-31": "40.02500", "2011-12-31": ""}, "Long Term Debt": {"2019-12-31": "572.94400", "2018-12-31": "522.92800", "2017-12-31": "497.37000", "2016-12-31": "198.51200", "2015-12-31": "399.70300", "2014-12-31": "371.53900", "2013-12-31": "", "2012-12-31": "", "2011-12-31": ""}, "Other Non-Current Liabilities": {"2019-12-31": "3.55600", "2018-12-31": "2.86700", "2017-12-31": "4.37600", "2016-12-31": "2.59600", "2015-12-31": "", "2014-12-31": "", "2013-12-31": "", "2012-12-31": "0.00400", "2011-12-31": ""}, "Total Long Term Liabilities": {"2019-12-31": "1576.25700", "2018-12-31": "1491.62400", "2017-12-31": "1434.33900", "2016-12-31": "705.75200", "2015-12-31": "402.14600", "2014-12-31": "409.10600", "2013-12-31": "60.07800", "2012-12-31": "79.15000", "2011-12-31": ""}, "Total Liabilities": {"2019-12-31": "1588.39600", "2018-12-31": "1499.81900", "2017-12-31": "1444.88800", "2016-12-31": "1117.86800", "2015-12-31": "417.52200", "2014-12-31": "508.70200", "2013-12-31": "130.18500", "2012-12-31": "119.17500", "2011-12-31": "0.00000"}, "Common Stock Net": {"2019-12-31": "1.81900", "2018-12-31": "1.81400", "2017-12-31": "1.81300", "2016-12-31": "1.81700", "2015-12-31": "1.03300", "2014-12-31": "0.85800", "2013-12-31": "0.00000", "2012-12-31": "", "2011-12-31": "0.00000"}, "Retained Earnings (Accumulated Deficit)": {"2019-12-31": "2767.88500", "2018-12-31": "2650.66900", "2017-12-31": "2568.76400", "2016-12-31": "517.73600", "2015-12-31": "-399.56700", "2014-12-31": "-349.38000", "2013-12-31": "-214.77500", "2012-12-31": "-173.04700", "2011-12-31": ""}, "Comprehensive Income": {"2019-12-31": "8.15800", "2018-12-31": "7.77800", "2017-12-31": "8.42400", "2016-12-31": "7.65600", "2015-12-31": "8.90500", "2014-12-31": "7.91800", "2013-12-31": "7.89000", "2012-12-31": "2.04000", "2011-12-31": ""}, "Other Share Holders Equity": {"2019-12-31": "", "2018-12-31": "", "2017-12-31": "", "2016-12-31": "", "2015-12-31": "", "2014-12-31": "", "2013-12-31": "", "2012-12-31": "", "2011-12-31": "0.00000"}, "Share Holder Equity": {"2019-12-31": "10667.95000", "2018-12-31": "10598.62000", "2017-12-31": "10486.90000", "2016-12-31": "8473.09200", "2015-12-31": "3148.21900", "2014-12-31": "2494.76900", "2013-12-31": "2779.19400", "2012-12-31": "196.45900", "2011-12-31": "0.00000"}, "Total Liabilities And Share Holders Equity": {"2019-12-31": "12256.34000", "2018-12-31": "12098.44000", "2017-12-31": "11931.79000", "2016-12-31": "9590.96000", "2015-12-31": "3565.74100", "2014-12-31": "3003.47100", "2013-12-31": "2909.37900", "2012-12-31": "315.63400", "2011-12-31": "0.00000"}}, "balance sheet, quarterly": {"Cash On Hand": {"2020-09-30": "400.26800", "2020-06-30": "17.16200", "2020-03-31": "18.35700", "2019-12-31": "49.72400", "2019-09-30": "46.54600", "2019-06-30": "67.13400", "2019-03-31": "73.17800", "2018-12-31": "83.10300", "2018-09-30": "43.26800", "2018-06-30": "52.46200", "2018-03-31": "78.08800", "2017-12-31": "81.25700", "2017-09-30": "135.42500", "2017-06-30": "196.75300", "2017-03-31": "247.87200", "2016-12-31": "205.72800", "2016-09-30": "259.04100", "2016-06-30": "256.31000", "2016-03-31": "862.82500", "2015-12-31": "664.09300", "2015-09-30": "652.39500", "2015-06-30": "775.26700", "2015-03-31": "772.13100", "2014-12-31": "57.89200", "2014-09-30": "47.41100", "2014-06-30": "", "2014-03-31": "", "2013-12-31": "", "2013-09-30": "", "2012-12-31": "14.09000", "2011-12-31": ""}, "Receivables": {"2020-09-30": "", "2020-06-30": "", "2020-03-31": "", "2019-12-31": "", "2019-09-30": "", "2019-06-30": "", "2019-03-31": "", "2018-12-31": "", "2018-09-30": "", "2018-06-30": "", "2018-03-31": "", "2017-12-31": "", "2017-09-30": "2.23300", "2017-06-30": "1.45500", "2017-03-31": "1.15500", "2016-12-31": "", "2016-09-30": "1.46600", "2016-06-30": "1.00600", "2016-03-31": "0.87300", "2015-12-31": "2.46200", "2015-09-30": "0.91900", "2015-06-30": "1.73900", "2015-03-31": "90.45500", "2014-12-31": "0.61700", "2014-09-30": "0.47800", "2014-06-30": "", "2014-03-31": "", "2013-12-31": "", "2013-09-30": "", "2012-12-31": "1.97000", "2011-12-31": ""}, "Inventory": {"2020-09-30": "", "2020-06-30": "", "2020-03-31": "", "2019-12-31": "", "2019-09-30": "", "2019-06-30": "", "2019-03-31": "", "2018-12-31": "", "2018-09-30": "", "2018-06-30": "", "2018-03-31": "", "2017-12-31": "", "2017-09-30": "", "2017-06-30": "", "2017-03-31": "", "2016-12-31": "", "2016-09-30": "", "2016-06-30": "", "2016-03-31": "", "2015-12-31": "", "2015-09-30": "", "2015-06-30": "", "2015-03-31": "", "2014-12-31": "", "2014-09-30": "", "2014-06-30": "", "2014-03-31": "", "2013-12-31": "", "2013-09-30": "", "2012-12-31": "5.94000", "2011-12-31": ""}, "Pre-Paid Expenses": {"2020-09-30": "", "2020-06-30": "", "2020-03-31": "", "2019-12-31": "", "2019-09-30": "", "2019-06-30": "", "2019-03-31": "", "2018-12-31": "", "2018-09-30": "", "2018-06-30": "", "2018-03-31": "", "2017-12-31": "", "2017-09-30": "", "2017-06-30": "", "2017-03-31": "", "2016-12-31": "", "2016-09-30": "", "2016-06-30": "", "2016-03-31": "", "2015-12-31": "", "2015-09-30": "", "2015-06-30": "", "2015-03-31": "", "2014-12-31": "", "2014-09-30": "", "2014-06-30": "", "2014-03-31": "", "2013-12-31": "", "2013-09-30": "", "2012-12-31": "", "2011-12-31": ""}, "Other Current Assets": {"2020-09-30": "2.22400", "2020-06-30": "2.54400", "2020-03-31": "2.66500", "2019-12-31": "2.40900", "2019-09-30": "48.40500", "2019-06-30": "7.18100", "2019-03-31": "1.12100", "2018-12-31": "1.47100", "2018-09-30": "52.21000", "2018-06-30": "48.52300", "2018-03-31": "1.79700", "2017-12-31": "2.79700", "2017-09-30": "4.31900", "2017-06-30": "54.98700", "2017-03-31": "2.54500", "2016-12-31": "52.69100", "2016-09-30": "3.31800", "2016-06-30": "3.15000", "2016-03-31": "3.48200", "2015-12-31": "11.66000", "2015-09-30": "2.28400", "2015-06-30": "1.38900", "2015-03-31": "1.87700", "2014-12-31": "10.63900", "2014-09-30": "118.87700", "2014-06-30": "", "2014-03-31": "", "2013-12-31": "", "2013-09-30": "", "2012-12-31": "", "2011-12-31": ""}, "Total Current Assets": {"2020-09-30": "402.49200", "2020-06-30": "19.70600", "2020-03-31": "21.02200", "2019-12-31": "52.13300", "2019-09-30": "94.95100", "2019-06-30": "74.31500", "2019-03-31": "74.29900", "2018-12-31": "84.57400", "2018-09-30": "95.47800", "2018-06-30": "100.98500", "2018-03-31": "79.88500", "2017-12-31": "84.05400", "2017-09-30": "141.97700", "2017-06-30": "253.19500", "2017-03-31": "251.57200", "2016-12-31": "258.41900", "2016-09-30": "263.82500", "2016-06-30": "260.46600", "2016-03-31": "867.18000", "2015-12-31": "678.21500", "2015-09-30": "665.46600", "2015-06-30": "814.24300", "2015-03-31": "885.05500", "2014-12-31": "69.14800", "2014-09-30": "190.68800", "2014-06-30": "", "2014-03-31": "", "2013-12-31": "", "2013-09-30": "", "2012-12-31": "53.64000", "2011-12-31": ""}, "Property, Plant, And Equipment": {"2020-09-30": "", "2020-06-30": "", "2020-03-31": "", "2019-12-31": "", "2019-09-30": "", "2019-06-30": "", "2019-03-31": "", "2018-12-31": "", "2018-09-30": "", "2018-06-30": "", "2018-03-31": "", "2017-12-31": "", "2017-09-30": "0.42500", "2017-06-30": "0.51500", "2017-03-31": "0.60100", "2016-12-31": "", "2016-09-30": "0.86800", "2016-06-30": "0.98700", "2016-03-31": "1.13700", "2015-12-31": "1.24800", "2015-09-30": "1.42100", "2015-06-30": "1.20000", "2015-03-31": "1.25400", "2014-12-31": "3.59000", "2014-09-30": "3.77500", "2014-06-30": "", "2014-03-31": "", "2013-12-31": "", "2013-09-30": "", "2012-12-31": "41.26000", "2011-12-31": ""}, "Long-Term Investments": {"2020-09-30": "12450.42000", "2020-06-30": "12306.59000", "2020-03-31": "12194.73000", "2019-12-31": "12194.67000", "2019-09-30": "12067.33000", "2019-06-30": "12023.74000", "2019-03-31": "11999.49000", "2018-12-31": "12004.38000", "2018-09-30": "11977.37000", "2018-06-30": "11891.64000", "2018-03-31": "11866.43000", "2017-12-31": "11835.61000", "2017-09-30": "9326.87100", "2017-06-30": "9335.45100", "2017-03-31": "9330.23900", "2016-12-31": "9315.25300", "2016-09-30": "9233.19700", "2016-06-30": "9230.08400", "2016-03-31": "2785.29400", "2015-12-31": "2812.25900", "2015-09-30": "2857.05700", "2015-06-30": "2858.73700", "2015-03-31": "2811.06100", "2014-12-31": "2859.56600", "2014-09-30": "2714.45300", "2014-06-30": "", "2014-03-31": "", "2013-12-31": "", "2013-09-30": "", "2012-12-31": "", "2011-12-31": ""}, "Goodwill And Intangible Assets": {"2020-09-30": "", "2020-06-30": "", "2020-03-31": "", "2019-12-31": "", "2019-09-30": "", "2019-06-30": "", "2019-03-31": "", "2018-12-31": "", "2018-09-30": "9.77900", "2018-06-30": "10.28900", "2018-03-31": "11.17900", "2017-12-31": "", "2017-09-30": "12.56000", "2017-06-30": "13.39500", "2017-03-31": "14.24900", "2016-12-31": "15.80300", "2016-09-30": "15.93300", "2016-06-30": "16.67300", "2016-03-31": "17.52600", "2015-12-31": "18.38400", "2015-09-30": "39.91000", "2015-06-30": "38.56700", "2015-03-31": "39.24700", "2014-12-31": "40.08100", "2014-09-30": "77.12700", "2014-06-30": "0.00000", "2014-03-31": "0.00000", "2013-12-31": "", "2013-09-30": "0.00000", "2012-12-31": "0.00000", "2011-12-31": "0.00000"}, "Other Long-Term Assets": {"2020-09-30": "8.77200", "2020-06-30": "9.10000", "2020-03-31": "9.40600", "2019-12-31": "9.53500", "2019-09-30": "9.76700", "2019-06-30": "9.11200", "2019-03-31": "9.58500", "2018-12-31": "9.48700", "2018-09-30": "0.04900", "2018-06-30": "0.01700", "2018-03-31": "0.04900", "2017-12-31": "12.12200", "2017-09-30": "0.06100", "2017-06-30": "0.24300", "2017-03-31": "1.45300", "2016-12-31": "1.48500", "2016-09-30": "1.57700", "2016-06-30": "1.72600", "2016-03-31": "1.73000", "2015-12-31": "0.26700", "2015-09-30": "0.57000", "2015-06-30": "0.62700", "2015-03-31": "0.67600", "2014-12-31": "0.26400", "2014-09-30": "0.07300", "2014-06-30": "", "2014-03-31": "", "2013-12-31": "", "2013-09-30": "", "2012-12-31": "", "2011-12-31": ""}, "Total Long-Term Assets": {"2020-09-30": "12459.20000", "2020-06-30": "12315.69000", "2020-03-31": "12204.13000", "2019-12-31": "12204.21000", "2019-09-30": "12077.10000", "2019-06-30": "12032.85000", "2019-03-31": "12009.08000", "2018-12-31": "12013.86000", "2018-09-30": "11987.20000", "2018-06-30": "11901.94000", "2018-03-31": "11877.66000", "2017-12-31": "11847.74000", "2017-09-30": "9339.91600", "2017-06-30": "9349.60400", "2017-03-31": "9346.54200", "2016-12-31": "9332.54100", "2016-09-30": "9251.57500", "2016-06-30": "9249.47000", "2016-03-31": "2873.70800", "2015-12-31": "2887.52600", "2015-09-30": "2946.05100", "2015-06-30": "2916.12400", "2015-03-31": "2885.15600", "2014-12-31": "2934.32300", "2014-09-30": "2817.61600", "2014-06-30": "", "2014-03-31": "", "2013-12-31": "", "2013-09-30": "", "2012-12-31": "41.26000", "2011-12-31": ""}, "Total Assets": {"2020-09-30": "12861.69000", "2020-06-30": "12335.40000", "2020-03-31": "12225.15000", "2019-12-31": "12256.34000", "2019-09-30": "12172.05000", "2019-06-30": "12107.17000", "2019-03-31": "12083.38000", "2018-12-31": "12098.44000", "2018-09-30": "12082.67000", "2018-06-30": "12002.93000", "2018-03-31": "11957.55000", "2017-12-31": "11931.79000", "2017-09-30": "9481.89400", "2017-06-30": "9602.79900", "2017-03-31": "9598.11400", "2016-12-31": "9590.96000", "2016-09-30": "9515.40000", "2016-06-30": "9509.93600", "2016-03-31": "3740.88800", "2015-12-31": "3565.74100", "2015-09-30": "3611.51700", "2015-06-30": "3730.36700", "2015-03-31": "3770.21100", "2014-12-31": "3003.47100", "2014-09-30": "3008.30400", "2014-06-30": "0.00000", "2014-03-31": "0.00000", "2013-12-31": "0.00000", "2013-09-30": "0.00000", "2012-12-31": "315.63000", "2011-12-31": "0.00000"}, "Total Current Liabilities": {"2020-09-30": "16.33900", "2020-06-30": "20.10600", "2020-03-31": "8.11000", "2019-12-31": "12.13900", "2019-09-30": "11.80400", "2019-06-30": "29.38100", "2019-03-31": "5.82400", "2018-12-31": "8.19500", "2018-09-30": "9.99900", "2018-06-30": "11.90900", "2018-03-31": "5.21800", "2017-12-31": "10.54900", "2017-09-30": "12.20000", "2017-06-30": "617.65800", "2017-03-31": "609.35800", "2016-12-31": "412.11600", "2016-09-30": "12.82600", "2016-06-30": "14.46400", "2016-03-31": "11.68500", "2015-12-31": "15.37600", "2015-09-30": "26.32400", "2015-06-30": "44.93100", "2015-03-31": "155.93300", "2014-12-31": "99.59600", "2014-09-30": "109.19500", "2014-06-30": "", "2014-03-31": "", "2013-12-31": "", "2013-09-30": "", "2012-12-31": "40.02000", "2011-12-31": ""}, "Long Term Debt": {"2020-09-30": "1318.66400", "2020-06-30": "573.59300", "2020-03-31": "573.26900", "2019-12-31": "572.94400", "2019-09-30": "572.61900", "2019-06-30": "523.54900", "2019-03-31": "523.23800", "2018-12-31": "522.92800", "2018-09-30": "522.61700", "2018-06-30": "523.15900", "2018-03-31": "497.76400", "2017-12-31": "497.37000", "2017-09-30": "496.97500", "2017-06-30": "", "2017-03-31": "", "2016-12-31": "198.51200", "2016-09-30": "598.17800", "2016-06-30": "598.03200", "2016-03-31": "597.72900", "2015-12-31": "399.70300", "2015-09-30": "372.00000", "2015-06-30": "412.00000", "2015-03-31": "372.00000", "2014-12-31": "371.53900", "2014-09-30": "", "2014-06-30": "", "2014-03-31": "", "2013-12-31": "", "2013-09-30": "", "2012-12-31": "", "2011-12-31": ""}, "Other Non-Current Liabilities": {"2020-09-30": "2.76400", "2020-06-30": "3.04500", "2020-03-31": "4.10000", "2019-12-31": "3.55600", "2019-09-30": "3.44700", "2019-06-30": "2.59500", "2019-03-31": "2.89600", "2018-12-31": "2.86700", "2018-09-30": "2.92800", "2018-06-30": "2.97600", "2018-03-31": "3.34900", "2017-12-31": "4.37600", "2017-09-30": "1.30500", "2017-06-30": "", "2017-03-31": "", "2016-12-31": "2.59600", "2016-09-30": "", "2016-06-30": "", "2016-03-31": "", "2015-12-31": "", "2015-09-30": "", "2015-06-30": "41.13200", "2015-03-31": "3.75700", "2014-12-31": "", "2014-09-30": "", "2014-06-30": "", "2014-03-31": "", "2013-12-31": "", "2013-09-30": "", "2012-12-31": "", "2011-12-31": ""}, "Total Long Term Liabilities": {"2020-09-30": "2358.10000", "2020-06-30": "1594.55900", "2020-03-31": "1570.07300", "2019-12-31": "1576.25700", "2019-09-30": "1548.07100", "2019-06-30": "1490.72800", "2019-03-31": "1487.79900", "2018-12-31": "1491.62400", "2018-09-30": "1487.38000", "2018-06-30": "1469.53600", "2018-03-31": "1440.93400", "2017-12-31": "1434.33900", "2017-09-30": "999.45900", "2017-06-30": "506.99800", "2017-03-31": "509.53700", "2016-12-31": "705.75200", "2016-09-30": "1077.99600", "2016-06-30": "1076.62200", "2016-03-31": "600.34000", "2015-12-31": "402.14600", "2015-09-30": "410.38100", "2015-06-30": "490.88100", "2015-03-31": "413.41600", "2014-12-31": "409.10600", "2014-09-30": "37.61700", "2014-06-30": "", "2014-03-31": "", "2013-12-31": "", "2013-09-30": "", "2012-12-31": "", "2011-12-31": ""}, "Total Liabilities": {"2020-09-30": "2374.43900", "2020-06-30": "1614.66500", "2020-03-31": "1578.18300", "2019-12-31": "1588.39600", "2019-09-30": "1559.87500", "2019-06-30": "1520.10900", "2019-03-31": "1493.62300", "2018-12-31": "1499.81900", "2018-09-30": "1497.37900", "2018-06-30": "1481.44500", "2018-03-31": "1446.15200", "2017-12-31": "1444.88800", "2017-09-30": "1011.65900", "2017-06-30": "1124.65600", "2017-03-31": "1118.89500", "2016-12-31": "1117.86800", "2016-09-30": "1090.82200", "2016-06-30": "1091.08600", "2016-03-31": "612.02500", "2015-12-31": "417.52200", "2015-09-30": "436.70500", "2015-06-30": "535.81200", "2015-03-31": "569.34900", "2014-12-31": "508.70200", "2014-09-30": "146.81200", "2014-06-30": "0.00000", "2014-03-31": "0.00000", "2013-12-31": "", "2013-09-30": "0.00000", "2012-12-31": "119.17000", "2011-12-31": "0.00000"}, "Common Stock Net": {"2020-09-30": "1.80000", "2020-06-30": "1.82000", "2020-03-31": "1.82000", "2019-12-31": "1.81900", "2019-09-30": "1.81600", "2019-06-30": "1.81600", "2019-03-31": "1.81400", "2018-12-31": "1.81400", "2018-09-30": "1.81400", "2018-06-30": "1.81400", "2018-03-31": "1.81400", "2017-12-31": "1.81300", "2017-09-30": "1.81800", "2017-06-30": "1.81800", "2017-03-31": "1.81800", "2016-12-31": "1.81700", "2016-09-30": "1.81700", "2016-06-30": "1.81700", "2016-03-31": "1.03400", "2015-12-31": "1.03300", "2015-09-30": "1.03200", "2015-06-30": "1.03200", "2015-03-31": "1.03200", "2014-12-31": "0.85800", "2014-09-30": "", "2014-06-30": "0.00000", "2014-03-31": "0.00000", "2013-12-31": "", "2013-09-30": "0.00000", "2012-12-31": "0.00000", "2011-12-31": "0.00000"}, "Retained Earnings (Accumulated Deficit)": {"2020-09-30": "2901.21700", "2020-06-30": "2832.25700", "2020-03-31": "2760.04300", "2019-12-31": "2767.88500", "2019-09-30": "2675.91600", "2019-06-30": "2648.42000", "2019-03-31": "2636.36800", "2018-12-31": "2650.66900", "2018-09-30": "2635.86500", "2018-06-30": "2571.29900", "2018-03-31": "2560.71900", "2017-12-31": "2568.76400", "2017-09-30": "507.81100", "2017-06-30": "517.67500", "2017-03-31": "520.65100", "2016-12-31": "517.73600", "2016-09-30": "472.13500", "2016-06-30": "468.34600", "2016-03-31": "-421.80800", "2015-12-31": "-399.56700", "2015-09-30": "-371.16600", "2015-06-30": "-351.87100", "2015-03-31": "-344.06200", "2014-12-31": "-349.38000", "2014-09-30": "-302.57600", "2014-06-30": "", "2014-03-31": "", "2013-12-31": "", "2013-09-30": "", "2012-12-31": "-173.04000", "2011-12-31": ""}, "Comprehensive Income": {"2020-09-30": "-3.39400", "2020-06-30": "8.15800", "2020-03-31": "8.15800", "2019-12-31": "8.15800", "2019-09-30": "7.77800", "2019-06-30": "7.77800", "2019-03-31": "7.77800", "2018-12-31": "7.77800", "2018-09-30": "7.77800", "2018-06-30": "8.25200", "2018-03-31": "8.42400", "2017-12-31": "8.42400", "2017-09-30": "8.29000", "2017-06-30": "8.03000", "2017-03-31": "7.78000", "2016-12-31": "7.65600", "2016-09-30": "7.65600", "2016-06-30": "7.40900", "2016-03-31": "9.03500", "2015-12-31": "8.90500", "2015-09-30": "8.41400", "2015-06-30": "8.20100", "2015-03-31": "7.99300", "2014-12-31": "7.91800", "2014-09-30": "7.67400", "2014-06-30": "", "2014-03-31": "", "2013-12-31": "", "2013-09-30": "", "2012-12-31": "", "2011-12-31": ""}, "Other Share Holders Equity": {"2020-09-30": "", "2020-06-30": "", "2020-03-31": "", "2019-12-31": "", "2019-09-30": "", "2019-06-30": "", "2019-03-31": "", "2018-12-31": "", "2018-09-30": "", "2018-06-30": "", "2018-03-31": "", "2017-12-31": "", "2017-09-30": "", "2017-06-30": "", "2017-03-31": "", "2016-12-31": "", "2016-09-30": "", "2016-06-30": "", "2016-03-31": "", "2015-12-31": "", "2015-09-30": "", "2015-06-30": "", "2015-03-31": "", "2014-12-31": "", "2014-09-30": "", "2014-06-30": "0.00000", "2014-03-31": "0.00000", "2013-12-31": "", "2013-09-30": "0.00000", "2012-12-31": "0.00000", "2011-12-31": "0.00000"}, "Share Holder Equity": {"2020-09-30": "10487.25000", "2020-06-30": "10720.73000", "2020-03-31": "10646.97000", "2019-12-31": "10667.95000", "2019-09-30": "10612.17000", "2019-06-30": "10587.06000", "2019-03-31": "10589.75000", "2018-12-31": "10598.62000", "2018-09-30": "10585.29000", "2018-06-30": "10521.48000", "2018-03-31": "10511.39000", "2017-12-31": "10486.90000", "2017-09-30": "8470.23500", "2017-06-30": "8478.14300", "2017-03-31": "8479.21900", "2016-12-31": "8473.09200", "2016-09-30": "8424.57800", "2016-06-30": "8418.85000", "2016-03-31": "3128.86300", "2015-12-31": "3148.21900", "2015-09-30": "3174.81200", "2015-06-30": "3194.55500", "2015-03-31": "3200.86200", "2014-12-31": "2494.76900", "2014-09-30": "2861.49200", "2014-06-30": "0.00000", "2014-03-31": "0.00000", "2013-12-31": "", "2013-09-30": "0.00000", "2012-12-31": "196.45000", "2011-12-31": "0.00000"}, "Total Liabilities And Share Holders Equity": {"2020-09-30": "12861.69000", "2020-06-30": "12335.40000", "2020-03-31": "12225.15000", "2019-12-31": "12256.34000", "2019-09-30": "12172.05000", "2019-06-30": "12107.17000", "2019-03-31": "12083.38000", "2018-12-31": "12098.44000", "2018-09-30": "12082.67000", "2018-06-30": "12002.93000", "2018-03-31": "11957.55000", "2017-12-31": "11931.79000", "2017-09-30": "9481.89400", "2017-06-30": "9602.79900", "2017-03-31": "9598.11400", "2016-12-31": "9590.96000", "2016-09-30": "9515.40000", "2016-06-30": "9509.93600", "2016-03-31": "3740.88800", "2015-12-31": "3565.74100", "2015-09-30": "3611.51700", "2015-06-30": "3730.36700", "2015-03-31": "3770.21100", "2014-12-31": "3003.47100", "2014-09-30": "3008.30400", "2014-06-30": "0.00000", "2014-03-31": "0.00000", "2013-12-31": "", "2013-09-30": "0.00000", "2012-12-31": "0.00000", "2011-12-31": "0.00000"}}, "cash flow statement": {"Net Income/Loss": {"2019-12-31": "117.21600", "2018-12-31": "69.95300", "2017-12-31": "2033.66700", "2016-12-31": "917.30300", "2015-12-31": "-50.18700", "2014-12-31": "-134.60500", "2013-12-31": "-41.72800", "2012-12-31": "44.03600", "2011-12-31": "605.87100"}, "Total Depreciation And Amortization - Cash Flow": {"2019-12-31": "1.87500", "2018-12-31": "2.77900", "2017-12-31": "3.77000", "2016-12-31": "4.00500", "2015-12-31": "6.08800", "2014-12-31": "9.04300", "2013-12-31": "4.38200", "2012-12-31": "5.83900", "2011-12-31": "6.18100"}, "Other Non-Cash Items": {"2019-12-31": "-160.00000", "2018-12-31": "-99.29600", "2017-12-31": "-2072.61200", "2016-12-31": "-940.53200", "2015-12-31": "126.35800", "2014-12-31": "132.32700", "2013-12-31": "40.47000", "2012-12-31": "-40.88600", "2011-12-31": "18.98000"}, "Total Non-Cash Items": {"2019-12-31": "-158.12500", "2018-12-31": "-96.51700", "2017-12-31": "-2068.84200", "2016-12-31": "-936.52700", "2015-12-31": "132.44600", "2014-12-31": "141.37000", "2013-12-31": "44.85200", "2012-12-31": "-35.04700", "2011-12-31": "25.16100"}, "Change In Accounts Receivable": {"2019-12-31": "", "2018-12-31": "", "2017-12-31": "", "2016-12-31": "", "2015-12-31": "", "2014-12-31": "", "2013-12-31": "", "2012-12-31": "", "2011-12-31": ""}, "Change In Inventories": {"2019-12-31": "", "2018-12-31": "", "2017-12-31": "", "2016-12-31": "", "2015-12-31": "", "2014-12-31": "", "2013-12-31": "", "2012-12-31": "", "2011-12-31": ""}, "Change In Accounts Payable": {"2019-12-31": "", "2018-12-31": "", "2017-12-31": "", "2016-12-31": "", "2015-12-31": "", "2014-12-31": "", "2013-12-31": "", "2012-12-31": "", "2011-12-31": ""}, "Change In Assets/Liabilities": {"2019-12-31": "1.66600", "2018-12-31": "-1.53400", "2017-12-31": "3.11400", "2016-12-31": "6.29300", "2015-12-31": "-45.53000", "2014-12-31": "-4.05500", "2013-12-31": "2.31200", "2012-12-31": "-2.57100", "2011-12-31": "-7.24600"}, "Total Change In Assets/Liabilities": {"2019-12-31": "1.66600", "2018-12-31": "-1.53400", "2017-12-31": "3.11400", "2016-12-31": "6.29300", "2015-12-31": "-45.53000", "2014-12-31": "-4.05500", "2013-12-31": "2.31200", "2012-12-31": "-2.57100", "2011-12-31": "-7.24600"}, "Cash Flow From Operating Activities": {"2019-12-31": "-37.56300", "2018-12-31": "-26.26000", "2017-12-31": "-30.03100", "2016-12-31": "-11.89800", "2015-12-31": "35.28900", "2014-12-31": "2.72800", "2013-12-31": "5.47500", "2012-12-31": "6.43800", "2011-12-31": "7.27600"}, "Net Change In Property, Plant, And Equipment": {"2019-12-31": "-0.50000", "2018-12-31": "-0.04100", "2017-12-31": "-0.07000", "2016-12-31": "-0.26700", "2015-12-31": "-0.73100", "2014-12-31": "-1.39800", "2013-12-31": "-1.12700", "2012-12-31": "-1.89300", "2011-12-31": "-3.17000"}, "Net Change In Intangible Assets": {"2019-12-31": "", "2018-12-31": "", "2017-12-31": "", "2016-12-31": "", "2015-12-31": "", "2014-12-31": "", "2013-12-31": "", "2012-12-31": "", "2011-12-31": ""}, "Net Acquisitions/Divestitures": {"2019-12-31": "", "2018-12-31": "", "2017-12-31": "", "2016-12-31": "", "2015-12-31": "", "2014-12-31": "-48.08800", "2013-12-31": "", "2012-12-31": "", "2011-12-31": ""}, "Net Change In Short-term Investments": {"2019-12-31": "", "2018-12-31": "", "2017-12-31": "", "2016-12-31": "9.01400", "2015-12-31": "-0.01300", "2014-12-31": "-9.00100", "2013-12-31": "0.00000", "2012-12-31": "0.00000", "2011-12-31": ""}, "Net Change In Long-Term Investments": {"2019-12-31": "", "2018-12-31": "", "2017-12-31": "", "2016-12-31": "-5000.00000", "2015-12-31": "", "2014-12-31": "-175.85700", "2013-12-31": "-2565.15000", "2012-12-31": "", "2011-12-31": ""}, "Net Change In Investments - Total": {"2019-12-31": "", "2018-12-31": "", "2017-12-31": "", "2016-12-31": "-4990.98600", "2015-12-31": "-0.01300", "2014-12-31": "-184.85800", "2013-12-31": "-2565.15000", "2012-12-31": "", "2011-12-31": ""}, "Investing Activities - Other": {"2019-12-31": "", "2018-12-31": "", "2017-12-31": "0.01400", "2016-12-31": "0.45300", "2015-12-31": "-1.73500", "2014-12-31": "24.35800", "2013-12-31": "-58.59100", "2012-12-31": "-20.10600", "2011-12-31": "-0.01000"}, "Cash Flow From Investing Activities": {"2019-12-31": "-0.50000", "2018-12-31": "-0.04100", "2017-12-31": "-0.05600", "2016-12-31": "-4990.80000", "2015-12-31": "-2.47900", "2014-12-31": "-209.98600", "2013-12-31": "-2624.86800", "2012-12-31": "-21.99900", "2011-12-31": "-3.18000"}, "Net Long-Term Debt": {"2019-12-31": "50.00000", "2018-12-31": "25.00000", "2017-12-31": "-100.00000", "2016-12-31": "200.00000", "2015-12-31": "27.99500", "2014-12-31": "372.00000", "2013-12-31": "", "2012-12-31": "", "2011-12-31": ""}, "Net Current Debt": {"2019-12-31": "", "2018-12-31": "", "2017-12-31": "", "2016-12-31": "", "2015-12-31": "", "2014-12-31": "", "2013-12-31": "", "2012-12-31": "", "2011-12-31": ""}, "Debt Issuance/Retirement Net - Total": {"2019-12-31": "50.00000", "2018-12-31": "25.00000", "2017-12-31": "-100.00000", "2016-12-31": "200.00000", "2015-12-31": "27.99500", "2014-12-31": "372.00000", "2013-12-31": "", "2012-12-31": "", "2011-12-31": ""}, "Net Common Equity Issued/Repurchased": {"2019-12-31": "", "2018-12-31": "", "2017-12-31": "", "2016-12-31": "4400.00000", "2015-12-31": "", "2014-12-31": "", "2013-12-31": "", "2012-12-31": "", "2011-12-31": ""}, "Net Total Equity Issued/Repurchased": {"2019-12-31": "", "2018-12-31": "", "2017-12-31": "", "2016-12-31": "4400.00000", "2015-12-31": "", "2014-12-31": "", "2013-12-31": "", "2012-12-31": "", "2011-12-31": ""}, "Total Common And Preferred Stock Dividends Paid": {"2019-12-31": "", "2018-12-31": "", "2017-12-31": "", "2016-12-31": "", "2015-12-31": "", "2014-12-31": "", "2013-12-31": "", "2012-12-31": "", "2011-12-31": ""}, "Financial Activities - Other": {"2019-12-31": "-45.31600", "2018-12-31": "3.14700", "2017-12-31": "5.61600", "2016-12-31": "-46.65300", "2015-12-31": "549.46500", "2014-12-31": "-129.18400", "2013-12-31": "2618.61300", "2012-12-31": "-5.29800", "2011-12-31": "-4.88300"}, "Cash Flow From Financial Activities": {"2019-12-31": "4.68400", "2018-12-31": "28.14700", "2017-12-31": "-94.38400", "2016-12-31": "4553.34700", "2015-12-31": "577.46000", "2014-12-31": "242.81600", "2013-12-31": "2618.61300", "2012-12-31": "-5.29800", "2011-12-31": "-4.88300"}, "Net Cash Flow": {"2019-12-31": "-33.37900", "2018-12-31": "1.84600", "2017-12-31": "-124.47100", "2016-12-31": "-449.35100", "2015-12-31": "610.27000", "2014-12-31": "35.55800", "2013-12-31": "-0.78000", "2012-12-31": "-20.85900", "2011-12-31": "-0.78700"}, "Stock-Based Compensation": {"2019-12-31": "10.30200", "2018-12-31": "5.36500", "2017-12-31": "4.76700", "2016-12-31": "5.12200", "2015-12-31": "5.11200", "2014-12-31": "0.26700", "2013-12-31": "0.23100", "2012-12-31": "-3.14100", "2011-12-31": "0.93100"}, "Common Stock Dividends Paid": {"2019-12-31": "", "2018-12-31": "", "2017-12-31": "", "2016-12-31": "", "2015-12-31": "", "2014-12-31": "", "2013-12-31": "", "2012-12-31": "", "2011-12-31": ""}}, "cash flow statement, quarterly": {"Net Income/Loss": {"2020-09-30": 68.96, "2020-06-30": 72.214, "2020-03-31": "-7.84200", "2019-12-31": 91.969, "2019-09-30": 27.496, "2019-06-30": 12.052, "2019-03-31": "-14.30100", "2018-12-31": 14.804, "2018-09-30": 59.639, "2018-06-30": 10.58, "2018-03-31": "-15.07000", "2017-12-31": 2060.953, "2017-09-30": -9.864, "2017-06-30": -2.977, "2017-03-31": "-14.44500", "2016-12-31": 45.601, "2016-09-30": 3.789, "2016-06-30": 890.154, "2016-03-31": "-22.24100", "2015-12-31": -28.401, "2015-09-30": -19.295, "2015-06-30": -7.809, "2015-03-31": "5.31800", "2014-12-31": -46.804, "2014-09-30": -31.99, "2014-06-30": 1.904, "2014-03-31": "-57.71500", "2013-12-31": -8.841, "2013-09-30": -76.909, "2012-12-31": -561.84, "2011-12-31": 605.87}, "Total Depreciation And Amortization - Cash Flow": {"2020-09-30": 0.056, "2020-06-30": 0.492, "2020-03-31": "0.49300", "2019-12-31": 0.467, "2019-09-30": 0.471, "2019-06-30": 0.469, "2019-03-31": "0.46800", "2018-12-31": 0.47, "2018-09-30": 0.501, "2018-06-30": 0.899, "2018-03-31": "0.90900", "2017-12-31": 0.926, "2017-09-30": 0.942, "2017-06-30": 0.949, "2017-03-31": "0.95300", "2016-12-31": 1.07, "2016-09-30": 0.971, "2016-06-30": 0.978, "2016-03-31": "0.98600", "2015-12-31": 1.168, "2015-09-30": 0.82, "2015-06-30": 0.856, "2015-03-31": "3.24400", "2014-12-31": 2.46, "2014-09-30": 2.479, "2014-06-30": 2.481, "2014-03-31": "1.62300", "2013-12-31": 1.006, "2013-09-30": -2.456, "2012-12-31": -0.35, "2011-12-31": 6.18}, "Other Non-Cash Items": {"2020-09-30": -86.997, "2020-06-30": -85.216, "2020-03-31": "-3.33000", "2019-12-31": -103.639, "2019-09-30": -38.326, "2019-06-30": -22.631, "2019-03-31": "4.59600", "2018-12-31": -24.698, "2018-09-30": -68.411, "2018-06-30": -20.097, "2018-03-31": "13.91000", "2017-12-31": -2071.109, "2017-09-30": 0.484, "2017-06-30": -7.29, "2017-03-31": "5.30300", "2016-12-31": -55.498, "2016-09-30": 0.408, "2016-06-30": -901.329, "2016-03-31": "15.88700", "2015-12-31": 68.031, "2015-09-30": 27.18, "2015-06-30": 9.725, "2015-03-31": "21.42200", "2014-12-31": 52.634, "2014-09-30": 41.299, "2014-06-30": -4.836, "2014-03-31": "43.23000", "2013-12-31": -24.594, "2013-09-30": 24.594, "2012-12-31": 0, "2011-12-31": 0}, "Total Non-Cash Items": {"2020-09-30": -86.941, "2020-06-30": -84.724, "2020-03-31": "-2.83700", "2019-12-31": -103.172, "2019-09-30": -37.855, "2019-06-30": -22.162, "2019-03-31": "5.06400", "2018-12-31": -24.228, "2018-09-30": -67.91, "2018-06-30": -19.198, "2018-03-31": "14.81900", "2017-12-31": -2070.183, "2017-09-30": 1.426, "2017-06-30": -6.341, "2017-03-31": "6.25600", "2016-12-31": -54.4281, "2016-09-30": 1.3791, "2016-06-30": -900.351, "2016-03-31": "16.87300", "2015-12-31": 69.199, "2015-09-30": 28, "2015-06-30": 10.581, "2015-03-31": "24.66600", "2014-12-31": 55.094, "2014-09-30": 43.778, "2014-06-30": -2.355, "2014-03-31": "44.85300", "2013-12-31": -23.588, "2013-09-30": 22.138, "2012-12-31": -0.35, "2011-12-31": 6.18}, "Change In Accounts Receivable": {"2020-09-30": 0, "2020-06-30": 0, "2020-03-31": "", "2019-12-31": 0, "2019-09-30": 0, "2019-06-30": 0, "2019-03-31": "", "2018-12-31": 0, "2018-09-30": 0, "2018-06-30": 0, "2018-03-31": "", "2017-12-31": 0, "2017-09-30": 0, "2017-06-30": 0, "2017-03-31": "", "2016-12-31": 0, "2016-09-30": 0, "2016-06-30": 0, "2016-03-31": "", "2015-12-31": 0, "2015-09-30": 0, "2015-06-30": 0, "2015-03-31": "", "2014-12-31": 0, "2014-09-30": 0, "2014-06-30": 0, "2014-03-31": "", "2013-12-31": 0, "2013-09-30": 0, "2012-12-31": 0, "2011-12-31": 0}, "Change In Inventories": {"2020-09-30": 0, "2020-06-30": 0, "2020-03-31": "", "2019-12-31": 0, "2019-09-30": 0, "2019-06-30": 0, "2019-03-31": "", "2018-12-31": 0, "2018-09-30": 0, "2018-06-30": 0, "2018-03-31": "", "2017-12-31": 0, "2017-09-30": 0, "2017-06-30": 0, "2017-03-31": "", "2016-12-31": 0, "2016-09-30": 0, "2016-06-30": 0, "2016-03-31": "", "2015-12-31": 0, "2015-09-30": 0, "2015-06-30": 0, "2015-03-31": "", "2014-12-31": 0, "2014-09-30": 0, "2014-06-30": 0, "2014-03-31": "", "2013-12-31": 0, "2013-09-30": 0, "2012-12-31": 0, "2011-12-31": 0}, "Change In Accounts Payable": {"2020-09-30": 0, "2020-06-30": 0, "2020-03-31": "", "2019-12-31": 0, "2019-09-30": 0, "2019-06-30": 0, "2019-03-31": "", "2018-12-31": 0, "2018-09-30": 0, "2018-06-30": 0, "2018-03-31": "", "2017-12-31": 0, "2017-09-30": 0, "2017-06-30": 0, "2017-03-31": "", "2016-12-31": 0, "2016-09-30": 0, "2016-06-30": 0, "2016-03-31": "", "2015-12-31": 0, "2015-09-30": 0, "2015-06-30": 0, "2015-03-31": "", "2014-12-31": 0, "2014-09-30": 0, "2014-06-30": 0, "2014-03-31": "", "2013-12-31": 0, "2013-09-30": 0, "2012-12-31": 0, "2011-12-31": 0}, "Change In Assets/Liabilities": {"2020-09-30": -3.578, "2020-06-30": 11.124, "2020-03-31": "-4.25800", "2019-12-31": 0.208, "2019-09-30": 2.761, "2019-06-30": 1.323, "2019-03-31": "-2.62600", "2018-12-31": -1.412, "2018-09-30": -1.951, "2018-06-30": 5.668, "2018-03-31": "-3.83900", "2017-12-31": 1.845, "2017-09-30": -4.795, "2017-06-30": 7.563, "2017-03-31": "-1.49900", "2016-12-31": 1.041, "2016-09-30": -2.829, "2016-06-30": 3.59, "2016-03-31": "4.49100", "2015-12-31": -58.26, "2015-09-30": -18.852, "2015-06-30": 46.058, "2015-03-31": "-14.47600", "2014-12-31": -28.784, "2014-09-30": -19.462, "2014-06-30": -13.93, "2014-03-31": "58.12100", "2013-12-31": -24.62, "2013-09-30": 24.62, "2012-12-31": 0, "2011-12-31": 0}, "Total Change In Assets/Liabilities": {"2020-09-30": -3.578, "2020-06-30": 11.124, "2020-03-31": "-4.25800", "2019-12-31": 0.208, "2019-09-30": 2.761, "2019-06-30": 1.323, "2019-03-31": "-2.62600", "2018-12-31": -1.412, "2018-09-30": -1.951, "2018-06-30": 5.668, "2018-03-31": "-3.83900", "2017-12-31": 1.845, "2017-09-30": -4.795, "2017-06-30": 7.563, "2017-03-31": "-1.49900", "2016-12-31": 1.041, "2016-09-30": -2.829, "2016-06-30": 3.59, "2016-03-31": "4.49100", "2015-12-31": -58.26, "2015-09-30": -18.852, "2015-06-30": 46.058, "2015-03-31": "-14.47600", "2014-12-31": -28.784, "2014-09-30": -19.462, "2014-06-30": -13.93, "2014-03-31": "58.12100", "2013-12-31": -22.31, "2013-09-30": 27.19, "2012-12-31": 4.67, "2011-12-31": -7.24}, "Cash Flow From Operating Activities": {"2020-09-30": -21.114, "2020-06-30": -1.197, "2020-03-31": "-14.50100", "2019-12-31": -10.331, "2019-09-30": -7.158, "2019-06-30": -8.513, "2019-03-31": "-11.56100", "2018-12-31": -10.181, "2018-09-30": -9.486, "2018-06-30": -2.897, "2018-03-31": "-3.69600", "2017-12-31": -6.435, "2017-09-30": -12.282, "2017-06-30": -1.713, "2017-03-31": "-9.60100", "2016-12-31": -6.865, "2016-09-30": 2.669, "2016-06-30": -6.884, "2016-03-31": "-0.81800", "2015-12-31": -16.337, "2015-09-30": -11.504, "2015-06-30": 48.208, "2015-03-31": "14.92200", "2014-12-31": -19.76, "2014-09-30": -8.381, "2014-06-30": -14.392, "2014-03-31": "45.26100", "2013-12-31": -13.559, "2013-09-30": 12.599, "2012-12-31": -0.84, "2011-12-31": 7.27}, "Net Change In Property, Plant, And Equipment": {"2020-09-30": -0.007, "2020-06-30": -0.02, "2020-03-31": "-0.01500", "2019-12-31": -0.425, "2019-09-30": -0.025, "2019-06-30": -0.033, "2019-03-31": "-0.01700", "2018-12-31": -0.006, "2018-09-30": -0.011, "2018-06-30": -0.01, "2018-03-31": "-0.01400", "2017-12-31": -0.043, "2017-09-30": -0.018, "2017-06-30": -0.009, "2017-03-31": "", "2016-12-31": -0.113, "2016-09-30": -0.119, "2016-06-30": -0.015, "2016-03-31": "-0.02000", "2015-12-31": 1.885, "2015-09-30": -2.385, "2015-06-30": -0.156, "2015-03-31": "-0.07500", "2014-12-31": -0.281, "2014-09-30": -0.358, "2014-06-30": -0.62, "2014-03-31": "-0.13900", "2013-12-31": -0.631, "2013-09-30": 1.401, "2012-12-31": 1.28, "2011-12-31": -3.17}, "Net Change In Intangible Assets": {"2020-09-30": 0, "2020-06-30": 0, "2020-03-31": "", "2019-12-31": 0, "2019-09-30": 0, "2019-06-30": 0, "2019-03-31": "", "2018-12-31": 0, "2018-09-30": 0, "2018-06-30": 0, "2018-03-31": "", "2017-12-31": 0, "2017-09-30": 0, "2017-06-30": 0, "2017-03-31": "", "2016-12-31": 0, "2016-09-30": 0, "2016-06-30": 0, "2016-03-31": "", "2015-12-31": 0, "2015-09-30": 0, "2015-06-30": 0, "2015-03-31": "", "2014-12-31": 0, "2014-09-30": 0, "2014-06-30": 0, "2014-03-31": "", "2013-12-31": 0, "2013-09-30": 0, "2012-12-31": 0, "2011-12-31": 0}, "Net Acquisitions/Divestitures": {"2020-09-30": 0, "2020-06-30": 0, "2020-03-31": "", "2019-12-31": 0, "2019-09-30": 0, "2019-06-30": 0, "2019-03-31": "", "2018-12-31": 0, "2018-09-30": 0, "2018-06-30": 0, "2018-03-31": "", "2017-12-31": 0, "2017-09-30": 0, "2017-06-30": 0, "2017-03-31": "", "2016-12-31": 0, "2016-09-30": 0, "2016-06-30": 0, "2016-03-31": "", "2015-12-31": 0, "2015-09-30": 0, "2015-06-30": 0, "2015-03-31": "", "2014-12-31": 0, "2014-09-30": 0, "2014-06-30": 0, "2014-03-31": "-48.08800", "2013-12-31": 0, "2013-09-30": 0, "2012-12-31": 0, "2011-12-31": 0}, "Net Change In Short-term Investments": {"2020-09-30": 0, "2020-06-30": 0, "2020-03-31": "", "2019-12-31": 0, "2019-09-30": 0, "2019-06-30": 0, "2019-03-31": "", "2018-12-31": 0, "2018-09-30": 0, "2018-06-30": 0, "2018-03-31": "", "2017-12-31": 0, "2017-09-30": 0, "2017-06-30": 0, "2017-03-31": "", "2016-12-31": 0, "2016-09-30": 0, "2016-06-30": 77.685, "2016-03-31": "-68.67100", "2015-12-31": -0.013, "2015-09-30": 0, "2015-06-30": 0.003, "2015-03-31": "-0.00300", "2014-12-31": -9.001, "2014-09-30": 0, "2014-06-30": 0, "2014-03-31": "", "2013-12-31": 0, "2013-09-30": 0, "2012-12-31": 0, "2011-12-31": 0}, "Net Change In Long-Term Investments": {"2020-09-30": 0, "2020-06-30": 0, "2020-03-31": "", "2019-12-31": 0, "2019-09-30": 0, "2019-06-30": 0, "2019-03-31": "", "2018-12-31": 0, "2018-09-30": 0, "2018-06-30": 0, "2018-03-31": "", "2017-12-31": 0, "2017-09-30": 0, "2017-06-30": 0, "2017-03-31": "", "2016-12-31": 0, "2016-09-30": 0, "2016-06-30": -5000, "2016-03-31": "", "2015-12-31": 0, "2015-09-30": 0, "2015-06-30": 0, "2015-03-31": "", "2014-12-31": -51.365, "2014-09-30": 0, "2014-06-30": -124.492, "2014-03-31": "", "2013-12-31": 2565.149, "2013-09-30": -2565.149, "2012-12-31": 0, "2011-12-31": 0}, "Net Change In Investments - Total": {"2020-09-30": 0, "2020-06-30": 0, "2020-03-31": "", "2019-12-31": 0, "2019-09-30": 0, "2019-06-30": 0, "2019-03-31": "", "2018-12-31": 0, "2018-09-30": 0, "2018-06-30": 0, "2018-03-31": "", "2017-12-31": 0, "2017-09-30": 0, "2017-06-30": 0, "2017-03-31": "", "2016-12-31": 0, "2016-09-30": 0, "2016-06-30": -4922.315, "2016-03-31": "-68.67100", "2015-12-31": -0.013, "2015-09-30": 0, "2015-06-30": 0.003, "2015-03-31": "-0.00300", "2014-12-31": -60.366, "2014-09-30": 0, "2014-06-30": -124.492, "2014-03-31": "", "2013-12-31": -0.001, "2013-09-30": -2565.149, "2012-12-31": 0, "2011-12-31": 0}, "Investing Activities - Other": {"2020-09-30": 0, "2020-06-30": 0, "2020-03-31": "-14.91000", "2019-12-31": 0, "2019-09-30": 0, "2019-06-30": 0, "2019-03-31": "", "2018-12-31": 0, "2018-09-30": 0, "2018-06-30": 0, "2018-03-31": "", "2017-12-31": 0, "2017-09-30": 0.008, "2017-06-30": 0.006, "2017-03-31": "", "2016-12-31": 0, "2016-09-30": 0.012, "2016-06-30": 0.188, "2016-03-31": "0.25300", "2015-12-31": -1.847, "2015-09-30": 0.119, "2015-06-30": -0.007, "2015-03-31": "", "2014-12-31": 5.304, "2014-09-30": 40.68, "2014-06-30": 19.702, "2014-03-31": "-41.32800", "2013-12-31": 12.364, "2013-09-30": -50.854, "2012-12-31": -20.09, "2011-12-31": -0.01}, "Cash Flow From Investing Activities": {"2020-09-30": -0.007, "2020-06-30": -0.02, "2020-03-31": "-14.92500", "2019-12-31": -0.425, "2019-09-30": -0.025, "2019-06-30": -0.033, "2019-03-31": "-0.01700", "2018-12-31": -0.006, "2018-09-30": -0.011, "2018-06-30": -0.01, "2018-03-31": "-0.01400", "2017-12-31": -0.043, "2017-09-30": -0.01, "2017-06-30": -0.003, "2017-03-31": "0.00000", "2016-12-31": -0.113, "2016-09-30": -0.107, "2016-06-30": -4922.142, "2016-03-31": "-68.43800", "2015-12-31": 0.025, "2015-09-30": -2.266, "2015-06-30": -0.16, "2015-03-31": "-0.07800", "2014-12-31": -55.343, "2014-09-30": 40.322, "2014-06-30": -105.41, "2014-03-31": "-89.55500", "2013-12-31": 11.732, "2013-09-30": -2614.602, "2012-12-31": -18.81, "2011-12-31": -3.18}, "Net Long-Term Debt": {"2020-09-30": 700, "2020-06-30": 0, "2020-03-31": "", "2019-12-31": 0, "2019-09-30": 50, "2019-06-30": 0, "2019-03-31": "", "2018-12-31": 0, "2018-09-30": 0, "2018-06-30": 25, "2018-03-31": "", "2017-12-31": 0, "2017-09-30": -100, "2017-06-30": 0, "2017-03-31": "", "2016-12-31": 0, "2016-09-30": 0, "2016-06-30": 0, "2016-03-31": "200.00000", "2015-12-31": 27.995, "2015-09-30": -40, "2015-06-30": 40, "2015-03-31": "", "2014-12-31": 372, "2014-09-30": 0, "2014-06-30": 0, "2014-03-31": "", "2013-12-31": 0, "2013-09-30": 0, "2012-12-31": 0, "2011-12-31": 0}, "Net Current Debt": {"2020-09-30": 0, "2020-06-30": 0, "2020-03-31": "", "2019-12-31": 0, "2019-09-30": 0, "2019-06-30": 0, "2019-03-31": "", "2018-12-31": 0, "2018-09-30": 0, "2018-06-30": 0, "2018-03-31": "", "2017-12-31": 0, "2017-09-30": 0, "2017-06-30": 0, "2017-03-31": "", "2016-12-31": 0, "2016-09-30": 0, "2016-06-30": 0, "2016-03-31": "", "2015-12-31": 0, "2015-09-30": 0, "2015-06-30": 0, "2015-03-31": "", "2014-12-31": 0, "2014-09-30": 0, "2014-06-30": 0, "2014-03-31": "", "2013-12-31": 0, "2013-09-30": 0, "2012-12-31": 0, "2011-12-31": 0}, "Debt Issuance/Retirement Net - Total": {"2020-09-30": 700, "2020-06-30": 0, "2020-03-31": "", "2019-12-31": 0, "2019-09-30": 50, "2019-06-30": 0, "2019-03-31": "", "2018-12-31": 0, "2018-09-30": 0, "2018-06-30": 25, "2018-03-31": "", "2017-12-31": 0, "2017-09-30": -100, "2017-06-30": 0, "2017-03-31": "", "2016-12-31": 0, "2016-09-30": 0, "2016-06-30": 0, "2016-03-31": "200.00000", "2015-12-31": 27.995, "2015-09-30": -40, "2015-06-30": 40, "2015-03-31": "", "2014-12-31": 372, "2014-09-30": 0, "2014-06-30": 0, "2014-03-31": "", "2013-12-31": 0, "2013-09-30": -1.69, "2012-12-31": 1.69, "2011-12-31": 0}, "Net Common Equity Issued/Repurchased": {"2020-09-30": -285.722, "2020-06-30": 0, "2020-03-31": "", "2019-12-31": 0, "2019-09-30": 0, "2019-06-30": 0, "2019-03-31": "", "2018-12-31": 0, "2018-09-30": 0, "2018-06-30": 0, "2018-03-31": "", "2017-12-31": 0, "2017-09-30": 0, "2017-06-30": 0, "2017-03-31": "", "2016-12-31": 0, "2016-09-30": 0, "2016-06-30": 4400, "2016-03-31": "", "2015-12-31": 0, "2015-09-30": 0, "2015-06-30": 0, "2015-03-31": "", "2014-12-31": 0, "2014-09-30": 0, "2014-06-30": 0, "2014-03-31": "", "2013-12-31": 0, "2013-09-30": 0, "2012-12-31": 0, "2011-12-31": 0}, "Net Total Equity Issued/Repurchased": {"2020-09-30": -285.722, "2020-06-30": 0, "2020-03-31": "", "2019-12-31": 0, "2019-09-30": 0, "2019-06-30": 0, "2019-03-31": "", "2018-12-31": 0, "2018-09-30": 0, "2018-06-30": 0, "2018-03-31": "", "2017-12-31": 0, "2017-09-30": 0, "2017-06-30": 0, "2017-03-31": "", "2016-12-31": 0, "2016-09-30": 0, "2016-06-30": 4400, "2016-03-31": "", "2015-12-31": 0, "2015-09-30": 0, "2015-06-30": 0, "2015-03-31": "", "2014-12-31": 0, "2014-09-30": 0, "2014-06-30": 0, "2014-03-31": "", "2013-12-31": 0, "2013-09-30": 0, "2012-12-31": 0, "2011-12-31": 0}, "Total Common And Preferred Stock Dividends Paid": {"2020-09-30": 0, "2020-06-30": 0, "2020-03-31": "", "2019-12-31": 0, "2019-09-30": 0, "2019-06-30": 0, "2019-03-31": "", "2018-12-31": 0, "2018-09-30": 0, "2018-06-30": 0, "2018-03-31": "", "2017-12-31": 0, "2017-09-30": 0, "2017-06-30": 0, "2017-03-31": "", "2016-12-31": 0, "2016-09-30": 0, "2016-06-30": 0, "2016-03-31": "", "2015-12-31": 0, "2015-09-30": 0, "2015-06-30": 0, "2015-03-31": "", "2014-12-31": 0, "2014-09-30": 0, "2014-06-30": 0, "2014-03-31": "", "2013-12-31": 0, "2013-09-30": 0, "2012-12-31": 0, "2011-12-31": 0}, "Financial Activities - Other": {"2020-09-30": -10.051, "2020-06-30": 0.022, "2020-03-31": "-1.94100", "2019-12-31": 13.934, "2019-09-30": -63.405, "2019-06-30": 2.502, "2019-03-31": "1.65300", "2018-12-31": 50.022, "2018-09-30": 0.303, "2018-06-30": -47.719, "2018-03-31": "0.54100", "2017-12-31": -47.69, "2017-09-30": 50.964, "2017-06-30": -49.403, "2017-03-31": "51.74500", "2016-12-31": -46.335, "2016-09-30": 0.169, "2016-06-30": 0.196, "2016-03-31": "-0.68300", "2015-12-31": 0.012, "2015-09-30": -69.105, "2015-06-30": -84.916, "2015-03-31": "703.47400", "2014-12-31": -299.499, "2014-09-30": -0.995, "2014-06-30": 123.21, "2014-03-31": "48.10000", "2013-12-31": -1.541, "2013-09-30": 2627.141, "2012-12-31": -2.11, "2011-12-31": -4.88}, "Cash Flow From Financial Activities": {"2020-09-30": 404.227, "2020-06-30": 0.022, "2020-03-31": "-1.94100", "2019-12-31": 13.934, "2019-09-30": -13.405, "2019-06-30": 2.502, "2019-03-31": "1.65300", "2018-12-31": 50.022, "2018-09-30": 0.303, "2018-06-30": -22.719, "2018-03-31": "0.54100", "2017-12-31": -47.69, "2017-09-30": -49.036, "2017-06-30": -49.403, "2017-03-31": "51.74500", "2016-12-31": -46.335, "2016-09-30": 0.169, "2016-06-30": 4400.196, "2016-03-31": "199.31700", "2015-12-31": 28.007, "2015-09-30": -109.105, "2015-06-30": -44.916, "2015-03-31": "703.47400", "2014-12-31": 72.501, "2014-09-30": -0.995, "2014-06-30": 123.21, "2014-03-31": "48.10000", "2013-12-31": -1.541, "2013-09-30": 2625.441, "2012-12-31": -0.41, "2011-12-31": -4.88}, "Net Cash Flow": {"2020-09-30": 383.106, "2020-06-30": -1.195, "2020-03-31": "-31.36700", "2019-12-31": 3.178, "2019-09-30": -20.588, "2019-06-30": -6.044, "2019-03-31": "-9.92500", "2018-12-31": 39.835, "2018-09-30": -9.194, "2018-06-30": -25.626, "2018-03-31": "-3.16900", "2017-12-31": -54.168, "2017-09-30": -61.328, "2017-06-30": -51.119, "2017-03-31": "42.14400", "2016-12-31": -53.313, "2016-09-30": 2.731, "2016-06-30": -528.83, "2016-03-31": "130.06100", "2015-12-31": 11.695, "2015-09-30": -122.875, "2015-06-30": 3.132, "2015-03-31": "718.31800", "2014-12-31": -2.602, "2014-09-30": 30.946, "2014-06-30": 3.408, "2014-03-31": "3.80600", "2013-12-31": -3.368, "2013-09-30": 23.438, "2012-12-31": -20.07, "2011-12-31": -0.78}, "Stock-Based Compensation": {"2020-09-30": 2.002, "2020-06-30": 1.933, "2020-03-31": "1.80100", "2019-12-31": 2.632, "2019-09-30": 2.531, "2019-06-30": 2.523, "2019-03-31": "2.61600", "2018-12-31": 1.167, "2018-09-30": 1.397, "2018-06-30": 1.396, "2018-03-31": "1.40500", "2017-12-31": 0.391, "2017-09-30": 1.499, "2017-06-30": 1.429, "2017-03-31": "1.44800", "2016-12-31": 0.54, "2016-09-30": 1.736, "2016-06-30": 1.224, "2016-03-31": "1.62200", "2015-12-31": 0.33, "2015-09-30": 1.451, "2015-06-30": 1.976, "2015-03-31": "1.35500", "2014-12-31": -0.468, "2014-09-30": 0.19, "2014-06-30": 0.089, "2014-03-31": "0.45600", "2013-12-31": -1.082, "2013-09-30": 1.082, "2012-12-31": 0, "2011-12-31": 0}, "Common Stock Dividends Paid": {"2020-09-30": 0, "2020-06-30": 0, "2020-03-31": "", "2019-12-31": 0, "2019-09-30": 0, "2019-06-30": 0, "2019-03-31": "", "2018-12-31": 0, "2018-09-30": 0, "2018-06-30": 0, "2018-03-31": "", "2017-12-31": 0, "2017-09-30": 0, "2017-06-30": 0, "2017-03-31": "", "2016-12-31": 0, "2016-09-30": 0, "2016-06-30": 0, "2016-03-31": "", "2015-12-31": 0, "2015-09-30": 0, "2015-06-30": 0, "2015-03-31": "", "2014-12-31": 0, "2014-09-30": 0, "2014-06-30": 0, "2014-03-31": "", "2013-12-31": 0, "2013-09-30": 0, "2012-12-31": 0, "2011-12-31": 0}}, "financial ratios": {"Current Ratio": {"2019-12-31": "4.29470", "2018-12-31": "10.32020", "2017-12-31": "7.96800", "2016-12-31": "0.62710", "2015-12-31": "44.10870", "2014-12-31": "0.69430", "2013-12-31": "2.20800", "2012-12-31": "1.34030", "2011-12-31": ""}, "Long-term Debt / Capital": {"2019-12-31": "0.05100", "2018-12-31": "0.04700", "2017-12-31": "0.04530", "2016-12-31": "0.02290", "2015-12-31": "0.11270", "2014-12-31": "0.12960", "2013-12-31": "", "2012-12-31": "", "2011-12-31": ""}, "Debt/Equity Ratio": {"2019-12-31": "0.05370", "2018-12-31": "0.04930", "2017-12-31": "0.04740", "2016-12-31": "0.07060", "2015-12-31": "0.12700", "2014-12-31": "0.14890", "2013-12-31": "", "2012-12-31": "", "2011-12-31": ""}, "Gross Margin": {"2019-12-31": "100.00000", "2018-12-31": "100.00000", "2017-12-31": "100.00000", "2016-12-31": "100.00000", "2015-12-31": "100.00000", "2014-12-31": "100.00000", "2013-12-31": "100.00000", "2012-12-31": "88.94200", "2011-12-31": "61.87520"}, "Operating Margin": {"2019-12-31": "-197.03210", "2018-12-31": "-53.98100", "2017-12-31": "-194.60740", "2016-12-31": "-69.18200", "2015-12-31": "64.65640", "2014-12-31": "-62.24060", "2013-12-31": "-0.11380", "2012-12-31": "9.48160", "2011-12-31": "56.32330"}, "EBIT Margin": {"2019-12-31": "-197.03210", "2018-12-31": "-53.98100", "2017-12-31": "-194.60740", "2016-12-31": "-69.18200", "2015-12-31": "64.65640", "2014-12-31": "-62.24060", "2013-12-31": "-0.11380", "2012-12-31": "9.48160", "2011-12-31": "56.32330"}, "EBITDA Margin": {"2019-12-31": "-184.41350", "2018-12-31": "-41.49440", "2017-12-31": "-165.81120", "2016-12-31": "-56.08780", "2015-12-31": "71.33320", "2014-12-31": "-49.14330", "2013-12-31": "5.55050", "2012-12-31": "16.50820", "2011-12-31": "56.86700"}, "Pre-Tax Profit Margin": {"2019-12-31": "1044.20200", "2018-12-31": "412.81900", "2017-12-31": "18718.30000", "2016-12-31": "4824.66500", "2015-12-31": "-76.82990", "2014-12-31": "-292.98430", "2013-12-31": "-83.27750", "2012-12-31": "85.15130", "2011-12-31": "56.37610"}, "Net Profit Margin": {"2019-12-31": "788.85530", "2018-12-31": "314.31080", "2017-12-31": "15533.66000", "2016-12-31": "2999.09400", "2015-12-31": "-55.04050", "2014-12-31": "-194.95260", "2013-12-31": "-53.93790", "2012-12-31": "53.18540", "2011-12-31": "53.42210"}, "Asset Turnover": {"2019-12-31": "0.00120", "2018-12-31": "0.00180", "2017-12-31": "0.00110", "2016-12-31": "0.00320", "2015-12-31": "0.02560", "2014-12-31": "0.02300", "2013-12-31": "0.02660", "2012-12-31": "0.26330", "2011-12-31": ""}, "Inventory Turnover Ratio": {"2019-12-31": "", "2018-12-31": "", "2017-12-31": "", "2016-12-31": "", "2015-12-31": "", "2014-12-31": "", "2013-12-31": "", "2012-12-31": "1.54700", "2011-12-31": ""}, "Receiveable Turnover": {"2019-12-31": "", "2018-12-31": "", "2017-12-31": "", "2016-12-31": "", "2015-12-31": "37.03570", "2014-12-31": "111.90440", "2013-12-31": "147.92160", "2012-12-31": "42.11760", "2011-12-31": ""}, "Days Sales In Receivables": {"2019-12-31": "", "2018-12-31": "", "2017-12-31": "", "2016-12-31": "", "2015-12-31": "9.85530", "2014-12-31": "3.26170", "2013-12-31": "2.46750", "2012-12-31": "8.66620", "2011-12-31": ""}, "ROE - Return On Equity": {"2019-12-31": "1.09880", "2018-12-31": "0.66000", "2017-12-31": "19.39250", "2016-12-31": "10.82610", "2015-12-31": "-1.59410", "2014-12-31": "-5.39550", "2013-12-31": "-1.50140", "2012-12-31": "22.34720", "2011-12-31": ""}, "Return On Tangible Equity": {"2019-12-31": "1.09880", "2018-12-31": "0.66000", "2017-12-31": "19.39250", "2016-12-31": "10.84630", "2015-12-31": "-1.60350", "2014-12-31": "-5.48360", "2013-12-31": "-1.51290", "2012-12-31": "25.19860", "2011-12-31": ""}, "ROA - Return On Assets": {"2019-12-31": "0.95640", "2018-12-31": "0.57820", "2017-12-31": "17.04410", "2016-12-31": "9.56420", "2015-12-31": "-1.40750", "2014-12-31": "-4.48160", "2013-12-31": "-1.43430", "2012-12-31": "13.90950", "2011-12-31": ""}, "ROI - Return On Investment": {"2019-12-31": "1.04280", "2018-12-31": "0.62900", "2017-12-31": "18.51440", "2016-12-31": "10.57820", "2015-12-31": "-1.41450", "2014-12-31": "-4.69610", "2013-12-31": "-1.50140", "2012-12-31": "22.34720", "2011-12-31": ""}, "Book Value Per Share": {"2019-12-31": "58.64700", "2018-12-31": "58.44000", "2017-12-31": "57.83640", "2016-12-31": "46.62210", "2015-12-31": "30.48390", "2014-12-31": "29.08200", "2013-12-31": "", "2012-12-31": "", "2011-12-31": ""}, "Operating Cash Flow Per Share": {"2019-12-31": -0.0617, "2018-12-31": 0.0202, "2017-12-31": -0.0862, "2016-12-31": -0.4204, "2015-12-31": 0.3119, "2014-12-31": -0.0313, "2013-12-31": -0.0109, "2012-12-31": 0.0729, "2011-12-31": 0}, "Free Cash Flow Per Share": {"2019-12-31": -0.0642, "2018-12-31": 0.0204, "2017-12-31": -0.0848, "2016-12-31": -0.4151, "2015-12-31": 0.3205, "2014-12-31": -0.0342, "2013-12-31": -0.0022, "2012-12-31": 0.0514, "2011-12-31": 0}}, "financial ratios, quarterly": {"Current Ratio": {"2020-09-30": "24.63380", "2020-06-30": "0.98010", "2020-03-31": "2.59210", "2019-12-31": "4.29470", "2019-09-30": "8.04400", "2019-06-30": "2.52940", "2019-03-31": "12.75740", "2018-12-31": "10.32020", "2018-09-30": "9.54880", "2018-06-30": "8.47970", "2018-03-31": "15.30950", "2017-12-31": "7.96800", "2017-09-30": "11.63750", "2017-06-30": "0.40990", "2017-03-31": "0.41280", "2016-12-31": "0.62710", "2016-09-30": "20.56960", "2016-06-30": "18.00790", "2016-03-31": "74.21310", "2015-12-31": "44.10870", "2015-09-30": "25.27980", "2015-06-30": "18.12210", "2015-03-31": "5.67590", "2014-12-31": "0.69430", "2014-09-30": "1.74630", "2014-06-30": "", "2014-03-31": "", "2013-12-31": "", "2013-09-30": "", "2012-12-31": "", "2011-12-31": ""}, "Long-term Debt / Capital": {"2020-09-30": "0.11170", "2020-06-30": "0.05080", "2020-03-31": "0.05110", "2019-12-31": "0.05100", "2019-09-30": "0.05120", "2019-06-30": "0.04710", "2019-03-31": "0.04710", "2018-12-31": "0.04700", "2018-09-30": "0.04700", "2018-06-30": "0.04740", "2018-03-31": "0.04520", "2017-12-31": "0.04530", "2017-09-30": "0.05540", "2017-06-30": "", "2017-03-31": "", "2016-12-31": "0.02290", "2016-09-30": "0.06630", "2016-06-30": "0.06630", "2016-03-31": "0.16040", "2015-12-31": "0.11270", "2015-09-30": "0.10490", "2015-06-30": "0.11420", "2015-03-31": "0.10410", "2014-12-31": "0.12960", "2014-09-30": "", "2014-06-30": "", "2014-03-31": "", "2013-12-31": "", "2013-09-30": "", "2012-12-31": "", "2011-12-31": ""}, "Debt/Equity Ratio": {"2020-09-30": "0.12570", "2020-06-30": "0.05350", "2020-03-31": "0.05380", "2019-12-31": "0.05370", "2019-09-30": "0.05400", "2019-06-30": "0.04950", "2019-03-31": "0.04940", "2018-12-31": "0.04930", "2018-09-30": "0.04940", "2018-06-30": "0.04970", "2018-03-31": "0.04740", "2017-12-31": "0.04740", "2017-09-30": "0.05870", "2017-06-30": "0.07070", "2017-03-31": "0.07060", "2016-12-31": "0.07060", "2016-09-30": "0.07100", "2016-06-30": "0.07100", "2016-03-31": "0.19100", "2015-12-31": "0.12700", "2015-09-30": "0.11720", "2015-06-30": "0.12900", "2015-03-31": "0.11620", "2014-12-31": "0.14890", "2014-09-30": "", "2014-06-30": "", "2014-03-31": "", "2013-12-31": "", "2013-09-30": "", "2012-12-31": "", "2011-12-31": ""}, "Gross Margin": {"2020-09-30": "100.00000", "2020-06-30": "100.00000", "2020-03-31": "100.00000", "2019-12-31": "100.00000", "2019-09-30": "100.00000", "2019-06-30": "100.00000", "2019-03-31": "100.00000", "2018-12-31": "100.00000", "2018-09-30": "100.00000", "2018-06-30": "100.00000", "2018-03-31": "100.00000", "2017-12-31": "100.00000", "2017-09-30": "100.00000", "2017-06-30": "100.00000", "2017-03-31": "100.00000", "2016-12-31": "100.00000", "2016-09-30": "100.00000", "2016-06-30": "100.00000", "2016-03-31": "100.00000", "2015-12-31": "100.00000", "2015-09-30": "100.00000", "2015-06-30": "100.00000", "2015-03-31": "100.00000", "2014-12-31": "100.00000", "2014-09-30": "100.00000", "2014-06-30": "100.00000", "2014-03-31": "100.00000", "2013-12-31": "", "2013-09-30": "83.57070", "2012-12-31": "", "2011-12-31": ""}, "Operating Margin": {"2020-09-30": "-387.01120", "2020-06-30": "-238.98880", "2020-03-31": "-177.26610", "2019-12-31": "-211.16470", "2019-09-30": "-204.36300", "2019-06-30": "-191.24630", "2019-03-31": "-179.32330", "2018-12-31": "-142.42170", "2018-09-30": "-116.42980", "2018-06-30": "-150.43010", "2018-03-31": "19.04840", "2017-12-31": "-173.84750", "2017-09-30": "-168.71720", "2017-06-30": "-238.62680", "2017-03-31": "-202.61150", "2016-12-31": "-242.89300", "2016-09-30": "32.13040", "2016-06-30": "-362.00270", "2016-03-31": "-243.80060", "2015-12-31": "23.22180", "2015-09-30": "1.89160", "2015-06-30": "-26.99880", "2015-03-31": "379.02520", "2014-12-31": "-207.63140", "2014-09-30": "36.48040", "2014-06-30": "-48.97940", "2014-03-31": "-26.80690", "2013-12-31": "", "2013-09-30": "-14.06930", "2012-12-31": "", "2011-12-31": ""}, "EBIT Margin": {"2020-09-30": "-387.01120", "2020-06-30": "-238.98880", "2020-03-31": "-177.26610", "2019-12-31": "-211.16470", "2019-09-30": "-204.36300", "2019-06-30": "-191.24630", "2019-03-31": "-179.32330", "2018-12-31": "-142.42170", "2018-09-30": "-116.42980", "2018-06-30": "-150.43010", "2018-03-31": "19.04840", "2017-12-31": "-173.84760", "2017-09-30": "-168.71720", "2017-06-30": "-238.62680", "2017-03-31": "-202.61150", "2016-12-31": "-242.89310", "2016-09-30": "32.13040", "2016-06-30": "-362.00270", "2016-03-31": "-243.80060", "2015-12-31": "23.22180", "2015-09-30": "1.89160", "2015-06-30": "-26.99880", "2015-03-31": "379.02520", "2014-12-31": "-207.63130", "2014-09-30": "36.48040", "2014-06-30": "-48.97940", "2014-03-31": "-26.80690", "2013-12-31": "", "2013-09-30": "-14.06930", "2012-12-31": "", "2011-12-31": ""}, "EBITDA Margin": {"2020-09-30": "", "2020-06-30": "", "2020-03-31": "", "2019-12-31": "", "2019-09-30": "", "2019-06-30": "", "2019-03-31": "", "2018-12-31": "", "2018-09-30": "", "2018-06-30": "", "2018-03-31": "", "2017-12-31": "", "2017-09-30": "", "2017-06-30": "", "2017-03-31": "", "2016-12-31": "", "2016-09-30": "", "2016-06-30": "", "2016-03-31": "", "2015-12-31": "", "2015-09-30": "", "2015-06-30": "", "2015-03-31": "", "2014-12-31": "", "2014-09-30": "", "2014-06-30": "", "2014-03-31": "", "2013-12-31": "", "2013-09-30": "", "2012-12-31": "", "2011-12-31": ""}, "Pre-Tax Profit Margin": {"2020-09-30": "2226.57100", "2020-06-30": "2362.47000", "2020-03-31": "-258.67450", "2019-12-31": "3081.37500", "2019-09-30": "986.26440", "2019-06-30": "426.36780", "2019-03-31": "-545.83580", "2018-12-31": "551.53800", "2018-09-30": "2200.14200", "2018-06-30": "438.26760", "2018-03-31": "-169.79900", "2017-12-31": "72372.62000", "2017-09-30": "-501.37030", "2017-06-30": "-179.59650", "2017-03-31": "-726.59230", "2016-12-31": "2257.20200", "2016-09-30": "26.40670", "2016-06-30": "48385.88000", "2016-03-31": "-953.22370", "2015-12-31": "-67.72140", "2015-09-30": "-189.68140", "2015-06-30": "-96.88410", "2015-03-31": "37.04570", "2014-12-31": "-379.32470", "2014-09-30": "-289.06280", "2014-06-30": "34.94110", "2014-03-31": "-539.84990", "2013-12-31": "", "2013-09-30": "-465.86480", "2012-12-31": "", "2011-12-31": ""}, "Net Profit Margin": {"2020-09-30": "1634.51100", "2020-06-30": "1755.32300", "2020-03-31": "-191.08190", "2019-12-31": "2333.64600", "2019-09-30": "740.53330", "2019-06-30": "321.64400", "2019-03-31": "-413.56270", "2018-12-31": "413.98210", "2018-09-30": "1695.25300", "2018-06-30": "313.85350", "2018-03-31": "-127.80930", "2017-12-31": "59755.10000", "2017-09-30": "-287.58020", "2017-06-30": "-96.87600", "2017-03-31": "-460.03180", "2016-12-31": "1437.15600", "2016-09-30": "18.37890", "2016-06-30": "30011.94000", "2016-03-31": "-580.55330", "2015-12-31": "-56.80660", "2015-09-30": "-126.73230", "2015-06-30": "-61.75560", "2015-03-31": "39.93690", "2014-12-31": "-266.94800", "2014-09-30": "-183.37630", "2014-06-30": "11.10460", "2014-03-31": "-341.08510", "2013-12-31": "", "2013-09-30": "-295.11540", "2012-12-31": "", "2011-12-31": ""}, "Asset Turnover": {"2020-09-30": "0.00030", "2020-06-30": "0.00030", "2020-03-31": "0.00030", "2019-12-31": "0.00030", "2019-09-30": "0.00030", "2019-06-30": "0.00030", "2019-03-31": "0.00030", "2018-12-31": "0.00030", "2018-09-30": "0.00030", "2018-06-30": "0.00030", "2018-03-31": "0.00100", "2017-12-31": "0.00030", "2017-09-30": "0.00040", "2017-06-30": "0.00030", "2017-03-31": "0.00030", "2016-12-31": "0.00030", "2016-09-30": "0.00220", "2016-06-30": "0.00030", "2016-03-31": "0.00100", "2015-12-31": "0.01400", "2015-09-30": "0.00420", "2015-06-30": "0.00340", "2015-03-31": "0.00350", "2014-12-31": "0.00580", "2014-09-30": "0.00580", "2014-06-30": "", "2014-03-31": "", "2013-12-31": "", "2013-09-30": "", "2012-12-31": "", "2011-12-31": ""}, "Inventory Turnover Ratio": {"2020-09-30": "", "2020-06-30": "", "2020-03-31": "", "2019-12-31": "", "2019-09-30": "", "2019-06-30": "", "2019-03-31": "", "2018-12-31": "", "2018-09-30": "", "2018-06-30": "", "2018-03-31": "", "2017-12-31": "", "2017-09-30": "", "2017-06-30": "", "2017-03-31": "", "2016-12-31": "", "2016-09-30": "", "2016-06-30": "", "2016-03-31": "", "2015-12-31": "", "2015-09-30": "", "2015-06-30": "", "2015-03-31": "", "2014-12-31": "", "2014-09-30": "", "2014-06-30": "", "2014-03-31": "", "2013-12-31": "", "2013-09-30": "", "2012-12-31": "", "2011-12-31": ""}, "Receiveable Turnover": {"2020-09-30": "", "2020-06-30": "", "2020-03-31": "", "2019-12-31": "", "2019-09-30": "", "2019-06-30": "", "2019-03-31": "", "2018-12-31": "", "2018-09-30": "", "2018-06-30": "", "2018-03-31": "", "2017-12-31": "", "2017-09-30": "1.53610", "2017-06-30": "2.11200", "2017-03-31": "2.71860", "2016-12-31": "", "2016-09-30": "14.06280", "2016-06-30": "2.94830", "2016-03-31": "4.38830", "2015-12-31": "20.30710", "2015-09-30": "16.56690", "2015-06-30": "7.27140", "2015-03-31": "0.14720", "2014-12-31": "28.41650", "2014-09-30": "36.49580", "2014-06-30": "", "2014-03-31": "", "2013-12-31": "", "2013-09-30": "", "2012-12-31": "", "2011-12-31": ""}, "Days Sales In Receivables": {"2020-09-30": "", "2020-06-30": "", "2020-03-31": "", "2019-12-31": "", "2019-09-30": "", "2019-06-30": "", "2019-03-31": "", "2018-12-31": "", "2018-09-30": "", "2018-06-30": "", "2018-03-31": "", "2017-12-31": "", "2017-09-30": "58.59180", "2017-06-30": "42.61310", "2017-03-31": "33.10510", "2016-12-31": "", "2016-09-30": "6.39990", "2016-06-30": "30.52600", "2016-03-31": "20.50900", "2015-12-31": "4.43200", "2015-09-30": "5.43250", "2015-06-30": "12.37720", "2015-03-31": "611.36600", "2014-12-31": "3.16720", "2014-09-30": "2.46600", "2014-06-30": "", "2014-03-31": "", "2013-12-31": "", "2013-09-30": "", "2012-12-31": "", "2011-12-31": ""}, "ROE - Return On Equity": {"2020-09-30": "0.65760", "2020-06-30": "0.67360", "2020-03-31": "-0.07370", "2019-12-31": "0.86210", "2019-09-30": "0.25910", "2019-06-30": "0.11380", "2019-03-31": "-0.13500", "2018-12-31": "0.13970", "2018-09-30": "0.56340", "2018-06-30": "0.10060", "2018-03-31": "-0.14340", "2017-12-31": "19.65260", "2017-09-30": "-0.11650", "2017-06-30": "-0.03510", "2017-03-31": "-0.17040", "2016-12-31": "0.53820", "2016-09-30": "0.04500", "2016-06-30": "10.57330", "2016-03-31": "-0.71080", "2015-12-31": "-0.90210", "2015-09-30": "-0.60780", "2015-06-30": "-0.24440", "2015-03-31": "0.16610", "2014-12-31": "-1.87610", "2014-09-30": "-1.11790", "2014-06-30": "", "2014-03-31": "", "2013-12-31": "", "2013-09-30": "", "2012-12-31": "", "2011-12-31": ""}, "Return On Tangible Equity": {"2020-09-30": "0.65760", "2020-06-30": "0.67360", "2020-03-31": "-0.07370", "2019-12-31": "0.86210", "2019-09-30": "0.25910", "2019-06-30": "0.11380", "2019-03-31": "-0.13500", "2018-12-31": "0.13970", "2018-09-30": "0.56390", "2018-06-30": "0.10070", "2018-03-31": "-0.14350", "2017-12-31": "19.65260", "2017-09-30": "-0.11660", "2017-06-30": "-0.03520", "2017-03-31": "-0.17060", "2016-12-31": "0.53920", "2016-09-30": "0.04510", "2016-06-30": "10.59430", "2016-03-31": "-0.71480", "2015-12-31": "-0.90740", "2015-09-30": "-0.61550", "2015-06-30": "-0.24740", "2015-03-31": "0.16820", "2014-12-31": "-1.90670", "2014-09-30": "-1.14890", "2014-06-30": "", "2014-03-31": "", "2013-12-31": "", "2013-09-30": "", "2012-12-31": "", "2011-12-31": ""}, "ROA - Return On Assets": {"2020-09-30": "0.53620", "2020-06-30": "0.58540", "2020-03-31": "-0.06410", "2019-12-31": "0.75040", "2019-09-30": "0.22590", "2019-06-30": "0.09950", "2019-03-31": "-0.11840", "2018-12-31": "0.12240", "2018-09-30": "0.49360", "2018-06-30": "0.08810", "2018-03-31": "-0.12600", "2017-12-31": "17.27280", "2017-09-30": "-0.10400", "2017-06-30": "-0.03100", "2017-03-31": "-0.15050", "2016-12-31": "0.47550", "2016-09-30": "0.03980", "2016-06-30": "9.36030", "2016-03-31": "-0.59450", "2015-12-31": "-0.79650", "2015-09-30": "-0.53430", "2015-06-30": "-0.20930", "2015-03-31": "0.14110", "2014-12-31": "-1.55830", "2014-09-30": "-1.06340", "2014-06-30": "", "2014-03-31": "", "2013-12-31": "", "2013-09-30": "", "2012-12-31": "", "2011-12-31": ""}, "ROI - Return On Investment": {"2020-09-30": "0.58410", "2020-06-30": "0.63940", "2020-03-31": "-0.06990", "2019-12-31": "0.81820", "2019-09-30": "0.24580", "2019-06-30": "0.10850", "2019-03-31": "-0.12870", "2018-12-31": "0.13310", "2018-09-30": "0.53690", "2018-06-30": "0.09580", "2018-03-31": "-0.13690", "2017-12-31": "18.76280", "2017-09-30": "-0.11000", "2017-06-30": "-0.03510", "2017-03-31": "-0.17040", "2016-12-31": "0.52590", "2016-09-30": "0.04200", "2016-06-30": "9.87210", "2016-03-31": "-0.59680", "2015-12-31": "-0.80050", "2015-09-30": "-0.54400", "2015-06-30": "-0.21650", "2015-03-31": "0.14880", "2014-12-31": "-1.63290", "2014-09-30": "-1.11790", "2014-06-30": "", "2014-03-31": "", "2013-12-31": "", "2013-09-30": "", "2012-12-31": "", "2011-12-31": ""}, "Book Value Per Share": {"2020-09-30": "58.29520", "2020-06-30": "58.92780", "2020-03-31": "58.52330", "2019-12-31": "58.64700", "2019-09-30": "58.45350", "2019-06-30": "58.31740", "2019-03-31": "58.36800", "2018-12-31": "58.44000", "2018-09-30": "58.36880", "2018-06-30": "58.01820", "2018-03-31": "57.96420", "2017-12-31": "57.83640", "2017-09-30": "46.57920", "2017-06-30": "46.62620", "2017-03-31": "46.63580", "2016-12-31": "46.62210", "2016-09-30": "46.37070", "2016-06-30": "46.34910", "2016-03-31": "30.27560", "2015-12-31": "30.48390", "2015-09-30": "30.76070", "2015-06-30": "30.95470", "2015-03-31": "31.02600", "2014-12-31": "29.08200", "2014-09-30": "", "2014-06-30": "", "2014-03-31": "", "2013-12-31": "", "2013-09-30": "", "2012-12-31": "", "2011-12-31": ""}, "Operating Cash Flow Per Share": {"2020-09-30": -0.1158, "2020-06-30": -0.0066, "2020-03-31": "-0.07930", "2019-12-31": -0.0567, "2019-09-30": -0.039, "2019-06-30": -0.0465, "2019-03-31": "-0.06330", "2018-12-31": -0.0557, "2018-09-30": -0.052, "2018-06-30": -0.0159, "2018-03-31": "-0.02020", "2017-12-31": -0.0353, "2017-09-30": -0.0669, "2017-06-30": -0.0093, "2017-03-31": "-0.05250", "2016-12-31": -0.0502, "2016-09-30": 0.0267, "2016-06-30": -0.0464, "2016-03-31": "-0.00790", "2015-12-31": -0.1553, "2015-09-30": -0.1112, "2015-06-30": 0.4613, "2015-03-31": "0.14780", "2014-12-31": -0.2239, "2014-09-30": -0.0948, "2014-06-30": -0.1629, "2014-03-31": "0.51230", "2013-12-31": 0, "2013-09-30": 0, "2012-12-31": 0, "2011-12-31": 0}, "Free Cash Flow Per Share": {"2020-09-30": -0.1159, "2020-06-30": -0.0066, "2020-03-31": "-0.07940", "2019-12-31": -0.059, "2019-09-30": -0.0391, "2019-06-30": -0.0467, "2019-03-31": "-0.06340", "2018-12-31": -0.0557, "2018-09-30": -0.052, "2018-06-30": -0.016, "2018-03-31": "-0.02030", "2017-12-31": -0.0355, "2017-09-30": -0.0671, "2017-06-30": -0.0093, "2017-03-31": "-0.05250", "2016-12-31": -0.0512, "2016-09-30": 0.0262, "2016-06-30": -0.0465, "2016-03-31": "-0.00810", "2015-12-31": -0.1372, "2015-09-30": -0.1341, "2015-06-30": 0.4597, "2015-03-31": "0.14710", "2014-12-31": -0.2269, "2014-09-30": -0.0989, "2014-06-30": -0.17, "2014-03-31": "0.51080", "2013-12-31": 0, "2013-09-30": 0, "2012-12-31": 0, "2011-12-31": 0}}, "revenue": {"Liberty Broadband Annual Revenue (Millions of US $)": {"2019": "$15", "2018": "$22", "2017": "$13", "2016": "$31", "2015": "$91", "2014": "$69", "2013": "$77", "2012": "$83", "2011": "$1,137"}, "Liberty Broadband Quarterly Revenue (Millions of US $)": {"2020-09-30": "$4", "2020-06-30": "$4", "2020-03-31": "$4", "2019-12-31": "$4", "2019-09-30": "$4", "2019-06-30": "$4", "2019-03-31": "$3", "2018-12-31": "$4", "2018-09-30": "$4", "2018-06-30": "$3", "2018-03-31": "$12", "2017-12-31": "$3", "2017-09-30": "$3", "2017-06-30": "$3", "2017-03-31": "$3", "2016-12-31": "$3", "2016-09-30": "$21", "2016-06-30": "$3", "2016-03-31": "$4", "2015-12-31": "$50", "2015-09-30": "$15", "2015-06-30": "$13", "2015-03-31": "$13", "2014-12-31": "$18", "2014-09-30": "$17", "2014-06-30": "$17", "2014-03-31": "$17", "2013-12-31": "", "2013-09-30": "$18", "2012-12-31": "", "2011-12-31": ""}}, "gross-profit": {"Liberty Broadband Annual Gross Profit (Millions of US $)": {"2019": "$15", "2018": "$22", "2017": "$13", "2016": "$31", "2015": "$91", "2014": "$69", "2013": "$77", "2012": "$74", "2011": "$703"}, "Liberty Broadband Quarterly Gross Profit (Millions of US $)": {"2020-09-30": "$4", "2020-06-30": "$4", "2020-03-31": "$4", "2019-12-31": "$4", "2019-09-30": "$4", "2019-06-30": "$4", "2019-03-31": "$3", "2018-12-31": "$4", "2018-09-30": "$4", "2018-06-30": "$3", "2018-03-31": "$12", "2017-12-31": "$3", "2017-09-30": "$3", "2017-06-30": "$3", "2017-03-31": "$3", "2016-12-31": "$3", "2016-09-30": "$21", "2016-06-30": "$3", "2016-03-31": "$4", "2015-12-31": "$50", "2015-09-30": "$15", "2015-06-30": "$13", "2015-03-31": "$13", "2014-12-31": "$18", "2014-09-30": "$17", "2014-06-30": "$17", "2014-03-31": "$17", "2013-12-31": "", "2013-09-30": "$15", "2012-12-31": "", "2011-12-31": ""}}, "operating-income": {"Liberty Broadband Annual Operating Income (Millions of US $)": {"2019": "$-29", "2018": "$-12", "2017": "$-25", "2016": "$-21", "2015": "$59", "2014": "$-43", "2013": "$-0", "2012": "$8", "2011": "$640"}, "Liberty Broadband Quarterly Operating Income (Millions of US $)": {"2020-09-30": "$-16", "2020-06-30": "$-10", "2020-03-31": "$-7", "2019-12-31": "$-8", "2019-09-30": "$-8", "2019-06-30": "$-7", "2019-03-31": "$-6", "2018-12-31": "$-5", "2018-09-30": "$-4", "2018-06-30": "$-5", "2018-03-31": "$2", "2017-12-31": "$-6", "2017-09-30": "$-6", "2017-06-30": "$-7", "2017-03-31": "$-6", "2016-12-31": "$-8", "2016-09-30": "$7", "2016-06-30": "$-11", "2016-03-31": "$-9", "2015-12-31": "$12", "2015-09-30": "$0", "2015-06-30": "$-3", "2015-03-31": "$50", "2014-12-31": "$-36", "2014-09-30": "$6", "2014-06-30": "$-8", "2014-03-31": "$-5", "2013-12-31": "", "2013-09-30": "$-2", "2012-12-31": "", "2011-12-31": ""}}, "ebitda": {"Liberty Broadband Annual EBITDA (Millions of US $)": {"2019": "$-27", "2018": "$-9", "2017": "$-22", "2016": "$-17", "2015": "$65", "2014": "$-34", "2013": "$4", "2012": "$14", "2011": "$647"}, "Liberty Broadband Quarterly EBITDA (Millions of US $)": {"2020-09-30": "$-16", "2020-06-30": "$-9", "2020-03-31": "$-7", "2019-12-31": "$-8", "2019-09-30": "$-7", "2019-06-30": "$-7", "2019-03-31": "$-6", "2018-12-31": "$-5", "2018-09-30": "$-4", "2018-06-30": "$-4", "2018-03-31": "$3", "2017-12-31": "$-5", "2017-09-30": "$-5", "2017-06-30": "$-6", "2017-03-31": "$-5", "2016-12-31": "$-7", "2016-09-30": "$8", "2016-06-30": "$-10", "2016-03-31": "$-8", "2015-12-31": "$13", "2015-09-30": "$1", "2015-06-30": "$-3", "2015-03-31": "$54", "2014-12-31": "$-34", "2014-09-30": "$9", "2014-06-30": "$-6", "2014-03-31": "$-3", "2013-12-31": "", "2013-09-30": "$-2", "2012-12-31": "", "2011-12-31": ""}}, "net-income": {"Liberty Broadband Annual Net Income (Millions of US $)": {"2019": "$117", "2018": "$70", "2017": "$2,034", "2016": "$917", "2015": "$-50", "2014": "$-135", "2013": "$-42", "2012": "$44", "2011": "$607"}, "Liberty Broadband Quarterly Net Income (Millions of US $)": {"2020-09-30": "$69", "2020-06-30": "$72", "2020-03-31": "$-8", "2019-12-31": "$92", "2019-09-30": "$27", "2019-06-30": "$12", "2019-03-31": "$-14", "2018-12-31": "$15", "2018-09-30": "$60", "2018-06-30": "$11", "2018-03-31": "$-15", "2017-12-31": "$2,061", "2017-09-30": "$-10", "2017-06-30": "$-3", "2017-03-31": "$-14", "2016-12-31": "$46", "2016-09-30": "$4", "2016-06-30": "$890", "2016-03-31": "$-22", "2015-12-31": "$-28", "2015-09-30": "$-19", "2015-06-30": "$-8", "2015-03-31": "$5", "2014-12-31": "$-47", "2014-09-30": "$-32", "2014-06-30": "$2", "2014-03-31": "$-58", "2013-12-31": "", "2013-09-30": "$-52", "2012-12-31": "", "2011-12-31": ""}}, "eps-earnings-per-share-diluted": {"Liberty Broadband Annual EPS": {"2019": "$0.64", "2018": "$0.38", "2017": "$11.10", "2016": "$6.00", "2015": "$-0.49", "2014": "$-1.52", "2013": "$-0.47", "2012": "$0.50", "2011": "$0.00"}, "Liberty Broadband Quarterly EPS": {"2020-09-30": "$0.38", "2020-06-30": "$0.39", "2020-03-31": "$-0.04", "2019-12-31": "$0.50", "2019-09-30": "$0.15", "2019-06-30": "$0.07", "2019-03-31": "$-0.08", "2018-12-31": "$0.07", "2018-09-30": "$0.33", "2018-06-30": "$0.06", "2018-03-31": "$-0.08", "2017-12-31": "$11.25", "2017-09-30": "$-0.05", "2017-06-30": "$-0.02", "2017-03-31": "$-0.08", "2016-12-31": "$-0.08", "2016-09-30": "$0.02", "2016-06-30": "$6.28", "2016-03-31": "$-0.22", "2015-12-31": "$-0.27", "2015-09-30": "$-0.19", "2015-06-30": "$-0.08", "2015-03-31": "$0.05", "2014-12-31": "$-0.53", "2014-09-30": "$-0.36", "2014-06-30": "$0.02", "2014-03-31": "$-0.65", "2013-12-31": "$0.00", "2013-09-30": "$0.00", "2012-12-31": "$0.00", "2011-12-31": "$0.00"}}, "shares-outstanding": {"Liberty Broadband Annual Shares Outstanding (Millions of Shares)": {"2019": "183", "2018": "183", "2017": "183", "2016": "153", "2015": "103", "2014": "89", "2013": "88", "2012": "88", "2011": ""}, "Liberty Broadband Quarterly Shares Outstanding (Millions of Shares)": {"2020-09-30": "183", "2020-06-30": "183", "2020-03-31": "183", "2019-12-31": "183", "2019-09-30": "183", "2019-06-30": "183", "2019-03-31": "183", "2018-12-31": "183", "2018-09-30": "183", "2018-06-30": "182", "2018-03-31": "183", "2017-12-31": "183", "2017-09-30": "183", "2017-06-30": "183", "2017-03-31": "183", "2016-12-31": "153", "2016-09-30": "183", "2016-06-30": "142", "2016-03-31": "104", "2015-12-31": "103", "2015-09-30": "104", "2015-06-30": "104", "2015-03-31": "101", "2014-12-31": "89", "2014-09-30": "88", "2014-06-30": "88", "2014-03-31": "88", "2013-12-31": "", "2013-09-30": "", "2012-12-31": "", "2011-12-31": ""}}, "total-assets": {"Liberty Broadband Annual Total Assets (Millions of US $)": {"2019": "$12,256", "2018": "$12,098", "2017": "$11,932", "2016": "$9,591", "2015": "$3,566", "2014": "$3,003", "2013": "$2,909", "2012": "$316", "2011": "$0"}, "Liberty Broadband Quarterly Total Assets (Millions of US $)": {"2020-09-30": "$12,862", "2020-06-30": "$12,335", "2020-03-31": "$12,225", "2019-12-31": "$12,256", "2019-09-30": "$12,172", "2019-06-30": "$12,107", "2019-03-31": "$12,083", "2018-12-31": "$12,098", "2018-09-30": "$12,083", "2018-06-30": "$12,003", "2018-03-31": "$11,958", "2017-12-31": "$11,932", "2017-09-30": "$9,482", "2017-06-30": "$9,603", "2017-03-31": "$9,598", "2016-12-31": "$9,591", "2016-09-30": "$9,515", "2016-06-30": "$9,510", "2016-03-31": "$3,741", "2015-12-31": "$3,566", "2015-09-30": "$3,612", "2015-06-30": "$3,730", "2015-03-31": "$3,770", "2014-12-31": "$3,003", "2014-09-30": "$3,008", "2014-06-30": "$0", "2014-03-31": "$0", "2013-12-31": "$0", "2013-09-30": "$0", "2012-12-31": "$316", "2011-12-31": "$0"}}, "cash-on-hand": {"Liberty Broadband Annual Cash on Hand (Millions of US $)": {"2019": "$50", "2018": "$83", "2017": "$81", "2016": "$206", "2015": "$664", "2014": "$58", "2013": "$13", "2012": "$14", "2011": "$"}, "Liberty Broadband Quarterly Cash on Hand (Millions of US $)": {"2020-09-30": "$400", "2020-06-30": "$17", "2020-03-31": "$18", "2019-12-31": "$50", "2019-09-30": "$47", "2019-06-30": "$67", "2019-03-31": "$73", "2018-12-31": "$83", "2018-09-30": "$43", "2018-06-30": "$52", "2018-03-31": "$78", "2017-12-31": "$81", "2017-09-30": "$135", "2017-06-30": "$197", "2017-03-31": "$248", "2016-12-31": "$206", "2016-09-30": "$259", "2016-06-30": "$256", "2016-03-31": "$863", "2015-12-31": "$664", "2015-09-30": "$652", "2015-06-30": "$775", "2015-03-31": "$772", "2014-12-31": "$58", "2014-09-30": "$47", "2014-06-30": "", "2014-03-31": "", "2013-12-31": "", "2013-09-30": "", "2012-12-31": "$14", "2011-12-31": ""}}, "long-term-debt": {"Liberty Broadband Annual Long Term Debt (Millions of US $)": {"2019": "$573", "2018": "$523", "2017": "$497", "2016": "$199", "2015": "$400", "2014": "$372", "2013": "$", "2012": "$", "2011": "$"}, "Liberty Broadband Quarterly Long Term Debt (Millions of US $)": {"2020-09-30": "$1,319", "2020-06-30": "$574", "2020-03-31": "$573", "2019-12-31": "$573", "2019-09-30": "$573", "2019-06-30": "$524", "2019-03-31": "$523", "2018-12-31": "$523", "2018-09-30": "$523", "2018-06-30": "$523", "2018-03-31": "$498", "2017-12-31": "$497", "2017-09-30": "$497", "2017-06-30": "", "2017-03-31": "", "2016-12-31": "$199", "2016-09-30": "$598", "2016-06-30": "$598", "2016-03-31": "$598", "2015-12-31": "$400", "2015-09-30": "$372", "2015-06-30": "$412", "2015-03-31": "$372", "2014-12-31": "$372", "2014-09-30": "", "2014-06-30": "", "2014-03-31": "", "2013-12-31": "", "2013-09-30": "", "2012-12-31": "", "2011-12-31": ""}}, "total-liabilities": {"Liberty Broadband Annual Total Liabilities (Millions of US $)": {"2019": "$1,588", "2018": "$1,500", "2017": "$1,445", "2016": "$1,118", "2015": "$418", "2014": "$509", "2013": "$130", "2012": "$119", "2011": "$0"}, "Liberty Broadband Quarterly Total Liabilities (Millions of US $)": {"2020-09-30": "$2,374", "2020-06-30": "$1,615", "2020-03-31": "$1,578", "2019-12-31": "$1,588", "2019-09-30": "$1,560", "2019-06-30": "$1,520", "2019-03-31": "$1,494", "2018-12-31": "$1,500", "2018-09-30": "$1,497", "2018-06-30": "$1,481", "2018-03-31": "$1,446", "2017-12-31": "$1,445", "2017-09-30": "$1,012", "2017-06-30": "$1,125", "2017-03-31": "$1,119", "2016-12-31": "$1,118", "2016-09-30": "$1,091", "2016-06-30": "$1,091", "2016-03-31": "$612", "2015-12-31": "$418", "2015-09-30": "$437", "2015-06-30": "$536", "2015-03-31": "$569", "2014-12-31": "$509", "2014-09-30": "$147", "2014-06-30": "$0", "2014-03-31": "$0", "2013-12-31": "", "2013-09-30": "$0", "2012-12-31": "$119", "2011-12-31": "$0"}}, "total-share-holder-equity": {"Liberty Broadband Annual Share Holder Equity (Millions of US $)": {"2019": "$10,668", "2018": "$10,599", "2017": "$10,487", "2016": "$8,473", "2015": "$3,148", "2014": "$2,495", "2013": "$2,779", "2012": "$196", "2011": "$0"}, "Liberty Broadband Quarterly Share Holder Equity (Millions of US $)": {"2020-09-30": "$10,487", "2020-06-30": "$10,721", "2020-03-31": "$10,647", "2019-12-31": "$10,668", "2019-09-30": "$10,612", "2019-06-30": "$10,587", "2019-03-31": "$10,590", "2018-12-31": "$10,599", "2018-09-30": "$10,585", "2018-06-30": "$10,521", "2018-03-31": "$10,511", "2017-12-31": "$10,487", "2017-09-30": "$8,470", "2017-06-30": "$8,478", "2017-03-31": "$8,479", "2016-12-31": "$8,473", "2016-09-30": "$8,425", "2016-06-30": "$8,419", "2016-03-31": "$3,129", "2015-12-31": "$3,148", "2015-09-30": "$3,175", "2015-06-30": "$3,195", "2015-03-31": "$3,201", "2014-12-31": "$2,495", "2014-09-30": "$2,861", "2014-06-30": "$0", "2014-03-31": "$0", "2013-12-31": "", "2013-09-30": "$0", "2012-12-31": "$196", "2011-12-31": "$0"}}, "profit-margins": {"current": "1375.63%"}, "gross margin": {"2020-09-30": "100.00%", "2020-06-30": "100.00%", "2020-03-31": "100.00%", "2019-12-31": "100.00%", "2019-09-30": "100.00%", "2019-06-30": "100.00%", "2019-03-31": "100.00%", "2018-12-31": "100.00%", "2018-09-30": "100.00%", "2018-06-30": "100.00%", "2018-03-31": "100.00%", "2017-12-31": "100.00%", "2017-09-30": "100.00%", "2017-06-30": "100.00%", "2017-03-31": "100.00%", "2016-12-31": "100.00%", "2016-09-30": "100.00%", "2016-06-30": "100.00%", "2016-03-31": "100.00%", "2015-12-31": "100.00%", "2015-09-30": "100.00%", "2015-06-30": "100.00%", "2015-03-31": "100.00%", "2014-12-31": "100.00%", "2014-06-30": "94.23%"}, "operating margin": {"2020-09-30": "-256.25%", "2020-06-30": "-206.25%", "2020-03-31": "-187.50%", "2019-12-31": "-193.33%", "2019-09-30": "-173.33%", "2019-06-30": "-146.67%", "2019-03-31": "-142.86%", "2018-12-31": "-52.17%", "2018-09-30": "-59.09%", "2018-06-30": "-71.43%", "2018-03-31": "-80.95%", "2017-12-31": "-208.33%", "2017-09-30": "-225.00%", "2017-06-30": "-46.67%", "2017-03-31": "-60.00%", "2016-12-31": "-67.74%", "2016-09-30": "-1.28%", "2016-06-30": "-11.11%", "2016-03-31": "0.00%", "2015-12-31": "64.84%", "2015-09-30": "18.64%", "2015-06-30": "27.87%", "2015-03-31": "18.46%", "2014-12-31": "-62.32%", "2014-06-30": "-28.85%"}, "ebitda margin": {"2020-09-30": "-250.00%", "2020-06-30": "-193.75%", "2020-03-31": "-181.25%", "2019-12-31": "-186.67%", "2019-09-30": "-166.67%", "2019-06-30": "-146.67%", "2019-03-31": "-135.71%", "2018-12-31": "-43.48%", "2018-09-30": "-45.45%", "2018-06-30": "-52.38%", "2018-03-31": "-61.90%", "2017-12-31": "-175.00%", "2017-09-30": "-191.67%", "2017-06-30": "-33.33%", "2017-03-31": "-46.67%", "2016-12-31": "-54.84%", "2016-09-30": "3.85%", "2016-06-30": "-5.56%", "2016-03-31": "3.66%", "2015-12-31": "71.43%", "2015-09-30": "30.51%", "2015-06-30": "42.62%", "2015-03-31": "35.38%", "2014-12-31": "-49.28%", "2014-06-30": "-21.15%"}, "pre tax profit margin": {"2020-09-30": "1881.25%", "2020-06-30": "1525.00%", "2020-03-31": "1018.75%", "2019-12-31": "1033.33%", "2019-09-30": "360.00%", "2019-06-30": "626.67%", "2019-03-31": "664.29%", "2018-12-31": "400.00%", "2018-09-30": "11672.73%", "2018-06-30": "11780.95%", "2018-03-31": "11680.95%", "2017-12-31": "20416.67%", "2017-09-30": "216.67%", "2017-06-30": "160.00%", "2017-03-31": "4963.33%", "2016-12-31": "4758.06%", "2016-09-30": "1755.13%", "2016-06-30": "1854.17%", "2016-03-31": "-136.59%", "2015-12-31": "-76.92%", "2015-09-30": "-174.58%", "2015-06-30": "-203.28%", "2015-03-31": "-163.08%", "2014-12-31": "-292.75%", "2014-06-30": "-321.15%"}, "net profit margin": {"2020-09-30": "1406.25%", "2020-06-30": "1143.75%", "2020-03-31": "768.75%", "2019-12-31": "780.00%", "2019-09-30": "266.67%", "2019-06-30": "486.67%", "2019-03-31": "514.29%", "2018-12-31": "308.70%", "2018-09-30": "9622.73%", "2018-06-30": "9747.62%", "2018-03-31": "9680.95%", "2017-12-31": "16950.00%", "2017-09-30": "158.33%", "2017-06-30": "110.00%", "2017-03-31": "3086.67%", "2016-12-31": "2961.29%", "2016-09-30": "1082.05%", "2016-06-30": "1140.28%", "2016-03-31": "-93.90%", "2015-12-31": "-54.95%", "2015-09-30": "-116.95%", "2015-06-30": "-134.43%", "2015-03-31": "-110.77%", "2014-12-31": "-195.65%", "2014-06-30": "-207.69%"}, "pe ratio": {"current": "119.21", "2021-02-05": "119.21", "2020-09-30": "115.29", "2020-06-30": "122.19", "2020-03-31": "157.35", "2019-12-31": "194.63", "2019-09-30": "475.09", "2019-06-30": "257.10", "2019-03-31": "234.97", "2018-12-31": "184.13", "2018-09-30": "7.28", "2018-06-30": "6.75", "2018-03-31": "7.62", "2017-12-31": "7.64", "2017-09-30": "941.80", "2017-06-30": "504.65", "2017-03-31": "13.15", "2016-12-31": "11.45", "2016-09-30": "12.10", "2016-06-30": "10.63", "2016-03-31": "0.00", "2015-12-31": "0.00", "2015-09-30": "0.00"}, "price sales": {"2021-02-05": "1635.98", "2020-09-30": "1582.21", "2020-06-30": "1407.67", "2020-03-31": "1261.83", "2019-12-31": "1532.51", "2019-09-30": "1317.99", "2019-06-30": "1313.76", "2019-03-31": "1201.69", "2018-12-31": "589.28", "2018-09-30": "696.32", "2018-06-30": "627.47", "2018-03-31": "713.49", "2017-12-31": "1189.94", "2017-09-30": "1283.09", "2017-06-30": "511.87", "2017-03-31": "495.46", "2016-12-31": "378.30", "2016-09-30": "106.92", "2016-06-30": "86.07", "2016-03-31": "73.51", "2015-12-31": "58.29", "2015-09-30": "85.98"}, "price book": {"current": "2.52", "2021-02-05": "2.52", "2020-09-30": "2.43", "2020-06-30": "2.07", "2020-03-31": "1.83", "2019-12-31": "2.12", "2019-09-30": "1.79", "2019-06-30": "1.76", "2019-03-31": "1.57", "2018-12-31": "1.23", "2018-09-30": "1.44", "2018-06-30": "1.30", "2018-03-31": "1.46", "2017-12-31": "1.47", "2017-09-30": "2.02", "2017-06-30": "1.84", "2017-03-31": "1.82", "2016-12-31": "1.55", "2016-09-30": "1.51", "2016-06-30": "1.28", "2016-03-31": "1.92", "2015-12-31": "1.69", "2015-09-30": "1.67", "2015-06-30": "1.65", "2015-03-31": "1.82", "2014-12-31": "1.72"}, "price fcf": {"2021-02-05": "", "2020-09-30": "$-0.26", "2020-06-30": "$-0.18", "2020-03-31": "$-0.22", "2019-12-31": "$-0.21", "2019-09-30": "$-0.20", "2019-06-30": "$-0.22", "2019-03-31": "$-0.19", "2018-12-31": "$-0.14", "2018-09-30": "$-0.12", "2018-06-30": "$-0.14", "2018-03-31": "$-0.13", "2017-12-31": "$-0.16", "2017-09-30": "$-0.18", "2017-06-30": "$-0.09", "2017-03-31": "$-0.12", "2016-12-31": "$-0.08", "2016-09-30": "$-0.17", "2016-06-30": "$-0.33", "2016-03-31": "$0.18", "2015-12-31": "$0.34", "2015-09-30": "$0.49"}, "net worth": {"value": "$26.17B"}, "current ratio": {"current": "24.63", "2020-09-30": "24.63", "2020-06-30": "0.98", "2020-03-31": "2.59", "2019-12-31": "4.30", "2019-09-30": "8.04", "2019-06-30": "2.53", "2019-03-31": "12.76", "2018-12-31": "10.32", "2018-09-30": "9.55", "2018-06-30": "8.48", "2018-03-31": "15.31", "2017-12-31": "7.97", "2017-09-30": "11.64", "2017-06-30": "0.41", "2017-03-31": "0.41", "2016-12-31": "0.63", "2016-09-30": "20.57", "2016-06-30": "18.01", "2016-03-31": "74.21", "2015-12-31": "44.11", "2015-09-30": "25.28", "2015-06-30": "18.12", "2015-03-31": "5.68", "2014-12-31": "0.69", "2014-09-30": "1.75", "2014-06-30": "0.00", "2014-03-31": "0.00", "2013-12-31": "0.00", "2013-09-30": "0.00", "2012-12-31": "1.34", "2011-12-31": "0.00"}, "quick ratio": {"2020-09-30": "0.00", "2020-06-30": "0.00", "2020-03-31": "0.00", "2019-12-31": "0.00", "2019-09-30": "0.00", "2019-06-30": "0.00", "2019-03-31": "0.00", "2018-12-31": "0.00", "2018-09-30": "0.00", "2018-06-30": "0.00", "2018-03-31": "0.00", "2017-12-31": "0.00", "2017-09-30": "0.00", "2017-06-30": "0.00", "2017-03-31": "0.00", "2016-12-31": "0.00", "2016-09-30": "0.00", "2016-06-30": "0.00", "2016-03-31": "0.00", "2015-12-31": "0.00", "2015-09-30": "0.00", "2015-06-30": "0.00", "2015-03-31": "0.00", "2014-12-31": "0.00", "2014-09-30": "0.00", "2014-06-30": "0.00", "2014-03-31": "0.00", "2013-12-31": "0.00", "2013-09-30": "0.00", "2012-12-31": "1.19", "2011-12-31": "0.00"}, "debt equity ratio": {"current": "0.13", "2020-09-30": "0.23", "2020-06-30": "0.15", "2020-03-31": "0.15", "2019-12-31": "0.15", "2019-09-30": "0.15", "2019-06-30": "0.14", "2019-03-31": "0.14", "2018-12-31": "0.14", "2018-09-30": "0.14", "2018-06-30": "0.14", "2018-03-31": "0.14", "2017-12-31": "0.14", "2017-09-30": "0.12", "2017-06-30": "0.13", "2017-03-31": "0.13", "2016-12-31": "0.13", "2016-09-30": "0.13", "2016-06-30": "0.13", "2016-03-31": "0.20", "2015-12-31": "0.13", "2015-09-30": "0.14", "2015-06-30": "0.17", "2015-03-31": "0.18", "2014-12-31": "0.20", "2014-09-30": "0.05", "2014-06-30": "0.00", "2014-03-31": "0.00", "2013-12-31": "0.00", "2013-09-30": "0.00", "2012-12-31": "0.61", "2011-12-31": "0.00"}, "return on equity": {"2020-09-30": "2.12%", "2020-06-30": "1.72%", "2020-03-31": "1.16%", "2019-12-31": "1.10%", "2019-09-30": "0.38%", "2019-06-30": "0.69%", "2019-03-31": "0.68%", "2018-12-31": "0.67%", "2018-09-30": "20.11%", "2018-06-30": "20.48%", "2018-03-31": "21.43%", "2017-12-31": "22.65%", "2017-09-30": "0.22%", "2017-06-30": "0.39%", "2017-03-31": "10.96%", "2016-12-31": "12.91%", "2016-09-30": "14.60%", "2016-06-30": "18.38%", "2016-03-31": "-2.44%", "2015-12-31": "-1.57%", "2015-09-30": "-2.29%", "2015-06-30": "-2.79%", "2015-03-31": "-3.37%", "2014-12-31": "-10.08%", "2014-06-30": "inf%"}, "return on assets": {"2020-09-30": "1.81%", "2020-06-30": "1.49%", "2020-03-31": "1.01%", "2019-12-31": "0.96%", "2019-09-30": "0.33%", "2019-06-30": "0.60%", "2019-03-31": "0.60%", "2018-12-31": "0.59%", "2018-09-30": "17.65%", "2018-06-30": "18.05%", "2018-03-31": "18.92%", "2017-12-31": "20.03%", "2017-09-30": "0.20%", "2017-06-30": "0.34%", "2017-03-31": "9.69%", "2016-12-31": "11.35%", "2016-09-30": "12.82%", "2016-06-30": "16.08%", "2016-03-31": "-2.10%", "2015-12-31": "-1.36%", "2015-09-30": "-1.96%", "2015-06-30": "-2.43%", "2015-03-31": "-2.94%", "2014-12-31": "-8.98%", "2014-06-30": "inf%"}, "return on investments": {"2020-09-30": "-0.36%", "2020-06-30": "-0.29%", "2020-03-31": "-0.27%", "2019-12-31": "-0.26%", "2019-09-30": "-0.23%", "2019-06-30": "-0.20%", "2019-03-31": "-0.18%", "2018-12-31": "-0.11%", "2018-09-30": "-0.12%", "2018-06-30": "-0.14%", "2018-03-31": "-0.22%", "2017-12-31": "-0.50%", "2017-09-30": "-0.61%", "2017-06-30": "-0.32%", "2017-03-31": "-0.27%", "2016-12-31": "-0.28%", "2016-09-30": "-0.02%", "2016-06-30": "-0.16%", "2016-03-31": "0.00%", "2015-12-31": "1.65%", "2015-09-30": "0.32%", "2015-06-30": "0.68%", "2015-03-31": "0.75%", "2014-12-31": "-6.00%", "2014-06-30": "inf%"}, "return on tangible equity": {"2020-09-30": "2.12%", "2020-06-30": "1.72%", "2020-03-31": "1.16%", "2019-12-31": "1.10%", "2019-09-30": "0.38%", "2019-06-30": "0.69%", "2019-03-31": "0.68%", "2018-12-31": "0.67%", "2018-09-30": "20.13%", "2018-06-30": "20.49%", "2018-03-31": "21.45%", "2017-12-31": "22.68%", "2017-09-30": "0.22%", "2017-06-30": "0.39%", "2017-03-31": "10.98%", "2016-12-31": "12.94%", "2016-09-30": "14.65%", "2016-06-30": "18.47%", "2016-03-31": "-2.46%", "2015-12-31": "-1.59%", "2015-09-30": "-2.32%", "2015-06-30": "-2.84%", "2015-03-31": "-3.43%", "2014-12-31": "-10.31%", "2014-06-30": "inf%"}, "dividend yield history": {"last payout": "$0.00", "last yield": "0.00%"}}