{"ticker": "FWONK", "price": {"title": "Liberty Media Historical Annual Stock Price Data", "value": 44.33, "historical": {"2020": {"Average Stock Price": "36.6943", "Year Open": "46.1800", "Year High": "48.5300", "Year Low": "20.5100", "Year Close": "42.6000", "Annual % Change": "-7.32%"}, "2019": {"Average Stock Price": "38.3644", "Year Open": "30.9600", "Year High": "46.1700", "Year Low": "30.4300", "Year Close": "45.9650", "Annual % Change": "49.72%"}, "2018": {"Average Stock Price": "33.5994", "Year Open": "34.8100", "Year High": "39.0800", "Year Low": "27.7900", "Year Close": "30.7000", "Annual % Change": "-10.13%"}, "2017": {"Average Stock Price": "34.9495", "Year Open": "31.5000", "Year High": "40.7300", "Year Low": "27.8400", "Year Close": "34.1600", "Annual % Change": "9.03%"}, "2016": {"Average Stock Price": "27.2054", "Year Open": "36.7400", "Year High": "38.3100", "Year Low": "17.7000", "Year Close": "31.3300", "Annual % Change": "-17.73%"}, "2015": {"Average Stock Price": "37.4160", "Year Open": "34.6400", "Year High": "40.3400", "Year Low": "33.2900", "Year Close": "38.0800", "Annual % Change": "8.71%"}, "2014": {"Average Stock Price": "43.0369", "Year Open": "44.5000", "Year High": "49.1900", "Year Low": "33.5000", "Year Close": "35.0300", "Annual % Change": "0.00%"}}}, "market cap": {"value": "$10.27B"}, "income statement": {"Revenue": {"2019-12-31": "10292.00000", "2018-12-31": "8040.00000", "2017-12-31": "7594.00000", "2016-12-31": "5276.00000", "2015-12-31": "4795.00000", "2014-12-31": "4450.00000", "2013-12-31": "4002.00000", "2012-12-31": "368.00000", "2011-12-31": "1409.00000", "2010-12-31": "2050.00000"}, "Cost Of Goods Sold": {"2019-12-31": "4821.00000", "2018-12-31": "3581.00000", "2017-12-31": "3321.00000", "2016-12-31": "1994.00000", "2015-12-31": "1823.00000", "2014-12-31": "1580.00000", "2013-12-31": "1334.00000", "2012-12-31": "", "2011-12-31": "", "2010-12-31": "1284.00000"}, "Gross Profit": {"2019-12-31": "5471.00000", "2018-12-31": "4459.00000", "2017-12-31": "4273.00000", "2016-12-31": "3282.00000", "2015-12-31": "2972.00000", "2014-12-31": "2870.00000", "2013-12-31": "2668.00000", "2012-12-31": "368.00000", "2011-12-31": "1409.00000", "2010-12-31": "766.00000"}, "Research And Development Expenses": {"2019-12-31": "", "2018-12-31": "", "2017-12-31": "", "2016-12-31": "", "2015-12-31": "", "2014-12-31": "", "2013-12-31": "", "2012-12-31": "", "2011-12-31": "", "2010-12-31": ""}, "SG&A Expenses": {"2019-12-31": "1809.00000", "2018-12-31": "1182.00000", "2017-12-31": "1147.00000", "2016-12-31": "886.00000", "2015-12-31": "861.00000", "2014-12-31": "873.00000", "2013-12-31": "764.00000", "2012-12-31": "176.00000", "2011-12-31": "151.00000", "2010-12-31": "525.00000"}, "Other Operating Income Or Expenses": {"2019-12-31": "-1047.00000", "2018-12-31": "-858.00000", "2017-12-31": "-908.00000", "2016-12-31": "-308.00000", "2015-12-31": "-795.00000", "2014-12-31": "-797.00000", "2013-12-31": "-775.00000", "2012-12-31": "-230.00000", "2011-12-31": "-674.00000", "2010-12-31": "48.00000"}, "Operating Expenses": {"2019-12-31": "8822.00000", "2018-12-31": "6529.00000", "2017-12-31": "6200.00000", "2016-12-31": "3542.00000", "2015-12-31": "3841.00000", "2014-12-31": "3609.00000", "2013-12-31": "3188.00000", "2012-12-31": "448.00000", "2011-12-31": "878.00000", "2010-12-31": "1855.00000"}, "Operating Income": {"2019-12-31": "1470.00000", "2018-12-31": "1511.00000", "2017-12-31": "1394.00000", "2016-12-31": "1734.00000", "2015-12-31": "954.00000", "2014-12-31": "841.00000", "2013-12-31": "814.00000", "2012-12-31": "-80.00000", "2011-12-31": "531.00000", "2010-12-31": "195.00000"}, "Total Non-Operating Income/Expense": {"2019-12-31": "-957.00000", "2018-12-31": "-470.00000", "2017-12-31": "-567.00000", "2016-12-31": "-315.00000", "2015-12-31": "-496.00000", "2014-12-31": "-380.00000", "2013-12-31": "8042.00000", "2012-12-31": "1709.00000", "2011-12-31": "227.00000", "2010-12-31": "231.00000"}, "Pre-Tax Income": {"2019-12-31": "513.00000", "2018-12-31": "1041.00000", "2017-12-31": "827.00000", "2016-12-31": "1419.00000", "2015-12-31": "458.00000", "2014-12-31": "461.00000", "2013-12-31": "8856.00000", "2012-12-31": "1629.00000", "2011-12-31": "758.00000", "2010-12-31": "426.00000"}, "Income Taxes": {"2019-12-31": "166.00000", "2018-12-31": "176.00000", "2017-12-31": "-1063.00000", "2016-12-31": "495.00000", "2015-12-31": "210.00000", "2014-12-31": "66.00000", "2013-12-31": "-135.00000", "2012-12-31": "469.00000", "2011-12-31": "165.00000", "2010-12-31": "-571.00000"}, "Income After Taxes": {"2019-12-31": "347.00000", "2018-12-31": "865.00000", "2017-12-31": "1890.00000", "2016-12-31": "924.00000", "2015-12-31": "248.00000", "2014-12-31": "395.00000", "2013-12-31": "8991.00000", "2012-12-31": "1160.00000", "2011-12-31": "593.00000", "2010-12-31": "997.00000"}, "Other Income": {"2019-12-31": "", "2018-12-31": "", "2017-12-31": "", "2016-12-31": "", "2015-12-31": "", "2014-12-31": "", "2013-12-31": "", "2012-12-31": "", "2011-12-31": "", "2010-12-31": ""}, "Income From Continuous Operations": {"2019-12-31": "347.00000", "2018-12-31": "865.00000", "2017-12-31": "1890.00000", "2016-12-31": "924.00000", "2015-12-31": "248.00000", "2014-12-31": "395.00000", "2013-12-31": "8991.00000", "2012-12-31": "1160.00000", "2011-12-31": "593.00000", "2010-12-31": "997.00000"}, "Income From Discontinued Operations": {"2019-12-31": "", "2018-12-31": "", "2017-12-31": "", "2016-12-31": "", "2015-12-31": "", "2014-12-31": "", "2013-12-31": "", "2012-12-31": "252.00000", "2011-12-31": "239.00000", "2010-12-31": ""}, "Net Income": {"2019-12-31": "106.00000", "2018-12-31": "531.00000", "2017-12-31": "1354.00000", "2016-12-31": "680.00000", "2015-12-31": "64.00000", "2014-12-31": "178.00000", "2013-12-31": "8780.00000", "2012-12-31": "1414.00000", "2011-12-31": "836.00000", "2010-12-31": "1000.00000"}, "EBITDA": {"2019-12-31": "2531.00000", "2018-12-31": "2416.00000", "2017-12-31": "2218.00000", "2016-12-31": "2088.00000", "2015-12-31": "1316.00000", "2014-12-31": "1200.00000", "2013-12-31": "1129.00000", "2012-12-31": "-38.00000", "2011-12-31": "584.00000", "2010-12-31": "1018.00000"}, "EBIT": {"2019-12-31": "1470.00000", "2018-12-31": "1511.00000", "2017-12-31": "1394.00000", "2016-12-31": "1734.00000", "2015-12-31": "954.00000", "2014-12-31": "841.00000", "2013-12-31": "814.00000", "2012-12-31": "-80.00000", "2011-12-31": "531.00000", "2010-12-31": "195.00000"}, "Basic Shares Outstanding": {"2019-12-31": "601.00000", "2018-12-31": "614.00000", "2017-12-31": "592.00000", "2016-12-31": "800.00000", "2015-12-31": "338.00000", "2014-12-31": "342.00000", "2013-12-31": "355.00000", "2012-12-31": "361.00000", "2011-12-31": "85.00000", "2010-12-31": "90.00000"}, "Shares Outstanding": {"2019-12-31": "617.00000", "2018-12-31": "629.00000", "2017-12-31": "610.00000", "2016-12-31": "814.00000", "2015-12-31": "340.00000", "2014-12-31": "345.00000", "2013-12-31": "359.00000", "2012-12-31": "372.00000", "2011-12-31": "88.00000", "2010-12-31": "93.00000"}, "Basic EPS": {"2019-12-31": "0.18000", "2018-12-31": "0.86000", "2017-12-31": "2.29000", "2016-12-31": "0.85000", "2015-12-31": "0.19000", "2014-12-31": "0.52000", "2013-12-31": "24.73000", "2012-12-31": "3.92000", "2011-12-31": "11.63000", "2010-12-31": "12.94000"}, "EPS - Earnings Per Share": {"2019-12-31": "0.17000", "2018-12-31": "0.84000", "2017-12-31": "2.22000", "2016-12-31": "0.84000", "2015-12-31": "0.19000", "2014-12-31": "0.52000", "2013-12-31": "24.46000", "2012-12-31": "3.80000", "2011-12-31": "11.22000", "2010-12-31": "12.50000"}}, "income statement, quarterly": {"Revenue": {"2020-09-30": "2732.00000", "2020-06-30": "1909.00000", "2020-03-31": "2013.00000", "2019-12-31": "2619.00000", "2019-09-30": "2856.00000", "2019-06-30": "2805.00000", "2019-03-31": "2012.00000", "2018-12-31": "2009.00000", "2018-09-30": "2315.00000", "2018-06-30": "2199.00000", "2018-03-31": "1517.00000", "2017-12-31": "1994.00000", "2017-09-30": "2065.00000", "2017-06-30": "2140.00000", "2017-03-31": "1395.00000", "2016-12-31": "1321.00000", "2016-09-30": "1385.00000", "2016-06-30": "1366.00000", "2016-03-31": "1204.00000", "2015-12-31": "1208.00000", "2015-09-30": "1284.00000", "2015-06-30": "1222.00000", "2015-03-31": "1081.00000", "2014-12-31": "1095.00000", "2014-09-30": "1184.00000", "2014-06-30": "1160.00000", "2014-03-31": "1011.00000", "2013-12-31": "1025.00000", "2013-09-30": "1110.00000", "2013-06-30": "1078.00000", "2013-03-31": "789.00000", "2012-12-31": "467.00000", "2012-09-30": "154.00000", "2012-06-30": "135.00000", "2012-03-31": "35.00000", "2011-12-31": "", "2010-12-31": ""}, "Cost Of Goods Sold": {"2020-09-30": "1446.00000", "2020-06-30": "882.00000", "2020-03-31": "893.00000", "2019-12-31": "1288.00000", "2019-09-30": "1314.00000", "2019-06-30": "1323.00000", "2019-03-31": "896.00000", "2018-12-31": "900.00000", "2018-09-30": "1015.00000", "2018-06-30": "1051.00000", "2018-03-31": "615.00000", "2017-12-31": "955.00000", "2017-09-30": "873.00000", "2017-06-30": "928.00000", "2017-03-31": "565.00000", "2016-12-31": "552.00000", "2016-09-30": "489.00000", "2016-06-30": "486.00000", "2016-03-31": "467.00000", "2015-12-31": "471.00000", "2015-09-30": "434.00000", "2015-06-30": "520.00000", "2015-03-31": "398.00000", "2014-12-31": "413.00000", "2014-09-30": "397.00000", "2014-06-30": "387.00000", "2014-03-31": "383.00000", "2013-12-31": "388.00000", "2013-09-30": "341.00000", "2013-06-30": "334.00000", "2013-03-31": "271.00000", "2012-12-31": "", "2012-09-30": "", "2012-06-30": "", "2012-03-31": "", "2011-12-31": "", "2010-12-31": ""}, "Gross Profit": {"2020-09-30": "1286.00000", "2020-06-30": "1027.00000", "2020-03-31": "1120.00000", "2019-12-31": "1331.00000", "2019-09-30": "1542.00000", "2019-06-30": "1482.00000", "2019-03-31": "1116.00000", "2018-12-31": "1109.00000", "2018-09-30": "1300.00000", "2018-06-30": "1148.00000", "2018-03-31": "902.00000", "2017-12-31": "1039.00000", "2017-09-30": "1192.00000", "2017-06-30": "1212.00000", "2017-03-31": "830.00000", "2016-12-31": "769.00000", "2016-09-30": "896.00000", "2016-06-30": "880.00000", "2016-03-31": "737.00000", "2015-12-31": "737.00000", "2015-09-30": "850.00000", "2015-06-30": "702.00000", "2015-03-31": "683.00000", "2014-12-31": "682.00000", "2014-09-30": "787.00000", "2014-06-30": "773.00000", "2014-03-31": "628.00000", "2013-12-31": "637.00000", "2013-09-30": "769.00000", "2013-06-30": "744.00000", "2013-03-31": "518.00000", "2012-12-31": "467.00000", "2012-09-30": "154.00000", "2012-06-30": "135.00000", "2012-03-31": "35.00000", "2011-12-31": "", "2010-12-31": ""}, "Research And Development Expenses": {"2020-09-30": "", "2020-06-30": "", "2020-03-31": "", "2019-12-31": "", "2019-09-30": "", "2019-06-30": "", "2019-03-31": "", "2018-12-31": "", "2018-09-30": "", "2018-06-30": "", "2018-03-31": "", "2017-12-31": "", "2017-09-30": "", "2017-06-30": "", "2017-03-31": "", "2016-12-31": "", "2016-09-30": "", "2016-06-30": "", "2016-03-31": "", "2015-12-31": "", "2015-09-30": "", "2015-06-30": "", "2015-03-31": "", "2014-12-31": "", "2014-09-30": "", "2014-06-30": "", "2014-03-31": "", "2013-12-31": "", "2013-09-30": "", "2013-06-30": "", "2013-03-31": "", "2012-12-31": "0.00000", "2012-09-30": "", "2012-06-30": "", "2012-03-31": "", "2011-12-31": "", "2010-12-31": ""}, "SG&A Expenses": {"2020-09-30": "423.00000", "2020-06-30": "390.00000", "2020-03-31": "408.00000", "2019-12-31": "534.00000", "2019-09-30": "440.00000", "2019-06-30": "436.00000", "2019-03-31": "399.00000", "2018-12-31": "329.00000", "2018-09-30": "288.00000", "2018-06-30": "300.00000", "2018-03-31": "265.00000", "2017-12-31": "296.00000", "2017-09-30": "324.00000", "2017-06-30": "288.00000", "2017-03-31": "239.00000", "2016-12-31": "242.00000", "2016-09-30": "235.00000", "2016-06-30": "208.00000", "2016-03-31": "201.00000", "2015-12-31": "253.00000", "2015-09-30": "207.00000", "2015-06-30": "199.00000", "2015-03-31": "202.00000", "2014-12-31": "233.00000", "2014-09-30": "209.00000", "2014-06-30": "215.00000", "2014-03-31": "216.00000", "2013-12-31": "216.00000", "2013-09-30": "207.00000", "2013-06-30": "186.00000", "2013-03-31": "155.00000", "2012-12-31": "94.00000", "2012-09-30": "37.00000", "2012-06-30": "41.00000", "2012-03-31": "33.00000", "2011-12-31": "", "2010-12-31": ""}, "Other Operating Income Or Expenses": {"2020-09-30": "-264.00000", "2020-06-30": "-133.00000", "2020-03-31": "-199.00000", "2019-12-31": "-223.00000", "2019-09-30": "-324.00000", "2019-06-30": "-307.00000", "2019-03-31": "-193.00000", "2018-12-31": "-174.00000", "2018-09-30": "-247.00000", "2018-06-30": "-243.00000", "2018-03-31": "-194.00000", "2017-12-31": "-203.00000", "2017-09-30": "-258.00000", "2017-06-30": "-279.00000", "2017-03-31": "-168.00000", "2016-12-31": "-172.00000", "2016-09-30": "-217.00000", "2016-06-30": "-251.00000", "2016-03-31": "332.00000", "2015-12-31": "-177.00000", "2015-09-30": "-226.00000", "2015-06-30": "-240.00000", "2015-03-31": "-152.00000", "2014-12-31": "-156.00000", "2014-09-30": "-239.00000", "2014-06-30": "-235.00000", "2014-03-31": "-167.00000", "2013-12-31": "-154.00000", "2013-09-30": "-235.00000", "2013-06-30": "-244.00000", "2013-03-31": "-142.00000", "2012-12-31": "-29.00000", "2012-09-30": "-95.00000", "2012-06-30": "-81.00000", "2012-03-31": "-25.00000", "2011-12-31": "", "2010-12-31": ""}, "Operating Expenses": {"2020-09-30": "2412.00000", "2020-06-30": "1695.00000", "2020-03-31": "1767.00000", "2019-12-31": "2317.00000", "2019-09-30": "2349.00000", "2019-06-30": "2344.00000", "2019-03-31": "1812.00000", "2018-12-31": "1630.00000", "2018-09-30": "1784.00000", "2018-06-30": "1825.00000", "2018-03-31": "1290.00000", "2017-12-31": "1663.00000", "2017-09-30": "1683.00000", "2017-06-30": "1718.00000", "2017-03-31": "1136.00000", "2016-12-31": "1048.00000", "2016-09-30": "1033.00000", "2016-06-30": "1038.00000", "2016-03-31": "423.00000", "2015-12-31": "991.00000", "2015-09-30": "963.00000", "2015-06-30": "1051.00000", "2015-03-31": "836.00000", "2014-12-31": "889.00000", "2014-09-30": "935.00000", "2014-06-30": "929.00000", "2014-03-31": "856.00000", "2013-12-31": "836.00000", "2013-09-30": "862.00000", "2013-06-30": "852.00000", "2013-03-31": "638.00000", "2012-12-31": "104.00000", "2012-09-30": "144.00000", "2012-06-30": "133.00000", "2012-03-31": "67.00000", "2011-12-31": "", "2010-12-31": ""}, "Operating Income": {"2020-09-30": "320.00000", "2020-06-30": "214.00000", "2020-03-31": "246.00000", "2019-12-31": "302.00000", "2019-09-30": "507.00000", "2019-06-30": "461.00000", "2019-03-31": "200.00000", "2018-12-31": "379.00000", "2018-09-30": "531.00000", "2018-06-30": "374.00000", "2018-03-31": "227.00000", "2017-12-31": "331.00000", "2017-09-30": "382.00000", "2017-06-30": "422.00000", "2017-03-31": "259.00000", "2016-12-31": "273.00000", "2016-09-30": "352.00000", "2016-06-30": "328.00000", "2016-03-31": "781.00000", "2015-12-31": "217.00000", "2015-09-30": "321.00000", "2015-06-30": "171.00000", "2015-03-31": "245.00000", "2014-12-31": "206.00000", "2014-09-30": "249.00000", "2014-06-30": "231.00000", "2014-03-31": "155.00000", "2013-12-31": "189.00000", "2013-09-30": "248.00000", "2013-06-30": "226.00000", "2013-03-31": "151.00000", "2012-12-31": "363.00000", "2012-09-30": "10.00000", "2012-06-30": "2.00000", "2012-03-31": "-32.00000", "2011-12-31": "", "2010-12-31": ""}, "Total Non-Operating Income/Expense": {"2020-09-30": "-356.00000", "2020-06-30": "-522.00000", "2020-03-31": "-208.00000", "2019-12-31": "-342.00000", "2019-09-30": "-147.00000", "2019-06-30": "-199.00000", "2019-03-31": "-269.00000", "2018-12-31": "-306.00000", "2018-09-30": "-113.00000", "2018-06-30": "-52.00000", "2018-03-31": "1.00000", "2017-12-31": "-245.00000", "2017-09-30": "3.00000", "2017-06-30": "-186.00000", "2017-03-31": "-139.00000", "2016-12-31": "-70.00000", "2016-09-30": "-49.00000", "2016-06-30": "-99.00000", "2016-03-31": "-97.00000", "2015-12-31": "-68.00000", "2015-09-30": "-251.00000", "2015-06-30": "-37.00000", "2015-03-31": "-140.00000", "2014-12-31": "-41.00000", "2014-09-30": "-99.00000", "2014-06-30": "-50.00000", "2014-03-31": "-190.00000", "2013-12-31": "465.00000", "2013-09-30": "-38.00000", "2013-06-30": "26.00000", "2013-03-31": "7589.00000", "2012-12-31": "90.00000", "2012-09-30": "240.00000", "2012-06-30": "1235.00000", "2012-03-31": "144.00000", "2011-12-31": "", "2010-12-31": ""}, "Pre-Tax Income": {"2020-09-30": "-36.00000", "2020-06-30": "-308.00000", "2020-03-31": "38.00000", "2019-12-31": "-40.00000", "2019-09-30": "360.00000", "2019-06-30": "262.00000", "2019-03-31": "-69.00000", "2018-12-31": "73.00000", "2018-09-30": "418.00000", "2018-06-30": "322.00000", "2018-03-31": "228.00000", "2017-12-31": "86.00000", "2017-09-30": "385.00000", "2017-06-30": "236.00000", "2017-03-31": "120.00000", "2016-12-31": "203.00000", "2016-09-30": "303.00000", "2016-06-30": "229.00000", "2016-03-31": "684.00000", "2015-12-31": "149.00000", "2015-09-30": "70.00000", "2015-06-30": "134.00000", "2015-03-31": "105.00000", "2014-12-31": "165.00000", "2014-09-30": "150.00000", "2014-06-30": "181.00000", "2014-03-31": "-35.00000", "2013-12-31": "654.00000", "2013-09-30": "210.00000", "2013-06-30": "252.00000", "2013-03-31": "7740.00000", "2012-12-31": "30.00000", "2012-09-30": "250.00000", "2012-06-30": "1237.00000", "2012-03-31": "112.00000", "2011-12-31": "", "2010-12-31": ""}, "Income Taxes": {"2020-09-30": "7.00000", "2020-06-30": "-46.00000", "2020-03-31": "36.00000", "2019-12-31": "-60.00000", "2019-09-30": "98.00000", "2019-06-30": "70.00000", "2019-03-31": "58.00000", "2018-12-31": "42.00000", "2018-09-30": "52.00000", "2018-06-30": "67.00000", "2018-03-31": "15.00000", "2017-12-31": "-1343.00000", "2017-09-30": "124.00000", "2017-06-30": "80.00000", "2017-03-31": "76.00000", "2016-12-31": "17.00000", "2016-09-30": "134.00000", "2016-06-30": "87.00000", "2016-03-31": "257.00000", "2015-12-31": "60.00000", "2015-09-30": "29.00000", "2015-06-30": "35.00000", "2015-03-31": "86.00000", "2014-12-31": "35.00000", "2014-09-30": "63.00000", "2014-06-30": "75.00000", "2014-03-31": "-107.00000", "2013-12-31": "35.00000", "2013-09-30": "94.00000", "2013-06-30": "100.00000", "2013-03-31": "-364.00000", "2012-12-31": "-29.00000", "2012-09-30": "88.00000", "2012-06-30": "370.00000", "2012-03-31": "40.00000", "2011-12-31": "", "2010-12-31": ""}, "Income After Taxes": {"2020-09-30": "-43.00000", "2020-06-30": "-262.00000", "2020-03-31": "2.00000", "2019-12-31": "20.00000", "2019-09-30": "262.00000", "2019-06-30": "192.00000", "2019-03-31": "-127.00000", "2018-12-31": "31.00000", "2018-09-30": "366.00000", "2018-06-30": "255.00000", "2018-03-31": "213.00000", "2017-12-31": "1429.00000", "2017-09-30": "261.00000", "2017-06-30": "156.00000", "2017-03-31": "44.00000", "2016-12-31": "186.00000", "2016-09-30": "169.00000", "2016-06-30": "142.00000", "2016-03-31": "427.00000", "2015-12-31": "89.00000", "2015-09-30": "41.00000", "2015-06-30": "99.00000", "2015-03-31": "19.00000", "2014-12-31": "130.00000", "2014-09-30": "87.00000", "2014-06-30": "106.00000", "2014-03-31": "72.00000", "2013-12-31": "619.00000", "2013-09-30": "116.00000", "2013-06-30": "152.00000", "2013-03-31": "8104.00000", "2012-12-31": "59.00000", "2012-09-30": "162.00000", "2012-06-30": "867.00000", "2012-03-31": "72.00000", "2011-12-31": "", "2010-12-31": ""}, "Other Income": {"2020-09-30": "", "2020-06-30": "", "2020-03-31": "", "2019-12-31": "", "2019-09-30": "", "2019-06-30": "", "2019-03-31": "", "2018-12-31": "", "2018-09-30": "", "2018-06-30": "", "2018-03-31": "", "2017-12-31": "", "2017-09-30": "", "2017-06-30": "", "2017-03-31": "", "2016-12-31": "", "2016-09-30": "", "2016-06-30": "", "2016-03-31": "", "2015-12-31": "", "2015-09-30": "", "2015-06-30": "", "2015-03-31": "", "2014-12-31": "", "2014-09-30": "", "2014-06-30": "", "2014-03-31": "", "2013-12-31": "", "2013-09-30": "", "2013-06-30": "", "2013-03-31": "", "2012-12-31": "0.00000", "2012-09-30": "", "2012-06-30": "", "2012-03-31": "", "2011-12-31": "", "2010-12-31": ""}, "Income From Continuous Operations": {"2020-09-30": "-43.00000", "2020-06-30": "-262.00000", "2020-03-31": "2.00000", "2019-12-31": "20.00000", "2019-09-30": "262.00000", "2019-06-30": "192.00000", "2019-03-31": "-127.00000", "2018-12-31": "31.00000", "2018-09-30": "366.00000", "2018-06-30": "255.00000", "2018-03-31": "213.00000", "2017-12-31": "1429.00000", "2017-09-30": "261.00000", "2017-06-30": "156.00000", "2017-03-31": "44.00000", "2016-12-31": "186.00000", "2016-09-30": "169.00000", "2016-06-30": "142.00000", "2016-03-31": "427.00000", "2015-12-31": "89.00000", "2015-09-30": "41.00000", "2015-06-30": "99.00000", "2015-03-31": "19.00000", "2014-12-31": "130.00000", "2014-09-30": "87.00000", "2014-06-30": "106.00000", "2014-03-31": "72.00000", "2013-12-31": "619.00000", "2013-09-30": "116.00000", "2013-06-30": "152.00000", "2013-03-31": "8104.00000", "2012-12-31": "106.00000", "2012-09-30": "162.00000", "2012-06-30": "867.00000", "2012-03-31": "72.00000", "2011-12-31": "", "2010-12-31": ""}, "Income From Discontinued Operations": {"2020-09-30": "", "2020-06-30": "", "2020-03-31": "", "2019-12-31": "", "2019-09-30": "", "2019-06-30": "", "2019-03-31": "", "2018-12-31": "", "2018-09-30": "", "2018-06-30": "", "2018-03-31": "", "2017-12-31": "", "2017-09-30": "", "2017-06-30": "", "2017-03-31": "", "2016-12-31": "", "2016-09-30": "", "2016-06-30": "", "2016-03-31": "", "2015-12-31": "", "2015-09-30": "", "2015-06-30": "", "2015-03-31": "", "2014-12-31": "", "2014-09-30": "", "2014-06-30": "", "2014-03-31": "", "2013-12-31": "", "2013-09-30": "", "2013-06-30": "", "2013-03-31": "", "2012-12-31": "", "2012-09-30": "58.00000", "2012-06-30": "71.00000", "2012-03-31": "79.00000", "2011-12-31": "", "2010-12-31": ""}, "Net Income": {"2020-09-30": "-114.00000", "2020-06-30": "-326.00000", "2020-03-31": "-76.00000", "2019-12-31": "-45.00000", "2019-09-30": "193.00000", "2019-06-30": "116.00000", "2019-03-31": "-158.00000", "2018-12-31": "-40.00000", "2018-09-30": "268.00000", "2018-06-30": "172.00000", "2018-03-31": "131.00000", "2017-12-31": "1113.00000", "2017-09-30": "168.00000", "2017-06-30": "94.00000", "2017-03-31": "-21.00000", "2016-12-31": "119.00000", "2016-09-30": "115.00000", "2016-06-30": "82.00000", "2016-03-31": "364.00000", "2015-12-31": "44.00000", "2015-09-30": "-22.00000", "2015-06-30": "61.00000", "2015-03-31": "-19.00000", "2014-12-31": "73.00000", "2014-09-30": "33.00000", "2014-06-30": "50.00000", "2014-03-31": "22.00000", "2013-12-31": "552.00000", "2013-09-30": "76.00000", "2013-06-30": "93.00000", "2013-03-31": "8059.00000", "2012-12-31": "106.00000", "2012-09-30": "221.00000", "2012-06-30": "937.00000", "2012-03-31": "150.00000", "2011-12-31": "", "2010-12-31": ""}, "EBITDA": {"2020-09-30": "599.00000", "2020-06-30": "480.00000", "2020-03-31": "513.00000", "2019-12-31": "573.00000", "2019-09-30": "778.00000", "2019-06-30": "732.00000", "2019-03-31": "448.00000", "2018-12-31": "603.00000", "2018-09-30": "765.00000", "2018-06-30": "605.00000", "2018-03-31": "443.00000", "2017-12-31": "540.00000", "2017-09-30": "610.00000", "2017-06-30": "645.00000", "2017-03-31": "423.00000", "2016-12-31": "355.00000", "2016-09-30": "444.00000", "2016-06-30": "421.00000", "2016-03-31": "868.00000", "2015-12-31": "307.00000", "2015-09-30": "417.00000", "2015-06-30": "263.00000", "2015-03-31": "329.00000", "2014-12-31": "293.00000", "2014-09-30": "339.00000", "2014-06-30": "323.00000", "2014-03-31": "245.00000", "2013-12-31": "267.00000", "2013-09-30": "327.00000", "2013-06-30": "314.00000", "2013-03-31": "221.00000", "2012-12-31": "1148.00000", "2012-09-30": "22.00000", "2012-06-30": "13.00000", "2012-03-31": "-23.00000", "2011-12-31": "", "2010-12-31": ""}, "EBIT": {"2020-09-30": "320.00000", "2020-06-30": "214.00000", "2020-03-31": "246.00000", "2019-12-31": "302.00000", "2019-09-30": "507.00000", "2019-06-30": "461.00000", "2019-03-31": "200.00000", "2018-12-31": "379.00000", "2018-09-30": "531.00000", "2018-06-30": "374.00000", "2018-03-31": "227.00000", "2017-12-31": "331.00000", "2017-09-30": "382.00000", "2017-06-30": "422.00000", "2017-03-31": "259.00000", "2016-12-31": "273.00000", "2016-09-30": "352.00000", "2016-06-30": "328.00000", "2016-03-31": "781.00000", "2015-12-31": "217.00000", "2015-09-30": "321.00000", "2015-06-30": "171.00000", "2015-03-31": "245.00000", "2014-12-31": "206.00000", "2014-09-30": "249.00000", "2014-06-30": "231.00000", "2014-03-31": "155.00000", "2013-12-31": "189.00000", "2013-09-30": "248.00000", "2013-06-30": "226.00000", "2013-03-31": "151.00000", "2012-12-31": "363.00000", "2012-09-30": "10.00000", "2012-06-30": "2.00000", "2012-03-31": "-32.00000", "2011-12-31": "", "2010-12-31": ""}, "Basic Shares Outstanding": {"2020-09-30": "626.00000", "2020-06-30": "611.00000", "2020-03-31": "598.00000", "2019-12-31": "601.00000", "2019-09-30": "609.00000", "2019-06-30": "611.00000", "2019-03-31": "605.00000", "2018-12-31": "614.00000", "2018-09-30": "612.00000", "2018-06-30": "615.00000", "2018-03-31": "618.00000", "2017-12-31": "592.00000", "2017-09-30": "601.00000", "2017-06-30": "591.00000", "2017-03-31": "557.00000", "2016-12-31": "800.00000", "2016-09-30": "468.00000", "2016-06-30": "789.00000", "2016-03-31": "335.00000", "2015-12-31": "338.00000", "2015-09-30": "335.00000", "2015-06-30": "339.00000", "2015-03-31": "342.00000", "2014-12-31": "342.00000", "2014-09-30": "341.00000", "2014-06-30": "341.00000", "2014-03-31": "340.00000", "2013-12-31": "355.00000", "2013-09-30": "357.00000", "2013-06-30": "357.00000", "2013-03-31": "119.00000", "2012-12-31": "120.45500", "2012-09-30": "119.00000", "2012-06-30": "119.00000", "2012-03-31": "121.00000", "2011-12-31": "", "2010-12-31": ""}, "Shares Outstanding": {"2020-09-30": "642.00000", "2020-06-30": "626.00000", "2020-03-31": "613.00000", "2019-12-31": "617.00000", "2019-09-30": "625.00000", "2019-06-30": "627.00000", "2019-03-31": "621.00000", "2018-12-31": "629.00000", "2018-09-30": "628.00000", "2018-06-30": "629.00000", "2018-03-31": "633.00000", "2017-12-31": "610.00000", "2017-09-30": "617.00000", "2017-06-30": "612.00000", "2017-03-31": "577.00000", "2016-12-31": "814.00000", "2016-09-30": "481.00000", "2016-06-30": "803.00000", "2016-03-31": "337.00000", "2015-12-31": "340.00000", "2015-09-30": "338.00000", "2015-06-30": "342.00000", "2015-03-31": "345.00000", "2014-12-31": "345.00000", "2014-09-30": "346.00000", "2014-06-30": "345.00000", "2014-03-31": "345.00000", "2013-12-31": "359.00000", "2013-09-30": "363.00000", "2013-06-30": "363.00000", "2013-03-31": "121.00000", "2012-12-31": "120.45500", "2012-09-30": "123.00000", "2012-06-30": "123.00000", "2012-03-31": "125.00000", "2011-12-31": "", "2010-12-31": ""}, "Basic EPS": {"2020-09-30": "-0.18000", "2020-06-30": "-0.53000", "2020-03-31": "-0.13000", "2019-12-31": "-0.07000", "2019-09-30": "0.32000", "2019-06-30": "0.19000", "2019-03-31": "-0.26000", "2018-12-31": "-0.07000", "2018-09-30": "0.44000", "2018-06-30": "0.28000", "2018-03-31": "0.21000", "2017-12-31": "1.88800", "2017-09-30": "0.28000", "2017-06-30": "0.16000", "2017-03-31": "-0.03800", "2016-12-31": "-0.59400", "2016-09-30": "0.25000", "2016-06-30": "0.10400", "2016-03-31": "1.09000", "2015-12-31": "0.14000", "2015-09-30": "-0.07000", "2015-06-30": "0.18000", "2015-03-31": "-0.06000", "2014-12-31": "0.21000", "2014-09-30": "0.10000", "2014-06-30": "0.15000", "2014-03-31": "0.06000", "2013-12-31": "-43.46000", "2013-09-30": "0.21000", "2013-06-30": "0.26000", "2013-03-31": "67.72000", "2012-12-31": "0.88000", "2012-09-30": "1.86000", "2012-06-30": "7.87000", "2012-03-31": "1.24000", "2011-12-31": "", "2010-12-31": ""}, "EPS - Earnings Per Share": {"2020-09-30": "-0.18000", "2020-06-30": "-0.52000", "2020-03-31": "-0.12000", "2019-12-31": "-0.08000", "2019-09-30": "0.31000", "2019-06-30": "0.19000", "2019-03-31": "-0.25000", "2018-12-31": "-0.07000", "2018-09-30": "0.43000", "2018-06-30": "0.27000", "2018-03-31": "0.21000", "2017-12-31": "1.83600", "2017-09-30": "0.27000", "2017-06-30": "0.15000", "2017-03-31": "-0.03600", "2016-12-31": "-0.58200", "2016-09-30": "0.24000", "2016-06-30": "0.10200", "2016-03-31": "1.08000", "2015-12-31": "0.14000", "2015-09-30": "-0.07000", "2015-06-30": "0.18000", "2015-03-31": "-0.06000", "2014-12-31": "0.22000", "2014-09-30": "0.10000", "2014-06-30": "0.14000", "2014-03-31": "0.06000", "2013-12-31": "-42.61000", "2013-09-30": "0.21000", "2013-06-30": "0.26000", "2013-03-31": "66.60000", "2012-12-31": "0.87000", "2012-09-30": "1.80000", "2012-06-30": "7.62000", "2012-03-31": "1.20000", "2011-12-31": "0.00000", "2010-12-31": "0.00000"}}, "balance sheet": {"Cash On Hand": {"2019-12-31": "1222.00000", "2018-12-31": "358.00000", "2017-12-31": "1029.00000", "2016-12-31": "562.00000", "2015-12-31": "201.00000", "2014-12-31": "880.00000", "2013-12-31": "1103.00000", "2012-12-31": "603.00000", "2011-12-31": "3078.00000", "2010-12-31": ""}, "Receivables": {"2019-12-31": "767.00000", "2018-12-31": "364.00000", "2017-12-31": "358.00000", "2016-12-31": "240.00000", "2015-12-31": "247.00000", "2014-12-31": "235.00000", "2013-12-31": "206.00000", "2012-12-31": "25.00000", "2011-12-31": "288.00000", "2010-12-31": ""}, "Inventory": {"2019-12-31": "", "2018-12-31": "", "2017-12-31": "", "2016-12-31": "", "2015-12-31": "", "2014-12-31": "", "2013-12-31": "", "2012-12-31": "", "2011-12-31": "", "2010-12-31": ""}, "Pre-Paid Expenses": {"2019-12-31": "", "2018-12-31": "", "2017-12-31": "", "2016-12-31": "", "2015-12-31": "", "2014-12-31": "", "2013-12-31": "", "2012-12-31": "", "2011-12-31": "", "2010-12-31": ""}, "Other Current Assets": {"2019-12-31": "416.00000", "2018-12-31": "360.00000", "2017-12-31": "356.00000", "2016-12-31": "227.00000", "2015-12-31": "243.00000", "2014-12-31": "270.00000", "2013-12-31": "269.00000", "2012-12-31": "198.00000", "2011-12-31": "433.00000", "2010-12-31": ""}, "Total Current Assets": {"2019-12-31": "2405.00000", "2018-12-31": "1082.00000", "2017-12-31": "1743.00000", "2016-12-31": "1029.00000", "2015-12-31": "691.00000", "2014-12-31": "1385.00000", "2013-12-31": "2494.00000", "2012-12-31": "2211.00000", "2011-12-31": "3860.00000", "2010-12-31": ""}, "Property, Plant, And Equipment": {"2019-12-31": "2262.00000", "2018-12-31": "2469.00000", "2017-12-31": "2541.00000", "2016-12-31": "2352.00000", "2015-12-31": "1879.00000", "2014-12-31": "1714.00000", "2013-12-31": "1808.00000", "2012-12-31": "157.00000", "2011-12-31": "215.00000", "2010-12-31": ""}, "Long-Term Investments": {"2019-12-31": "1625.00000", "2018-12-31": "1641.00000", "2017-12-31": "2864.00000", "2016-12-31": "2426.00000", "2015-12-31": "1648.00000", "2014-12-31": "1667.00000", "2013-12-31": "4623.00000", "2012-12-31": "4733.00000", "2011-12-31": "2422.00000", "2010-12-31": ""}, "Goodwill And Intangible Assets": {"2019-12-31": "35884.00000", "2018-12-31": "33775.00000", "2017-12-31": "34249.00000", "2016-12-31": "25090.00000", "2015-12-31": "25115.00000", "2014-12-31": "25184.00000", "2013-12-31": "25238.00000", "2012-12-31": "452.00000", "2011-12-31": "984.00000", "2010-12-31": "0.00000"}, "Other Long-Term Assets": {"2019-12-31": "2013.00000", "2018-12-31": "1861.00000", "2017-12-31": "599.00000", "2016-12-31": "480.00000", "2015-12-31": "465.00000", "2014-12-31": "319.00000", "2013-12-31": "379.00000", "2012-12-31": "32.00000", "2011-12-31": "238.00000", "2010-12-31": ""}, "Total Long-Term Assets": {"2019-12-31": "41784.00000", "2018-12-31": "39746.00000", "2017-12-31": "40253.00000", "2016-12-31": "30348.00000", "2015-12-31": "29107.00000", "2014-12-31": "28884.00000", "2013-12-31": "32048.00000", "2012-12-31": "6114.00000", "2011-12-31": "3859.00000", "2010-12-31": ""}, "Total Assets": {"2019-12-31": "44189.00000", "2018-12-31": "40828.00000", "2017-12-31": "41996.00000", "2016-12-31": "31377.00000", "2015-12-31": "29798.00000", "2014-12-31": "30269.00000", "2013-12-31": "34542.00000", "2012-12-31": "8325.00000", "2011-12-31": "7719.00000", "2010-12-31": "0.00000"}, "Total Current Liabilities": {"2019-12-31": "3888.00000", "2018-12-31": "3244.00000", "2017-12-31": "3979.00000", "2016-12-31": "2872.00000", "2015-12-31": "2813.00000", "2014-12-31": "2650.00000", "2013-12-31": "3172.00000", "2012-12-31": "385.00000", "2011-12-31": "1230.00000", "2010-12-31": ""}, "Long Term Debt": {"2019-12-31": "15416.00000", "2018-12-31": "13371.00000", "2017-12-31": "13186.00000", "2016-12-31": "8013.00000", "2015-12-31": "6626.00000", "2014-12-31": "5588.00000", "2013-12-31": "4778.00000", "2012-12-31": "", "2011-12-31": "541.00000", "2010-12-31": ""}, "Other Non-Current Liabilities": {"2019-12-31": "1047.00000", "2018-12-31": "864.00000", "2017-12-31": "779.00000", "2016-12-31": "751.00000", "2015-12-31": "561.00000", "2014-12-31": "348.00000", "2013-12-31": "398.00000", "2012-12-31": "89.00000", "2011-12-31": "251.00000", "2010-12-31": ""}, "Total Long Term Liabilities": {"2019-12-31": "18376.00000", "2018-12-31": "15886.00000", "2017-12-31": "15443.00000", "2016-12-31": "10789.00000", "2015-12-31": "8854.00000", "2014-12-31": "7443.00000", "2013-12-31": "7488.00000", "2012-12-31": "1508.00000", "2011-12-31": "1240.00000", "2010-12-31": ""}, "Total Liabilities": {"2019-12-31": "22264.00000", "2018-12-31": "19130.00000", "2017-12-31": "19422.00000", "2016-12-31": "13661.00000", "2015-12-31": "11667.00000", "2014-12-31": "10093.00000", "2013-12-31": "10660.00000", "2012-12-31": "1893.00000", "2011-12-31": "2470.00000", "2010-12-31": "0.00000"}, "Common Stock Net": {"2019-12-31": "5.00000", "2018-12-31": "5.00000", "2017-12-31": "5.00000", "2016-12-31": "4.00000", "2015-12-31": "3.00000", "2014-12-31": "3.00000", "2013-12-31": "3.00000", "2012-12-31": "1.00000", "2011-12-31": "1.00000", "2010-12-31": "0.00000"}, "Retained Earnings (Accumulated Deficit)": {"2019-12-31": "13748.00000", "2018-12-31": "13644.00000", "2017-12-31": "13081.00000", "2016-12-31": "11727.00000", "2015-12-31": "10981.00000", "2014-12-31": "11416.00000", "2013-12-31": "11859.00000", "2012-12-31": "3079.00000", "2011-12-31": "1665.00000", "2010-12-31": ""}, "Comprehensive Income": {"2019-12-31": "-33.00000", "2018-12-31": "-38.00000", "2017-12-31": "-35.00000", "2016-12-31": "-62.00000", "2015-12-31": "-51.00000", "2014-12-31": "-21.00000", "2013-12-31": "4.00000", "2012-12-31": "12.00000", "2011-12-31": "29.00000", "2010-12-31": ""}, "Other Share Holders Equity": {"2019-12-31": "", "2018-12-31": "", "2017-12-31": "", "2016-12-31": "", "2015-12-31": "", "2014-12-31": "", "2013-12-31": "", "2012-12-31": "", "2011-12-31": "", "2010-12-31": "0.00000"}, "Share Holder Equity": {"2019-12-31": "21925.00000", "2018-12-31": "21698.00000", "2017-12-31": "22574.00000", "2016-12-31": "17716.00000", "2015-12-31": "18131.00000", "2014-12-31": "20176.00000", "2013-12-31": "23882.00000", "2012-12-31": "6432.00000", "2011-12-31": "5249.00000", "2010-12-31": "0.00000"}, "Total Liabilities And Share Holders Equity": {"2019-12-31": "44189.00000", "2018-12-31": "40828.00000", "2017-12-31": "41996.00000", "2016-12-31": "31377.00000", "2015-12-31": "29798.00000", "2014-12-31": "30269.00000", "2013-12-31": "34542.00000", "2012-12-31": "8325.00000", "2011-12-31": "7719.00000", "2010-12-31": "0.00000"}}, "balance sheet, quarterly": {"Cash On Hand": {"2020-09-30": "1936.00000", "2020-06-30": "3999.00000", "2020-03-31": "1801.00000", "2019-12-31": "1222.00000", "2019-09-30": "694.00000", "2019-06-30": "697.00000", "2019-03-31": "633.00000", "2018-12-31": "358.00000", "2018-09-30": "355.00000", "2018-06-30": "485.00000", "2018-03-31": "1042.00000", "2017-12-31": "1029.00000", "2017-09-30": "783.00000", "2017-06-30": "744.00000", "2017-03-31": "1071.00000", "2016-12-31": "562.00000", "2016-09-30": "940.00000", "2016-06-30": "1229.00000", "2016-03-31": "663.00000", "2015-12-31": "201.00000", "2015-09-30": "607.00000", "2015-06-30": "841.00000", "2015-03-31": "1245.00000", "2014-12-31": "880.00000", "2014-09-30": "673.00000", "2014-06-30": "806.00000", "2014-03-31": "377.00000", "2013-12-31": "1103.00000", "2013-09-30": "1171.00000", "2013-06-30": "937.00000", "2013-03-31": "1900.00000", "2012-12-31": "603.00000", "2012-09-30": "", "2012-06-30": "", "2012-03-31": "", "2011-12-31": "3078.00000", "2010-12-31": ""}, "Receivables": {"2020-09-30": "771.00000", "2020-06-30": "673.00000", "2020-03-31": "700.00000", "2019-12-31": "767.00000", "2019-09-30": "778.00000", "2019-06-30": "849.00000", "2019-03-31": "728.00000", "2018-12-31": "364.00000", "2018-09-30": "440.00000", "2018-06-30": "428.00000", "2018-03-31": "394.00000", "2017-12-31": "358.00000", "2017-09-30": "353.00000", "2017-06-30": "363.00000", "2017-03-31": "280.00000", "2016-12-31": "240.00000", "2016-09-30": "274.00000", "2016-06-30": "276.00000", "2016-03-31": "244.00000", "2015-12-31": "247.00000", "2015-09-30": "278.00000", "2015-06-30": "332.00000", "2015-03-31": "228.00000", "2014-12-31": "235.00000", "2014-09-30": "243.00000", "2014-06-30": "240.00000", "2014-03-31": "204.00000", "2013-12-31": "206.00000", "2013-09-30": "225.00000", "2013-06-30": "259.00000", "2013-03-31": "237.00000", "2012-12-31": "25.00000", "2012-09-30": "", "2012-06-30": "", "2012-03-31": "", "2011-12-31": "288.00000", "2010-12-31": ""}, "Inventory": {"2020-09-30": "", "2020-06-30": "", "2020-03-31": "", "2019-12-31": "", "2019-09-30": "", "2019-06-30": "", "2019-03-31": "", "2018-12-31": "", "2018-09-30": "", "2018-06-30": "", "2018-03-31": "", "2017-12-31": "", "2017-09-30": "", "2017-06-30": "", "2017-03-31": "", "2016-12-31": "", "2016-09-30": "", "2016-06-30": "", "2016-03-31": "", "2015-12-31": "", "2015-09-30": "", "2015-06-30": "", "2015-03-31": "", "2014-12-31": "", "2014-09-30": "", "2014-06-30": "", "2014-03-31": "", "2013-12-31": "", "2013-09-30": "", "2013-06-30": "", "2013-03-31": "", "2012-12-31": "", "2012-09-30": "", "2012-06-30": "", "2012-03-31": "", "2011-12-31": "", "2010-12-31": ""}, "Pre-Paid Expenses": {"2020-09-30": "", "2020-06-30": "", "2020-03-31": "", "2019-12-31": "", "2019-09-30": "", "2019-06-30": "", "2019-03-31": "", "2018-12-31": "", "2018-09-30": "", "2018-06-30": "", "2018-03-31": "", "2017-12-31": "", "2017-09-30": "", "2017-06-30": "", "2017-03-31": "", "2016-12-31": "", "2016-09-30": "", "2016-06-30": "", "2016-03-31": "", "2015-12-31": "", "2015-09-30": "", "2015-06-30": "", "2015-03-31": "", "2014-12-31": "", "2014-09-30": "", "2014-06-30": "", "2014-03-31": "", "2013-12-31": "", "2013-09-30": "", "2013-06-30": "", "2013-03-31": "", "2012-12-31": "", "2012-09-30": "", "2012-06-30": "", "2012-03-31": "", "2011-12-31": "", "2010-12-31": ""}, "Other Current Assets": {"2020-09-30": "566.00000", "2020-06-30": "709.00000", "2020-03-31": "488.00000", "2019-12-31": "416.00000", "2019-09-30": "464.00000", "2019-06-30": "385.00000", "2019-03-31": "371.00000", "2018-12-31": "360.00000", "2018-09-30": "446.00000", "2018-06-30": "414.00000", "2018-03-31": "483.00000", "2017-12-31": "356.00000", "2017-09-30": "299.00000", "2017-06-30": "326.00000", "2017-03-31": "357.00000", "2016-12-31": "227.00000", "2016-09-30": "258.00000", "2016-06-30": "263.00000", "2016-03-31": "257.00000", "2015-12-31": "243.00000", "2015-09-30": "385.00000", "2015-06-30": "348.00000", "2015-03-31": "298.00000", "2014-12-31": "270.00000", "2014-09-30": "340.00000", "2014-06-30": "305.00000", "2014-03-31": "290.00000", "2013-12-31": "269.00000", "2013-09-30": "207.00000", "2013-06-30": "230.00000", "2013-03-31": "303.00000", "2012-12-31": "198.00000", "2012-09-30": "", "2012-06-30": "", "2012-03-31": "", "2011-12-31": "494.00000", "2010-12-31": ""}, "Total Current Assets": {"2020-09-30": "3273.00000", "2020-06-30": "5381.00000", "2020-03-31": "2989.00000", "2019-12-31": "2405.00000", "2019-09-30": "1936.00000", "2019-06-30": "1931.00000", "2019-03-31": "1732.00000", "2018-12-31": "1082.00000", "2018-09-30": "1241.00000", "2018-06-30": "1327.00000", "2018-03-31": "1919.00000", "2017-12-31": "1743.00000", "2017-09-30": "1435.00000", "2017-06-30": "1433.00000", "2017-03-31": "1708.00000", "2016-12-31": "1029.00000", "2016-09-30": "1472.00000", "2016-06-30": "1768.00000", "2016-03-31": "1164.00000", "2015-12-31": "691.00000", "2015-09-30": "2110.00000", "2015-06-30": "2478.00000", "2015-03-31": "2737.00000", "2014-12-31": "1385.00000", "2014-09-30": "2171.00000", "2014-06-30": "2274.00000", "2014-03-31": "1801.00000", "2013-12-31": "2494.00000", "2013-09-30": "2481.00000", "2013-06-30": "2365.00000", "2013-03-31": "3458.00000", "2012-12-31": "2211.00000", "2012-09-30": "", "2012-06-30": "", "2012-03-31": "", "2011-12-31": "3860.00000", "2010-12-31": ""}, "Property, Plant, And Equipment": {"2020-09-30": "2236.00000", "2020-06-30": "2245.00000", "2020-03-31": "2245.00000", "2019-12-31": "2262.00000", "2019-09-30": "2230.00000", "2019-06-30": "2211.00000", "2019-03-31": "2205.00000", "2018-12-31": "2469.00000", "2018-09-30": "2576.00000", "2018-06-30": "2572.00000", "2018-03-31": "2603.00000", "2017-12-31": "2541.00000", "2017-09-30": "2514.00000", "2017-06-30": "2471.00000", "2017-03-31": "2466.00000", "2016-12-31": "2352.00000", "2016-09-30": "2163.00000", "2016-06-30": "2042.00000", "2016-03-31": "1950.00000", "2015-12-31": "1879.00000", "2015-09-30": "1787.00000", "2015-06-30": "1717.00000", "2015-03-31": "1769.00000", "2014-12-31": "1714.00000", "2014-09-30": "1786.00000", "2014-06-30": "1806.00000", "2014-03-31": "1812.00000", "2013-12-31": "1808.00000", "2013-09-30": "1792.00000", "2013-06-30": "1773.00000", "2013-03-31": "1783.00000", "2012-12-31": "157.00000", "2012-09-30": "", "2012-06-30": "", "2012-03-31": "", "2011-12-31": "504.00000", "2010-12-31": ""}, "Long-Term Investments": {"2020-09-30": "1106.00000", "2020-06-30": "1274.00000", "2020-03-31": "1442.00000", "2019-12-31": "1625.00000", "2019-09-30": "1698.00000", "2019-06-30": "1694.00000", "2019-03-31": "2428.00000", "2018-12-31": "1641.00000", "2018-09-30": "3136.00000", "2018-06-30": "3088.00000", "2018-03-31": "3231.00000", "2017-12-31": "2864.00000", "2017-09-30": "2892.00000", "2017-06-30": "2326.00000", "2017-03-31": "1683.00000", "2016-12-31": "2426.00000", "2016-09-30": "2405.00000", "2016-06-30": "1615.00000", "2016-03-31": "1680.00000", "2015-12-31": "1648.00000", "2015-09-30": "1300.00000", "2015-06-30": "1406.00000", "2015-03-31": "1469.00000", "2014-12-31": "1667.00000", "2014-09-30": "4397.00000", "2014-06-30": "4467.00000", "2014-03-31": "4520.00000", "2013-12-31": "4623.00000", "2013-09-30": "4638.00000", "2013-06-30": "4685.00000", "2013-03-31": "2136.00000", "2012-12-31": "4733.00000", "2012-09-30": "", "2012-06-30": "", "2012-03-31": "", "2011-12-31": "2422.00000", "2010-12-31": ""}, "Goodwill And Intangible Assets": {"2020-09-30": "35450.00000", "2020-06-30": "35614.00000", "2020-03-31": "35734.00000", "2019-12-31": "35884.00000", "2019-09-30": "36036.00000", "2019-06-30": "36175.00000", "2019-03-31": "36299.00000", "2018-12-31": "33775.00000", "2018-09-30": "33890.00000", "2018-06-30": "34009.00000", "2018-03-31": "34072.00000", "2017-12-31": "34249.00000", "2017-09-30": "34311.00000", "2017-06-30": "34445.00000", "2017-03-31": "34453.00000", "2016-12-31": "25090.00000", "2016-09-30": "25088.00000", "2016-06-30": "25086.00000", "2016-03-31": "25098.00000", "2015-12-31": "25115.00000", "2015-09-30": "25130.00000", "2015-06-30": "25143.00000", "2015-03-31": "25099.00000", "2014-12-31": "25184.00000", "2014-09-30": "25209.00000", "2014-06-30": "25232.00000", "2014-03-31": "25270.00000", "2013-12-31": "25238.00000", "2013-09-30": "24840.00000", "2013-06-30": "24882.00000", "2013-03-31": "24928.00000", "2012-12-31": "452.00000", "2012-09-30": "0.00000", "2012-06-30": "0.00000", "2012-03-31": "0.00000", "2011-12-31": "984.00000", "2010-12-31": "0.00000"}, "Other Long-Term Assets": {"2020-09-30": "1724.00000", "2020-06-30": "1694.00000", "2020-03-31": "1508.00000", "2019-12-31": "2013.00000", "2019-09-30": "1745.00000", "2019-06-30": "1689.00000", "2019-03-31": "1246.00000", "2018-12-31": "1861.00000", "2018-09-30": "781.00000", "2018-06-30": "811.00000", "2018-03-31": "715.00000", "2017-12-31": "599.00000", "2017-09-30": "701.00000", "2017-06-30": "709.00000", "2017-03-31": "692.00000", "2016-12-31": "480.00000", "2016-09-30": "435.00000", "2016-06-30": "378.00000", "2016-03-31": "434.00000", "2015-12-31": "465.00000", "2015-09-30": "353.00000", "2015-06-30": "367.00000", "2015-03-31": "356.00000", "2014-12-31": "319.00000", "2014-09-30": "282.00000", "2014-06-30": "296.00000", "2014-03-31": "290.00000", "2013-12-31": "379.00000", "2013-09-30": "192.00000", "2013-06-30": "179.00000", "2013-03-31": "91.00000", "2012-12-31": "32.00000", "2012-09-30": "", "2012-06-30": "", "2012-03-31": "", "2011-12-31": "238.00000", "2010-12-31": ""}, "Total Long-Term Assets": {"2020-09-30": "40516.00000", "2020-06-30": "40827.00000", "2020-03-31": "40929.00000", "2019-12-31": "41784.00000", "2019-09-30": "41709.00000", "2019-06-30": "41769.00000", "2019-03-31": "42178.00000", "2018-12-31": "39746.00000", "2018-09-30": "40383.00000", "2018-06-30": "40480.00000", "2018-03-31": "40621.00000", "2017-12-31": "40253.00000", "2017-09-30": "40418.00000", "2017-06-30": "39951.00000", "2017-03-31": "39294.00000", "2016-12-31": "30348.00000", "2016-09-30": "30091.00000", "2016-06-30": "29121.00000", "2016-03-31": "29162.00000", "2015-12-31": "29107.00000", "2015-09-30": "28570.00000", "2015-06-30": "28633.00000", "2015-03-31": "28693.00000", "2014-12-31": "28884.00000", "2014-09-30": "31674.00000", "2014-06-30": "31801.00000", "2014-03-31": "31892.00000", "2013-12-31": "32048.00000", "2013-09-30": "31462.00000", "2013-06-30": "31519.00000", "2013-03-31": "28938.00000", "2012-12-31": "6114.00000", "2012-09-30": "", "2012-06-30": "", "2012-03-31": "", "2011-12-31": "4148.00000", "2010-12-31": ""}, "Total Assets": {"2020-09-30": "43789.00000", "2020-06-30": "46208.00000", "2020-03-31": "43918.00000", "2019-12-31": "44189.00000", "2019-09-30": "43645.00000", "2019-06-30": "43700.00000", "2019-03-31": "43910.00000", "2018-12-31": "40828.00000", "2018-09-30": "41624.00000", "2018-06-30": "41807.00000", "2018-03-31": "42540.00000", "2017-12-31": "41996.00000", "2017-09-30": "41853.00000", "2017-06-30": "41384.00000", "2017-03-31": "41002.00000", "2016-12-31": "31377.00000", "2016-09-30": "31563.00000", "2016-06-30": "30889.00000", "2016-03-31": "30326.00000", "2015-12-31": "29798.00000", "2015-09-30": "30680.00000", "2015-06-30": "31111.00000", "2015-03-31": "31430.00000", "2014-12-31": "30269.00000", "2014-09-30": "33845.00000", "2014-06-30": "34075.00000", "2014-03-31": "33693.00000", "2013-12-31": "34542.00000", "2013-09-30": "33943.00000", "2013-06-30": "33884.00000", "2013-03-31": "32396.00000", "2012-12-31": "8325.00000", "2012-09-30": "0.00000", "2012-06-30": "0.00000", "2012-03-31": "0.00000", "2011-12-31": "7719.00000", "2010-12-31": "0.00000"}, "Total Current Liabilities": {"2020-09-30": "3839.00000", "2020-06-30": "6015.00000", "2020-03-31": "4584.00000", "2019-12-31": "3888.00000", "2019-09-30": "3882.00000", "2019-06-30": "3973.00000", "2019-03-31": "3961.00000", "2018-12-31": "3244.00000", "2018-09-30": "3379.00000", "2018-06-30": "3655.00000", "2018-03-31": "3587.00000", "2017-12-31": "3979.00000", "2017-09-30": "3354.00000", "2017-06-30": "3311.00000", "2017-03-31": "3512.00000", "2016-12-31": "2872.00000", "2016-09-30": "3286.00000", "2016-06-30": "2995.00000", "2016-03-31": "2965.00000", "2015-12-31": "2813.00000", "2015-09-30": "2761.00000", "2015-06-30": "2970.00000", "2015-03-31": "2684.00000", "2014-12-31": "2650.00000", "2014-09-30": "3231.00000", "2014-06-30": "3321.00000", "2014-03-31": "3291.00000", "2013-12-31": "3172.00000", "2013-09-30": "2760.00000", "2013-06-30": "2424.00000", "2013-03-31": "2452.00000", "2012-12-31": "385.00000", "2012-09-30": "", "2012-06-30": "", "2012-03-31": "", "2011-12-31": "1230.00000", "2010-12-31": ""}, "Long Term Debt": {"2020-09-30": "15414.00000", "2020-06-30": "14980.00000", "2020-03-31": "14553.00000", "2019-12-31": "15416.00000", "2019-09-30": "14707.00000", "2019-06-30": "14411.00000", "2019-03-31": "14026.00000", "2018-12-31": "13371.00000", "2018-09-30": "13380.00000", "2018-06-30": "13252.00000", "2018-03-31": "14077.00000", "2017-12-31": "13186.00000", "2017-09-30": "13445.00000", "2017-06-30": "13519.00000", "2017-03-31": "13306.00000", "2016-12-31": "8013.00000", "2016-09-30": "7510.00000", "2016-06-30": "7275.00000", "2016-03-31": "6862.00000", "2015-12-31": "6626.00000", "2015-09-30": "6546.00000", "2015-06-30": "6299.00000", "2015-03-31": "6213.00000", "2014-12-31": "5588.00000", "2014-09-30": "5320.00000", "2014-06-30": "5177.00000", "2014-03-31": "3898.00000", "2013-12-31": "4778.00000", "2013-09-30": "4385.00000", "2013-06-30": "4359.00000", "2013-03-31": "2415.00000", "2012-12-31": "", "2012-09-30": "", "2012-06-30": "", "2012-03-31": "", "2011-12-31": "541.00000", "2010-12-31": ""}, "Other Non-Current Liabilities": {"2020-09-30": "1091.00000", "2020-06-30": "1121.00000", "2020-03-31": "1115.00000", "2019-12-31": "1047.00000", "2019-09-30": "1006.00000", "2019-06-30": "1011.00000", "2019-03-31": "978.00000", "2018-12-31": "864.00000", "2018-09-30": "886.00000", "2018-06-30": "884.00000", "2018-03-31": "891.00000", "2017-12-31": "779.00000", "2017-09-30": "786.00000", "2017-06-30": "777.00000", "2017-03-31": "762.00000", "2016-12-31": "751.00000", "2016-09-30": "765.00000", "2016-06-30": "716.00000", "2016-03-31": "626.00000", "2015-12-31": "561.00000", "2015-09-30": "502.00000", "2015-06-30": "354.00000", "2015-03-31": "354.00000", "2014-12-31": "348.00000", "2014-09-30": "375.00000", "2014-06-30": "204.00000", "2014-03-31": "225.00000", "2013-12-31": "398.00000", "2013-09-30": "263.00000", "2013-06-30": "276.00000", "2013-03-31": "285.00000", "2012-12-31": "89.00000", "2012-09-30": "", "2012-06-30": "", "2012-03-31": "", "2011-12-31": "251.00000", "2010-12-31": ""}, "Total Long Term Liabilities": {"2020-09-30": "18570.00000", "2020-06-30": "18105.00000", "2020-03-31": "17632.00000", "2019-12-31": "18376.00000", "2019-09-30": "17585.00000", "2019-06-30": "17246.00000", "2019-03-31": "16754.00000", "2018-12-31": "15886.00000", "2018-09-30": "15876.00000", "2018-06-30": "15687.00000", "2018-03-31": "16478.00000", "2017-12-31": "15443.00000", "2017-09-30": "17045.00000", "2017-06-30": "16989.00000", "2017-03-31": "16714.00000", "2016-12-31": "10789.00000", "2016-09-30": "10284.00000", "2016-06-30": "9843.00000", "2016-03-31": "9276.00000", "2015-12-31": "8854.00000", "2015-09-30": "9477.00000", "2015-06-30": "9182.00000", "2015-03-31": "9106.00000", "2014-12-31": "7443.00000", "2014-09-30": "8020.00000", "2014-06-30": "7817.00000", "2014-03-31": "6525.00000", "2013-12-31": "7488.00000", "2013-09-30": "7204.00000", "2013-06-30": "7147.00000", "2013-03-31": "5193.00000", "2012-12-31": "1508.00000", "2012-09-30": "", "2012-06-30": "", "2012-03-31": "", "2011-12-31": "1240.00000", "2010-12-31": ""}, "Total Liabilities": {"2020-09-30": "22409.00000", "2020-06-30": "24120.00000", "2020-03-31": "22216.00000", "2019-12-31": "22264.00000", "2019-09-30": "21467.00000", "2019-06-30": "21219.00000", "2019-03-31": "20715.00000", "2018-12-31": "19130.00000", "2018-09-30": "19255.00000", "2018-06-30": "19342.00000", "2018-03-31": "20065.00000", "2017-12-31": "19422.00000", "2017-09-30": "20399.00000", "2017-06-30": "20300.00000", "2017-03-31": "20226.00000", "2016-12-31": "13661.00000", "2016-09-30": "13570.00000", "2016-06-30": "12838.00000", "2016-03-31": "12241.00000", "2015-12-31": "11667.00000", "2015-09-30": "12238.00000", "2015-06-30": "12152.00000", "2015-03-31": "11790.00000", "2014-12-31": "10093.00000", "2014-09-30": "11251.00000", "2014-06-30": "11138.00000", "2014-03-31": "9816.00000", "2013-12-31": "10660.00000", "2013-09-30": "9964.00000", "2013-06-30": "9571.00000", "2013-03-31": "7645.00000", "2012-12-31": "1893.00000", "2012-09-30": "0.00000", "2012-06-30": "0.00000", "2012-03-31": "0.00000", "2011-12-31": "2470.00000", "2010-12-31": "0.00000"}, "Common Stock Net": {"2020-09-30": "5.00000", "2020-06-30": "5.00000", "2020-03-31": "5.00000", "2019-12-31": "5.00000", "2019-09-30": "5.00000", "2019-06-30": "5.00000", "2019-03-31": "5.00000", "2018-12-31": "5.00000", "2018-09-30": "5.00000", "2018-06-30": "5.00000", "2018-03-31": "5.00000", "2017-12-31": "5.00000", "2017-09-30": "5.00000", "2017-06-30": "5.00000", "2017-03-31": "5.00000", "2016-12-31": "4.00000", "2016-09-30": "4.00000", "2016-06-30": "4.00000", "2016-03-31": "3.00000", "2015-12-31": "3.00000", "2015-09-30": "3.00000", "2015-06-30": "3.00000", "2015-03-31": "3.00000", "2014-12-31": "3.00000", "2014-09-30": "3.00000", "2014-06-30": "3.00000", "2014-03-31": "1.00000", "2013-12-31": "3.00000", "2013-09-30": "1.00000", "2013-06-30": "1.00000", "2013-03-31": "1.00000", "2012-12-31": "1.00000", "2012-09-30": "0.00000", "2012-06-30": "0.00000", "2012-03-31": "0.00000", "2011-12-31": "1.00000", "2010-12-31": "0.00000"}, "Retained Earnings (Accumulated Deficit)": {"2020-09-30": "13225.00000", "2020-06-30": "13339.00000", "2020-03-31": "13671.00000", "2019-12-31": "13748.00000", "2019-09-30": "13793.00000", "2019-06-30": "13600.00000", "2019-03-31": "13484.00000", "2018-12-31": "13644.00000", "2018-09-30": "13684.00000", "2018-06-30": "13419.00000", "2018-03-31": "13247.00000", "2017-12-31": "13081.00000", "2017-09-30": "11968.00000", "2017-06-30": "11800.00000", "2017-03-31": "11706.00000", "2016-12-31": "11727.00000", "2016-09-30": "11608.00000", "2016-06-30": "11426.00000", "2016-03-31": "11346.00000", "2015-12-31": "10981.00000", "2015-09-30": "11037.00000", "2015-06-30": "11112.00000", "2015-03-31": "11333.00000", "2014-12-31": "11416.00000", "2014-09-30": "11964.00000", "2014-06-30": "11931.00000", "2014-03-31": "11881.00000", "2013-12-31": "11859.00000", "2013-09-30": "11307.00000", "2013-06-30": "11237.00000", "2013-03-31": "11141.00000", "2012-12-31": "3079.00000", "2012-09-30": "", "2012-06-30": "", "2012-03-31": "", "2011-12-31": "1665.00000", "2010-12-31": ""}, "Comprehensive Income": {"2020-09-30": "19.00000", "2020-06-30": "156.00000", "2020-03-31": "120.00000", "2019-12-31": "-33.00000", "2019-09-30": "-61.00000", "2019-06-30": "-25.00000", "2019-03-31": "-43.00000", "2018-12-31": "-38.00000", "2018-09-30": "-75.00000", "2018-06-30": "-69.00000", "2018-03-31": "-39.00000", "2017-12-31": "-35.00000", "2017-09-30": "-34.00000", "2017-06-30": "-52.00000", "2017-03-31": "-62.00000", "2016-12-31": "-62.00000", "2016-09-30": "-54.00000", "2016-06-30": "-51.00000", "2016-03-31": "-46.00000", "2015-12-31": "-51.00000", "2015-09-30": "-46.00000", "2015-06-30": "-40.00000", "2015-03-31": "-28.00000", "2014-12-31": "-21.00000", "2014-09-30": "-3.00000", "2014-06-30": "6.00000", "2014-03-31": "4.00000", "2013-12-31": "4.00000", "2013-09-30": "-4.00000", "2013-06-30": "-15.00000", "2013-03-31": "-13.00000", "2012-12-31": "12.00000", "2012-09-30": "", "2012-06-30": "", "2012-03-31": "", "2011-12-31": "", "2010-12-31": ""}, "Other Share Holders Equity": {"2020-09-30": "", "2020-06-30": "", "2020-03-31": "", "2019-12-31": "", "2019-09-30": "", "2019-06-30": "", "2019-03-31": "", "2018-12-31": "", "2018-09-30": "", "2018-06-30": "", "2018-03-31": "", "2017-12-31": "", "2017-09-30": "", "2017-06-30": "", "2017-03-31": "", "2016-12-31": "", "2016-09-30": "", "2016-06-30": "", "2016-03-31": "", "2015-12-31": "", "2015-09-30": "", "2015-06-30": "", "2015-03-31": "", "2014-12-31": "", "2014-09-30": "", "2014-06-30": "", "2014-03-31": "", "2013-12-31": "", "2013-09-30": "", "2013-06-30": "", "2013-03-31": "", "2012-12-31": "", "2012-09-30": "0.00000", "2012-06-30": "0.00000", "2012-03-31": "0.00000", "2011-12-31": "19.00000", "2010-12-31": "0.00000"}, "Share Holder Equity": {"2020-09-30": "21380.00000", "2020-06-30": "22088.00000", "2020-03-31": "21702.00000", "2019-12-31": "21925.00000", "2019-09-30": "22178.00000", "2019-06-30": "22481.00000", "2019-03-31": "23195.00000", "2018-12-31": "21698.00000", "2018-09-30": "22369.00000", "2018-06-30": "22465.00000", "2018-03-31": "22475.00000", "2017-12-31": "22574.00000", "2017-09-30": "21454.00000", "2017-06-30": "21084.00000", "2017-03-31": "20776.00000", "2016-12-31": "17716.00000", "2016-09-30": "17993.00000", "2016-06-30": "18051.00000", "2016-03-31": "18085.00000", "2015-12-31": "18131.00000", "2015-09-30": "18442.00000", "2015-06-30": "18959.00000", "2015-03-31": "19640.00000", "2014-12-31": "20176.00000", "2014-09-30": "22594.00000", "2014-06-30": "22937.00000", "2014-03-31": "23877.00000", "2013-12-31": "23882.00000", "2013-09-30": "23979.00000", "2013-06-30": "24313.00000", "2013-03-31": "24751.00000", "2012-12-31": "6432.00000", "2012-09-30": "0.00000", "2012-06-30": "0.00000", "2012-03-31": "0.00000", "2011-12-31": "5249.00000", "2010-12-31": "0.00000"}, "Total Liabilities And Share Holders Equity": {"2020-09-30": "43789.00000", "2020-06-30": "46208.00000", "2020-03-31": "43918.00000", "2019-12-31": "44189.00000", "2019-09-30": "43645.00000", "2019-06-30": "43700.00000", "2019-03-31": "43910.00000", "2018-12-31": "40828.00000", "2018-09-30": "41624.00000", "2018-06-30": "41807.00000", "2018-03-31": "42540.00000", "2017-12-31": "41996.00000", "2017-09-30": "41853.00000", "2017-06-30": "41384.00000", "2017-03-31": "41002.00000", "2016-12-31": "31377.00000", "2016-09-30": "31563.00000", "2016-06-30": "30889.00000", "2016-03-31": "30326.00000", "2015-12-31": "29798.00000", "2015-09-30": "30680.00000", "2015-06-30": "31111.00000", "2015-03-31": "31430.00000", "2014-12-31": "30269.00000", "2014-09-30": "33845.00000", "2014-06-30": "34075.00000", "2014-03-31": "33693.00000", "2013-12-31": "34542.00000", "2013-09-30": "33943.00000", "2013-06-30": "33884.00000", "2013-03-31": "32396.00000", "2012-12-31": "8325.00000", "2012-09-30": "0.00000", "2012-06-30": "0.00000", "2012-03-31": "0.00000", "2011-12-31": "7719.00000", "2010-12-31": "0.00000"}}, "cash flow statement": {"Net Income/Loss": {"2019-12-31": "347.00000", "2018-12-31": "865.00000", "2017-12-31": "1890.00000", "2016-12-31": "924.00000", "2015-12-31": "248.00000", "2014-12-31": "395.00000", "2013-12-31": "8991.00000", "2012-12-31": "1412.00000", "2011-12-31": "832.00000", "2010-12-31": "997.00000"}, "Total Depreciation And Amortization - Cash Flow": {"2019-12-31": "1061.00000", "2018-12-31": "905.00000", "2017-12-31": "824.00000", "2016-12-31": "354.00000", "2015-12-31": "362.00000", "2014-12-31": "359.00000", "2013-12-31": "315.00000", "2012-12-31": "42.00000", "2011-12-31": "53.00000", "2010-12-31": "823.00000"}, "Other Non-Cash Items": {"2019-12-31": "808.00000", "2018-12-31": "285.00000", "2017-12-31": "-785.00000", "2016-12-31": "591.00000", "2015-12-31": "585.00000", "2014-12-31": "415.00000", "2013-12-31": "-8179.00000", "2012-12-31": "-1534.00000", "2011-12-31": "-958.00000", "2010-12-31": "-1719.00000"}, "Total Non-Cash Items": {"2019-12-31": "1869.00000", "2018-12-31": "1190.00000", "2017-12-31": "39.00000", "2016-12-31": "945.00000", "2015-12-31": "947.00000", "2014-12-31": "774.00000", "2013-12-31": "-7864.00000", "2012-12-31": "-1492.00000", "2011-12-31": "-905.00000", "2010-12-31": "-896.00000"}, "Change In Accounts Receivable": {"2019-12-31": "", "2018-12-31": "", "2017-12-31": "", "2016-12-31": "", "2015-12-31": "", "2014-12-31": "", "2013-12-31": "", "2012-12-31": "", "2011-12-31": "", "2010-12-31": ""}, "Change In Inventories": {"2019-12-31": "", "2018-12-31": "", "2017-12-31": "", "2016-12-31": "", "2015-12-31": "", "2014-12-31": "", "2013-12-31": "", "2012-12-31": "", "2011-12-31": "", "2010-12-31": ""}, "Change In Accounts Payable": {"2019-12-31": "", "2018-12-31": "", "2017-12-31": "", "2016-12-31": "", "2015-12-31": "", "2014-12-31": "", "2013-12-31": "", "2012-12-31": "", "2011-12-31": "", "2010-12-31": ""}, "Change In Assets/Liabilities": {"2019-12-31": "97.00000", "2018-12-31": "101.00000", "2017-12-31": "-197.00000", "2016-12-31": "302.00000", "2015-12-31": "37.00000", "2014-12-31": "-41.00000", "2013-12-31": "109.00000", "2012-12-31": "51.00000", "2011-12-31": "-5.00000", "2010-12-31": "-57.00000"}, "Total Change In Assets/Liabilities": {"2019-12-31": "97.00000", "2018-12-31": "101.00000", "2017-12-31": "-197.00000", "2016-12-31": "302.00000", "2015-12-31": "37.00000", "2014-12-31": "-41.00000", "2013-12-31": "109.00000", "2012-12-31": "51.00000", "2011-12-31": "-5.00000", "2010-12-31": "-57.00000"}, "Cash Flow From Operating Activities": {"2019-12-31": "2313.00000", "2018-12-31": "2156.00000", "2017-12-31": "1732.00000", "2016-12-31": "2171.00000", "2015-12-31": "1232.00000", "2014-12-31": "1128.00000", "2013-12-31": "1236.00000", "2012-12-31": "-29.00000", "2011-12-31": "-78.00000", "2010-12-31": "44.00000"}, "Net Change In Property, Plant, And Equipment": {"2019-12-31": "-68.00000", "2018-12-31": "-4.00000", "2017-12-31": "-496.00000", "2016-12-31": "-568.00000", "2015-12-31": "-296.00000", "2014-12-31": "53.00000", "2013-12-31": "-127.00000", "2012-12-31": "750.00000", "2011-12-31": "10.00000", "2010-12-31": "55.00000"}, "Net Change In Intangible Assets": {"2019-12-31": "", "2018-12-31": "", "2017-12-31": "", "2016-12-31": "", "2015-12-31": "", "2014-12-31": "", "2013-12-31": "", "2012-12-31": "", "2011-12-31": "", "2010-12-31": ""}, "Net Acquisitions/Divestitures": {"2019-12-31": "313.00000", "2018-12-31": "-2.00000", "2017-12-31": "-1754.00000", "2016-12-31": "", "2015-12-31": "", "2014-12-31": "-47.00000", "2013-12-31": "-117.00000", "2012-12-31": "", "2011-12-31": "", "2010-12-31": ""}, "Net Change In Short-term Investments": {"2019-12-31": "73.00000", "2018-12-31": "", "2017-12-31": "", "2016-12-31": "15.00000", "2015-12-31": "184.00000", "2014-12-31": "-184.00000", "2013-12-31": "51.00000", "2012-12-31": "232.00000", "2011-12-31": "277.00000", "2010-12-31": "-542.00000"}, "Net Change In Long-Term Investments": {"2019-12-31": "-29.00000", "2018-12-31": "-414.00000", "2017-12-31": "-862.00000", "2016-12-31": "-722.00000", "2015-12-31": "-166.00000", "2014-12-31": "-255.00000", "2013-12-31": "-2644.00000", "2012-12-31": "-1560.00000", "2011-12-31": "-350.00000", "2010-12-31": "346.00000"}, "Net Change In Investments - Total": {"2019-12-31": "44.00000", "2018-12-31": "-414.00000", "2017-12-31": "-862.00000", "2016-12-31": "-707.00000", "2015-12-31": "18.00000", "2014-12-31": "-439.00000", "2013-12-31": "-2593.00000", "2012-12-31": "-1328.00000", "2011-12-31": "-73.00000", "2010-12-31": "-196.00000"}, "Investing Activities - Other": {"2019-12-31": "25.00000", "2018-12-31": "50.00000", "2017-12-31": "-25.00000", "2016-12-31": "11.00000", "2015-12-31": "-8.00000", "2014-12-31": "22.00000", "2013-12-31": "73.00000", "2012-12-31": "802.00000", "2011-12-31": "-207.00000", "2010-12-31": "-343.00000"}, "Cash Flow From Investing Activities": {"2019-12-31": "314.00000", "2018-12-31": "-370.00000", "2017-12-31": "-3137.00000", "2016-12-31": "-1264.00000", "2015-12-31": "-286.00000", "2014-12-31": "-411.00000", "2013-12-31": "-2764.00000", "2012-12-31": "224.00000", "2011-12-31": "-270.00000", "2010-12-31": "-484.00000"}, "Net Long-Term Debt": {"2019-12-31": "1149.00000", "2018-12-31": "-440.00000", "2017-12-31": "1590.00000", "2016-12-31": "996.00000", "2015-12-31": "1017.00000", "2014-12-31": "822.00000", "2013-12-31": "3144.00000", "2012-12-31": "-750.00000", "2011-12-31": "", "2010-12-31": "-915.00000"}, "Net Current Debt": {"2019-12-31": "", "2018-12-31": "", "2017-12-31": "", "2016-12-31": "", "2015-12-31": "", "2014-12-31": "", "2013-12-31": "", "2012-12-31": "", "2011-12-31": "", "2010-12-31": ""}, "Debt Issuance/Retirement Net - Total": {"2019-12-31": "1149.00000", "2018-12-31": "-440.00000", "2017-12-31": "1590.00000", "2016-12-31": "996.00000", "2015-12-31": "1017.00000", "2014-12-31": "822.00000", "2013-12-31": "3144.00000", "2012-12-31": "-750.00000", "2011-12-31": "", "2010-12-31": "-915.00000"}, "Net Common Equity Issued/Repurchased": {"2019-12-31": "-2602.00000", "2018-12-31": "-1780.00000", "2017-12-31": "529.00000", "2016-12-31": "-1471.00000", "2015-12-31": "-2368.00000", "2014-12-31": "-2157.00000", "2013-12-31": "-1572.00000", "2012-12-31": "-323.00000", "2011-12-31": "-465.00000", "2010-12-31": "-754.00000"}, "Net Total Equity Issued/Repurchased": {"2019-12-31": "-2602.00000", "2018-12-31": "-1780.00000", "2017-12-31": "529.00000", "2016-12-31": "-1471.00000", "2015-12-31": "-2368.00000", "2014-12-31": "-2157.00000", "2013-12-31": "-1572.00000", "2012-12-31": "-323.00000", "2011-12-31": "-465.00000", "2010-12-31": "-754.00000"}, "Total Common And Preferred Stock Dividends Paid": {"2019-12-31": "-68.00000", "2018-12-31": "-59.00000", "2017-12-31": "-60.00000", "2016-12-31": "-16.00000", "2015-12-31": "", "2014-12-31": "", "2013-12-31": "", "2012-12-31": "", "2011-12-31": "", "2010-12-31": ""}, "Financial Activities - Other": {"2019-12-31": "-252.00000", "2018-12-31": "-101.00000", "2017-12-31": "-183.00000", "2016-12-31": "-55.00000", "2015-12-31": "-75.00000", "2014-12-31": "211.00000", "2013-12-31": "-759.00000", "2012-12-31": "-89.00000", "2011-12-31": "10.00000", "2010-12-31": "248.00000"}, "Cash Flow From Financial Activities": {"2019-12-31": "-1773.00000", "2018-12-31": "-2380.00000", "2017-12-31": "1876.00000", "2016-12-31": "-546.00000", "2015-12-31": "-1426.00000", "2014-12-31": "-1124.00000", "2013-12-31": "813.00000", "2012-12-31": "-1162.00000", "2011-12-31": "-455.00000", "2010-12-31": "-1421.00000"}, "Net Cash Flow": {"2019-12-31": "854.00000", "2018-12-31": "-595.00000", "2017-12-31": "475.00000", "2016-12-31": "361.00000", "2015-12-31": "-480.00000", "2014-12-31": "-407.00000", "2013-12-31": "485.00000", "2012-12-31": "-367.00000", "2011-12-31": "-803.00000", "2010-12-31": "-1861.00000"}, "Stock-Based Compensation": {"2019-12-31": "312.00000", "2018-12-31": "192.00000", "2017-12-31": "230.00000", "2016-12-31": "150.00000", "2015-12-31": "204.00000", "2014-12-31": "217.00000", "2013-12-31": "191.00000", "2012-12-31": "27.00000", "2011-12-31": "11.00000", "2010-12-31": "-121.00000"}, "Common Stock Dividends Paid": {"2019-12-31": "-68.00000", "2018-12-31": "-59.00000", "2017-12-31": "-60.00000", "2016-12-31": "-16.00000", "2015-12-31": "", "2014-12-31": "", "2013-12-31": "", "2012-12-31": "", "2011-12-31": "", "2010-12-31": ""}}, "cash flow statement, quarterly": {"Net Income/Loss": {"2020-09-30": -43, "2020-06-30": -262, "2020-03-31": "2.00000", "2019-12-31": 20, "2019-09-30": 262, "2019-06-30": 192, "2019-03-31": "-127.00000", "2018-12-31": 31, "2018-09-30": 366, "2018-06-30": 255, "2018-03-31": "213.00000", "2017-12-31": 1429, "2017-09-30": 261, "2017-06-30": 156, "2017-03-31": "44.00000", "2016-12-31": 186, "2016-09-30": 169, "2016-06-30": 142, "2016-03-31": "427.00000", "2015-12-31": 89, "2015-09-30": 41, "2015-06-30": 99, "2015-03-31": "19.00000", "2014-12-31": 130, "2014-09-30": 87, "2014-06-30": 106, "2014-03-31": "72.00000", "2013-12-31": 619, "2013-09-30": 116, "2013-06-30": 152, "2013-03-31": "8104.00000", "2012-12-31": 103, "2012-09-30": 220, "2012-06-30": 938, "2012-03-31": "151.00000", "2011-12-31": -165, "2010-12-31": 997}, "Total Depreciation And Amortization - Cash Flow": {"2020-09-30": 279, "2020-06-30": 266, "2020-03-31": "267.00000", "2019-12-31": 271, "2019-09-30": 271, "2019-06-30": 271, "2019-03-31": "248.00000", "2018-12-31": 224, "2018-09-30": 234, "2018-06-30": 231, "2018-03-31": "216.00000", "2017-12-31": 209, "2017-09-30": 228, "2017-06-30": 223, "2017-03-31": "164.00000", "2016-12-31": 82, "2016-09-30": 92, "2016-06-30": 93, "2016-03-31": "87.00000", "2015-12-31": 90, "2015-09-30": 96, "2015-06-30": 92, "2015-03-31": "84.00000", "2014-12-31": 87, "2014-09-30": 90, "2014-06-30": 92, "2014-03-31": "90.00000", "2013-12-31": 78, "2013-09-30": 79, "2013-06-30": 88, "2013-03-31": "70.00000", "2012-12-31": 785, "2012-09-30": 12, "2012-06-30": 11, "2012-03-31": "9.00000", "2011-12-31": -17, "2010-12-31": 823}, "Other Non-Cash Items": {"2020-09-30": 281, "2020-06-30": 369, "2020-03-31": "177.00000", "2019-12-31": 204, "2019-09-30": 153, "2019-06-30": 188, "2019-03-31": "263.00000", "2018-12-31": 253, "2018-09-30": 76, "2018-06-30": 18, "2018-03-31": "-62.00000", "2017-12-31": -1180, "2017-09-30": 71, "2017-06-30": 134, "2017-03-31": "190.00000", "2016-12-31": 50, "2016-09-30": 238, "2016-06-30": 130, "2016-03-31": "173.00000", "2015-12-31": 124, "2015-09-30": 284, "2015-06-30": 5, "2015-03-31": "172.00000", "2014-12-31": 107, "2014-09-30": 150, "2014-06-30": 73, "2014-03-31": "85.00000", "2013-12-31": -453, "2013-09-30": 119, "2013-06-30": 91, "2013-03-31": "-7936.00000", "2012-12-31": -154, "2012-09-30": -46, "2012-06-30": -921, "2012-03-31": "-161.00000", "2011-12-31": 0, "2010-12-31": 0}, "Total Non-Cash Items": {"2020-09-30": 560, "2020-06-30": 635, "2020-03-31": "444.00000", "2019-12-31": 475, "2019-09-30": 424, "2019-06-30": 459, "2019-03-31": "511.00000", "2018-12-31": 477, "2018-09-30": 310, "2018-06-30": 249, "2018-03-31": "154.00000", "2017-12-31": -971, "2017-09-30": 299, "2017-06-30": 357, "2017-03-31": "354.00000", "2016-12-31": 132, "2016-09-30": 330, "2016-06-30": 223, "2016-03-31": "260.00000", "2015-12-31": 214, "2015-09-30": 380, "2015-06-30": 97, "2015-03-31": "256.00000", "2014-12-31": 194, "2014-09-30": 240, "2014-06-30": 165, "2014-03-31": "175.00000", "2013-12-31": -375, "2013-09-30": 198, "2013-06-30": 179, "2013-03-31": "-7866.00000", "2012-12-31": 1913, "2012-09-30": -34, "2012-06-30": -910, "2012-03-31": "-152.00000", "2011-12-31": -17, "2010-12-31": 823}, "Change In Accounts Receivable": {"2020-09-30": 0, "2020-06-30": 0, "2020-03-31": "", "2019-12-31": 0, "2019-09-30": 0, "2019-06-30": 0, "2019-03-31": "", "2018-12-31": 0, "2018-09-30": 0, "2018-06-30": 0, "2018-03-31": "", "2017-12-31": 0, "2017-09-30": 0, "2017-06-30": 0, "2017-03-31": "", "2016-12-31": 0, "2016-09-30": 0, "2016-06-30": 0, "2016-03-31": "", "2015-12-31": 0, "2015-09-30": 0, "2015-06-30": 0, "2015-03-31": "", "2014-12-31": 0, "2014-09-30": 0, "2014-06-30": 0, "2014-03-31": "", "2013-12-31": 0, "2013-09-30": 0, "2013-06-30": 0, "2013-03-31": "", "2012-12-31": 0, "2012-09-30": 0, "2012-06-30": 0, "2012-03-31": "", "2011-12-31": 0, "2010-12-31": 0}, "Change In Inventories": {"2020-09-30": 0, "2020-06-30": 0, "2020-03-31": "", "2019-12-31": 0, "2019-09-30": 0, "2019-06-30": 0, "2019-03-31": "", "2018-12-31": 0, "2018-09-30": 0, "2018-06-30": 0, "2018-03-31": "", "2017-12-31": 0, "2017-09-30": 0, "2017-06-30": 0, "2017-03-31": "", "2016-12-31": 0, "2016-09-30": 0, "2016-06-30": 0, "2016-03-31": "", "2015-12-31": 0, "2015-09-30": 0, "2015-06-30": 0, "2015-03-31": "", "2014-12-31": 0, "2014-09-30": 0, "2014-06-30": 0, "2014-03-31": "", "2013-12-31": 0, "2013-09-30": 0, "2013-06-30": 0, "2013-03-31": "", "2012-12-31": 0, "2012-09-30": 0, "2012-06-30": 0, "2012-03-31": "", "2011-12-31": 0, "2010-12-31": 0}, "Change In Accounts Payable": {"2020-09-30": 0, "2020-06-30": 0, "2020-03-31": "", "2019-12-31": 0, "2019-09-30": 0, "2019-06-30": 0, "2019-03-31": "", "2018-12-31": 0, "2018-09-30": 0, "2018-06-30": 0, "2018-03-31": "", "2017-12-31": 0, "2017-09-30": 0, "2017-06-30": 0, "2017-03-31": "", "2016-12-31": 0, "2016-09-30": 0, "2016-06-30": 0, "2016-03-31": "", "2015-12-31": 0, "2015-09-30": 0, "2015-06-30": 0, "2015-03-31": "", "2014-12-31": 0, "2014-09-30": 0, "2014-06-30": 0, "2014-03-31": "", "2013-12-31": 0, "2013-09-30": 0, "2013-06-30": 0, "2013-03-31": "", "2012-12-31": 0, "2012-09-30": 0, "2012-06-30": 0, "2012-03-31": "", "2011-12-31": 0, "2010-12-31": 0}, "Change In Assets/Liabilities": {"2020-09-30": -330, "2020-06-30": -61, "2020-03-31": "111.00000", "2019-12-31": 48, "2019-09-30": -88, "2019-06-30": -128, "2019-03-31": "265.00000", "2018-12-31": 13, "2018-09-30": -309, "2018-06-30": 140, "2018-03-31": "257.00000", "2017-12-31": -40, "2017-09-30": 15, "2017-06-30": -177, "2017-03-31": "5.00000", "2016-12-31": 202, "2016-09-30": -110, "2016-06-30": 10, "2016-03-31": "200.00000", "2015-12-31": 36, "2015-09-30": -210, "2015-06-30": 171, "2015-03-31": "40.00000", "2014-12-31": 3, "2014-09-30": -90, "2014-06-30": -1, "2014-03-31": "47.00000", "2013-12-31": 103, "2013-09-30": -32, "2013-06-30": -63, "2013-03-31": "101.00000", "2012-12-31": 211, "2012-09-30": -202, "2012-06-30": -67, "2012-03-31": "109.00000", "2011-12-31": 0, "2010-12-31": 0}, "Total Change In Assets/Liabilities": {"2020-09-30": -330, "2020-06-30": -61, "2020-03-31": "111.00000", "2019-12-31": 48, "2019-09-30": -88, "2019-06-30": -128, "2019-03-31": "265.00000", "2018-12-31": 13, "2018-09-30": -309, "2018-06-30": 140, "2018-03-31": "257.00000", "2017-12-31": -40, "2017-09-30": 15, "2017-06-30": -177, "2017-03-31": "5.00000", "2016-12-31": 202, "2016-09-30": -110, "2016-06-30": 10, "2016-03-31": "200.00000", "2015-12-31": 36, "2015-09-30": -210, "2015-06-30": 171, "2015-03-31": "40.00000", "2014-12-31": 3, "2014-09-30": -90, "2014-06-30": -1, "2014-03-31": "47.00000", "2013-12-31": 103, "2013-09-30": -32, "2013-06-30": -63, "2013-03-31": "101.00000", "2012-12-31": 217, "2012-09-30": -202, "2012-06-30": -67, "2012-03-31": "109.00000", "2011-12-31": 136, "2010-12-31": -57}, "Cash Flow From Operating Activities": {"2020-09-30": 187, "2020-06-30": 312, "2020-03-31": "557.00000", "2019-12-31": 543, "2019-09-30": 598, "2019-06-30": 523, "2019-03-31": "649.00000", "2018-12-31": 521, "2018-09-30": 367, "2018-06-30": 644, "2018-03-31": "624.00000", "2017-12-31": 418, "2017-09-30": 575, "2017-06-30": 336, "2017-03-31": "403.00000", "2016-12-31": 520, "2016-09-30": 389, "2016-06-30": 375, "2016-03-31": "887.00000", "2015-12-31": 339, "2015-09-30": 211, "2015-06-30": 367, "2015-03-31": "315.00000", "2014-12-31": 327, "2014-09-30": 237, "2014-06-30": 270, "2014-03-31": "294.00000", "2013-12-31": 347, "2013-09-30": 282, "2013-06-30": 268, "2013-03-31": "339.00000", "2012-12-31": 183, "2012-09-30": -16, "2012-06-30": -39, "2012-03-31": "108.00000", "2011-12-31": 232, "2010-12-31": 44}, "Net Change In Property, Plant, And Equipment": {"2020-09-30": -110, "2020-06-30": -118, "2020-03-31": "-88.00000", "2019-12-31": 270, "2019-09-30": -117, "2019-06-30": -108, "2019-03-31": "-113.00000", "2018-12-31": 261, "2018-09-30": -74, "2018-06-30": -102, "2018-03-31": "-89.00000", "2017-12-31": -89, "2017-09-30": -141, "2017-06-30": -110, "2017-03-31": "-156.00000", "2016-12-31": -250, "2016-09-30": -158, "2016-06-30": -93, "2016-03-31": "-67.00000", "2015-12-31": -120, "2015-09-30": -37, "2015-06-30": -75, "2015-03-31": "-64.00000", "2014-12-31": 206, "2014-09-30": -42, "2014-06-30": -45, "2014-03-31": "-66.00000", "2013-12-31": 5, "2013-09-30": -68, "2013-06-30": -38, "2013-03-31": "-26.00000", "2012-12-31": 380, "2012-09-30": 272, "2012-06-30": -2, "2012-03-31": "85.00000", "2011-12-31": -52, "2010-12-31": 55}, "Net Change In Intangible Assets": {"2020-09-30": 0, "2020-06-30": 0, "2020-03-31": "", "2019-12-31": 0, "2019-09-30": 0, "2019-06-30": 0, "2019-03-31": "", "2018-12-31": 0, "2018-09-30": 0, "2018-06-30": 0, "2018-03-31": "", "2017-12-31": 0, "2017-09-30": 0, "2017-06-30": 0, "2017-03-31": "", "2016-12-31": 0, "2016-09-30": 0, "2016-06-30": 0, "2016-03-31": "", "2015-12-31": 0, "2015-09-30": 0, "2015-06-30": 0, "2015-03-31": "", "2014-12-31": 0, "2014-09-30": 0, "2014-06-30": 0, "2014-03-31": "", "2013-12-31": 0, "2013-09-30": 0, "2013-06-30": 0, "2013-03-31": "", "2012-12-31": 0, "2012-09-30": 0, "2012-06-30": 0, "2012-03-31": "", "2011-12-31": 0, "2010-12-31": 0}, "Net Acquisitions/Divestitures": {"2020-09-30": 0, "2020-06-30": -28, "2020-03-31": "", "2019-12-31": 0, "2019-09-30": 0, "2019-06-30": 0, "2019-03-31": "313.00000", "2018-12-31": -1, "2018-09-30": -1, "2018-06-30": 0, "2018-03-31": "", "2017-12-31": -107, "2017-09-30": 0, "2017-06-30": 0, "2017-03-31": "-1647.00000", "2016-12-31": 0, "2016-09-30": 0, "2016-06-30": 0, "2016-03-31": "", "2015-12-31": 0, "2015-09-30": 0, "2015-06-30": 0, "2015-03-31": "", "2014-12-31": 0, "2014-09-30": 0, "2014-06-30": 11, "2014-03-31": "-58.00000", "2013-12-31": -525, "2013-09-30": 0, "2013-06-30": 0, "2013-03-31": "408.00000", "2012-12-31": 0, "2012-09-30": 0, "2012-06-30": 0, "2012-03-31": "", "2011-12-31": 0, "2010-12-31": 0}, "Net Change In Short-term Investments": {"2020-09-30": 0, "2020-06-30": 0, "2020-03-31": "", "2019-12-31": 0, "2019-09-30": 1, "2019-06-30": 72, "2019-03-31": "", "2018-12-31": 0, "2018-09-30": 0, "2018-06-30": 0, "2018-03-31": "", "2017-12-31": 0, "2017-09-30": 0, "2017-06-30": 0, "2017-03-31": "", "2016-12-31": 0, "2016-09-30": 0, "2016-06-30": 61, "2016-03-31": "-46.00000", "2015-12-31": 4, "2015-09-30": 32, "2015-06-30": 22, "2015-03-31": "126.00000", "2014-12-31": 97, "2014-09-30": -56, "2014-06-30": -234, "2014-03-31": "9.00000", "2013-12-31": 0, "2013-09-30": -15, "2013-06-30": 90, "2013-03-31": "-24.00000", "2012-12-31": -57, "2012-09-30": 0, "2012-06-30": 309, "2012-03-31": "-20.00000", "2011-12-31": 0, "2010-12-31": 0}, "Net Change In Long-Term Investments": {"2020-09-30": -7, "2020-06-30": -2, "2020-03-31": "33.00000", "2019-12-31": -393, "2019-09-30": 11, "2019-06-30": 292, "2019-03-31": "61.00000", "2018-12-31": -255, "2018-09-30": -3, "2018-06-30": 228, "2018-03-31": "-384.00000", "2017-12-31": -122, "2017-09-30": -304, "2017-06-30": -431, "2017-03-31": "-5.00000", "2016-12-31": -21, "2016-09-30": -748, "2016-06-30": 58, "2016-03-31": "-11.00000", "2015-12-31": -341, "2015-09-30": 26, "2015-06-30": 36, "2015-03-31": "113.00000", "2014-12-31": -303, "2014-09-30": -30, "2014-06-30": 78, "2014-03-31": "", "2013-12-31": -72, "2013-09-30": 12, "2013-06-30": -2566, "2013-03-31": "-18.00000", "2012-12-31": -137, "2012-09-30": -905, "2012-06-30": -333, "2012-03-31": "-185.00000", "2011-12-31": 0, "2010-12-31": 0}, "Net Change In Investments - Total": {"2020-09-30": -7, "2020-06-30": -2, "2020-03-31": "33.00000", "2019-12-31": -393, "2019-09-30": 12, "2019-06-30": 364, "2019-03-31": "61.00000", "2018-12-31": -255, "2018-09-30": -3, "2018-06-30": 228, "2018-03-31": "-384.00000", "2017-12-31": -122, "2017-09-30": -304, "2017-06-30": -431, "2017-03-31": "-5.00000", "2016-12-31": -21, "2016-09-30": -748, "2016-06-30": 119, "2016-03-31": "-57.00000", "2015-12-31": -337, "2015-09-30": 58, "2015-06-30": 58, "2015-03-31": "239.00000", "2014-12-31": -206, "2014-09-30": -86, "2014-06-30": -156, "2014-03-31": "9.00000", "2013-12-31": -72, "2013-09-30": -3, "2013-06-30": -2476, "2013-03-31": "-42.00000", "2012-12-31": -194, "2012-09-30": -905, "2012-06-30": -24, "2012-03-31": "-205.00000", "2011-12-31": 123, "2010-12-31": -196}, "Investing Activities - Other": {"2020-09-30": 11, "2020-06-30": 3, "2020-03-31": "-3.00000", "2019-12-31": 27, "2019-09-30": 3, "2019-06-30": 2, "2019-03-31": "-7.00000", "2018-12-31": 7, "2018-09-30": -4, "2018-06-30": -2, "2018-03-31": "49.00000", "2017-12-31": 95, "2017-09-30": -1, "2017-06-30": -130, "2017-03-31": "11.00000", "2016-12-31": 17, "2016-09-30": -18, "2016-06-30": 13, "2016-03-31": "-1.00000", "2015-12-31": 120, "2015-09-30": -87, "2015-06-30": -10, "2015-03-31": "-31.00000", "2014-12-31": -10, "2014-09-30": -4, "2014-06-30": 32, "2014-03-31": "4.00000", "2013-12-31": 68, "2013-09-30": 36, "2013-06-30": -48, "2013-03-31": "17.00000", "2012-12-31": 146, "2012-09-30": -73, "2012-06-30": 22, "2012-03-31": "712.00000", "2011-12-31": 139, "2010-12-31": -343}, "Cash Flow From Investing Activities": {"2020-09-30": -106, "2020-06-30": -145, "2020-03-31": "-58.00000", "2019-12-31": -96, "2019-09-30": -102, "2019-06-30": 258, "2019-03-31": "254.00000", "2018-12-31": 12, "2018-09-30": -82, "2018-06-30": 124, "2018-03-31": "-424.00000", "2017-12-31": -223, "2017-09-30": -446, "2017-06-30": -671, "2017-03-31": "-1797.00000", "2016-12-31": -254, "2016-09-30": -924, "2016-06-30": 39, "2016-03-31": "-125.00000", "2015-12-31": -337, "2015-09-30": -66, "2015-06-30": -27, "2015-03-31": "144.00000", "2014-12-31": -10, "2014-09-30": -132, "2014-06-30": -158, "2014-03-31": "-111.00000", "2013-12-31": -524, "2013-09-30": -35, "2013-06-30": -2562, "2013-03-31": "357.00000", "2012-12-31": 332, "2012-09-30": -706, "2012-06-30": -4, "2012-03-31": "592.00000", "2011-12-31": 210, "2010-12-31": -484}, "Net Long-Term Debt": {"2020-09-30": -1508, "2020-06-30": 1470, "2020-03-31": "481.00000", "2019-12-31": 476, "2019-09-30": 181, "2019-06-30": 320, "2019-03-31": "172.00000", "2018-12-31": 264, "2018-09-30": 131, "2018-06-30": -998, "2018-03-31": "163.00000", "2017-12-31": 589, "2017-09-30": 195, "2017-06-30": 116, "2017-03-31": "690.00000", "2016-12-31": -147, "2016-09-30": 506, "2016-06-30": 413, "2016-03-31": "224.00000", "2015-12-31": 56, "2015-09-30": 279, "2015-06-30": 65, "2015-03-31": "617.00000", "2014-12-31": 264, "2014-09-30": 183, "2014-06-30": 1196, "2014-03-31": "-821.00000", "2013-12-31": 664, "2013-09-30": 516, "2013-06-30": 1965, "2013-03-31": "-1.00000", "2012-12-31": 0, "2012-09-30": 0, "2012-06-30": 0, "2012-03-31": "-750.00000", "2011-12-31": 0, "2010-12-31": 0}, "Net Current Debt": {"2020-09-30": 0, "2020-06-30": 0, "2020-03-31": "", "2019-12-31": 0, "2019-09-30": 0, "2019-06-30": 0, "2019-03-31": "", "2018-12-31": 0, "2018-09-30": 0, "2018-06-30": 0, "2018-03-31": "", "2017-12-31": 0, "2017-09-30": 0, "2017-06-30": 0, "2017-03-31": "", "2016-12-31": 0, "2016-09-30": 0, "2016-06-30": 0, "2016-03-31": "", "2015-12-31": 0, "2015-09-30": 0, "2015-06-30": 0, "2015-03-31": "", "2014-12-31": 0, "2014-09-30": 0, "2014-06-30": 0, "2014-03-31": "", "2013-12-31": 0, "2013-09-30": 0, "2013-06-30": 0, "2013-03-31": "", "2012-12-31": 0, "2012-09-30": 0, "2012-06-30": 0, "2012-03-31": "", "2011-12-31": 0, "2010-12-31": 0}, "Debt Issuance/Retirement Net - Total": {"2020-09-30": -1508, "2020-06-30": 1470, "2020-03-31": "481.00000", "2019-12-31": 476, "2019-09-30": 181, "2019-06-30": 320, "2019-03-31": "172.00000", "2018-12-31": 264, "2018-09-30": 131, "2018-06-30": -998, "2018-03-31": "163.00000", "2017-12-31": 589, "2017-09-30": 195, "2017-06-30": 116, "2017-03-31": "690.00000", "2016-12-31": -147, "2016-09-30": 506, "2016-06-30": 413, "2016-03-31": "224.00000", "2015-12-31": 56, "2015-09-30": 279, "2015-06-30": 65, "2015-03-31": "617.00000", "2014-12-31": 264, "2014-09-30": 183, "2014-06-30": 1196, "2014-03-31": "-821.00000", "2013-12-31": 664, "2013-09-30": 516, "2013-06-30": 1965, "2013-03-31": "-1.00000", "2012-12-31": -4, "2012-09-30": 0, "2012-06-30": 0, "2012-03-31": "-750.00000", "2011-12-31": 1362, "2010-12-31": -915}, "Net Common Equity Issued/Repurchased": {"2020-09-30": -537, "2020-06-30": 598, "2020-03-31": "-381.00000", "2019-12-31": -269, "2019-09-30": -553, "2019-06-30": -982, "2019-03-31": "-798.00000", "2018-12-31": -750, "2018-09-30": -478, "2018-06-30": -212, "2018-03-31": "-340.00000", "2017-12-31": -413, "2017-09-30": -212, "2017-06-30": -90, "2017-03-31": "1244.00000", "2016-12-31": -449, "2016-09-30": -229, "2016-06-30": -199, "2016-03-31": "-594.00000", "2015-12-31": -417, "2015-09-30": -567, "2015-06-30": -791, "2015-03-31": "-593.00000", "2014-12-31": -507, "2014-09-30": -458, "2014-06-30": -1111, "2014-03-31": "-81.00000", "2013-12-31": 170, "2013-09-30": -493, "2013-06-30": -643, "2013-03-31": "-606.00000", "2012-12-31": -81, "2012-09-30": -8, "2012-06-30": -155, "2012-03-31": "-79.00000", "2011-12-31": 0, "2010-12-31": 0}, "Net Total Equity Issued/Repurchased": {"2020-09-30": -537, "2020-06-30": 598, "2020-03-31": "-381.00000", "2019-12-31": -269, "2019-09-30": -553, "2019-06-30": -982, "2019-03-31": "-798.00000", "2018-12-31": -750, "2018-09-30": -478, "2018-06-30": -212, "2018-03-31": "-340.00000", "2017-12-31": -413, "2017-09-30": -212, "2017-06-30": -90, "2017-03-31": "1244.00000", "2016-12-31": -449, "2016-09-30": -229, "2016-06-30": -199, "2016-03-31": "-594.00000", "2015-12-31": -417, "2015-09-30": -567, "2015-06-30": -791, "2015-03-31": "-593.00000", "2014-12-31": -507, "2014-09-30": -458, "2014-06-30": -1111, "2014-03-31": "-81.00000", "2013-12-31": 170, "2013-09-30": -493, "2013-06-30": -643, "2013-03-31": "-606.00000", "2012-12-31": -81, "2012-09-30": -8, "2012-06-30": -155, "2012-03-31": "-79.00000", "2011-12-31": 289, "2010-12-31": -754}, "Total Common And Preferred Stock Dividends Paid": {"2020-09-30": -16, "2020-06-30": -16, "2020-03-31": "-17.00000", "2019-12-31": -16, "2019-09-30": -16, "2019-06-30": -17, "2019-03-31": "-19.00000", "2018-12-31": -15, "2018-09-30": -15, "2018-06-30": -14, "2018-03-31": "-15.00000", "2017-12-31": -15, "2017-09-30": -15, "2017-06-30": -15, "2017-03-31": "-15.00000", "2016-12-31": -16, "2016-09-30": 0, "2016-06-30": 0, "2016-03-31": "", "2015-12-31": 0, "2015-09-30": 0, "2015-06-30": 0, "2015-03-31": "", "2014-12-31": 0, "2014-09-30": 0, "2014-06-30": 0, "2014-03-31": "", "2013-12-31": 0, "2013-09-30": 0, "2013-06-30": 0, "2013-03-31": "", "2012-12-31": 0, "2012-09-30": 0, "2012-06-30": 0, "2012-03-31": "", "2011-12-31": 0, "2010-12-31": 0}, "Financial Activities - Other": {"2020-09-30": -86, "2020-06-30": -21, "2020-03-31": "-45.00000", "2019-12-31": -110, "2019-09-30": -81, "2019-06-30": -21, "2019-03-31": "-40.00000", "2018-12-31": -30, "2018-09-30": -36, "2018-06-30": -57, "2018-03-31": "22.00000", "2017-12-31": -100, "2017-09-30": -59, "2017-06-30": -7, "2017-03-31": "-17.00000", "2016-12-31": -32, "2016-09-30": -31, "2016-06-30": -1, "2016-03-31": "9.00000", "2015-12-31": -28, "2015-09-30": -59, "2015-06-30": 4, "2015-03-31": "8.00000", "2014-12-31": 230, "2014-09-30": -19, "2014-06-30": -8, "2014-03-31": "8.00000", "2013-12-31": -740, "2013-09-30": -36, "2013-06-30": 9, "2013-03-31": "8.00000", "2012-12-31": -100, "2012-09-30": 7, "2012-06-30": 3, "2012-03-31": "", "2011-12-31": -252, "2010-12-31": 248}, "Cash Flow From Financial Activities": {"2020-09-30": -2147, "2020-06-30": 2031, "2020-03-31": "38.00000", "2019-12-31": 81, "2019-09-30": -469, "2019-06-30": -700, "2019-03-31": "-685.00000", "2018-12-31": -531, "2018-09-30": -398, "2018-06-30": -1281, "2018-03-31": "-170.00000", "2017-12-31": 61, "2017-09-30": -91, "2017-06-30": 4, "2017-03-31": "1902.00000", "2016-12-31": -644, "2016-09-30": 246, "2016-06-30": 213, "2016-03-31": "-361.00000", "2015-12-31": -389, "2015-09-30": -347, "2015-06-30": -722, "2015-03-31": "32.00000", "2014-12-31": -13, "2014-09-30": -294, "2014-06-30": 77, "2014-03-31": "-894.00000", "2013-12-31": 94, "2013-09-30": -13, "2013-06-30": 1331, "2013-03-31": "-599.00000", "2012-12-31": -185, "2012-09-30": -1, "2012-06-30": -152, "2012-03-31": "-829.00000", "2011-12-31": 1399, "2010-12-31": -1421}, "Net Cash Flow": {"2020-09-30": -2057, "2020-06-30": 2196, "2020-03-31": "529.00000", "2019-12-31": 533, "2019-09-30": 22, "2019-06-30": 80, "2019-03-31": "219.00000", "2018-12-31": 1, "2018-09-30": -112, "2018-06-30": -516, "2018-03-31": "32.00000", "2017-12-31": 253, "2017-09-30": 40, "2017-06-30": -327, "2017-03-31": "509.00000", "2016-12-31": -378, "2016-09-30": -289, "2016-06-30": 627, "2016-03-31": "401.00000", "2015-12-31": -387, "2015-09-30": -202, "2015-06-30": -382, "2015-03-31": "491.00000", "2014-12-31": 304, "2014-09-30": -189, "2014-06-30": 189, "2014-03-31": "-711.00000", "2013-12-31": -83, "2013-09-30": 234, "2013-06-30": -963, "2013-03-31": "1297.00000", "2012-12-31": -70, "2012-09-30": -323, "2012-06-30": -195, "2012-03-31": "-129.00000", "2011-12-31": 1841, "2010-12-31": -1861}, "Stock-Based Compensation": {"2020-09-30": 68, "2020-06-30": 45, "2020-03-31": "67.00000", "2019-12-31": 74, "2019-09-30": 76, "2019-06-30": 76, "2019-03-31": "86.00000", "2018-12-31": 47, "2018-09-30": 46, "2018-06-30": 53, "2018-03-31": "46.00000", "2017-12-31": 48, "2017-09-30": 85, "2017-06-30": 53, "2017-03-31": "44.00000", "2016-12-31": 41, "2016-09-30": 41, "2016-06-30": 34, "2016-03-31": "34.00000", "2015-12-31": 57, "2015-09-30": 56, "2015-06-30": 47, "2015-03-31": "44.00000", "2014-12-31": 66, "2014-09-30": 53, "2014-06-30": 49, "2014-03-31": "49.00000", "2013-12-31": 52, "2013-09-30": 51, "2013-06-30": 47, "2013-03-31": "41.00000", "2012-12-31": 26, "2012-09-30": -7, "2012-06-30": 2, "2012-03-31": "6.00000", "2011-12-31": 0, "2010-12-31": 0}, "Common Stock Dividends Paid": {"2020-09-30": -16, "2020-06-30": -16, "2020-03-31": "-17.00000", "2019-12-31": -16, "2019-09-30": -16, "2019-06-30": -17, "2019-03-31": "-19.00000", "2018-12-31": -15, "2018-09-30": -15, "2018-06-30": -14, "2018-03-31": "-15.00000", "2017-12-31": -15, "2017-09-30": -15, "2017-06-30": -15, "2017-03-31": "-15.00000", "2016-12-31": -16, "2016-09-30": 0, "2016-06-30": 0, "2016-03-31": "", "2015-12-31": 0, "2015-09-30": 0, "2015-06-30": 0, "2015-03-31": "", "2014-12-31": 0, "2014-09-30": 0, "2014-06-30": 0, "2014-03-31": "", "2013-12-31": 0, "2013-09-30": 0, "2013-06-30": 0, "2013-03-31": "", "2012-12-31": 0, "2012-09-30": 0, "2012-06-30": 0, "2012-03-31": "", "2011-12-31": 0, "2010-12-31": 0}}, "financial ratios": {"Current Ratio": {"2019-12-31": "0.61860", "2018-12-31": "0.33350", "2017-12-31": "0.43800", "2016-12-31": "0.35830", "2015-12-31": "0.24560", "2014-12-31": "0.52260", "2013-12-31": "0.78630", "2012-12-31": "5.74290", "2011-12-31": "3.13820", "2010-12-31": ""}, "Long-term Debt / Capital": {"2019-12-31": "0.41280", "2018-12-31": "0.38130", "2017-12-31": "0.36870", "2016-12-31": "0.31140", "2015-12-31": "0.26760", "2014-12-31": "0.21690", "2013-12-31": "0.16670", "2012-12-31": "", "2011-12-31": "0.09340", "2010-12-31": ""}, "Debt/Equity Ratio": {"2019-12-31": "0.70590", "2018-12-31": "0.61700", "2017-12-31": "0.61810", "2016-12-31": "0.45260", "2015-12-31": "0.37950", "2014-12-31": "0.28970", "2013-12-31": "0.23260", "2012-12-31": "", "2011-12-31": "0.24670", "2010-12-31": ""}, "Gross Margin": {"2019-12-31": "53.15780", "2018-12-31": "55.46020", "2017-12-31": "56.26810", "2016-12-31": "62.20620", "2015-12-31": "61.98120", "2014-12-31": "64.49440", "2013-12-31": "66.66670", "2012-12-31": "100.00000", "2011-12-31": "100.00000", "2010-12-31": "37.36590"}, "Operating Margin": {"2019-12-31": "14.28290", "2018-12-31": "18.79350", "2017-12-31": "18.35660", "2016-12-31": "32.86580", "2015-12-31": "19.89570", "2014-12-31": "18.89890", "2013-12-31": "20.33980", "2012-12-31": "-21.73910", "2011-12-31": "37.68630", "2010-12-31": "9.51220"}, "EBIT Margin": {"2019-12-31": "14.28290", "2018-12-31": "18.79350", "2017-12-31": "18.35660", "2016-12-31": "32.86580", "2015-12-31": "19.89570", "2014-12-31": "18.89890", "2013-12-31": "20.33980", "2012-12-31": "-21.73910", "2011-12-31": "37.68630", "2010-12-31": "9.51220"}, "EBITDA Margin": {"2019-12-31": "24.59190", "2018-12-31": "30.04980", "2017-12-31": "29.20730", "2016-12-31": "39.57540", "2015-12-31": "27.44530", "2014-12-31": "26.96630", "2013-12-31": "28.21090", "2012-12-31": "-10.32610", "2011-12-31": "41.44780", "2010-12-31": "49.65850"}, "Pre-Tax Profit Margin": {"2019-12-31": "4.98450", "2018-12-31": "12.94780", "2017-12-31": "10.89020", "2016-12-31": "26.89540", "2015-12-31": "9.55160", "2014-12-31": "10.35960", "2013-12-31": "221.28940", "2012-12-31": "442.66310", "2011-12-31": "53.79700", "2010-12-31": "20.78050"}, "Net Profit Margin": {"2019-12-31": "1.02990", "2018-12-31": "6.60450", "2017-12-31": "17.82990", "2016-12-31": "12.88860", "2015-12-31": "1.33470", "2014-12-31": "4.00000", "2013-12-31": "219.39030", "2012-12-31": "384.23910", "2011-12-31": "59.33290", "2010-12-31": "48.78050"}, "Asset Turnover": {"2019-12-31": "0.23290", "2018-12-31": "0.19690", "2017-12-31": "0.18080", "2016-12-31": "0.16810", "2015-12-31": "0.16090", "2014-12-31": "0.14700", "2013-12-31": "0.11590", "2012-12-31": "0.04420", "2011-12-31": "0.18250", "2010-12-31": ""}, "Inventory Turnover Ratio": {"2019-12-31": "", "2018-12-31": "", "2017-12-31": "", "2016-12-31": "", "2015-12-31": "", "2014-12-31": "", "2013-12-31": "", "2012-12-31": "", "2011-12-31": "", "2010-12-31": ""}, "Receiveable Turnover": {"2019-12-31": "13.41850", "2018-12-31": "22.08790", "2017-12-31": "21.21230", "2016-12-31": "21.98330", "2015-12-31": "19.41300", "2014-12-31": "18.93620", "2013-12-31": "19.42720", "2012-12-31": "14.72000", "2011-12-31": "4.89240", "2010-12-31": ""}, "Days Sales In Receivables": {"2019-12-31": "27.20120", "2018-12-31": "16.52490", "2017-12-31": "17.20700", "2016-12-31": "16.60350", "2015-12-31": "18.80190", "2014-12-31": "19.27530", "2013-12-31": "18.78810", "2012-12-31": "24.79620", "2011-12-31": "74.60610", "2010-12-31": ""}, "ROE - Return On Equity": {"2019-12-31": "1.58270", "2018-12-31": "3.98650", "2017-12-31": "8.37250", "2016-12-31": "5.21560", "2015-12-31": "1.36780", "2014-12-31": "1.95780", "2013-12-31": "37.64760", "2012-12-31": "18.03480", "2011-12-31": "11.29740", "2010-12-31": ""}, "Return On Tangible Equity": {"2019-12-31": "-2.48590", "2018-12-31": "-7.16240", "2017-12-31": "-16.18840", "2016-12-31": "-12.53050", "2015-12-31": "-3.55100", "2014-12-31": "-7.88740", "2013-12-31": "-663.05310", "2012-12-31": "19.39800", "2011-12-31": "13.90390", "2010-12-31": ""}, "ROA - Return On Assets": {"2019-12-31": "0.78530", "2018-12-31": "2.11860", "2017-12-31": "4.50040", "2016-12-31": "2.94480", "2015-12-31": "0.83230", "2014-12-31": "1.30500", "2013-12-31": "26.02920", "2012-12-31": "13.93390", "2011-12-31": "7.68230", "2010-12-31": ""}, "ROI - Return On Investment": {"2019-12-31": "0.92930", "2018-12-31": "2.46660", "2017-12-31": "5.28520", "2016-12-31": "3.59130", "2015-12-31": "1.00170", "2014-12-31": "1.53310", "2013-12-31": "31.37130", "2012-12-31": "18.03480", "2011-12-31": "10.24180", "2010-12-31": ""}, "Book Value Per Share": {"2019-12-31": "36.58370", "2018-12-31": "35.70250", "2017-12-31": "36.53430", "2016-12-31": "37.82020", "2015-12-31": "54.19570", "2014-12-31": "58.79460", "2013-12-31": "69.64880", "2012-12-31": "52.83430", "2011-12-31": "42.90850", "2010-12-31": ""}, "Operating Cash Flow Per Share": {"2019-12-31": 0.3211, "2018-12-31": 0.5884, "2017-12-31": 0.1722, "2016-12-31": -0.9564, "2015-12-31": 0.3539, "2014-12-31": -0.1733, "2013-12-31": 3.5209, "2012-12-31": 0.8084, "2011-12-31": -1.3595, "2010-12-31": 0.4731}, "Free Cash Flow Per Share": {"2019-12-31": 0.2173, "2018-12-31": 1.3951, "2017-12-31": 0.0569, "2016-12-31": -0.7836, "2015-12-31": -0.6703, "2014-12-31": 0.3341, "2013-12-31": 1.1509, "2012-12-31": 2.7109, "2011-12-31": -1.8372, "2010-12-31": 1.0645}}, "financial ratios, quarterly": {"Current Ratio": {"2020-09-30": "0.85260", "2020-06-30": "0.89460", "2020-03-31": "0.65210", "2019-12-31": "0.61860", "2019-09-30": "0.49870", "2019-06-30": "0.48600", "2019-03-31": "0.43730", "2018-12-31": "0.33350", "2018-09-30": "0.36730", "2018-06-30": "0.36310", "2018-03-31": "0.53500", "2017-12-31": "0.43800", "2017-09-30": "0.42780", "2017-06-30": "0.43280", "2017-03-31": "0.48630", "2016-12-31": "0.35830", "2016-09-30": "0.44800", "2016-06-30": "0.59030", "2016-03-31": "0.39260", "2015-12-31": "0.24560", "2015-09-30": "0.76420", "2015-06-30": "0.83430", "2015-03-31": "1.01970", "2014-12-31": "0.52260", "2014-09-30": "0.67190", "2014-06-30": "0.68470", "2014-03-31": "0.54730", "2013-12-31": "0.78630", "2013-09-30": "0.89890", "2013-06-30": "0.97570", "2013-03-31": "1.41030", "2012-12-31": "5.74290", "2012-09-30": "", "2012-06-30": "", "2012-03-31": "", "2011-12-31": "", "2010-12-31": ""}, "Long-term Debt / Capital": {"2020-09-30": "0.41890", "2020-06-30": "0.40410", "2020-03-31": "0.40140", "2019-12-31": "0.41280", "2019-09-30": "0.39870", "2019-06-30": "0.39060", "2019-03-31": "0.37680", "2018-12-31": "0.38130", "2018-09-30": "0.37430", "2018-06-30": "0.37100", "2018-03-31": "0.38510", "2017-12-31": "0.36870", "2017-09-30": "0.38530", "2017-06-30": "0.39070", "2017-03-31": "0.39040", "2016-12-31": "0.31140", "2016-09-30": "0.29450", "2016-06-30": "0.28730", "2016-03-31": "0.27510", "2015-12-31": "0.26760", "2015-09-30": "0.26200", "2015-06-30": "0.24940", "2015-03-31": "0.24030", "2014-12-31": "0.21690", "2014-09-30": "0.19060", "2014-06-30": "0.18410", "2014-03-31": "0.14030", "2013-12-31": "0.16670", "2013-09-30": "0.15460", "2013-06-30": "0.15200", "2013-03-31": "0.08890", "2012-12-31": "", "2012-09-30": "", "2012-06-30": "", "2012-03-31": "", "2011-12-31": "", "2010-12-31": ""}, "Debt/Equity Ratio": {"2020-09-30": "0.72540", "2020-06-30": "0.76300", "2020-03-31": "0.69780", "2019-12-31": "0.70590", "2019-09-30": "0.66310", "2019-06-30": "0.64160", "2019-03-31": "0.60530", "2018-12-31": "0.61700", "2018-09-30": "0.59900", "2018-06-30": "0.59070", "2018-03-31": "0.62790", "2017-12-31": "0.61810", "2017-09-30": "0.62890", "2017-06-30": "0.64140", "2017-03-31": "0.64280", "2016-12-31": "0.45260", "2016-09-30": "0.45120", "2016-06-30": "0.41720", "2016-03-31": "0.39360", "2015-12-31": "0.37950", "2015-09-30": "0.36880", "2015-06-30": "0.34590", "2015-03-31": "0.32950", "2014-12-31": "0.28970", "2014-09-30": "0.26880", "2014-06-30": "0.25890", "2014-03-31": "0.19550", "2013-12-31": "0.23260", "2013-09-30": "0.20360", "2013-06-30": "0.17950", "2013-03-31": "0.09770", "2012-12-31": "", "2012-09-30": "", "2012-06-30": "", "2012-03-31": "", "2011-12-31": "", "2010-12-31": ""}, "Gross Margin": {"2020-09-30": "47.07170", "2020-06-30": "53.79780", "2020-03-31": "55.63840", "2019-12-31": "50.82090", "2019-09-30": "53.99160", "2019-06-30": "52.83420", "2019-03-31": "55.46720", "2018-12-31": "55.20160", "2018-09-30": "56.15550", "2018-06-30": "52.20560", "2018-03-31": "59.45950", "2017-12-31": "52.10630", "2017-09-30": "57.72400", "2017-06-30": "56.63550", "2017-03-31": "59.49820", "2016-12-31": "58.21350", "2016-09-30": "64.69310", "2016-06-30": "64.42170", "2016-03-31": "61.21260", "2015-12-31": "61.00990", "2015-09-30": "66.19940", "2015-06-30": "57.44680", "2015-03-31": "63.18220", "2014-12-31": "62.28310", "2014-09-30": "66.46960", "2014-06-30": "66.63790", "2014-03-31": "62.11670", "2013-12-31": "62.14630", "2013-09-30": "69.27930", "2013-06-30": "69.01670", "2013-03-31": "65.65270", "2012-12-31": "101.49890", "2012-09-30": "100.00000", "2012-06-30": "100.00000", "2012-03-31": "100.00000", "2011-12-31": "", "2010-12-31": ""}, "Operating Margin": {"2020-09-30": "11.71300", "2020-06-30": "11.21010", "2020-03-31": "12.22060", "2019-12-31": "11.53110", "2019-09-30": "17.75210", "2019-06-30": "16.43490", "2019-03-31": "9.94040", "2018-12-31": "18.86510", "2018-09-30": "22.93740", "2018-06-30": "17.00770", "2018-03-31": "14.96370", "2017-12-31": "16.59980", "2017-09-30": "18.49880", "2017-06-30": "19.71960", "2017-03-31": "18.56630", "2016-12-31": "20.66620", "2016-09-30": "25.41520", "2016-06-30": "24.01170", "2016-03-31": "64.86710", "2015-12-31": "17.96360", "2015-09-30": "25.00000", "2015-06-30": "13.99350", "2015-03-31": "22.66420", "2014-12-31": "18.81280", "2014-09-30": "21.03040", "2014-06-30": "19.91380", "2014-03-31": "15.33140", "2013-12-31": "18.43900", "2013-09-30": "22.34230", "2013-06-30": "20.96480", "2013-03-31": "19.13820", "2012-12-31": "77.73020", "2012-09-30": "6.49350", "2012-06-30": "1.48150", "2012-03-31": "-91.42860", "2011-12-31": "", "2010-12-31": ""}, "EBIT Margin": {"2020-09-30": "11.71300", "2020-06-30": "11.21010", "2020-03-31": "12.22060", "2019-12-31": "11.53110", "2019-09-30": "17.75210", "2019-06-30": "16.43490", "2019-03-31": "9.94040", "2018-12-31": "18.86510", "2018-09-30": "22.93740", "2018-06-30": "17.00770", "2018-03-31": "14.96370", "2017-12-31": "16.59980", "2017-09-30": "18.49880", "2017-06-30": "19.71960", "2017-03-31": "18.56630", "2016-12-31": "20.66620", "2016-09-30": "25.41520", "2016-06-30": "24.01170", "2016-03-31": "64.86710", "2015-12-31": "17.96360", "2015-09-30": "25.00000", "2015-06-30": "13.99350", "2015-03-31": "22.66420", "2014-12-31": "18.81280", "2014-09-30": "21.03040", "2014-06-30": "19.91380", "2014-03-31": "15.33140", "2013-12-31": "18.43900", "2013-09-30": "22.34230", "2013-06-30": "20.96480", "2013-03-31": "19.13820", "2012-12-31": "77.73020", "2012-09-30": "6.49350", "2012-06-30": "1.48150", "2012-03-31": "-91.42860", "2011-12-31": "", "2010-12-31": ""}, "EBITDA Margin": {"2020-09-30": "", "2020-06-30": "", "2020-03-31": "", "2019-12-31": "", "2019-09-30": "", "2019-06-30": "", "2019-03-31": "", "2018-12-31": "", "2018-09-30": "", "2018-06-30": "", "2018-03-31": "", "2017-12-31": "", "2017-09-30": "", "2017-06-30": "", "2017-03-31": "", "2016-12-31": "", "2016-09-30": "", "2016-06-30": "", "2016-03-31": "", "2015-12-31": "", "2015-09-30": "", "2015-06-30": "", "2015-03-31": "", "2014-12-31": "", "2014-09-30": "", "2014-06-30": "", "2014-03-31": "", "2013-12-31": "", "2013-09-30": "", "2013-06-30": "", "2013-03-31": "", "2012-12-31": "", "2012-09-30": "", "2012-06-30": "", "2012-03-31": "", "2011-12-31": "", "2010-12-31": ""}, "Pre-Tax Profit Margin": {"2020-09-30": "-1.31770", "2020-06-30": "-16.13410", "2020-03-31": "1.88770", "2019-12-31": "-1.52730", "2019-09-30": "12.60500", "2019-06-30": "9.34050", "2019-03-31": "-3.42940", "2018-12-31": "3.63360", "2018-09-30": "18.05620", "2018-06-30": "14.64300", "2018-03-31": "15.02970", "2017-12-31": "4.31290", "2017-09-30": "18.64410", "2017-06-30": "11.02800", "2017-03-31": "8.60220", "2016-12-31": "15.36720", "2016-09-30": "21.87730", "2016-06-30": "16.76430", "2016-03-31": "56.81060", "2015-12-31": "12.33440", "2015-09-30": "5.45170", "2015-06-30": "10.96560", "2015-03-31": "9.71320", "2014-12-31": "15.06850", "2014-09-30": "12.66890", "2014-06-30": "15.60350", "2014-03-31": "-3.46190", "2013-12-31": "63.80490", "2013-09-30": "18.91890", "2013-06-30": "23.37660", "2013-03-31": "980.98860", "2012-12-31": "6.42400", "2012-09-30": "162.33770", "2012-06-30": "916.29630", "2012-03-31": "320.00000", "2011-12-31": "", "2010-12-31": ""}, "Net Profit Margin": {"2020-09-30": "-4.17280", "2020-06-30": "-17.07700", "2020-03-31": "-3.77550", "2019-12-31": "-1.71820", "2019-09-30": "6.75770", "2019-06-30": "4.13550", "2019-03-31": "-7.85290", "2018-12-31": "-1.99100", "2018-09-30": "11.57670", "2018-06-30": "7.82170", "2018-03-31": "8.63550", "2017-12-31": "55.81750", "2017-09-30": "8.13560", "2017-06-30": "4.39250", "2017-03-31": "-1.50540", "2016-12-31": "9.00830", "2016-09-30": "8.30320", "2016-06-30": "6.00290", "2016-03-31": "30.23260", "2015-12-31": "3.64240", "2015-09-30": "-1.71340", "2015-06-30": "4.99180", "2015-03-31": "-1.75760", "2014-12-31": "6.66670", "2014-09-30": "2.78720", "2014-06-30": "4.31030", "2014-03-31": "2.17610", "2013-12-31": "53.85370", "2013-09-30": "6.84680", "2013-06-30": "8.62710", "2013-03-31": "1021.42000", "2012-12-31": "22.69810", "2012-09-30": "143.50650", "2012-06-30": "694.07400", "2012-03-31": "428.57140", "2011-12-31": "", "2010-12-31": ""}, "Asset Turnover": {"2020-09-30": "0.06240", "2020-06-30": "0.04130", "2020-03-31": "0.04580", "2019-12-31": "0.05930", "2019-09-30": "0.06540", "2019-06-30": "0.06420", "2019-03-31": "0.04580", "2018-12-31": "0.04920", "2018-09-30": "0.05560", "2018-06-30": "0.05260", "2018-03-31": "0.03570", "2017-12-31": "0.04750", "2017-09-30": "0.04930", "2017-06-30": "0.05170", "2017-03-31": "0.03400", "2016-12-31": "0.04210", "2016-09-30": "0.04390", "2016-06-30": "0.04420", "2016-03-31": "0.03970", "2015-12-31": "0.04050", "2015-09-30": "0.04190", "2015-06-30": "0.03930", "2015-03-31": "0.03440", "2014-12-31": "0.03620", "2014-09-30": "0.03500", "2014-06-30": "0.03400", "2014-03-31": "0.03000", "2013-12-31": "0.02970", "2013-09-30": "0.03270", "2013-06-30": "0.03180", "2013-03-31": "0.02440", "2012-12-31": "0.05610", "2012-09-30": "", "2012-06-30": "", "2012-03-31": "", "2011-12-31": "", "2010-12-31": ""}, "Inventory Turnover Ratio": {"2020-09-30": "", "2020-06-30": "", "2020-03-31": "", "2019-12-31": "", "2019-09-30": "", "2019-06-30": "", "2019-03-31": "", "2018-12-31": "", "2018-09-30": "", "2018-06-30": "", "2018-03-31": "", "2017-12-31": "", "2017-09-30": "", "2017-06-30": "", "2017-03-31": "", "2016-12-31": "", "2016-09-30": "", "2016-06-30": "", "2016-03-31": "", "2015-12-31": "", "2015-09-30": "", "2015-06-30": "", "2015-03-31": "", "2014-12-31": "", "2014-09-30": "", "2014-06-30": "", "2014-03-31": "", "2013-12-31": "", "2013-09-30": "", "2013-06-30": "", "2013-03-31": "", "2012-12-31": "", "2012-09-30": "", "2012-06-30": "", "2012-03-31": "", "2011-12-31": "", "2010-12-31": ""}, "Receiveable Turnover": {"2020-09-30": "3.54350", "2020-06-30": "2.83660", "2020-03-31": "2.87570", "2019-12-31": "3.41460", "2019-09-30": "3.67100", "2019-06-30": "3.30390", "2019-03-31": "2.76370", "2018-12-31": "5.51920", "2018-09-30": "5.26140", "2018-06-30": "5.13790", "2018-03-31": "3.85030", "2017-12-31": "5.56980", "2017-09-30": "5.84990", "2017-06-30": "5.89530", "2017-03-31": "4.98210", "2016-12-31": "5.50420", "2016-09-30": "5.05470", "2016-06-30": "4.94930", "2016-03-31": "4.93440", "2015-12-31": "4.89070", "2015-09-30": "4.61870", "2015-06-30": "3.68070", "2015-03-31": "4.74120", "2014-12-31": "4.65960", "2014-09-30": "4.87240", "2014-06-30": "4.83330", "2014-03-31": "4.95590", "2013-12-31": "4.97570", "2013-09-30": "4.93330", "2013-06-30": "4.16220", "2013-03-31": "3.32910", "2012-12-31": "18.68000", "2012-09-30": "", "2012-06-30": "", "2012-03-31": "", "2011-12-31": "", "2010-12-31": ""}, "Days Sales In Receivables": {"2020-09-30": "25.39900", "2020-06-30": "31.72870", "2020-03-31": "31.29660", "2019-12-31": "26.35740", "2019-09-30": "24.51680", "2019-06-30": "27.24060", "2019-03-31": "32.56460", "2018-12-31": "16.30660", "2018-09-30": "17.10580", "2018-06-30": "17.51710", "2018-03-31": "23.37510", "2017-12-31": "16.15850", "2017-09-30": "15.38500", "2017-06-30": "15.26640", "2017-03-31": "18.06450", "2016-12-31": "16.35130", "2016-09-30": "17.80510", "2016-06-30": "18.18450", "2016-03-31": "18.23920", "2015-12-31": "18.40230", "2015-09-30": "19.48600", "2015-06-30": "24.45170", "2015-03-31": "18.98240", "2014-12-31": "19.31510", "2014-09-30": "18.47130", "2014-06-30": "18.62070", "2014-03-31": "18.16020", "2013-12-31": "18.08780", "2013-09-30": "18.24320", "2013-06-30": "21.62340", "2013-03-31": "27.03420", "2012-12-31": "4.81800", "2012-09-30": "", "2012-06-30": "", "2012-03-31": "", "2011-12-31": "", "2010-12-31": ""}, "ROE - Return On Equity": {"2020-09-30": "-0.20110", "2020-06-30": "-1.18620", "2020-03-31": "0.00920", "2019-12-31": "0.09120", "2019-09-30": "1.18140", "2019-06-30": "0.85410", "2019-03-31": "-0.54750", "2018-12-31": "0.14290", "2018-09-30": "1.63620", "2018-06-30": "1.13510", "2018-03-31": "0.94770", "2017-12-31": "6.33030", "2017-09-30": "1.21660", "2017-06-30": "0.73990", "2017-03-31": "0.21180", "2016-12-31": "1.04990", "2016-09-30": "0.93930", "2016-06-30": "0.78670", "2016-03-31": "2.36110", "2015-12-31": "0.49090", "2015-09-30": "0.22230", "2015-06-30": "0.52220", "2015-03-31": "0.09670", "2014-12-31": "0.64430", "2014-09-30": "0.38510", "2014-06-30": "0.46210", "2014-03-31": "0.30150", "2013-12-31": "2.59190", "2013-09-30": "0.48380", "2013-06-30": "0.62520", "2013-03-31": "32.74210", "2012-12-31": "1.64800", "2012-09-30": "", "2012-06-30": "", "2012-03-31": "", "2011-12-31": "", "2010-12-31": ""}, "Return On Tangible Equity": {"2020-09-30": "0.30560", "2020-06-30": "1.93700", "2020-03-31": "-0.01430", "2019-12-31": "-0.14330", "2019-09-30": "-1.89060", "2019-06-30": "-1.40210", "2019-03-31": "0.96920", "2018-12-31": "-0.25670", "2018-09-30": "-3.17680", "2018-06-30": "-2.20890", "2018-03-31": "-1.83670", "2017-12-31": "-12.23980", "2017-09-30": "-2.03000", "2017-06-30": "-1.16760", "2017-03-31": "-0.32170", "2016-12-31": "-2.52240", "2016-09-30": "-2.38200", "2016-06-30": "-2.01850", "2016-03-31": "-6.08870", "2015-12-31": "-1.27430", "2015-09-30": "-0.61300", "2015-06-30": "-1.60090", "2015-03-31": "-0.34800", "2014-12-31": "-2.59580", "2014-09-30": "-3.32700", "2014-06-30": "-4.61870", "2014-03-31": "-5.16870", "2013-12-31": "-45.64900", "2013-09-30": "-13.47270", "2013-06-30": "-26.71350", "2013-03-31": "-4578.53100", "2012-12-31": "1.77260", "2012-09-30": "", "2012-06-30": "", "2012-03-31": "", "2011-12-31": "", "2010-12-31": ""}, "ROA - Return On Assets": {"2020-09-30": "-0.09820", "2020-06-30": "-0.56700", "2020-03-31": "0.00460", "2019-12-31": "0.04530", "2019-09-30": "0.60030", "2019-06-30": "0.43940", "2019-03-31": "-0.28920", "2018-12-31": "0.07590", "2018-09-30": "0.87930", "2018-06-30": "0.60990", "2018-03-31": "0.50070", "2017-12-31": "3.40270", "2017-09-30": "0.62360", "2017-06-30": "0.37700", "2017-03-31": "0.10730", "2016-12-31": "0.59280", "2016-09-30": "0.53540", "2016-06-30": "0.45970", "2016-03-31": "1.40800", "2015-12-31": "0.29870", "2015-09-30": "0.13360", "2015-06-30": "0.31820", "2015-03-31": "0.06050", "2014-12-31": "0.42950", "2014-09-30": "0.25710", "2014-06-30": "0.31110", "2014-03-31": "0.21370", "2013-12-31": "1.79200", "2013-09-30": "0.34170", "2013-06-30": "0.44860", "2013-03-31": "25.01540", "2012-12-31": "1.27330", "2012-09-30": "", "2012-06-30": "", "2012-03-31": "", "2011-12-31": "", "2010-12-31": ""}, "ROI - Return On Investment": {"2020-09-30": "-0.11690", "2020-06-30": "-0.70680", "2020-03-31": "0.00550", "2019-12-31": "0.05360", "2019-09-30": "0.71030", "2019-06-30": "0.52040", "2019-03-31": "-0.34120", "2018-12-31": "0.08840", "2018-09-30": "1.02380", "2018-06-30": "0.71390", "2018-03-31": "0.58270", "2017-12-31": "3.99610", "2017-09-30": "0.74790", "2017-06-30": "0.45080", "2017-03-31": "0.12910", "2016-12-31": "0.72290", "2016-09-30": "0.66270", "2016-06-30": "0.56070", "2016-03-31": "1.71160", "2015-12-31": "0.35950", "2015-09-30": "0.16410", "2015-06-30": "0.39200", "2015-03-31": "0.07350", "2014-12-31": "0.50460", "2014-09-30": "0.31170", "2014-06-30": "0.37700", "2014-03-31": "0.25920", "2013-12-31": "2.15980", "2013-09-30": "0.40900", "2013-06-30": "0.53010", "2013-03-31": "29.83140", "2012-12-31": "1.64800", "2012-09-30": "", "2012-06-30": "", "2012-03-31": "", "2011-12-31": "", "2010-12-31": ""}, "Book Value Per Share": {"2020-09-30": "34.22680", "2020-06-30": "35.25880", "2020-03-31": "36.37220", "2019-12-31": "36.58370", "2019-09-30": "37.03230", "2019-06-30": "37.44780", "2019-03-31": "38.50240", "2018-12-31": "35.70250", "2018-09-30": "36.65880", "2018-06-30": "37.25260", "2018-03-31": "36.40450", "2017-12-31": "36.53430", "2017-09-30": "30.00030", "2017-06-30": "35.12230", "2017-03-31": "33.35650", "2016-12-31": "37.82020", "2016-09-30": "38.43090", "2016-06-30": "38.56320", "2016-03-31": "54.01180", "2015-12-31": "54.19570", "2015-09-30": "54.97670", "2015-06-30": "56.51040", "2015-03-31": "57.47780", "2014-12-31": "58.79460", "2014-09-30": "65.86810", "2014-06-30": "66.87170", "2014-03-31": "208.85380", "2013-12-31": "69.64880", "2013-09-30": "198.98430", "2013-06-30": "201.75590", "2013-03-31": "205.41440", "2012-12-31": "52.83430", "2012-09-30": "", "2012-06-30": "", "2012-03-31": "", "2011-12-31": "", "2010-12-31": ""}, "Operating Cash Flow Per Share": {"2020-09-30": 0.2567, "2020-06-30": 0.4796, "2020-03-31": "0.90860", "2019-12-31": 0.9168, "2019-09-30": 0.9628, "2019-06-30": 0.8241, "2019-03-31": "1.04510", "2018-12-31": 0.8242, "2018-09-30": 0.5876, "2018-06-30": 1.0301, "2018-03-31": "0.98580", "2017-12-31": 0.7096, "2017-09-30": 0.9222, "2017-06-30": 0.5091, "2017-03-31": "0.69840", "2016-12-31": -0.7653, "2016-09-30": 1.8608, "2016-06-30": -1.0604, "2016-03-31": "2.63200", "2015-12-31": 0.9815, "2015-09-30": 0.6478, "2015-06-30": 1.0812, "2015-03-31": "0.91300", "2014-12-31": 0.9546, "2014-09-30": 0.6802, "2014-06-30": 0.7826, "2014-03-31": "0.85220", "2013-12-31": 0.9939, "2013-09-30": 0.7768, "2013-06-30": -1.1295, "2013-03-31": "2.80170", "2012-12-31": 1.5283, "2012-09-30": -0.1301, "2012-06-30": -0.303, "2012-03-31": "0.86400", "2011-12-31": 0, "2010-12-31": 0}, "Free Cash Flow Per Share": {"2020-09-30": 0.0935, "2020-06-30": 0.294, "2020-03-31": "0.76510", "2019-12-31": 1.3474, "2019-09-30": 0.7745, "2019-06-30": 0.6536, "2019-03-31": "0.86310", "2018-12-31": 1.2398, "2018-09-30": 0.4693, "2018-06-30": 0.867, "2018-03-31": "0.84520", "2017-12-31": 0.5562, "2017-09-30": 0.6971, "2017-06-30": 0.3448, "2017-03-31": "0.42810", "2016-12-31": -0.802, "2016-09-30": 1.3989, "2016-06-30": -1.0608, "2016-03-31": "2.43320", "2015-12-31": 0.6316, "2015-09-30": 0.5336, "2015-06-30": 0.8602, "2015-03-31": "0.72750", "2014-12-31": 1.5504, "2014-09-30": 0.5598, "2014-06-30": 0.6521, "2014-03-31": "0.66090", "2013-12-31": 1.0037, "2013-09-30": 0.5895, "2013-06-30": -1.0909, "2013-03-31": "2.58680", "2012-12-31": 4.744, "2012-09-30": 2.0813, "2012-06-30": -0.3082, "2012-03-31": "1.54400", "2011-12-31": 0, "2010-12-31": 0}}, "revenue": {"Liberty Media Annual Revenue (Millions of US $)": {"2019": "$10,292", "2018": "$8,040", "2017": "$7,594", "2016": "$5,276", "2015": "$4,795", "2014": "$4,450", "2013": "$4,002", "2012": "$368", "2011": "$1,409", "2010": "$2,050"}, "Liberty Media Quarterly Revenue (Millions of US $)": {"2020-09-30": "$2,732", "2020-06-30": "$1,909", "2020-03-31": "$2,013", "2019-12-31": "$2,619", "2019-09-30": "$2,856", "2019-06-30": "$2,805", "2019-03-31": "$2,012", "2018-12-31": "$2,009", "2018-09-30": "$2,315", "2018-06-30": "$2,199", "2018-03-31": "$1,517", "2017-12-31": "$1,994", "2017-09-30": "$2,065", "2017-06-30": "$2,140", "2017-03-31": "$1,395", "2016-12-31": "$1,321", "2016-09-30": "$1,385", "2016-06-30": "$1,366", "2016-03-31": "$1,204", "2015-12-31": "$1,208", "2015-09-30": "$1,284", "2015-06-30": "$1,222", "2015-03-31": "$1,081", "2014-12-31": "$1,095", "2014-09-30": "$1,184", "2014-06-30": "$1,160", "2014-03-31": "$1,011", "2013-12-31": "$1,025", "2013-09-30": "$1,110", "2013-06-30": "$1,078", "2013-03-31": "$789", "2012-12-31": "$467", "2012-09-30": "$154", "2012-06-30": "$135", "2012-03-31": "$35", "2011-12-31": "", "2010-12-31": ""}}, "gross-profit": {"Liberty Media Annual Gross Profit (Millions of US $)": {"2019": "$5,471", "2018": "$4,459", "2017": "$4,273", "2016": "$3,282", "2015": "$2,972", "2014": "$2,870", "2013": "$2,668", "2012": "$368", "2011": "$1,409", "2010": "$766"}, "Liberty Media Quarterly Gross Profit (Millions of US $)": {"2020-09-30": "$1,286", "2020-06-30": "$1,027", "2020-03-31": "$1,120", "2019-12-31": "$1,331", "2019-09-30": "$1,542", "2019-06-30": "$1,482", "2019-03-31": "$1,116", "2018-12-31": "$1,109", "2018-09-30": "$1,300", "2018-06-30": "$1,148", "2018-03-31": "$902", "2017-12-31": "$1,039", "2017-09-30": "$1,192", "2017-06-30": "$1,212", "2017-03-31": "$830", "2016-12-31": "$769", "2016-09-30": "$896", "2016-06-30": "$880", "2016-03-31": "$737", "2015-12-31": "$737", "2015-09-30": "$850", "2015-06-30": "$702", "2015-03-31": "$683", "2014-12-31": "$682", "2014-09-30": "$787", "2014-06-30": "$773", "2014-03-31": "$628", "2013-12-31": "$637", "2013-09-30": "$769", "2013-06-30": "$744", "2013-03-31": "$518", "2012-12-31": "$467", "2012-09-30": "$154", "2012-06-30": "$135", "2012-03-31": "$35", "2011-12-31": "", "2010-12-31": ""}}, "operating-income": {"Liberty Media Annual Operating Income (Millions of US $)": {"2019": "$1,470", "2018": "$1,511", "2017": "$1,394", "2016": "$1,734", "2015": "$954", "2014": "$841", "2013": "$814", "2012": "$-80", "2011": "$531", "2010": "$195"}, "Liberty Media Quarterly Operating Income (Millions of US $)": {"2020-09-30": "$320", "2020-06-30": "$214", "2020-03-31": "$246", "2019-12-31": "$302", "2019-09-30": "$507", "2019-06-30": "$461", "2019-03-31": "$200", "2018-12-31": "$379", "2018-09-30": "$531", "2018-06-30": "$374", "2018-03-31": "$227", "2017-12-31": "$331", "2017-09-30": "$382", "2017-06-30": "$422", "2017-03-31": "$259", "2016-12-31": "$273", "2016-09-30": "$352", "2016-06-30": "$328", "2016-03-31": "$781", "2015-12-31": "$217", "2015-09-30": "$321", "2015-06-30": "$171", "2015-03-31": "$245", "2014-12-31": "$206", "2014-09-30": "$249", "2014-06-30": "$231", "2014-03-31": "$155", "2013-12-31": "$189", "2013-09-30": "$248", "2013-06-30": "$226", "2013-03-31": "$151", "2012-12-31": "$363", "2012-09-30": "$10", "2012-06-30": "$2", "2012-03-31": "$-32", "2011-12-31": "", "2010-12-31": ""}}, "ebitda": {"Liberty Media Annual EBITDA (Millions of US $)": {"2019": "$2,531", "2018": "$2,416", "2017": "$2,218", "2016": "$2,088", "2015": "$1,316", "2014": "$1,200", "2013": "$1,129", "2012": "$-38", "2011": "$584", "2010": "$1,018"}, "Liberty Media Quarterly EBITDA (Millions of US $)": {"2020-09-30": "$599", "2020-06-30": "$480", "2020-03-31": "$513", "2019-12-31": "$573", "2019-09-30": "$778", "2019-06-30": "$732", "2019-03-31": "$448", "2018-12-31": "$603", "2018-09-30": "$765", "2018-06-30": "$605", "2018-03-31": "$443", "2017-12-31": "$540", "2017-09-30": "$610", "2017-06-30": "$645", "2017-03-31": "$423", "2016-12-31": "$355", "2016-09-30": "$444", "2016-06-30": "$421", "2016-03-31": "$868", "2015-12-31": "$307", "2015-09-30": "$417", "2015-06-30": "$263", "2015-03-31": "$329", "2014-12-31": "$293", "2014-09-30": "$339", "2014-06-30": "$323", "2014-03-31": "$245", "2013-12-31": "$267", "2013-09-30": "$327", "2013-06-30": "$314", "2013-03-31": "$221", "2012-12-31": "$1,148", "2012-09-30": "$22", "2012-06-30": "$13", "2012-03-31": "$-23", "2011-12-31": "", "2010-12-31": ""}}, "net-income": {"Liberty Media Annual Net Income (Millions of US $)": {"2019": "$106", "2018": "$531", "2017": "$1,354", "2016": "$680", "2015": "$64", "2014": "$178", "2013": "$8,780", "2012": "$1,414", "2011": "$836", "2010": "$1,000"}, "Liberty Media Quarterly Net Income (Millions of US $)": {"2020-09-30": "$-114", "2020-06-30": "$-326", "2020-03-31": "$-76", "2019-12-31": "$-45", "2019-09-30": "$193", "2019-06-30": "$116", "2019-03-31": "$-158", "2018-12-31": "$-40", "2018-09-30": "$268", "2018-06-30": "$172", "2018-03-31": "$131", "2017-12-31": "$1,113", "2017-09-30": "$168", "2017-06-30": "$94", "2017-03-31": "$-21", "2016-12-31": "$119", "2016-09-30": "$115", "2016-06-30": "$82", "2016-03-31": "$364", "2015-12-31": "$44", "2015-09-30": "$-22", "2015-06-30": "$61", "2015-03-31": "$-19", "2014-12-31": "$73", "2014-09-30": "$33", "2014-06-30": "$50", "2014-03-31": "$22", "2013-12-31": "$552", "2013-09-30": "$76", "2013-06-30": "$93", "2013-03-31": "$8,059", "2012-12-31": "$106", "2012-09-30": "$221", "2012-06-30": "$937", "2012-03-31": "$150", "2011-12-31": "", "2010-12-31": ""}}, "eps-earnings-per-share-diluted": {"Liberty Media Annual EPS": {"2019": "$0.17", "2018": "$0.84", "2017": "$2.22", "2016": "$0.84", "2015": "$0.19", "2014": "$0.52", "2013": "$24.46", "2012": "$3.80", "2011": "$11.22", "2010": "$12.50"}, "Liberty Media Quarterly EPS": {"2020-09-30": "$-0.18", "2020-06-30": "$-0.52", "2020-03-31": "$-0.12", "2019-12-31": "$-0.08", "2019-09-30": "$0.31", "2019-06-30": "$0.19", "2019-03-31": "$-0.25", "2018-12-31": "$-0.07", "2018-09-30": "$0.43", "2018-06-30": "$0.27", "2018-03-31": "$0.21", "2017-12-31": "$1.84", "2017-09-30": "$0.27", "2017-06-30": "$0.15", "2017-03-31": "$-0.04", "2016-12-31": "$-0.58", "2016-09-30": "$0.24", "2016-06-30": "$0.10", "2016-03-31": "$1.08", "2015-12-31": "$0.14", "2015-09-30": "$-0.07", "2015-06-30": "$0.18", "2015-03-31": "$-0.06", "2014-12-31": "$0.22", "2014-09-30": "$0.10", "2014-06-30": "$0.14", "2014-03-31": "$0.06", "2013-12-31": "$-42.61", "2013-09-30": "$0.21", "2013-06-30": "$0.26", "2013-03-31": "$66.60", "2012-12-31": "$0.87", "2012-09-30": "$1.80", "2012-06-30": "$7.62", "2012-03-31": "$1.20", "2011-12-31": "$0.00", "2010-12-31": "$0.00"}}, "shares-outstanding": {"Liberty Media Annual Shares Outstanding (Millions of Shares)": {"2019": "617", "2018": "629", "2017": "610", "2016": "814", "2015": "340", "2014": "345", "2013": "359", "2012": "372", "2011": "88", "2010": "93"}, "Liberty Media Quarterly Shares Outstanding (Millions of Shares)": {"2020-09-30": "642", "2020-06-30": "626", "2020-03-31": "613", "2019-12-31": "617", "2019-09-30": "625", "2019-06-30": "627", "2019-03-31": "621", "2018-12-31": "629", "2018-09-30": "628", "2018-06-30": "629", "2018-03-31": "633", "2017-12-31": "610", "2017-09-30": "617", "2017-06-30": "612", "2017-03-31": "577", "2016-12-31": "814", "2016-09-30": "481", "2016-06-30": "803", "2016-03-31": "337", "2015-12-31": "340", "2015-09-30": "338", "2015-06-30": "342", "2015-03-31": "345", "2014-12-31": "345", "2014-09-30": "346", "2014-06-30": "345", "2014-03-31": "345", "2013-12-31": "359", "2013-09-30": "363", "2013-06-30": "363", "2013-03-31": "121", "2012-12-31": "120", "2012-09-30": "123", "2012-06-30": "123", "2012-03-31": "125", "2011-12-31": "", "2010-12-31": ""}}, "total-assets": {"Liberty Media Annual Total Assets (Millions of US $)": {"2019": "$44,189", "2018": "$40,828", "2017": "$41,996", "2016": "$31,377", "2015": "$29,798", "2014": "$30,269", "2013": "$34,542", "2012": "$8,325", "2011": "$7,719", "2010": "$0"}, "Liberty Media Quarterly Total Assets (Millions of US $)": {"2020-09-30": "$43,789", "2020-06-30": "$46,208", "2020-03-31": "$43,918", "2019-12-31": "$44,189", "2019-09-30": "$43,645", "2019-06-30": "$43,700", "2019-03-31": "$43,910", "2018-12-31": "$40,828", "2018-09-30": "$41,624", "2018-06-30": "$41,807", "2018-03-31": "$42,540", "2017-12-31": "$41,996", "2017-09-30": "$41,853", "2017-06-30": "$41,384", "2017-03-31": "$41,002", "2016-12-31": "$31,377", "2016-09-30": "$31,563", "2016-06-30": "$30,889", "2016-03-31": "$30,326", "2015-12-31": "$29,798", "2015-09-30": "$30,680", "2015-06-30": "$31,111", "2015-03-31": "$31,430", "2014-12-31": "$30,269", "2014-09-30": "$33,845", "2014-06-30": "$34,075", "2014-03-31": "$33,693", "2013-12-31": "$34,542", "2013-09-30": "$33,943", "2013-06-30": "$33,884", "2013-03-31": "$32,396", "2012-12-31": "$8,325", "2012-09-30": "$0", "2012-06-30": "$0", "2012-03-31": "$0", "2011-12-31": "$7,719", "2010-12-31": "$0"}}, "cash-on-hand": {"Liberty Media Annual Cash on Hand (Millions of US $)": {"2019": "$1,222", "2018": "$358", "2017": "$1,029", "2016": "$562", "2015": "$201", "2014": "$880", "2013": "$1,103", "2012": "$603", "2011": "$3,078", "2010": "$"}, "Liberty Media Quarterly Cash on Hand (Millions of US $)": {"2020-09-30": "$1,936", "2020-06-30": "$3,999", "2020-03-31": "$1,801", "2019-12-31": "$1,222", "2019-09-30": "$694", "2019-06-30": "$697", "2019-03-31": "$633", "2018-12-31": "$358", "2018-09-30": "$355", "2018-06-30": "$485", "2018-03-31": "$1,042", "2017-12-31": "$1,029", "2017-09-30": "$783", "2017-06-30": "$744", "2017-03-31": "$1,071", "2016-12-31": "$562", "2016-09-30": "$940", "2016-06-30": "$1,229", "2016-03-31": "$663", "2015-12-31": "$201", "2015-09-30": "$607", "2015-06-30": "$841", "2015-03-31": "$1,245", "2014-12-31": "$880", "2014-09-30": "$673", "2014-06-30": "$806", "2014-03-31": "$377", "2013-12-31": "$1,103", "2013-09-30": "$1,171", "2013-06-30": "$937", "2013-03-31": "$1,900", "2012-12-31": "$603", "2012-09-30": "", "2012-06-30": "", "2012-03-31": "", "2011-12-31": "$3,078", "2010-12-31": ""}}, "long-term-debt": {"Liberty Media Annual Long Term Debt (Millions of US $)": {"2019": "$15,416", "2018": "$13,371", "2017": "$13,186", "2016": "$8,013", "2015": "$6,626", "2014": "$5,588", "2013": "$4,778", "2012": "$", "2011": "$541", "2010": "$"}, "Liberty Media Quarterly Long Term Debt (Millions of US $)": {"2020-09-30": "$15,414", "2020-06-30": "$14,980", "2020-03-31": "$14,553", "2019-12-31": "$15,416", "2019-09-30": "$14,707", "2019-06-30": "$14,411", "2019-03-31": "$14,026", "2018-12-31": "$13,371", "2018-09-30": "$13,380", "2018-06-30": "$13,252", "2018-03-31": "$14,077", "2017-12-31": "$13,186", "2017-09-30": "$13,445", "2017-06-30": "$13,519", "2017-03-31": "$13,306", "2016-12-31": "$8,013", "2016-09-30": "$7,510", "2016-06-30": "$7,275", "2016-03-31": "$6,862", "2015-12-31": "$6,626", "2015-09-30": "$6,546", "2015-06-30": "$6,299", "2015-03-31": "$6,213", "2014-12-31": "$5,588", "2014-09-30": "$5,320", "2014-06-30": "$5,177", "2014-03-31": "$3,898", "2013-12-31": "$4,778", "2013-09-30": "$4,385", "2013-06-30": "$4,359", "2013-03-31": "$2,415", "2012-12-31": "", "2012-09-30": "", "2012-06-30": "", "2012-03-31": "", "2011-12-31": "$541", "2010-12-31": ""}}, "total-liabilities": {"Liberty Media Annual Total Liabilities (Millions of US $)": {"2019": "$22,264", "2018": "$19,130", "2017": "$19,422", "2016": "$13,661", "2015": "$11,667", "2014": "$10,093", "2013": "$10,660", "2012": "$1,893", "2011": "$2,470", "2010": "$0"}, "Liberty Media Quarterly Total Liabilities (Millions of US $)": {"2020-09-30": "$22,409", "2020-06-30": "$24,120", "2020-03-31": "$22,216", "2019-12-31": "$22,264", "2019-09-30": "$21,467", "2019-06-30": "$21,219", "2019-03-31": "$20,715", "2018-12-31": "$19,130", "2018-09-30": "$19,255", "2018-06-30": "$19,342", "2018-03-31": "$20,065", "2017-12-31": "$19,422", "2017-09-30": "$20,399", "2017-06-30": "$20,300", "2017-03-31": "$20,226", "2016-12-31": "$13,661", "2016-09-30": "$13,570", "2016-06-30": "$12,838", "2016-03-31": "$12,241", "2015-12-31": "$11,667", "2015-09-30": "$12,238", "2015-06-30": "$12,152", "2015-03-31": "$11,790", "2014-12-31": "$10,093", "2014-09-30": "$11,251", "2014-06-30": "$11,138", "2014-03-31": "$9,816", "2013-12-31": "$10,660", "2013-09-30": "$9,964", "2013-06-30": "$9,571", "2013-03-31": "$7,645", "2012-12-31": "$1,893", "2012-09-30": "$0", "2012-06-30": "$0", "2012-03-31": "$0", "2011-12-31": "$2,470", "2010-12-31": "$0"}}, "total-share-holder-equity": {"Liberty Media Annual Share Holder Equity (Millions of US $)": {"2019": "$21,925", "2018": "$21,698", "2017": "$22,574", "2016": "$17,716", "2015": "$18,131", "2014": "$20,176", "2013": "$23,882", "2012": "$6,432", "2011": "$5,249", "2010": "$0"}, "Liberty Media Quarterly Share Holder Equity (Millions of US $)": {"2020-09-30": "$21,380", "2020-06-30": "$22,088", "2020-03-31": "$21,702", "2019-12-31": "$21,925", "2019-09-30": "$22,178", "2019-06-30": "$22,481", "2019-03-31": "$23,195", "2018-12-31": "$21,698", "2018-09-30": "$22,369", "2018-06-30": "$22,465", "2018-03-31": "$22,475", "2017-12-31": "$22,574", "2017-09-30": "$21,454", "2017-06-30": "$21,084", "2017-03-31": "$20,776", "2016-12-31": "$17,716", "2016-09-30": "$17,993", "2016-06-30": "$18,051", "2016-03-31": "$18,085", "2015-12-31": "$18,131", "2015-09-30": "$18,442", "2015-06-30": "$18,959", "2015-03-31": "$19,640", "2014-12-31": "$20,176", "2014-09-30": "$22,594", "2014-06-30": "$22,937", "2014-03-31": "$23,877", "2013-12-31": "$23,882", "2013-09-30": "$23,979", "2013-06-30": "$24,313", "2013-03-31": "$24,751", "2012-12-31": "$6,432", "2012-09-30": "$0", "2012-06-30": "$0", "2012-03-31": "$0", "2011-12-31": "$5,249", "2010-12-31": "$0"}}, "profit-margins": {"current": "-64.67%"}, "gross margin": {"2020-09-30": "51.37%", "2020-06-30": "53.42%", "2020-03-31": "53.19%", "2019-12-31": "53.16%", "2019-09-30": "54.21%", "2019-06-30": "54.78%", "2019-03-31": "54.75%", "2018-12-31": "55.46%", "2018-09-30": "54.69%", "2018-06-30": "55.06%", "2018-03-31": "56.31%", "2017-12-31": "56.27%", "2017-09-30": "57.84%", "2017-06-30": "59.40%", "2017-03-31": "61.73%", "2016-12-31": "62.21%", "2016-09-30": "62.95%", "2016-06-30": "63.30%", "2016-03-31": "61.53%", "2015-12-31": "61.98%", "2015-09-30": "62.30%", "2015-06-30": "62.29%", "2015-03-31": "64.71%", "2014-12-31": "64.49%", "2014-09-30": "64.50%", "2014-06-30": "65.19%", "2014-03-31": "65.77%", "2013-12-31": "66.67%", "2013-09-30": "72.53%", "2013-06-30": "75.68%", "2013-03-31": "82.46%", "2012-12-31": "100.00%"}, "operating margin": {"2020-09-30": "11.67%", "2020-06-30": "13.50%", "2020-03-31": "14.73%", "2019-12-31": "14.28%", "2019-09-30": "15.98%", "2019-06-30": "17.19%", "2019-03-31": "17.39%", "2018-12-31": "18.79%", "2018-09-30": "18.23%", "2018-06-30": "16.90%", "2018-03-31": "17.65%", "2017-12-31": "18.36%", "2017-09-30": "19.30%", "2017-06-30": "20.93%", "2017-03-31": "22.17%", "2016-12-31": "32.87%", "2016-09-30": "32.50%", "2016-06-30": "32.54%", "2016-03-31": "30.30%", "2015-12-31": "19.90%", "2015-09-30": "20.14%", "2015-06-30": "19.01%", "2015-03-31": "20.60%", "2014-12-31": "18.90%", "2014-09-30": "18.81%", "2014-06-30": "19.11%", "2014-03-31": "19.37%", "2013-12-31": "20.34%", "2013-09-30": "28.69%", "2013-06-30": "30.14%", "2013-03-31": "34.05%", "2012-12-31": "43.36%"}, "ebitda margin": {"2020-09-30": "23.35%", "2020-06-30": "24.94%", "2020-03-31": "25.22%", "2019-12-31": "24.59%", "2019-09-30": "26.45%", "2019-06-30": "27.87%", "2019-03-31": "28.37%", "2018-12-31": "30.05%", "2018-09-30": "29.32%", "2018-06-30": "28.27%", "2018-03-31": "29.00%", "2017-12-31": "29.21%", "2017-09-30": "29.37%", "2017-06-30": "29.92%", "2017-03-31": "30.05%", "2016-12-31": "39.58%", "2016-09-30": "39.51%", "2016-06-30": "39.77%", "2016-03-31": "37.72%", "2015-12-31": "27.45%", "2015-09-30": "27.81%", "2015-06-30": "26.71%", "2015-03-31": "28.41%", "2014-12-31": "26.97%", "2014-09-30": "26.80%", "2014-06-30": "26.99%", "2014-03-31": "27.30%", "2013-12-31": "28.21%", "2013-09-30": "58.36%", "2013-06-30": "68.53%", "2013-03-31": "90.87%", "2012-12-31": "146.65%"}, "pre tax profit margin": {"2020-09-30": "-3.73%", "2020-06-30": "0.53%", "2020-03-31": "6.02%", "2019-12-31": "4.98%", "2019-09-30": "6.47%", "2019-06-30": "7.48%", "2019-03-31": "8.72%", "2018-12-31": "12.95%", "2018-09-30": "13.13%", "2018-06-30": "13.13%", "2018-03-31": "12.12%", "2017-12-31": "10.89%", "2017-09-30": "13.64%", "2017-06-30": "13.81%", "2017-03-31": "15.64%", "2016-12-31": "26.90%", "2016-09-30": "26.44%", "2016-06-30": "22.36%", "2016-03-31": "21.09%", "2015-12-31": "9.55%", "2015-09-30": "10.12%", "2015-06-30": "12.09%", "2015-03-31": "13.30%", "2014-12-31": "10.36%", "2014-09-30": "21.69%", "2014-06-30": "23.46%", "2014-03-31": "25.59%", "2013-12-31": "221.29%", "2013-09-30": "239.02%", "2013-06-30": "332.48%", "2013-03-31": "599.16%", "2012-12-31": "205.94%"}, "net profit margin": {"2020-09-30": "-6.05%", "2020-06-30": "-2.70%", "2020-03-31": "1.83%", "2019-12-31": "1.03%", "2019-09-30": "1.15%", "2019-06-30": "2.03%", "2019-03-31": "2.84%", "2018-12-31": "6.60%", "2018-09-30": "20.98%", "2018-06-30": "20.37%", "2018-03-31": "19.52%", "2017-12-31": "17.83%", "2017-09-30": "5.20%", "2017-06-30": "4.92%", "2017-03-31": "5.40%", "2016-12-31": "12.89%", "2016-09-30": "11.72%", "2016-06-30": "9.25%", "2016-03-31": "9.09%", "2015-12-31": "1.33%", "2015-09-30": "1.99%", "2015-06-30": "3.23%", "2015-03-31": "3.03%", "2014-12-31": "4.00%", "2014-09-30": "15.00%", "2014-06-30": "16.26%", "2014-03-31": "17.59%", "2013-12-31": "219.39%", "2013-09-30": "241.99%", "2013-06-30": "340.80%", "2013-03-31": "603.43%", "2012-12-31": "178.76%"}, "pe ratio": {"current": "0.00", "2021-02-05": "0.00", "2020-09-30": "0.00", "2020-06-30": "0.00", "2020-03-31": "0.00", "2019-12-31": "0.00", "2019-09-30": "0.00", "2019-06-30": "0.00", "2019-03-31": "0.00", "2018-12-31": "0.00", "2018-09-30": "19.17", "2018-06-30": "23.35", "2018-03-31": "21.73", "2017-12-31": "36.34", "2017-09-30": "0.00", "2017-06-30": "135.63", "2017-03-31": "77.61", "2016-12-31": "15.14", "2016-09-30": "16.27", "2016-06-30": "16.08", "2016-03-31": "28.86", "2015-12-31": "211.56", "2015-09-30": "132.54", "2015-06-30": "83.49"}, "price sales": {"2021-02-05": "2.99", "2020-09-30": "2.45", "2020-06-30": "2.09", "2020-03-31": "1.64", "2019-12-31": "2.78", "2019-09-30": "2.69", "2019-06-30": "2.56", "2019-03-31": "2.57", "2018-12-31": "2.40", "2018-09-30": "2.89", "2018-06-30": "2.97", "2018-03-31": "2.47", "2017-12-31": "2.73", "2017-09-30": "3.50", "2017-06-30": "3.52", "2017-03-31": "3.96", "2016-12-31": "3.20", "2016-09-30": "2.40", "2016-06-30": "1.50", "2016-03-31": "2.63", "2015-12-31": "2.71", "2015-09-30": "2.52", "2015-06-30": "2.70"}, "price book": {"current": "0.48", "2021-02-05": "1.30", "2020-09-30": "1.06", "2020-06-30": "0.90", "2020-03-31": "0.75", "2019-12-31": "1.26", "2019-09-30": "1.12", "2019-06-30": "1.00", "2019-03-31": "0.91", "2018-12-31": "0.86", "2018-09-30": "1.01", "2018-06-30": "1.00", "2018-03-31": "0.85", "2017-12-31": "0.94", "2017-09-30": "1.27", "2017-06-30": "1.04", "2017-03-31": "1.02", "2016-12-31": "0.83", "2016-09-30": "0.73", "2016-06-30": "0.49", "2016-03-31": "0.71", "2015-12-31": "0.70", "2015-09-30": "0.63", "2015-06-30": "0.64", "2015-03-31": "0.66", "2014-12-31": "0.60", "2014-09-30": "0.71"}, "price fcf": {"2021-02-05": "", "2020-09-30": "$2.50", "2020-06-30": "$3.18", "2020-03-31": "$3.54", "2019-12-31": "$3.64", "2019-09-30": "$3.53", "2019-06-30": "$3.23", "2019-03-31": "$3.44", "2018-12-31": "$3.42", "2018-09-30": "$2.74", "2018-06-30": "$2.97", "2018-03-31": "$2.44", "2017-12-31": "$2.03", "2017-09-30": "$0.67", "2017-06-30": "$1.37", "2017-03-31": "$-0.04", "2016-12-31": "$1.97", "2016-09-30": "$3.40", "2016-06-30": "$2.54", "2016-03-31": "$4.46", "2015-12-31": "$2.75", "2015-09-30": "$3.67", "2015-06-30": "$5.01"}, "net worth": {"value": "$10.27B"}, "current ratio": {"current": "0.85", "2020-09-30": "0.85", "2020-06-30": "0.90", "2020-03-31": "0.65", "2019-12-31": "0.62", "2019-09-30": "0.50", "2019-06-30": "0.49", "2019-03-31": "0.44", "2018-12-31": "0.33", "2018-09-30": "0.37", "2018-06-30": "0.36", "2018-03-31": "0.54", "2017-12-31": "0.44", "2017-09-30": "0.43", "2017-06-30": "0.43", "2017-03-31": "0.49", "2016-12-31": "0.36", "2016-09-30": "0.45", "2016-06-30": "0.59", "2016-03-31": "0.39", "2015-12-31": "0.25", "2015-09-30": "0.76", "2015-06-30": "0.83", "2015-03-31": "1.02", "2014-12-31": "0.52", "2014-09-30": "0.67", "2014-06-30": "0.69", "2014-03-31": "0.55", "2013-12-31": "0.79", "2013-09-30": "0.90", "2013-06-30": "0.98", "2013-03-31": "1.41", "2012-12-31": "5.74", "2012-09-30": "0.00", "2012-06-30": "0.00", "2012-03-31": "0.00", "2011-12-31": "3.14", "2010-12-31": "0.00"}, "quick ratio": {"2020-09-30": "0.00", "2020-06-30": "0.00", "2020-03-31": "0.00", "2019-12-31": "0.00", "2019-09-30": "0.00", "2019-06-30": "0.00", "2019-03-31": "0.00", "2018-12-31": "0.00", "2018-09-30": "0.00", "2018-06-30": "0.00", "2018-03-31": "0.00", "2017-12-31": "0.00", "2017-09-30": "0.00", "2017-06-30": "0.00", "2017-03-31": "0.00", "2016-12-31": "0.00", "2016-09-30": "0.00", "2016-06-30": "0.00", "2016-03-31": "0.00", "2015-12-31": "0.00", "2015-09-30": "0.00", "2015-06-30": "0.00", "2015-03-31": "0.00", "2014-12-31": "0.00", "2014-09-30": "0.00", "2014-06-30": "0.00", "2014-03-31": "0.00", "2013-12-31": "0.00", "2013-09-30": "0.00", "2013-06-30": "0.00", "2013-03-31": "0.00", "2012-12-31": "0.00", "2012-09-30": "0.00", "2012-06-30": "0.00", "2012-03-31": "0.00", "2011-12-31": "0.00", "2010-12-31": "0.00"}, "debt equity ratio": {"current": "0.72", "2020-09-30": "1.05", "2020-06-30": "1.09", "2020-03-31": "1.02", "2019-12-31": "1.02", "2019-09-30": "0.97", "2019-06-30": "0.94", "2019-03-31": "0.89", "2018-12-31": "0.88", "2018-09-30": "0.86", "2018-06-30": "0.86", "2018-03-31": "0.89", "2017-12-31": "0.86", "2017-09-30": "0.95", "2017-06-30": "0.96", "2017-03-31": "0.97", "2016-12-31": "0.77", "2016-09-30": "0.75", "2016-06-30": "0.71", "2016-03-31": "0.68", "2015-12-31": "0.64", "2015-09-30": "0.66", "2015-06-30": "0.64", "2015-03-31": "0.60", "2014-12-31": "0.50", "2014-09-30": "0.50", "2014-06-30": "0.49", "2014-03-31": "0.41", "2013-12-31": "0.45", "2013-09-30": "0.42", "2013-06-30": "0.39", "2013-03-31": "0.31", "2012-12-31": "0.29", "2012-09-30": "0.00", "2012-06-30": "0.00", "2012-03-31": "0.00", "2011-12-31": "0.47", "2010-12-31": "0.00"}, "return on equity": {"2020-09-30": "-2.58%", "2020-06-30": "-1.16%", "2020-03-31": "0.85%", "2019-12-31": "0.47%", "2019-09-30": "0.50%", "2019-06-30": "0.83%", "2019-03-31": "1.08%", "2018-12-31": "2.39%", "2018-09-30": "7.49%", "2018-06-30": "7.12%", "2018-03-31": "6.88%", "2017-12-31": "6.31%", "2017-09-30": "1.78%", "2017-06-30": "1.58%", "2017-03-31": "1.58%", "2016-12-31": "3.79%", "2016-09-30": "3.35%", "2016-06-30": "2.57%", "2016-03-31": "2.43%", "2015-12-31": "0.34%", "2015-09-30": "0.48%", "2015-06-30": "0.73%", "2015-03-31": "0.64%", "2014-12-31": "0.79%", "2014-09-30": "2.82%", "2014-06-30": "2.96%", "2014-03-31": "3.09%", "2013-12-31": "36.23%", "2013-09-30": "41.95%", "2013-06-30": "61.11%", "2013-03-31": "119.59%", "2012-12-31": "87.94%"}, "return on assets": {"2020-09-30": "-1.26%", "2020-06-30": "-0.57%", "2020-03-31": "0.43%", "2019-12-31": "0.24%", "2019-09-30": "0.26%", "2019-06-30": "0.44%", "2019-03-31": "0.58%", "2018-12-31": "1.27%", "2018-09-30": "4.01%", "2018-06-30": "3.77%", "2018-03-31": "3.59%", "2017-12-31": "3.26%", "2017-09-30": "0.93%", "2017-06-30": "0.84%", "2017-03-31": "0.88%", "2016-12-31": "2.19%", "2016-09-30": "1.97%", "2016-06-30": "1.54%", "2016-03-31": "1.47%", "2015-12-31": "0.21%", "2015-09-30": "0.30%", "2015-06-30": "0.47%", "2015-03-31": "0.42%", "2014-12-31": "0.54%", "2014-09-30": "1.93%", "2014-06-30": "2.06%", "2014-03-31": "2.18%", "2013-12-31": "26.06%", "2013-09-30": "30.71%", "2013-06-30": "45.46%", "2013-03-31": "91.58%", "2012-12-31": "67.94%"}, "return on investments": {"2020-09-30": "2.94%", "2020-06-30": "3.44%", "2020-03-31": "4.11%", "2019-12-31": "3.96%", "2019-09-30": "4.24%", "2019-06-30": "4.34%", "2019-03-31": "4.13%", "2018-12-31": "4.22%", "2018-09-30": "4.07%", "2018-06-30": "3.68%", "2018-03-31": "3.84%", "2017-12-31": "4.00%", "2017-09-30": "4.13%", "2017-06-30": "4.36%", "2017-03-31": "4.38%", "2016-12-31": "6.83%", "2016-09-30": "6.68%", "2016-06-30": "6.59%", "2016-03-31": "5.96%", "2015-12-31": "3.78%", "2015-09-30": "3.70%", "2015-06-30": "3.32%", "2015-03-31": "3.46%", "2014-12-31": "3.07%", "2014-09-30": "2.93%", "2014-06-30": "2.92%", "2014-03-31": "2.88%", "2013-12-31": "2.88%", "2013-09-30": "4.69%", "2013-06-30": "5.37%", "2013-03-31": "7.74%", "2012-12-31": "inf%"}, "return on tangible equity": {"2020-09-30": "4.04%", "2020-06-30": "1.83%", "2020-03-31": "-1.35%", "2019-12-31": "-0.78%", "2019-09-30": "-0.84%", "2019-06-30": "-1.48%", "2019-03-31": "-2.01%", "2018-12-31": "-4.54%", "2018-09-30": "-14.54%", "2018-06-30": "-13.29%", "2018-03-31": "-12.17%", "2017-12-31": "-10.50%", "2017-09-30": "-3.05%", "2017-06-30": "-2.96%", "2017-03-31": "-3.35%", "2016-12-31": "-9.54%", "2016-09-30": "-8.60%", "2016-06-30": "-6.75%", "2016-03-31": "-6.65%", "2015-12-31": "-1.01%", "2015-09-30": "-1.59%", "2015-06-30": "-3.07%", "2015-03-31": "-3.56%", "2014-12-31": "-6.29%", "2014-09-30": "-34.31%", "2014-06-30": "-47.42%", "2014-03-31": "-71.12%", "2013-12-31": "-1185.29%", "2013-09-30": "762.31%", "2013-06-30": "647.99%", "2013-03-31": "642.63%", "2012-12-31": "94.58%"}, "dividend yield history": {"last payout": "$0.00", "last yield": "0.00%"}}