{"ticker": "LSI", "price": {"title": "Life Storage Historical Annual Stock Price Data", "value": 84.08, "historical": {"2021": {"Average Stock Price": "80.6139", "Year Open": "76.7800", "Year High": "84.4100", "Year Low": "76.4333", "Year Close": "84.0800", "Annual % Change": "5.64%"}, "2020": {"Average Stock Price": "69.3421", "Year Open": "70.8400", "Year High": "80.0467", "Year Low": "46.9267", "Year Close": "79.5933", "Annual % Change": "10.26%"}, "2019": {"Average Stock Price": "66.9719", "Year Open": "60.1600", "Year High": "73.7333", "Year Low": "60.1600", "Year Close": "72.1867", "Annual % Change": "16.44%"}, "2018": {"Average Stock Price": "60.8514", "Year Open": "59.0400", "Year High": "68.1600", "Year Low": "51.3133", "Year Close": "61.9933", "Annual % Change": "4.40%"}, "2017": {"Average Stock Price": "53.8932", "Year Open": "56.5467", "Year High": "60.7467", "Year Low": "47.0600", "Year Close": "59.3800", "Annual % Change": "4.47%"}, "2016": {"Average Stock Price": "66.1670", "Year Open": "70.9000", "Year High": "78.6333", "Year Low": "52.7667", "Year Close": "56.8400", "Annual % Change": "-20.55%"}, "2015": {"Average Stock Price": "62.6906", "Year Open": "59.0400", "Year High": "73.3333", "Year Low": "57.4200", "Year Close": "71.5400", "Annual % Change": "23.03%"}, "2014": {"Average Stock Price": "51.1164", "Year Open": "42.9400", "Year High": "59.2933", "Year Low": "42.2000", "Year Close": "58.1467", "Annual % Change": "33.83%"}, "2013": {"Average Stock Price": "45.2297", "Year Open": "42.4533", "Year High": "52.5533", "Year Low": "40.4467", "Year Close": "43.4467", "Annual % Change": "4.94%"}, "2012": {"Average Stock Price": "35.6170", "Year Open": "28.9867", "Year High": "41.8533", "Year Low": "28.7333", "Year Close": "41.4000", "Annual % Change": "45.54%"}, "2011": {"Average Stock Price": "26.5263", "Year Open": "24.8800", "Year High": "29.7333", "Year Low": "22.8467", "Year Close": "28.4467", "Annual % Change": "15.92%"}, "2010": {"Average Stock Price": "24.2225", "Year Open": "23.8400", "Year High": "27.1400", "Year Low": "21.1067", "Year Close": "24.5400", "Annual % Change": "3.02%"}, "2009": {"Average Stock Price": "17.7479", "Year Open": "22.9133", "Year High": "25.2267", "Year Low": "11.4000", "Year Close": "23.8200", "Annual % Change": "-0.75%"}, "2008": {"Average Stock Price": "25.7612", "Year Open": "26.8733", "Year High": "30.8200", "Year Low": "13.7467", "Year Close": "24.0000", "Annual % Change": "-10.22%"}, "2007": {"Average Stock Price": "33.5008", "Year Open": "38.2667", "Year High": "42.2133", "Year Low": "26.7333", "Year Close": "26.7333", "Annual % Change": "-29.99%"}, "2006": {"Average Stock Price": "35.0053", "Year Open": "31.8333", "Year High": "39.9600", "Year Low": "30.5200", "Year Close": "38.1867", "Annual % Change": "21.95%"}, "2005": {"Average Stock Price": "29.7813", "Year Open": "27.6533", "Year High": "33.4933", "Year Low": "25.5400", "Year Close": "31.3133", "Annual % Change": "11.46%"}, "2004": {"Average Stock Price": "25.7720", "Year Open": "24.9933", "Year High": "29.0200", "Year Low": "22.1667", "Year Close": "28.0933", "Annual % Change": "13.43%"}, "2003": {"Average Stock Price": "20.5762", "Year Open": "19.3267", "Year High": "24.9333", "Year Low": "17.0800", "Year Close": "24.7667", "Annual % Change": "30.99%"}, "2002": {"Average Stock Price": "20.1935", "Year Open": "20.5667", "Year High": "22.7800", "Year Low": "18.1467", "Year Close": "18.9067", "Annual % Change": "-8.96%"}, "2001": {"Average Stock Price": "17.0420", "Year Open": "13.3333", "Year High": "20.9600", "Year Low": "13.3333", "Year Close": "20.7667", "Annual % Change": "56.69%"}, "2000": {"Average Stock Price": "13.2188", "Year Open": "12.7067", "Year High": "15.2933", "Year Low": "12.0000", "Year Close": "13.2533", "Annual % Change": "6.77%"}, "1999": {"Average Stock Price": "15.5624", "Year Open": "16.6267", "Year High": "18.0000", "Year Low": "11.8333", "Year Close": "12.4133", "Annual % Change": "-25.88%"}, "1998": {"Average Stock Price": "18.0182", "Year Open": "21.3333", "Year High": "21.3733", "Year Low": "14.4133", "Year Close": "16.7467", "Annual % Change": "-22.56%"}, "1997": {"Average Stock Price": "20.0665", "Year Open": "20.0000", "Year High": "21.6267", "Year Low": "18.6667", "Year Close": "21.6267", "Annual % Change": "3.81%"}, "1996": {"Average Stock Price": "17.6314", "Year Open": "17.5867", "Year High": "20.8333", "Year Low": "16.5000", "Year Close": "20.8333", "Annual % Change": "17.92%"}}}, "market cap": {"value": "$6.24B"}, "income statement": {"Revenue": {"2019-12-31": "574.73900", "2018-12-31": "550.85000", "2017-12-31": "529.75000", "2016-12-31": "462.60800", "2015-12-31": "366.60200", "2014-12-31": "326.08000", "2013-12-31": "273.50700", "2012-12-31": "234.08200", "2011-12-31": "200.86000", "2010-12-31": "183.70100", "2009-12-31": "191.04000", "2008-12-31": "196.28600", "2007-12-31": "190.01300", "2006-12-31": "165.36900", "2005-12-31": "138.30500"}, "Cost Of Goods Sold": {"2019-12-31": "195.16400", "2018-12-31": "182.45400", "2017-12-31": "180.45700", "2016-12-31": "151.26400", "2015-12-31": "118.47800", "2014-12-31": "107.43000", "2013-12-31": "92.61500", "2012-12-31": "77.23900", "2011-12-31": "70.97800", "2010-12-31": "67.36400", "2009-12-31": "70.08100", "2008-12-31": "72.09000", "2007-12-31": "68.56100", "2006-12-31": "58.99900", "2005-12-31": "48.36100"}, "Gross Profit": {"2019-12-31": "379.57500", "2018-12-31": "368.39600", "2017-12-31": "349.29300", "2016-12-31": "311.34400", "2015-12-31": "248.12400", "2014-12-31": "218.65000", "2013-12-31": "180.89200", "2012-12-31": "156.84300", "2011-12-31": "129.88200", "2010-12-31": "116.33700", "2009-12-31": "120.95900", "2008-12-31": "124.19600", "2007-12-31": "121.45200", "2006-12-31": "106.37000", "2005-12-31": "89.94400"}, "Research And Development Expenses": {"2019-12-31": "", "2018-12-31": "", "2017-12-31": "", "2016-12-31": "", "2015-12-31": "", "2014-12-31": "", "2013-12-31": "", "2012-12-31": "", "2011-12-31": "", "2010-12-31": "", "2009-12-31": "", "2008-12-31": "", "2007-12-31": "", "2006-12-31": "", "2005-12-31": ""}, "SG&A Expenses": {"2019-12-31": "46.62200", "2018-12-31": "48.32200", "2017-12-31": "50.03100", "2016-12-31": "43.10300", "2015-12-31": "38.65900", "2014-12-31": "35.22200", "2013-12-31": "30.13600", "2012-12-31": "32.31300", "2011-12-31": "25.98600", "2010-12-31": "21.07100", "2009-12-31": "18.64900", "2008-12-31": "17.27900", "2007-12-31": "15.23400", "2006-12-31": "14.09500", "2005-12-31": "12.86300"}, "Other Operating Income Or Expenses": {"2019-12-31": "105.77600", "2018-12-31": "56.55100", "2017-12-31": "-3.92700", "2016-12-31": "-31.32500", "2015-12-31": "-3.67400", "2014-12-31": "-15.34600", "2013-12-31": "-4.46000", "2012-12-31": "-4.32800", "2011-12-31": "-4.32500", "2010-12-31": "-0.78600", "2009-12-31": "0.00000", "2008-12-31": "", "2007-12-31": "", "2006-12-31": "", "2005-12-31": ""}, "Operating Expenses": {"2019-12-31": "243.14000", "2018-12-31": "276.75500", "2017-12-31": "361.90000", "2016-12-31": "342.77300", "2015-12-31": "219.31700", "2014-12-31": "209.74700", "2013-12-31": "172.44400", "2012-12-31": "154.42200", "2011-12-31": "136.12500", "2010-12-31": "120.76700", "2009-12-31": "121.46600", "2008-12-31": "122.62100", "2007-12-31": "117.15500", "2006-12-31": "98.25700", "2005-12-31": "82.44600"}, "Operating Income": {"2019-12-31": "331.59900", "2018-12-31": "274.09500", "2017-12-31": "167.85000", "2016-12-31": "119.83500", "2015-12-31": "147.28500", "2014-12-31": "116.33300", "2013-12-31": "101.06300", "2012-12-31": "79.66000", "2011-12-31": "64.73500", "2010-12-31": "62.93400", "2009-12-31": "69.57400", "2008-12-31": "73.66500", "2007-12-31": "72.85800", "2006-12-31": "67.11200", "2005-12-31": "55.85900"}, "Total Non-Operating Income/Expense": {"2019-12-31": "-76.08800", "2018-12-31": "-70.65900", "2017-12-31": "-74.35500", "2016-12-31": "-38.54400", "2015-12-31": "-37.61300", "2014-12-31": "-29.36200", "2013-12-31": "-31.53900", "2012-12-31": "-32.47500", "2011-12-31": "-37.08100", "2010-12-31": "-31.62700", "2009-12-31": "-49.22800", "2008-12-31": "-37.77500", "2007-12-31": "-32.79300", "2006-12-31": "-28.68700", "2005-12-31": "-19.74200"}, "Pre-Tax Income": {"2019-12-31": "255.51100", "2018-12-31": "203.43600", "2017-12-31": "93.49500", "2016-12-31": "81.29100", "2015-12-31": "109.67200", "2014-12-31": "86.97100", "2013-12-31": "69.52400", "2012-12-31": "47.18500", "2011-12-31": "27.65400", "2010-12-31": "31.30700", "2009-12-31": "20.34600", "2008-12-31": "35.89000", "2007-12-31": "40.06500", "2006-12-31": "38.42500", "2005-12-31": "36.11700"}, "Income Taxes": {"2019-12-31": "", "2018-12-31": "", "2017-12-31": "", "2016-12-31": "", "2015-12-31": "", "2014-12-31": "", "2013-12-31": "", "2012-12-31": "", "2011-12-31": "", "2010-12-31": "", "2009-12-31": "", "2008-12-31": "", "2007-12-31": "", "2006-12-31": "", "2005-12-31": ""}, "Income After Taxes": {"2019-12-31": "255.51100", "2018-12-31": "203.43600", "2017-12-31": "93.49500", "2016-12-31": "81.29100", "2015-12-31": "109.67200", "2014-12-31": "86.97100", "2013-12-31": "69.52400", "2012-12-31": "47.18500", "2011-12-31": "27.65400", "2010-12-31": "31.30700", "2009-12-31": "20.34600", "2008-12-31": "35.89000", "2007-12-31": "40.06500", "2006-12-31": "38.42500", "2005-12-31": "36.11700"}, "Other Income": {"2019-12-31": "", "2018-12-31": "", "2017-12-31": "", "2016-12-31": "", "2015-12-31": "", "2014-12-31": "", "2013-12-31": "", "2012-12-31": "", "2011-12-31": "", "2010-12-31": "", "2009-12-31": "", "2008-12-31": "", "2007-12-31": "", "2006-12-31": "", "2005-12-31": ""}, "Income From Continuous Operations": {"2019-12-31": "260.07700", "2018-12-31": "207.55800", "2017-12-31": "96.80900", "2016-12-31": "84.95600", "2015-12-31": "113.07700", "2014-12-31": "89.05700", "2013-12-31": "71.47200", "2012-12-31": "48.12100", "2011-12-31": "27.31400", "2010-12-31": "31.54700", "2009-12-31": "20.58100", "2008-12-31": "35.99400", "2007-12-31": "40.18400", "2006-12-31": "36.16300", "2005-12-31": "34.79000"}, "Income From Discontinued Operations": {"2019-12-31": "", "2018-12-31": "", "2017-12-31": "", "2016-12-31": "", "2015-12-31": "", "2014-12-31": "", "2013-12-31": "3.12300", "2012-12-31": "7.52000", "2011-12-31": "4.21500", "2010-12-31": "10.99400", "2009-12-31": "1.07300", "2008-12-31": "3.68900", "2007-12-31": "1.66100", "2006-12-31": "0.44700", "2005-12-31": ""}, "Net Income": {"2019-12-31": "258.69900", "2018-12-31": "206.59000", "2017-12-31": "96.36500", "2016-12-31": "85.22500", "2015-12-31": "112.52400", "2014-12-31": "88.53100", "2013-12-31": "74.12600", "2012-12-31": "55.12800", "2011-12-31": "30.59200", "2010-12-31": "40.64200", "2009-12-31": "19.91600", "2008-12-31": "37.39900", "2007-12-31": "37.95800", "2006-12-31": "34.09800", "2005-12-31": "30.66700"}, "EBITDA": {"2019-12-31": "442.62900", "2018-12-31": "380.24600", "2017-12-31": "299.62400", "2016-12-31": "246.60400", "2015-12-31": "206.97500", "2014-12-31": "169.02400", "2013-12-31": "147.44300", "2012-12-31": "122.17500", "2011-12-31": "102.49700", "2010-12-31": "97.12000", "2009-12-31": "105.23000", "2008-12-31": "109.32400", "2007-12-31": "107.85700", "2006-12-31": "93.45200", "2005-12-31": "77.87100"}, "EBIT": {"2019-12-31": "331.59900", "2018-12-31": "274.09500", "2017-12-31": "167.85000", "2016-12-31": "119.83500", "2015-12-31": "147.28500", "2014-12-31": "116.33300", "2013-12-31": "101.06300", "2012-12-31": "79.66000", "2011-12-31": "64.73500", "2010-12-31": "62.93400", "2009-12-31": "69.57400", "2008-12-31": "73.66500", "2007-12-31": "72.85800", "2006-12-31": "67.11200", "2005-12-31": "55.85900"}, "Basic Shares Outstanding": {"2019-12-31": "46.58400", "2018-12-31": "46.50100", "2017-12-31": "46.37300", "2016-12-31": "43.18400", "2015-12-31": "35.37900", "2014-12-31": "33.01900", "2013-12-31": "31.29700", "2012-12-31": "29.35800", "2011-12-31": "27.67400", "2010-12-31": "27.47200", "2009-12-31": "23.78700", "2008-12-31": "21.76200", "2007-12-31": "20.95500", "2006-12-31": "17.95100", "2005-12-31": "16.50600"}, "Shares Outstanding": {"2019-12-31": "46.65300", "2018-12-31": "46.59700", "2017-12-31": "46.49000", "2016-12-31": "43.40700", "2015-12-31": "35.60100", "2014-12-31": "33.19100", "2013-12-31": "31.45300", "2012-12-31": "29.48900", "2011-12-31": "27.72500", "2010-12-31": "27.51400", "2009-12-31": "23.79700", "2008-12-31": "21.78300", "2007-12-31": "21.00400", "2006-12-31": "18.02100", "2005-12-31": "16.63300"}, "Basic EPS": {"2019-12-31": "5.55000", "2018-12-31": "4.44000", "2017-12-31": "2.08000", "2016-12-31": "1.97000", "2015-12-31": "3.18000", "2014-12-31": "2.68000", "2013-12-31": "2.37000", "2012-12-31": "1.88000", "2011-12-31": "1.11000", "2010-12-31": "1.48000", "2009-12-31": "0.84000", "2008-12-31": "1.72000", "2007-12-31": "1.81000", "2006-12-31": "1.90000", "2005-12-31": "1.86000"}, "EPS - Earnings Per Share": {"2019-12-31": "5.55000", "2018-12-31": "4.43000", "2017-12-31": "2.07000", "2016-12-31": "1.96000", "2015-12-31": "3.16000", "2014-12-31": "2.67000", "2013-12-31": "2.36000", "2012-12-31": "1.87000", "2011-12-31": "1.10000", "2010-12-31": "1.48000", "2009-12-31": "0.84000", "2008-12-31": "1.72000", "2007-12-31": "1.81000", "2006-12-31": "1.89000", "2005-12-31": "1.84000"}}, "income statement, quarterly": {"Revenue": {"2020-09-30": "156.31000", "2020-06-30": "147.01300", "2020-03-31": "146.94300", "2019-12-31": "147.55500", "2019-09-30": "145.63400", "2019-06-30": "145.02800", "2019-03-31": "136.52200", "2018-12-31": "138.26500", "2018-09-30": "141.48300", "2018-06-30": "138.00800", "2018-03-31": "133.09400", "2017-12-31": "133.07800", "2017-09-30": "135.56800", "2017-06-30": "132.78400", "2017-03-31": "128.32000", "2016-12-31": "128.67800", "2016-09-30": "127.80100", "2016-06-30": "107.00500", "2016-03-31": "99.12400", "2015-12-31": "95.04000", "2015-09-30": "95.42800", "2015-06-30": "90.72600", "2015-03-31": "85.40800", "2014-12-31": "84.93000", "2014-09-30": "85.24900", "2014-06-30": "80.44400", "2014-03-31": "75.45700", "2013-12-31": "72.06400", "2013-09-30": "70.45500", "2013-06-30": "67.10900", "2013-03-31": "63.87900", "2012-12-31": "60.20700", "2012-09-30": "61.77400", "2012-06-30": "57.12800", "2012-03-31": "54.97300", "2011-12-31": "49.11000", "2011-09-30": "52.09700", "2011-06-30": "50.11800", "2011-03-31": "49.53500", "2010-12-31": "40.48500", "2010-09-30": "48.62300", "2010-06-30": "47.30900", "2010-03-31": "47.28400", "2009-12-31": "46.69500", "2009-09-30": "48.51400", "2009-06-30": "47.12700", "2009-03-31": "48.70400", "2008-12-31": "44.50800", "2008-09-30": "52.03900", "2008-06-30": "50.12000", "2008-03-31": "49.61900", "2007-12-31": "46.77600", "2007-09-30": "50.76500", "2007-06-30": "47.87200", "2007-03-31": "44.60000", "2006-12-31": "43.63200", "2006-09-30": "44.78400", "2006-06-30": "40.29600", "2006-03-31": "36.65700", "2005-12-31": "36.14600", "2005-09-30": "36.00300", "2005-06-30": "34.00700", "2005-03-31": "32.14900"}, "Cost Of Goods Sold": {"2020-09-30": "53.92800", "2020-06-30": "49.86100", "2020-03-31": "50.25800", "2019-12-31": "49.92800", "2019-09-30": "48.33100", "2019-06-30": "49.65200", "2019-03-31": "47.25300", "2018-12-31": "45.39000", "2018-09-30": "45.76600", "2018-06-30": "45.43000", "2018-03-31": "45.86800", "2017-12-31": "44.84900", "2017-09-30": "47.16000", "2017-06-30": "44.21700", "2017-03-31": "44.23100", "2016-12-31": "42.19800", "2016-09-30": "41.48400", "2016-06-30": "34.17400", "2016-03-31": "33.40800", "2015-12-31": "30.16700", "2015-09-30": "30.20100", "2015-06-30": "28.63100", "2015-03-31": "29.47900", "2014-12-31": "27.27700", "2014-09-30": "27.55500", "2014-06-30": "26.04800", "2014-03-31": "26.55000", "2013-12-31": "27.59300", "2013-09-30": "22.52100", "2013-06-30": "20.95700", "2013-03-31": "21.54400", "2012-12-31": "19.60900", "2012-09-30": "19.94800", "2012-06-30": "18.76300", "2012-03-31": "18.91900", "2011-12-31": "16.47100", "2011-09-30": "18.25100", "2011-06-30": "17.69900", "2011-03-31": "18.55700", "2010-12-31": "13.39900", "2010-09-30": "18.13700", "2010-06-30": "17.68300", "2010-03-31": "18.14500", "2009-12-31": "16.97300", "2009-09-30": "17.94600", "2009-06-30": "16.98000", "2009-03-31": "18.18200", "2008-12-31": "15.99300", "2008-09-30": "19.38400", "2008-06-30": "18.17800", "2008-03-31": "18.53500", "2007-12-31": "16.20800", "2007-09-30": "18.08200", "2007-06-30": "17.47000", "2007-03-31": "16.80100", "2006-12-31": "15.71200", "2006-09-30": "16.27500", "2006-06-30": "13.86300", "2006-03-31": "13.14900", "2005-12-31": "12.64700", "2005-09-30": "12.46000", "2005-06-30": "11.73700", "2005-03-31": "11.51700"}, "Gross Profit": {"2020-09-30": "102.38200", "2020-06-30": "97.15200", "2020-03-31": "96.68500", "2019-12-31": "97.62700", "2019-09-30": "97.30300", "2019-06-30": "95.37600", "2019-03-31": "89.26900", "2018-12-31": "92.87500", "2018-09-30": "95.71700", "2018-06-30": "92.57800", "2018-03-31": "87.22600", "2017-12-31": "88.22900", "2017-09-30": "88.40800", "2017-06-30": "88.56700", "2017-03-31": "84.08900", "2016-12-31": "86.48000", "2016-09-30": "86.31700", "2016-06-30": "72.83100", "2016-03-31": "65.71600", "2015-12-31": "64.87300", "2015-09-30": "65.22700", "2015-06-30": "62.09500", "2015-03-31": "55.92900", "2014-12-31": "57.65300", "2014-09-30": "57.69400", "2014-06-30": "54.39600", "2014-03-31": "48.90700", "2013-12-31": "44.47100", "2013-09-30": "47.93400", "2013-06-30": "46.15200", "2013-03-31": "42.33500", "2012-12-31": "40.59800", "2012-09-30": "41.82600", "2012-06-30": "38.36500", "2012-03-31": "36.05400", "2011-12-31": "32.63900", "2011-09-30": "33.84600", "2011-06-30": "32.41900", "2011-03-31": "30.97800", "2010-12-31": "27.08600", "2010-09-30": "30.48600", "2010-06-30": "29.62600", "2010-03-31": "29.13900", "2009-12-31": "29.72200", "2009-09-30": "30.56800", "2009-06-30": "30.14700", "2009-03-31": "30.52200", "2008-12-31": "28.51500", "2008-09-30": "32.65500", "2008-06-30": "31.94200", "2008-03-31": "31.08400", "2007-12-31": "30.56800", "2007-09-30": "32.68300", "2007-06-30": "30.40200", "2007-03-31": "27.79900", "2006-12-31": "27.92000", "2006-09-30": "28.50900", "2006-06-30": "26.43300", "2006-03-31": "23.50800", "2005-12-31": "23.49900", "2005-09-30": "23.54300", "2005-06-30": "22.27000", "2005-03-31": "20.63200"}, "Research And Development Expenses": {"2020-09-30": "", "2020-06-30": "", "2020-03-31": "", "2019-12-31": "", "2019-09-30": "", "2019-06-30": "", "2019-03-31": "", "2018-12-31": "", "2018-09-30": "", "2018-06-30": "", "2018-03-31": "", "2017-12-31": "", "2017-09-30": "", "2017-06-30": "", "2017-03-31": "", "2016-12-31": "", "2016-09-30": "", "2016-06-30": "", "2016-03-31": "", "2015-12-31": "", "2015-09-30": "", "2015-06-30": "", "2015-03-31": "", "2014-12-31": "", "2014-09-30": "", "2014-06-30": "", "2014-03-31": "", "2013-12-31": "", "2013-09-30": "", "2013-06-30": "", "2013-03-31": "", "2012-12-31": "", "2012-09-30": "", "2012-06-30": "", "2012-03-31": "", "2011-12-31": "", "2011-09-30": "", "2011-06-30": "", "2011-03-31": "", "2010-12-31": "", "2010-09-30": "", "2010-06-30": "", "2010-03-31": "", "2009-12-31": "", "2009-09-30": "", "2009-06-30": "", "2009-03-31": "", "2008-12-31": "", "2008-09-30": "", "2008-06-30": "", "2008-03-31": "", "2007-12-31": "", "2007-09-30": "", "2007-06-30": "", "2007-03-31": "", "2006-12-31": "", "2006-09-30": "", "2006-06-30": "", "2006-03-31": "", "2005-12-31": "", "2005-09-30": "", "2005-06-30": "", "2005-03-31": ""}, "SG&A Expenses": {"2020-09-30": "13.36900", "2020-06-30": "12.22300", "2020-03-31": "12.90600", "2019-12-31": "12.22100", "2019-09-30": "11.55400", "2019-06-30": "10.51000", "2019-03-31": "12.33700", "2018-12-31": "12.80800", "2018-09-30": "11.74200", "2018-06-30": "11.72800", "2018-03-31": "12.04400", "2017-12-31": "11.72200", "2017-09-30": "10.91400", "2017-06-30": "15.95900", "2017-03-31": "11.43600", "2016-12-31": "11.61600", "2016-09-30": "10.90900", "2016-06-30": "10.11400", "2016-03-31": "10.46400", "2015-12-31": "10.20000", "2015-09-30": "9.36700", "2015-06-30": "9.68600", "2015-03-31": "9.40600", "2014-12-31": "9.11100", "2014-09-30": "8.71100", "2014-06-30": "8.86400", "2014-03-31": "8.53600", "2013-12-31": "3.39000", "2013-09-30": "8.96500", "2013-06-30": "8.98800", "2013-03-31": "8.79300", "2012-12-31": "8.60600", "2012-09-30": "8.17200", "2012-06-30": "7.97000", "2012-03-31": "7.56500", "2011-12-31": "7.64200", "2011-09-30": "6.63700", "2011-06-30": "5.93500", "2011-03-31": "5.77200", "2010-12-31": "6.00500", "2010-09-30": "4.96000", "2010-06-30": "4.96700", "2010-03-31": "5.13900", "2009-12-31": "5.35600", "2009-09-30": "4.56800", "2009-06-30": "4.33800", "2009-03-31": "4.38700", "2008-12-31": "4.79200", "2008-09-30": "4.26700", "2008-06-30": "4.09500", "2008-03-31": "4.12500", "2007-12-31": "4.01300", "2007-09-30": "3.96800", "2007-06-30": "3.69800", "2007-03-31": "3.55500", "2006-12-31": "3.56500", "2006-09-30": "3.43000", "2006-06-30": "3.66200", "2006-03-31": "3.43800", "2005-12-31": "4.01600", "2005-09-30": "2.94500", "2005-06-30": "2.95500", "2005-03-31": "2.94700"}, "Other Operating Income Or Expenses": {"2020-09-30": "", "2020-06-30": "", "2020-03-31": "0.30200", "2019-12-31": "4.83500", "2019-09-30": "100.14700", "2019-06-30": "-0.14100", "2019-03-31": "0.93500", "2018-12-31": "55.33100", "2018-09-30": "1.50200", "2018-06-30": "-0.14100", "2018-03-31": "-0.14100", "2017-12-31": "-3.64500", "2017-09-30": "-0.14100", "2017-06-30": "-0.14100", "2017-03-31": "", "2016-12-31": "-2.02700", "2016-09-30": "-25.22000", "2016-06-30": "-1.69400", "2016-03-31": "-2.38400", "2015-12-31": "-0.57500", "2015-09-30": "-1.04600", "2015-06-30": "-0.78800", "2015-03-31": "-1.26500", "2014-12-31": "-3.42900", "2014-09-30": "-3.20700", "2014-06-30": "-3.93500", "2014-03-31": "-4.77500", "2013-12-31": "-3.19800", "2013-09-30": "-0.77600", "2013-06-30": "0.00000", "2013-03-31": "-0.48600", "2012-12-31": "-1.94600", "2012-09-30": "-1.07500", "2012-06-30": "-1.30000", "2012-03-31": "-0.00700", "2011-12-31": "-1.27700", "2011-09-30": "-2.91300", "2011-06-30": "-0.09300", "2011-03-31": "-0.04200", "2010-12-31": "-0.76300", "2010-09-30": "-0.02300", "2010-06-30": "", "2010-03-31": "", "2009-12-31": "", "2009-09-30": "", "2009-06-30": "", "2009-03-31": "", "2008-12-31": "", "2008-09-30": "", "2008-06-30": "", "2008-03-31": "", "2007-12-31": "", "2007-09-30": "", "2007-06-30": "", "2007-03-31": "", "2006-12-31": "", "2006-09-30": "", "2006-06-30": "", "2006-03-31": "", "2005-12-31": "", "2005-09-30": "", "2005-06-30": "", "2005-03-31": ""}, "Operating Expenses": {"2020-09-30": "100.31500", "2020-06-30": "91.07100", "2020-03-31": "91.19200", "2019-12-31": "85.20500", "2019-09-30": "-13.40800", "2019-06-30": "86.46100", "2019-03-31": "84.88200", "2018-12-31": "28.55800", "2018-09-30": "83.29700", "2018-06-30": "82.08300", "2018-03-31": "82.81700", "2017-12-31": "85.80500", "2017-09-30": "84.36400", "2017-06-30": "98.42200", "2017-03-31": "93.30900", "2016-12-31": "96.84100", "2016-09-30": "119.01800", "2016-06-30": "64.23300", "2016-03-31": "62.68100", "2015-12-31": "56.01200", "2015-09-30": "55.28500", "2015-06-30": "53.68900", "2015-03-31": "54.33100", "2014-12-31": "53.78600", "2014-09-30": "52.83000", "2014-06-30": "51.32800", "2014-03-31": "51.80300", "2013-12-31": "45.56100", "2013-09-30": "43.55500", "2013-06-30": "41.30300", "2013-03-31": "42.02500", "2012-12-31": "40.24300", "2012-09-30": "39.62200", "2012-06-30": "38.17200", "2012-03-31": "36.38500", "2011-12-31": "34.45500", "2011-09-30": "36.38600", "2011-06-30": "32.28800", "2011-03-31": "32.99600", "2010-12-31": "27.09600", "2010-09-30": "31.33500", "2010-06-30": "30.85200", "2010-03-31": "31.48400", "2009-12-31": "30.34200", "2009-09-30": "30.65200", "2009-06-30": "29.53400", "2009-03-31": "30.93800", "2008-12-31": "28.36700", "2008-09-30": "32.21200", "2008-06-30": "30.78100", "2008-03-31": "31.26100", "2007-12-31": "28.12700", "2007-09-30": "30.39300", "2007-06-30": "31.25300", "2007-03-31": "27.38200", "2006-12-31": "26.07700", "2006-09-30": "26.38800", "2006-06-30": "23.58300", "2006-03-31": "22.20900", "2005-12-31": "22.20200", "2005-09-30": "20.83000", "2005-06-30": "19.91300", "2005-03-31": "19.50100"}, "Operating Income": {"2020-09-30": "55.99500", "2020-06-30": "55.94200", "2020-03-31": "55.75100", "2019-12-31": "62.35000", "2019-09-30": "159.04200", "2019-06-30": "58.56700", "2019-03-31": "51.64000", "2018-12-31": "109.70700", "2018-09-30": "58.18600", "2018-06-30": "55.92500", "2018-03-31": "50.27700", "2017-12-31": "47.27300", "2017-09-30": "51.20400", "2017-06-30": "34.36200", "2017-03-31": "35.01100", "2016-12-31": "31.83700", "2016-09-30": "8.78300", "2016-06-30": "42.77200", "2016-03-31": "36.44300", "2015-12-31": "39.02800", "2015-09-30": "40.14300", "2015-06-30": "37.03700", "2015-03-31": "31.07700", "2014-12-31": "31.14400", "2014-09-30": "32.41900", "2014-06-30": "29.11600", "2014-03-31": "23.65400", "2013-12-31": "26.50300", "2013-09-30": "26.90000", "2013-06-30": "25.80600", "2013-03-31": "21.85400", "2012-12-31": "19.96400", "2012-09-30": "22.15200", "2012-06-30": "18.95600", "2012-03-31": "18.58800", "2011-12-31": "14.65500", "2011-09-30": "15.71100", "2011-06-30": "17.83000", "2011-03-31": "16.53900", "2010-12-31": "13.38900", "2010-09-30": "17.28800", "2010-06-30": "16.45700", "2010-03-31": "15.80000", "2009-12-31": "16.35300", "2009-09-30": "17.86200", "2009-06-30": "17.59300", "2009-03-31": "17.76600", "2008-12-31": "16.14100", "2008-09-30": "19.82700", "2008-06-30": "19.33900", "2008-03-31": "18.35800", "2007-12-31": "18.64900", "2007-09-30": "20.37200", "2007-06-30": "16.61900", "2007-03-31": "17.21800", "2006-12-31": "17.55500", "2006-09-30": "18.39600", "2006-06-30": "16.71300", "2006-03-31": "14.44800", "2005-12-31": "13.94400", "2005-09-30": "15.17300", "2005-06-30": "14.09400", "2005-03-31": "12.64800"}, "Total Non-Operating Income/Expense": {"2020-09-30": "-20.53600", "2020-06-30": "-20.26400", "2020-03-31": "-20.24200", "2019-12-31": "-20.09000", "2019-09-30": "-19.47100", "2019-06-30": "-18.71300", "2019-03-31": "-17.81400", "2018-12-31": "-18.02200", "2018-09-30": "-17.92100", "2018-06-30": "-17.51600", "2018-03-31": "-17.20000", "2017-12-31": "-27.14400", "2017-09-30": "-16.28900", "2017-06-30": "-15.71500", "2017-03-31": "-15.20700", "2016-12-31": "-14.51600", "2016-09-30": "-14.63400", "2016-06-30": "-0.26600", "2016-03-31": "-9.12800", "2015-12-31": "-9.81500", "2015-09-30": "-9.41800", "2015-06-30": "-9.21400", "2015-03-31": "-9.16600", "2014-12-31": "-5.83900", "2014-09-30": "-7.33800", "2014-06-30": "-8.84800", "2014-03-31": "-7.33700", "2013-12-31": "-7.13600", "2013-09-30": "-7.92200", "2013-06-30": "-8.44500", "2013-03-31": "-8.03600", "2012-12-31": "-7.56400", "2012-09-30": "-8.35000", "2012-06-30": "-8.31100", "2012-03-31": "-8.25000", "2011-12-31": "-7.37300", "2011-09-30": "-13.75500", "2011-06-30": "-8.07400", "2011-03-31": "-7.87900", "2010-12-31": "-7.93100", "2010-09-30": "-7.93000", "2010-06-30": "-7.90800", "2010-03-31": "-7.85800", "2009-12-31": "-17.87900", "2009-09-30": "-9.72400", "2009-06-30": "-11.67900", "2009-03-31": "-9.94600", "2008-12-31": "-10.08000", "2008-09-30": "-9.94000", "2008-06-30": "-8.89200", "2008-03-31": "-8.86300", "2007-12-31": "-8.69900", "2007-09-30": "-8.95500", "2007-06-30": "-8.06800", "2007-03-31": "-7.07100", "2006-12-31": "-8.18500", "2006-09-30": "-8.28600", "2006-06-30": "-6.66600", "2006-03-31": "-5.55000", "2005-12-31": "-5.11400", "2005-09-30": "-5.18200", "2005-06-30": "-4.87200", "2005-03-31": "-4.57400"}, "Pre-Tax Income": {"2020-09-30": "35.45900", "2020-06-30": "35.67800", "2020-03-31": "35.50900", "2019-12-31": "42.26000", "2019-09-30": "139.57100", "2019-06-30": "39.85400", "2019-03-31": "33.82600", "2018-12-31": "91.68500", "2018-09-30": "40.26500", "2018-06-30": "38.40900", "2018-03-31": "33.07700", "2017-12-31": "20.12900", "2017-09-30": "34.91500", "2017-06-30": "18.64700", "2017-03-31": "19.80400", "2016-12-31": "17.32100", "2016-09-30": "-5.85100", "2016-06-30": "42.50600", "2016-03-31": "27.31500", "2015-12-31": "29.21300", "2015-09-30": "30.72500", "2015-06-30": "27.82300", "2015-03-31": "21.91100", "2014-12-31": "25.30500", "2014-09-30": "25.08100", "2014-06-30": "20.26800", "2014-03-31": "16.31700", "2013-12-31": "19.36700", "2013-09-30": "18.97800", "2013-06-30": "17.36100", "2013-03-31": "13.81800", "2012-12-31": "12.40000", "2012-09-30": "13.80200", "2012-06-30": "10.64500", "2012-03-31": "10.33800", "2011-12-31": "7.28200", "2011-09-30": "1.95600", "2011-06-30": "9.75600", "2011-03-31": "8.66000", "2010-12-31": "5.45800", "2010-09-30": "9.35800", "2010-06-30": "8.54900", "2010-03-31": "7.94200", "2009-12-31": "-1.52600", "2009-09-30": "8.13800", "2009-06-30": "5.91400", "2009-03-31": "7.82000", "2008-12-31": "6.06100", "2008-09-30": "9.88700", "2008-06-30": "10.44700", "2008-03-31": "9.49500", "2007-12-31": "9.95000", "2007-09-30": "11.41700", "2007-06-30": "8.55100", "2007-03-31": "10.14700", "2006-12-31": "9.37000", "2006-09-30": "10.11000", "2006-06-30": "10.04700", "2006-03-31": "8.89800", "2005-12-31": "8.83000", "2005-09-30": "9.99100", "2005-06-30": "9.22200", "2005-03-31": "8.07400"}, "Income Taxes": {"2020-09-30": "", "2020-06-30": "", "2020-03-31": "", "2019-12-31": "", "2019-09-30": "", "2019-06-30": "", "2019-03-31": "", "2018-12-31": "", "2018-09-30": "", "2018-06-30": "", "2018-03-31": "", "2017-12-31": "", "2017-09-30": "", "2017-06-30": "", "2017-03-31": "", "2016-12-31": "", "2016-09-30": "", "2016-06-30": "", "2016-03-31": "", "2015-12-31": "", "2015-09-30": "", "2015-06-30": "", "2015-03-31": "", "2014-12-31": "", "2014-09-30": "", "2014-06-30": "", "2014-03-31": "", "2013-12-31": "", "2013-09-30": "", "2013-06-30": "", "2013-03-31": "", "2012-12-31": "", "2012-09-30": "", "2012-06-30": "", "2012-03-31": "", "2011-12-31": "", "2011-09-30": "", "2011-06-30": "", "2011-03-31": "", "2010-12-31": "", "2010-09-30": "", "2010-06-30": "", "2010-03-31": "", "2009-12-31": "", "2009-09-30": "", "2009-06-30": "", "2009-03-31": "", "2008-12-31": "", "2008-09-30": "", "2008-06-30": "", "2008-03-31": "", "2007-12-31": "", "2007-09-30": "", "2007-06-30": "", "2007-03-31": "", "2006-12-31": "", "2006-09-30": "", "2006-06-30": "", "2006-03-31": "", "2005-12-31": "", "2005-09-30": "", "2005-06-30": "", "2005-03-31": ""}, "Income After Taxes": {"2020-09-30": "35.45900", "2020-06-30": "35.67800", "2020-03-31": "35.50900", "2019-12-31": "42.26000", "2019-09-30": "139.57100", "2019-06-30": "39.85400", "2019-03-31": "33.82600", "2018-12-31": "91.68500", "2018-09-30": "40.26500", "2018-06-30": "38.40900", "2018-03-31": "33.07700", "2017-12-31": "20.12900", "2017-09-30": "34.91500", "2017-06-30": "18.64700", "2017-03-31": "19.80400", "2016-12-31": "17.32100", "2016-09-30": "-5.85100", "2016-06-30": "42.50600", "2016-03-31": "27.31500", "2015-12-31": "29.21300", "2015-09-30": "30.72500", "2015-06-30": "27.82300", "2015-03-31": "21.91100", "2014-12-31": "25.30500", "2014-09-30": "25.08100", "2014-06-30": "20.26800", "2014-03-31": "16.31700", "2013-12-31": "19.36700", "2013-09-30": "18.97800", "2013-06-30": "17.36100", "2013-03-31": "13.81800", "2012-12-31": "12.40000", "2012-09-30": "13.80200", "2012-06-30": "10.64500", "2012-03-31": "10.33800", "2011-12-31": "7.28200", "2011-09-30": "1.95600", "2011-06-30": "9.75600", "2011-03-31": "8.66000", "2010-12-31": "5.45800", "2010-09-30": "9.35800", "2010-06-30": "8.54900", "2010-03-31": "7.94200", "2009-12-31": "-1.52600", "2009-09-30": "8.13800", "2009-06-30": "5.91400", "2009-03-31": "7.82000", "2008-12-31": "6.06100", "2008-09-30": "9.88700", "2008-06-30": "10.44700", "2008-03-31": "9.49500", "2007-12-31": "9.95000", "2007-09-30": "11.41700", "2007-06-30": "8.55100", "2007-03-31": "10.14700", "2006-12-31": "9.37000", "2006-09-30": "10.11000", "2006-06-30": "10.04700", "2006-03-31": "8.89800", "2005-12-31": "8.83000", "2005-09-30": "9.99100", "2005-06-30": "9.22200", "2005-03-31": "8.07400"}, "Other Income": {"2020-09-30": "", "2020-06-30": "", "2020-03-31": "", "2019-12-31": "", "2019-09-30": "", "2019-06-30": "", "2019-03-31": "", "2018-12-31": "", "2018-09-30": "", "2018-06-30": "", "2018-03-31": "", "2017-12-31": "", "2017-09-30": "", "2017-06-30": "", "2017-03-31": "", "2016-12-31": "", "2016-09-30": "", "2016-06-30": "", "2016-03-31": "", "2015-12-31": "", "2015-09-30": "", "2015-06-30": "", "2015-03-31": "", "2014-12-31": "", "2014-09-30": "", "2014-06-30": "", "2014-03-31": "", "2013-12-31": "", "2013-09-30": "", "2013-06-30": "", "2013-03-31": "", "2012-12-31": "", "2012-09-30": "", "2012-06-30": "", "2012-03-31": "", "2011-12-31": "", "2011-09-30": "", "2011-06-30": "", "2011-03-31": "", "2010-12-31": "", "2010-09-30": "", "2010-06-30": "", "2010-03-31": "", "2009-12-31": "", "2009-09-30": "", "2009-06-30": "", "2009-03-31": "", "2008-12-31": "", "2008-09-30": "", "2008-06-30": "", "2008-03-31": "", "2007-12-31": "", "2007-09-30": "", "2007-06-30": "", "2007-03-31": "", "2006-12-31": "", "2006-09-30": "", "2006-06-30": "", "2006-03-31": "", "2005-12-31": "", "2005-09-30": "", "2005-06-30": "", "2005-03-31": ""}, "Income From Continuous Operations": {"2020-09-30": "37.28800", "2020-06-30": "36.64800", "2020-03-31": "36.62500", "2019-12-31": "43.73000", "2019-09-30": "140.74600", "2019-06-30": "40.96400", "2019-03-31": "34.63700", "2018-12-31": "92.74100", "2018-09-30": "41.31100", "2018-06-30": "39.45700", "2018-03-31": "34.04900", "2017-12-31": "21.18500", "2017-09-30": "35.66700", "2017-06-30": "19.43200", "2017-03-31": "20.52500", "2016-12-31": "18.19100", "2016-09-30": "-4.96900", "2016-06-30": "43.50400", "2016-03-31": "28.23000", "2015-12-31": "30.18300", "2015-09-30": "31.66100", "2015-06-30": "28.67600", "2015-03-31": "22.55700", "2014-12-31": "25.83800", "2014-09-30": "25.74300", "2014-06-30": "20.70100", "2014-03-31": "16.77500", "2013-12-31": "19.89900", "2013-09-30": "19.55300", "2013-06-30": "17.81600", "2013-03-31": "14.20400", "2012-12-31": "12.72800", "2012-09-30": "14.13700", "2012-06-30": "10.85000", "2012-03-31": "10.40600", "2011-12-31": "7.35000", "2011-09-30": "1.44400", "2011-06-30": "9.82000", "2011-03-31": "8.70000", "2010-12-31": "5.54300", "2010-09-30": "9.37400", "2010-06-30": "8.61800", "2010-03-31": "8.01200", "2009-12-31": "-1.44400", "2009-09-30": "8.19800", "2009-06-30": "5.97700", "2009-03-31": "7.85000", "2008-12-31": "6.20200", "2008-09-30": "9.83100", "2008-06-30": "10.45400", "2008-03-31": "9.50700", "2007-12-31": "11.94000", "2007-09-30": "10.75700", "2007-06-30": "7.95000", "2007-03-31": "9.53700", "2006-12-31": "8.71700", "2006-09-30": "9.46500", "2006-06-30": "9.38600", "2006-03-31": "8.59500", "2005-12-31": "8.53300", "2005-09-30": "9.61100", "2005-06-30": "8.87800", "2005-03-31": "7.76800"}, "Income From Discontinued Operations": {"2020-09-30": "", "2020-06-30": "", "2020-03-31": "", "2019-12-31": "", "2019-09-30": "", "2019-06-30": "", "2019-03-31": "", "2018-12-31": "", "2018-09-30": "", "2018-06-30": "", "2018-03-31": "", "2017-12-31": "", "2017-09-30": "", "2017-06-30": "", "2017-03-31": "", "2016-12-31": "", "2016-09-30": "", "2016-06-30": "", "2016-03-31": "", "2015-12-31": "", "2015-09-30": "", "2015-06-30": "", "2015-03-31": "", "2014-12-31": "", "2014-09-30": "", "2014-06-30": "", "2014-03-31": "", "2013-12-31": "2.47300", "2013-09-30": "0.24600", "2013-06-30": "0.23600", "2013-03-31": "0.16800", "2012-12-31": "0.82600", "2012-09-30": "4.82100", "2012-06-30": "1.01000", "2012-03-31": "0.86300", "2011-12-31": "3.03300", "2011-09-30": "0.92200", "2011-06-30": "0.26000", "2011-03-31": "", "2010-12-31": "3.43200", "2010-09-30": "", "2010-06-30": "7.68600", "2010-03-31": "-0.12400", "2009-12-31": "0.26600", "2009-09-30": "-0.22800", "2009-06-30": "0.76500", "2009-03-31": "0.27000", "2008-12-31": "2.67500", "2008-09-30": "0.22000", "2008-06-30": "0.71200", "2008-03-31": "0.08200", "2007-12-31": "1.42900", "2007-09-30": "0.11800", "2007-06-30": "0.11400", "2007-03-31": "", "2006-12-31": "", "2006-09-30": "", "2006-06-30": "", "2006-03-31": "", "2005-12-31": "", "2005-09-30": "", "2005-06-30": "", "2005-03-31": ""}, "Net Income": {"2020-09-30": "37.09500", "2020-06-30": "36.45700", "2020-03-31": "36.43300", "2019-12-31": "43.50100", "2019-09-30": "140.00200", "2019-06-30": "40.74200", "2019-03-31": "34.45400", "2018-12-31": "92.30700", "2018-09-30": "41.12000", "2018-06-30": "39.27400", "2018-03-31": "33.88900", "2017-12-31": "21.08500", "2017-09-30": "35.49600", "2017-06-30": "19.35500", "2017-03-31": "20.42900", "2016-12-31": "18.16800", "2016-09-30": "-4.73800", "2016-06-30": "43.45600", "2016-03-31": "28.33900", "2015-12-31": "30.03700", "2015-09-30": "31.50400", "2015-06-30": "28.53200", "2015-03-31": "22.45100", "2014-12-31": "25.69300", "2014-09-30": "25.58900", "2014-06-30": "20.57600", "2014-03-31": "16.67300", "2013-12-31": "22.23400", "2013-09-30": "19.67500", "2013-06-30": "17.93700", "2013-03-31": "14.28000", "2012-12-31": "13.46200", "2012-09-30": "18.80700", "2012-06-30": "11.72100", "2012-03-31": "11.13800", "2011-12-31": "10.25600", "2011-09-30": "2.33900", "2011-06-30": "9.73700", "2011-03-31": "8.26000", "2010-12-31": "8.53100", "2010-09-30": "8.92300", "2010-06-30": "15.76100", "2010-03-31": "7.42700", "2009-12-31": "-1.50100", "2009-09-30": "7.49600", "2009-06-30": "6.28600", "2009-03-31": "7.63500", "2008-12-31": "8.19400", "2008-09-30": "9.71100", "2008-06-30": "10.54100", "2008-03-31": "8.95300", "2007-12-31": "10.73800", "2007-09-30": "10.87500", "2007-06-30": "7.43600", "2007-03-31": "8.90900", "2006-12-31": "8.53600", "2006-09-30": "8.83700", "2006-06-30": "8.75800", "2006-03-31": "7.96700", "2005-12-31": "7.90500", "2005-09-30": "8.62800", "2005-06-30": "7.62200", "2005-03-31": "6.51200"}, "EBITDA": {"2020-09-30": "90.02100", "2020-06-30": "85.92900", "2020-03-31": "85.10600", "2019-12-31": "91.26800", "2019-09-30": "186.92100", "2019-06-30": "85.67000", "2019-03-31": "78.77000", "2018-12-31": "136.34700", "2018-09-30": "86.36800", "2018-06-30": "81.59900", "2018-03-31": "75.93200", "2017-12-31": "74.65500", "2017-09-30": "78.18600", "2017-06-30": "73.29800", "2017-03-31": "73.48500", "2016-12-31": "73.66600", "2016-09-30": "51.01200", "2016-06-30": "68.70200", "2016-03-31": "53.22400", "2015-12-31": "54.39300", "2015-09-30": "55.11000", "2015-06-30": "51.91800", "2015-03-31": "45.55400", "2014-12-31": "45.43600", "2014-09-30": "45.99800", "2014-06-30": "41.80400", "2014-03-31": "35.78600", "2013-12-31": "38.12500", "2013-09-30": "38.49900", "2013-06-30": "37.46600", "2013-03-31": "33.35300", "2012-12-31": "30.60500", "2012-09-30": "32.87200", "2012-06-30": "29.65700", "2012-03-31": "29.04100", "2011-12-31": "25.26400", "2011-09-30": "24.98900", "2011-06-30": "26.82300", "2011-03-31": "25.42100", "2010-12-31": "21.96800", "2010-09-30": "25.76100", "2010-06-30": "24.97000", "2010-03-31": "24.42100", "2009-12-31": "25.59100", "2009-09-30": "26.58700", "2009-06-30": "26.43000", "2009-03-31": "26.62200", "2008-12-31": "25.13800", "2008-09-30": "28.77200", "2008-06-30": "28.13600", "2008-03-31": "27.27800", "2007-12-31": "27.38500", "2007-09-30": "28.99400", "2007-06-30": "26.99200", "2007-03-31": "24.48600", "2006-12-31": "24.78500", "2006-09-30": "25.31900", "2006-06-30": "23.02700", "2006-03-31": "20.32100", "2005-12-31": "19.68700", "2005-09-30": "20.79800", "2005-06-30": "19.51000", "2005-03-31": "17.87600"}, "EBIT": {"2020-09-30": "55.99500", "2020-06-30": "55.94200", "2020-03-31": "55.75100", "2019-12-31": "62.35000", "2019-09-30": "159.04200", "2019-06-30": "58.56700", "2019-03-31": "51.64000", "2018-12-31": "109.70700", "2018-09-30": "58.18600", "2018-06-30": "55.92500", "2018-03-31": "50.27700", "2017-12-31": "47.27300", "2017-09-30": "51.20400", "2017-06-30": "34.36200", "2017-03-31": "35.01100", "2016-12-31": "31.83700", "2016-09-30": "8.78300", "2016-06-30": "42.77200", "2016-03-31": "36.44300", "2015-12-31": "39.02800", "2015-09-30": "40.14300", "2015-06-30": "37.03700", "2015-03-31": "31.07700", "2014-12-31": "31.14400", "2014-09-30": "32.41900", "2014-06-30": "29.11600", "2014-03-31": "23.65400", "2013-12-31": "26.50300", "2013-09-30": "26.90000", "2013-06-30": "25.80600", "2013-03-31": "21.85400", "2012-12-31": "19.96400", "2012-09-30": "22.15200", "2012-06-30": "18.95600", "2012-03-31": "18.58800", "2011-12-31": "14.65500", "2011-09-30": "15.71100", "2011-06-30": "17.83000", "2011-03-31": "16.53900", "2010-12-31": "13.38900", "2010-09-30": "17.28800", "2010-06-30": "16.45700", "2010-03-31": "15.80000", "2009-12-31": "16.35300", "2009-09-30": "17.86200", "2009-06-30": "17.59300", "2009-03-31": "17.76600", "2008-12-31": "16.14100", "2008-09-30": "19.82700", "2008-06-30": "19.33900", "2008-03-31": "18.35800", "2007-12-31": "18.64900", "2007-09-30": "20.37200", "2007-06-30": "16.61900", "2007-03-31": "17.21800", "2006-12-31": "17.55500", "2006-09-30": "18.39600", "2006-06-30": "16.71300", "2006-03-31": "14.44800", "2005-12-31": "13.94400", "2005-09-30": "15.17300", "2005-06-30": "14.09400", "2005-03-31": "12.64800"}, "Basic Shares Outstanding": {"2020-09-30": "47.22380", "2020-06-30": "46.84490", "2020-03-31": "46.67720", "2019-12-31": "46.58400", "2019-09-30": "46.58600", "2019-06-30": "46.58220", "2019-03-31": "46.56490", "2018-12-31": "46.50100", "2018-09-30": "46.52640", "2018-06-30": "46.48090", "2018-03-31": "46.45250", "2017-12-31": "46.37300", "2017-09-30": "46.41580", "2017-06-30": "46.36490", "2017-03-31": "46.30460", "2016-12-31": "43.18400", "2016-09-30": "46.13910", "2016-06-30": "41.98040", "2016-03-31": "38.41080", "2015-12-31": "35.37900", "2015-09-30": "35.70040", "2015-06-30": "35.37770", "2015-03-31": "34.33000", "2014-12-31": "33.01900", "2014-09-30": "33.23500", "2014-06-30": "32.79980", "2014-03-31": "32.38400", "2013-12-31": "31.29700", "2013-09-30": "31.46900", "2013-06-30": "31.27600", "2013-03-31": "30.48900", "2012-12-31": "29.35800", "2012-09-30": "29.47500", "2012-06-30": "28.88300", "2012-03-31": "28.78600", "2011-12-31": "27.67400", "2011-09-30": "27.59300", "2011-06-30": "27.56000", "2011-03-31": "27.53700", "2010-12-31": "27.47200", "2010-09-30": "27.48500", "2010-06-30": "27.46400", "2010-03-31": "27.44500", "2009-12-31": "23.78700", "2009-09-30": "23.33600", "2009-06-30": "22.61400", "2009-03-31": "21.96900", "2008-12-31": "21.76200", "2008-09-30": "22.23300", "2008-06-30": "21.72800", "2008-03-31": "21.64700", "2007-12-31": "20.95500", "2007-09-30": "21.39000", "2007-06-30": "20.47900", "2007-03-31": "20.41300", "2006-12-31": "17.95100", "2006-09-30": "17.91900", "2006-06-30": "17.61500", "2006-03-31": "17.54300", "2005-12-31": "16.50600", "2005-09-30": "16.54300", "2005-06-30": "16.18900", "2005-03-31": "16.03800"}, "Shares Outstanding": {"2020-09-30": "47.29990", "2020-06-30": "46.90610", "2020-03-31": "46.75090", "2019-12-31": "46.65300", "2019-09-30": "46.65710", "2019-06-30": "46.63120", "2019-03-31": "46.63670", "2018-12-31": "46.59700", "2018-09-30": "46.62800", "2018-06-30": "46.57640", "2018-03-31": "46.53670", "2017-12-31": "46.49000", "2017-09-30": "46.52030", "2017-06-30": "46.47770", "2017-03-31": "46.41890", "2016-12-31": "43.40700", "2016-09-30": "46.13910", "2016-06-30": "42.22740", "2016-03-31": "38.66310", "2015-12-31": "35.60100", "2015-09-30": "35.91710", "2015-06-30": "35.60300", "2015-03-31": "34.55500", "2014-12-31": "33.19100", "2014-09-30": "33.39900", "2014-06-30": "32.97970", "2014-03-31": "32.53800", "2013-12-31": "31.45300", "2013-09-30": "31.62600", "2013-06-30": "31.42500", "2013-03-31": "30.65400", "2012-12-31": "29.48900", "2012-09-30": "29.62400", "2012-06-30": "29.00100", "2012-03-31": "28.87800", "2011-12-31": "27.72500", "2011-09-30": "27.63400", "2011-06-30": "27.61100", "2011-03-31": "27.57700", "2010-12-31": "27.51400", "2010-09-30": "27.52500", "2010-06-30": "27.50800", "2010-03-31": "27.47900", "2009-12-31": "23.79700", "2009-09-30": "23.34900", "2009-06-30": "22.61700", "2009-03-31": "21.97200", "2008-12-31": "21.78300", "2008-09-30": "22.25600", "2008-06-30": "21.76100", "2008-03-31": "21.66400", "2007-12-31": "21.00400", "2007-09-30": "21.42700", "2007-06-30": "20.53300", "2007-03-31": "20.48000", "2006-12-31": "18.02100", "2006-09-30": "17.98900", "2006-06-30": "17.67400", "2006-03-31": "17.61200", "2005-12-31": "16.63300", "2005-09-30": "16.65900", "2005-06-30": "16.35200", "2005-03-31": "16.18800"}, "Basic EPS": {"2020-09-30": "0.78000", "2020-06-30": "0.78000", "2020-03-31": "0.78000", "2019-12-31": "0.94000", "2019-09-30": "3.00000", "2019-06-30": "0.87000", "2019-03-31": "0.74000", "2018-12-31": "1.99000", "2018-09-30": "0.88000", "2018-06-30": "0.84000", "2018-03-31": "0.73000", "2017-12-31": "0.46000", "2017-09-30": "0.76000", "2017-06-30": "0.42000", "2017-03-31": "0.44000", "2016-12-31": "0.29000", "2016-09-30": "-0.10000", "2016-06-30": "1.04000", "2016-03-31": "0.74000", "2015-12-31": "0.84000", "2015-09-30": "0.88000", "2015-06-30": "0.81000", "2015-03-31": "0.65000", "2014-12-31": "0.77000", "2014-09-30": "0.77000", "2014-06-30": "0.63000", "2014-03-31": "0.51000", "2013-12-31": "0.70000", "2013-09-30": "0.63000", "2013-06-30": "0.57000", "2013-03-31": "0.47000", "2012-12-31": "0.44000", "2012-09-30": "0.64000", "2012-06-30": "0.41000", "2012-03-31": "0.39000", "2011-12-31": "0.38000", "2011-09-30": "0.08000", "2011-06-30": "0.35000", "2011-03-31": "0.30000", "2010-12-31": "0.32000", "2010-09-30": "0.32000", "2010-06-30": "0.57000", "2010-03-31": "0.27000", "2009-12-31": "-0.11000", "2009-09-30": "0.32000", "2009-06-30": "0.28000", "2009-03-31": "0.35000", "2008-12-31": "0.38000", "2008-09-30": "0.44000", "2008-06-30": "0.49000", "2008-03-31": "0.41000", "2007-12-31": "0.50000", "2007-09-30": "0.51000", "2007-06-30": "0.36000", "2007-03-31": "0.44000", "2006-12-31": "0.46000", "2006-09-30": "0.49000", "2006-06-30": "0.50000", "2006-03-31": "0.45000", "2005-12-31": "0.46000", "2005-09-30": "0.52000", "2005-06-30": "0.47000", "2005-03-31": "0.41000"}, "EPS - Earnings Per Share": {"2020-09-30": "0.78000", "2020-06-30": "0.78000", "2020-03-31": "0.78000", "2019-12-31": "0.95000", "2019-09-30": "2.99000", "2019-06-30": "0.87000", "2019-03-31": "0.74000", "2018-12-31": "1.98000", "2018-09-30": "0.88000", "2018-06-30": "0.84000", "2018-03-31": "0.73000", "2017-12-31": "0.45000", "2017-09-30": "0.76000", "2017-06-30": "0.42000", "2017-03-31": "0.44000", "2016-12-31": "0.30000", "2016-09-30": "-0.10000", "2016-06-30": "1.03000", "2016-03-31": "0.73000", "2015-12-31": "0.83000", "2015-09-30": "0.88000", "2015-06-30": "0.80000", "2015-03-31": "0.65000", "2014-12-31": "0.77000", "2014-09-30": "0.77000", "2014-06-30": "0.62000", "2014-03-31": "0.51000", "2013-12-31": "0.70000", "2013-09-30": "0.62000", "2013-06-30": "0.57000", "2013-03-31": "0.47000", "2012-12-31": "0.45000", "2012-09-30": "0.63000", "2012-06-30": "0.40000", "2012-03-31": "0.39000", "2011-12-31": "0.37000", "2011-09-30": "0.08000", "2011-06-30": "0.35000", "2011-03-31": "0.30000", "2010-12-31": "0.32000", "2010-09-30": "0.32000", "2010-06-30": "0.57000", "2010-03-31": "0.27000", "2009-12-31": "-0.11000", "2009-09-30": "0.32000", "2009-06-30": "0.28000", "2009-03-31": "0.35000", "2008-12-31": "0.39000", "2008-09-30": "0.44000", "2008-06-30": "0.48000", "2008-03-31": "0.41000", "2007-12-31": "0.50000", "2007-09-30": "0.51000", "2007-06-30": "0.36000", "2007-03-31": "0.44000", "2006-12-31": "0.45000", "2006-09-30": "0.49000", "2006-06-30": "0.50000", "2006-03-31": "0.45000", "2005-12-31": "0.45000", "2005-09-30": "0.52000", "2005-06-30": "0.47000", "2005-03-31": "0.40000"}}, "balance sheet": {"Cash On Hand": {"2019-12-31": "17.45800", "2018-12-31": "13.56000", "2017-12-31": "9.16700", "2016-12-31": "23.68500", "2015-12-31": "7.02000", "2014-12-31": "8.54300", "2013-12-31": "9.52400", "2012-12-31": "7.25500", "2011-12-31": "7.32100", "2010-12-31": "5.76600", "2009-12-31": "10.71000", "2008-12-31": "4.48600", "2007-12-31": "4.01000", "2006-12-31": "47.73000", "2005-12-31": "4.91100"}, "Receivables": {"2019-12-31": "13.52000", "2018-12-31": "8.81100", "2017-12-31": "8.72800", "2016-12-31": "6.69200", "2015-12-31": "7.73400", "2014-12-31": "6.34100", "2013-12-31": "6.00200", "2012-12-31": "4.29300", "2011-12-31": "3.52700", "2010-12-31": "2.63000", "2009-12-31": "2.51900", "2008-12-31": "3.28400", "2007-12-31": "2.82100", "2006-12-31": "2.20300", "2005-12-31": "4.49800"}, "Inventory": {"2019-12-31": "", "2018-12-31": "", "2017-12-31": "", "2016-12-31": "", "2015-12-31": "", "2014-12-31": "", "2013-12-31": "", "2012-12-31": "", "2011-12-31": "", "2010-12-31": "", "2009-12-31": "", "2008-12-31": "", "2007-12-31": "", "2006-12-31": "", "2005-12-31": ""}, "Pre-Paid Expenses": {"2019-12-31": "", "2018-12-31": "", "2017-12-31": "", "2016-12-31": "", "2015-12-31": "", "2014-12-31": "", "2013-12-31": "", "2012-12-31": "", "2011-12-31": "", "2010-12-31": "", "2009-12-31": "", "2008-12-31": "", "2007-12-31": "", "2006-12-31": "", "2005-12-31": ""}, "Other Current Assets": {"2019-12-31": "", "2018-12-31": "", "2017-12-31": "", "2016-12-31": "", "2015-12-31": "", "2014-12-31": "", "2013-12-31": "", "2012-12-31": "", "2011-12-31": "", "2010-12-31": "", "2009-12-31": "", "2008-12-31": "", "2007-12-31": "", "2006-12-31": "", "2005-12-31": ""}, "Total Current Assets": {"2019-12-31": "30.97800", "2018-12-31": "22.37100", "2017-12-31": "17.89500", "2016-12-31": "30.37700", "2015-12-31": "14.75400", "2014-12-31": "14.88400", "2013-12-31": "15.52600", "2012-12-31": "11.54800", "2011-12-31": "10.84800", "2010-12-31": "8.39600", "2009-12-31": "13.22900", "2008-12-31": "7.77000", "2007-12-31": "6.83100", "2006-12-31": "49.93300", "2005-12-31": "9.40900"}, "Property, Plant, And Equipment": {"2019-12-31": "3993.14000", "2018-12-31": "3694.25800", "2017-12-31": "3697.09600", "2016-12-31": "3707.60400", "2015-12-31": "2026.50700", "2014-12-31": "1766.28200", "2013-12-31": "1498.16500", "2012-12-31": "1417.39100", "2011-12-31": "1245.87300", "2010-12-31": "1148.15900", "2009-12-31": "1125.48300", "2008-12-31": "1154.31400", "2007-12-31": "1139.02900", "2006-12-31": "988.06100", "2005-12-31": "763.43000"}, "Long-Term Investments": {"2019-12-31": "", "2018-12-31": "", "2017-12-31": "", "2016-12-31": "", "2015-12-31": "", "2014-12-31": "", "2013-12-31": "", "2012-12-31": "", "2011-12-31": "", "2010-12-31": "", "2009-12-31": "", "2008-12-31": "", "2007-12-31": "", "2006-12-31": "", "2005-12-31": ""}, "Goodwill And Intangible Assets": {"2019-12-31": "16.50000", "2018-12-31": "16.50000", "2017-12-31": "16.50000", "2016-12-31": "16.50000", "2015-12-31": "", "2014-12-31": "", "2013-12-31": "", "2012-12-31": "", "2011-12-31": "", "2010-12-31": "", "2009-12-31": "", "2008-12-31": "", "2007-12-31": "", "2006-12-31": "", "2005-12-31": ""}, "Other Long-Term Assets": {"2019-12-31": "192.34600", "2018-12-31": "159.08300", "2017-12-31": "145.28300", "2016-12-31": "103.50300", "2015-12-31": "77.56100", "2014-12-31": "73.63400", "2013-12-31": "48.18400", "2012-12-31": "45.86500", "2011-12-31": "43.25100", "2010-12-31": "28.98600", "2009-12-31": "29.46000", "2008-12-31": "32.21800", "2007-12-31": "12.34500", "2006-12-31": "15.21600", "2005-12-31": "11.53700"}, "Total Long-Term Assets": {"2019-12-31": "4201.98600", "2018-12-31": "3869.84100", "2017-12-31": "3858.87900", "2016-12-31": "3827.60700", "2015-12-31": "2104.06800", "2014-12-31": "1839.91600", "2013-12-31": "1546.34900", "2012-12-31": "1472.76200", "2011-12-31": "1332.82600", "2010-12-31": "1177.14500", "2009-12-31": "1171.86900", "2008-12-31": "1204.75800", "2007-12-31": "1157.75700", "2006-12-31": "1003.27700", "2005-12-31": "774.96700"}, "Total Assets": {"2019-12-31": "4232.96400", "2018-12-31": "3892.21200", "2017-12-31": "3876.77400", "2016-12-31": "3857.98400", "2015-12-31": "2118.82200", "2014-12-31": "1854.80000", "2013-12-31": "1561.87500", "2012-12-31": "1484.31000", "2011-12-31": "1343.67400", "2010-12-31": "1185.54100", "2009-12-31": "1185.09800", "2008-12-31": "1212.52800", "2007-12-31": "1164.58800", "2006-12-31": "1053.21000", "2005-12-31": "784.37600"}, "Total Current Liabilities": {"2019-12-31": "103.94200", "2018-12-31": "87.44600", "2017-12-31": "92.94100", "2016-12-31": "75.13200", "2015-12-31": "47.83900", "2014-12-31": "43.55100", "2013-12-31": "37.74100", "2012-12-31": "36.56400", "2011-12-31": "31.41400", "2010-12-31": "23.99100", "2009-12-31": "22.31600", "2008-12-31": "38.06000", "2007-12-31": "37.40800", "2006-12-31": "28.03300", "2005-12-31": "21.66600"}, "Long Term Debt": {"2019-12-31": "1958.12200", "2018-12-31": "1714.12200", "2017-12-31": "1726.76300", "2016-12-31": "1653.55200", "2015-12-31": "827.64300", "2014-12-31": "801.12700", "2013-12-31": "626.25400", "2012-12-31": "684.25100", "2011-12-31": "625.42300", "2010-12-31": "488.95400", "2009-12-31": "481.21900", "2008-12-31": "623.26100", "2007-12-31": "566.51700", "2006-12-31": "462.02700", "2005-12-31": "339.14400"}, "Other Non-Current Liabilities": {"2019-12-31": "38.00600", "2018-12-31": "32.90700", "2017-12-31": "28.74700", "2016-12-31": "40.80600", "2015-12-31": "41.02500", "2014-12-31": "34.25300", "2013-12-31": "27.17100", "2012-12-31": "34.76500", "2011-12-31": "16.83200", "2010-12-31": "15.45300", "2009-12-31": "16.50400", "2008-12-31": "31.06000", "2007-12-31": "6.83200", "2006-12-31": "5.29200", "2005-12-31": "4.22700"}, "Total Long Term Liabilities": {"2019-12-31": "1996.12800", "2018-12-31": "1747.02900", "2017-12-31": "1755.51000", "2016-12-31": "1694.35800", "2015-12-31": "868.66800", "2014-12-31": "835.38000", "2013-12-31": "653.42500", "2012-12-31": "719.01600", "2011-12-31": "656.72090", "2010-12-31": "516.88700", "2009-12-31": "512.72800", "2008-12-31": "669.43900", "2007-12-31": "599.79100", "2006-12-31": "494.26600", "2005-12-31": "368.62500"}, "Total Liabilities": {"2019-12-31": "2100.07000", "2018-12-31": "1834.47500", "2017-12-31": "1848.45100", "2016-12-31": "1769.49000", "2015-12-31": "916.50700", "2014-12-31": "878.93100", "2013-12-31": "691.16600", "2012-12-31": "755.58000", "2011-12-31": "688.13500", "2010-12-31": "540.87800", "2009-12-31": "535.04400", "2008-12-31": "707.49900", "2007-12-31": "637.19900", "2006-12-31": "522.29900", "2005-12-31": "390.29100"}, "Common Stock Net": {"2019-12-31": "0.46700", "2018-12-31": "0.46600", "2017-12-31": "0.46600", "2016-12-31": "0.46400", "2015-12-31": "0.36700", "2014-12-31": "0.34100", "2013-12-31": "0.33700", "2012-12-31": "0.31600", "2011-12-31": "0.30100", "2010-12-31": "0.28800", "2009-12-31": "0.28700", "2008-12-31": "0.23200", "2007-12-31": "0.22800", "2006-12-31": "0.21600", "2005-12-31": "0.18700"}, "Retained Earnings (Accumulated Deficit)": {"2019-12-31": "-238.33800", "2018-12-31": "-308.01100", "2017-12-31": "-327.72700", "2016-12-31": "-239.06200", "2015-12-31": "-171.98000", "2014-12-31": "-167.69200", "2013-12-31": "-162.45000", "2012-12-31": "-172.77300", "2011-12-31": "-169.79900", "2010-12-31": "-148.26400", "2009-12-31": "-139.86300", "2008-12-31": "-122.58100", "2007-12-31": "-98.43700", "2006-12-31": "-83.60900", "2005-12-31": "-71.99500"}, "Comprehensive Income": {"2019-12-31": "-5.95800", "2018-12-31": "-6.87500", "2017-12-31": "-7.58700", "2016-12-31": "-21.47500", "2015-12-31": "-14.41500", "2014-12-31": "-13.00500", "2013-12-31": "-6.40200", "2012-12-31": "-15.24200", "2011-12-31": "-10.25500", "2010-12-31": "-10.25400", "2009-12-31": "-11.26500", "2008-12-31": "-25.16200", "2007-12-31": "-1.36800", "2006-12-31": "2.12800", "2005-12-31": "1.45400"}, "Other Share Holders Equity": {"2019-12-31": "", "2018-12-31": "", "2017-12-31": "", "2016-12-31": "", "2015-12-31": "", "2014-12-31": "", "2013-12-31": "", "2012-12-31": "", "2011-12-31": "", "2010-12-31": "", "2009-12-31": "", "2008-12-31": "", "2007-12-31": "", "2006-12-31": "", "2005-12-31": ""}, "Share Holder Equity": {"2019-12-31": "2132.89400", "2018-12-31": "2057.73700", "2017-12-31": "2028.32300", "2016-12-31": "2088.49400", "2015-12-31": "1202.31500", "2014-12-31": "975.86900", "2013-12-31": "870.70900", "2012-12-31": "728.73000", "2011-12-31": "655.53900", "2010-12-31": "644.66300", "2009-12-31": "650.05400", "2008-12-31": "505.02900", "2007-12-31": "527.38900", "2006-12-31": "530.91100", "2005-12-31": "394.08500"}, "Total Liabilities And Share Holders Equity": {"2019-12-31": "4232.96400", "2018-12-31": "3892.21200", "2017-12-31": "3876.77400", "2016-12-31": "3857.98400", "2015-12-31": "2118.82200", "2014-12-31": "1854.80000", "2013-12-31": "1561.87500", "2012-12-31": "1484.31000", "2011-12-31": "1343.67400", "2010-12-31": "1185.54100", "2009-12-31": "1185.09800", "2008-12-31": "1212.52800", "2007-12-31": "1164.58800", "2006-12-31": "1053.21000", "2005-12-31": "784.37600"}}, "balance sheet, quarterly": {"Cash On Hand": {"2020-09-30": "110.24700", "2020-06-30": "9.51800", "2020-03-31": "20.72000", "2019-12-31": "17.45800", "2019-09-30": "16.37100", "2019-06-30": "46.05800", "2019-03-31": "8.87500", "2018-12-31": "13.56000", "2018-09-30": "13.28200", "2018-06-30": "7.32700", "2018-03-31": "7.77800", "2017-12-31": "9.16700", "2017-09-30": "6.09600", "2017-06-30": "7.99800", "2017-03-31": "4.81900", "2016-12-31": "23.68500", "2016-09-30": "16.14600", "2016-06-30": "901.89700", "2016-03-31": "6.37300", "2015-12-31": "7.02000", "2015-09-30": "6.06700", "2015-06-30": "6.61700", "2015-03-31": "10.31200", "2014-12-31": "8.54300", "2014-09-30": "7.47600", "2014-06-30": "6.95900", "2014-03-31": "6.26000", "2013-12-31": "9.52400", "2013-09-30": "9.66200", "2013-06-30": "9.64100", "2013-03-31": "6.91600", "2012-12-31": "7.25500", "2012-09-30": "5.41900", "2012-06-30": "7.46100", "2012-03-31": "13.40500", "2011-12-31": "7.32100", "2011-09-30": "6.57300", "2011-06-30": "7.69100", "2011-03-31": "4.85900", "2010-12-31": "5.76600", "2010-09-30": "31.92700", "2010-06-30": "28.01700", "2010-03-31": "7.36500", "2009-12-31": "10.71000", "2009-09-30": "29.28100", "2009-06-30": "10.08900", "2009-03-31": "7.41600", "2008-12-31": "4.48600", "2008-09-30": "12.28300", "2008-06-30": "21.06000", "2008-03-31": "7.23300", "2007-12-31": "4.01000", "2007-09-30": "8.50400", "2007-06-30": "6.76700", "2007-03-31": "7.31400", "2006-12-31": "47.73000", "2006-09-30": "10.85100", "2006-06-30": "6.95700", "2006-03-31": "6.32600", "2005-12-31": "4.91100", "2005-09-30": "6.32900", "2005-06-30": "6.55600", "2005-03-31": "6.28800"}, "Receivables": {"2020-09-30": "17.19300", "2020-06-30": "12.37200", "2020-03-31": "12.63500", "2019-12-31": "13.52000", "2019-09-30": "11.94000", "2019-06-30": "10.75200", "2019-03-31": "11.13400", "2018-12-31": "8.81100", "2018-09-30": "8.73400", "2018-06-30": "8.92900", "2018-03-31": "8.18600", "2017-12-31": "8.72800", "2017-09-30": "7.97400", "2017-06-30": "7.21100", "2017-03-31": "7.04600", "2016-12-31": "6.69200", "2016-09-30": "6.72000", "2016-06-30": "5.71500", "2016-03-31": "4.86200", "2015-12-31": "7.73400", "2015-09-30": "7.29400", "2015-06-30": "6.97600", "2015-03-31": "6.47300", "2014-12-31": "6.34100", "2014-09-30": "6.37700", "2014-06-30": "5.87500", "2014-03-31": "5.63400", "2013-12-31": "6.00200", "2013-09-30": "4.36500", "2013-06-30": "4.11100", "2013-03-31": "3.85600", "2012-12-31": "4.29300", "2012-09-30": "3.94800", "2012-06-30": "3.54200", "2012-03-31": "4.39100", "2011-12-31": "3.52700", "2011-09-30": "2.91500", "2011-06-30": "2.46300", "2011-03-31": "2.14600", "2010-12-31": "2.63000", "2010-09-30": "2.55600", "2010-06-30": "2.52600", "2010-03-31": "2.05600", "2009-12-31": "2.51900", "2009-09-30": "2.47300", "2009-06-30": "2.36000", "2009-03-31": "2.02500", "2008-12-31": "3.28400", "2008-09-30": "3.15000", "2008-06-30": "2.58900", "2008-03-31": "2.43900", "2007-12-31": "2.82100", "2007-09-30": "2.95200", "2007-06-30": "2.51800", "2007-03-31": "1.87900", "2006-12-31": "2.20300", "2006-09-30": "1.97100", "2006-06-30": "1.72800", "2006-03-31": "4.24000", "2005-12-31": "4.49800", "2005-09-30": "4.30400", "2005-06-30": "3.84000", "2005-03-31": "3.44700"}, "Inventory": {"2020-09-30": "", "2020-06-30": "", "2020-03-31": "", "2019-12-31": "", "2019-09-30": "", "2019-06-30": "", "2019-03-31": "", "2018-12-31": "", "2018-09-30": "", "2018-06-30": "", "2018-03-31": "", "2017-12-31": "", "2017-09-30": "", "2017-06-30": "", "2017-03-31": "", "2016-12-31": "", "2016-09-30": "", "2016-06-30": "", "2016-03-31": "", "2015-12-31": "", "2015-09-30": "", "2015-06-30": "", "2015-03-31": "", "2014-12-31": "", "2014-09-30": "", "2014-06-30": "", "2014-03-31": "", "2013-12-31": "", "2013-09-30": "", "2013-06-30": "", "2013-03-31": "", "2012-12-31": "", "2012-09-30": "", "2012-06-30": "", "2012-03-31": "", "2011-12-31": "", "2011-09-30": "", "2011-06-30": "", "2011-03-31": "", "2010-12-31": "", "2010-09-30": "", "2010-06-30": "", "2010-03-31": "", "2009-12-31": "", "2009-09-30": "", "2009-06-30": "", "2009-03-31": "", "2008-12-31": "", "2008-09-30": "", "2008-06-30": "", "2008-03-31": "", "2007-12-31": "", "2007-09-30": "", "2007-06-30": "", "2007-03-31": "", "2006-12-31": "", "2006-09-30": "", "2006-06-30": "", "2006-03-31": "", "2005-12-31": "", "2005-09-30": "", "2005-06-30": "", "2005-03-31": ""}, "Pre-Paid Expenses": {"2020-09-30": "", "2020-06-30": "", "2020-03-31": "", "2019-12-31": "", "2019-09-30": "", "2019-06-30": "", "2019-03-31": "", "2018-12-31": "", "2018-09-30": "", "2018-06-30": "", "2018-03-31": "", "2017-12-31": "", "2017-09-30": "", "2017-06-30": "", "2017-03-31": "", "2016-12-31": "", "2016-09-30": "", "2016-06-30": "", "2016-03-31": "", "2015-12-31": "", "2015-09-30": "", "2015-06-30": "", "2015-03-31": "", "2014-12-31": "", "2014-09-30": "", "2014-06-30": "", "2014-03-31": "", "2013-12-31": "", "2013-09-30": "", "2013-06-30": "", "2013-03-31": "", "2012-12-31": "", "2012-09-30": "", "2012-06-30": "", "2012-03-31": "", "2011-12-31": "", "2011-09-30": "", "2011-06-30": "", "2011-03-31": "", "2010-12-31": "", "2010-09-30": "", "2010-06-30": "", "2010-03-31": "", "2009-12-31": "", "2009-09-30": "", "2009-06-30": "", "2009-03-31": "", "2008-12-31": "", "2008-09-30": "", "2008-06-30": "", "2008-03-31": "", "2007-12-31": "", "2007-09-30": "", "2007-06-30": "", "2007-03-31": "", "2006-12-31": "", "2006-09-30": "", "2006-06-30": "", "2006-03-31": "", "2005-12-31": "", "2005-09-30": "", "2005-06-30": "", "2005-03-31": ""}, "Other Current Assets": {"2020-09-30": "", "2020-06-30": "", "2020-03-31": "", "2019-12-31": "", "2019-09-30": "", "2019-06-30": "", "2019-03-31": "", "2018-12-31": "", "2018-09-30": "", "2018-06-30": "", "2018-03-31": "", "2017-12-31": "", "2017-09-30": "", "2017-06-30": "", "2017-03-31": "", "2016-12-31": "", "2016-09-30": "", "2016-06-30": "", "2016-03-31": "", "2015-12-31": "", "2015-09-30": "", "2015-06-30": "", "2015-03-31": "", "2014-12-31": "", "2014-09-30": "", "2014-06-30": "", "2014-03-31": "", "2013-12-31": "", "2013-09-30": "", "2013-06-30": "", "2013-03-31": "", "2012-12-31": "", "2012-09-30": "", "2012-06-30": "", "2012-03-31": "", "2011-12-31": "", "2011-09-30": "", "2011-06-30": "", "2011-03-31": "", "2010-12-31": "", "2010-09-30": "", "2010-06-30": "", "2010-03-31": "", "2009-12-31": "", "2009-09-30": "", "2009-06-30": "", "2009-03-31": "", "2008-12-31": "", "2008-09-30": "", "2008-06-30": "", "2008-03-31": "", "2007-12-31": "", "2007-09-30": "", "2007-06-30": "", "2007-03-31": "", "2006-12-31": "", "2006-09-30": "", "2006-06-30": "", "2006-03-31": "", "2005-12-31": "", "2005-09-30": "", "2005-06-30": "", "2005-03-31": ""}, "Total Current Assets": {"2020-09-30": "127.44000", "2020-06-30": "21.89000", "2020-03-31": "33.35500", "2019-12-31": "30.97800", "2019-09-30": "28.31100", "2019-06-30": "56.81000", "2019-03-31": "20.00900", "2018-12-31": "22.37100", "2018-09-30": "22.01600", "2018-06-30": "16.25600", "2018-03-31": "15.96400", "2017-12-31": "17.89500", "2017-09-30": "14.07000", "2017-06-30": "15.20900", "2017-03-31": "11.86500", "2016-12-31": "30.37700", "2016-09-30": "22.86600", "2016-06-30": "907.61200", "2016-03-31": "11.23500", "2015-12-31": "14.75400", "2015-09-30": "13.36100", "2015-06-30": "13.59300", "2015-03-31": "16.78500", "2014-12-31": "14.88400", "2014-09-30": "13.85300", "2014-06-30": "12.83400", "2014-03-31": "11.89400", "2013-12-31": "15.52600", "2013-09-30": "14.02700", "2013-06-30": "13.75200", "2013-03-31": "10.77200", "2012-12-31": "11.54800", "2012-09-30": "9.36700", "2012-06-30": "11.00300", "2012-03-31": "17.79600", "2011-12-31": "10.84800", "2011-09-30": "9.48800", "2011-06-30": "10.15400", "2011-03-31": "7.00500", "2010-12-31": "8.39600", "2010-09-30": "34.48300", "2010-06-30": "30.54300", "2010-03-31": "9.42100", "2009-12-31": "13.22900", "2009-09-30": "31.75400", "2009-06-30": "12.44900", "2009-03-31": "9.44100", "2008-12-31": "7.77000", "2008-09-30": "15.43300", "2008-06-30": "23.64900", "2008-03-31": "9.67200", "2007-12-31": "6.83100", "2007-09-30": "11.45600", "2007-06-30": "9.28500", "2007-03-31": "9.19300", "2006-12-31": "49.93300", "2006-09-30": "12.82200", "2006-06-30": "8.68500", "2006-03-31": "10.56600", "2005-12-31": "9.40900", "2005-09-30": "10.63300", "2005-06-30": "10.39600", "2005-03-31": "9.73500"}, "Property, Plant, And Equipment": {"2020-09-30": "4357.66000", "2020-06-30": "4087.66700", "2020-03-31": "4100.72600", "2019-12-31": "3993.14000", "2019-09-30": "3958.02400", "2019-06-30": "3788.03000", "2019-03-31": "3745.86000", "2018-12-31": "3694.25800", "2018-09-30": "3675.61700", "2018-06-30": "3675.66700", "2018-03-31": "3681.12900", "2017-12-31": "3697.09600", "2017-09-30": "3704.54100", "2017-06-30": "3711.34400", "2017-03-31": "3713.61000", "2016-12-31": "3707.60400", "2016-09-30": "3688.97300", "2016-06-30": "2435.77300", "2016-03-31": "2353.12700", "2015-12-31": "2026.50700", "2015-09-30": "2021.35900", "2015-06-30": "1958.97200", "2015-03-31": "1891.83300", "2014-12-31": "1766.28200", "2014-09-30": "1712.82800", "2014-06-30": "1674.26400", "2014-03-31": "1585.37400", "2013-12-31": "1498.16500", "2013-09-30": "1460.05000", "2013-06-30": "1434.13900", "2013-03-31": "1437.55000", "2012-12-31": "1417.39100", "2012-09-30": "1342.97200", "2012-06-30": "1315.24400", "2012-03-31": "1285.50600", "2011-12-31": "1245.87300", "2011-09-30": "1286.78000", "2011-06-30": "1145.59300", "2011-03-31": "1143.21600", "2010-12-31": "1148.15900", "2010-09-30": "1115.49900", "2010-06-30": "1118.41800", "2010-03-31": "1133.48600", "2009-12-31": "1125.48300", "2009-09-30": "1151.25900", "2009-06-30": "1167.72800", "2009-03-31": "1170.97000", "2008-12-31": "1154.31400", "2008-09-30": "1163.25000", "2008-06-30": "1160.92200", "2008-03-31": "1160.72900", "2007-12-31": "1139.02900", "2007-09-30": "1124.75500", "2007-06-30": "1120.05600", "2007-03-31": "1032.13600", "2006-12-31": "988.06100", "2006-09-30": "975.00400", "2006-06-30": "939.69400", "2006-03-31": "785.91300", "2005-12-31": "763.43000", "2005-09-30": "759.46200", "2005-06-30": "742.39400", "2005-03-31": "714.94100"}, "Long-Term Investments": {"2020-09-30": "", "2020-06-30": "", "2020-03-31": "", "2019-12-31": "", "2019-09-30": "", "2019-06-30": "", "2019-03-31": "", "2018-12-31": "", "2018-09-30": "", "2018-06-30": "", "2018-03-31": "", "2017-12-31": "", "2017-09-30": "", "2017-06-30": "", "2017-03-31": "", "2016-12-31": "", "2016-09-30": "", "2016-06-30": "", "2016-03-31": "", "2015-12-31": "", "2015-09-30": "", "2015-06-30": "", "2015-03-31": "", "2014-12-31": "", "2014-09-30": "", "2014-06-30": "", "2014-03-31": "", "2013-12-31": "", "2013-09-30": "", "2013-06-30": "", "2013-03-31": "", "2012-12-31": "", "2012-09-30": "", "2012-06-30": "", "2012-03-31": "", "2011-12-31": "", "2011-09-30": "", "2011-06-30": "", "2011-03-31": "", "2010-12-31": "", "2010-09-30": "", "2010-06-30": "", "2010-03-31": "", "2009-12-31": "", "2009-09-30": "", "2009-06-30": "", "2009-03-31": "", "2008-12-31": "", "2008-09-30": "", "2008-06-30": "", "2008-03-31": "", "2007-12-31": "", "2007-09-30": "", "2007-06-30": "", "2007-03-31": "", "2006-12-31": "", "2006-09-30": "", "2006-06-30": "", "2006-03-31": "", "2005-12-31": "", "2005-09-30": "", "2005-06-30": "", "2005-03-31": ""}, "Goodwill And Intangible Assets": {"2020-09-30": "16.50000", "2020-06-30": "16.50000", "2020-03-31": "16.50000", "2019-12-31": "16.50000", "2019-09-30": "16.50000", "2019-06-30": "16.50000", "2019-03-31": "16.50000", "2018-12-31": "16.50000", "2018-09-30": "16.50000", "2018-06-30": "16.50000", "2018-03-31": "16.50000", "2017-12-31": "16.50000", "2017-09-30": "16.50000", "2017-06-30": "16.50000", "2017-03-31": "16.50000", "2016-12-31": "16.50000", "2016-09-30": "", "2016-06-30": "", "2016-03-31": "", "2015-12-31": "", "2015-09-30": "", "2015-06-30": "", "2015-03-31": "", "2014-12-31": "", "2014-09-30": "", "2014-06-30": "", "2014-03-31": "", "2013-12-31": "", "2013-09-30": "", "2013-06-30": "", "2013-03-31": "", "2012-12-31": "", "2012-09-30": "", "2012-06-30": "", "2012-03-31": "", "2011-12-31": "", "2011-09-30": "", "2011-06-30": "", "2011-03-31": "", "2010-12-31": "", "2010-09-30": "", "2010-06-30": "", "2010-03-31": "", "2009-12-31": "", "2009-09-30": "", "2009-06-30": "", "2009-03-31": "", "2008-12-31": "", "2008-09-30": "", "2008-06-30": "", "2008-03-31": "", "2007-12-31": "", "2007-09-30": "", "2007-06-30": "", "2007-03-31": "", "2006-12-31": "", "2006-09-30": "", "2006-06-30": "", "2006-03-31": "", "2005-12-31": "", "2005-09-30": "", "2005-06-30": "", "2005-03-31": ""}, "Other Long-Term Assets": {"2020-09-30": "187.45500", "2020-06-30": "185.20700", "2020-03-31": "188.70800", "2019-12-31": "192.34600", "2019-09-30": "185.90500", "2019-06-30": "173.43700", "2019-03-31": "176.43400", "2018-12-31": "159.08300", "2018-09-30": "155.20100", "2018-06-30": "154.54600", "2018-03-31": "155.32100", "2017-12-31": "145.28300", "2017-09-30": "149.22400", "2017-06-30": "147.61800", "2017-03-31": "115.65800", "2016-12-31": "103.50300", "2016-09-30": "136.27700", "2016-06-30": "83.06800", "2016-03-31": "85.12100", "2015-12-31": "77.56100", "2015-09-30": "72.09200", "2015-06-30": "72.38700", "2015-03-31": "73.56000", "2014-12-31": "73.63400", "2014-09-30": "54.60300", "2014-06-30": "53.19300", "2014-03-31": "45.74000", "2013-12-31": "48.18400", "2013-09-30": "49.18500", "2013-06-30": "49.52300", "2013-03-31": "47.21800", "2012-12-31": "45.86500", "2012-09-30": "45.00900", "2012-06-30": "45.39000", "2012-03-31": "46.69900", "2011-12-31": "43.25100", "2011-09-30": "44.22000", "2011-06-30": "28.44800", "2011-03-31": "31.77100", "2010-12-31": "28.98600", "2010-09-30": "29.59100", "2010-06-30": "29.77000", "2010-03-31": "30.79000", "2009-12-31": "29.46000", "2009-09-30": "31.24400", "2009-06-30": "31.42300", "2009-03-31": "30.62300", "2008-12-31": "32.21800", "2008-09-30": "30.29700", "2008-06-30": "17.07300", "2008-03-31": "15.17400", "2007-12-31": "12.34500", "2007-09-30": "13.54200", "2007-06-30": "15.91300", "2007-03-31": "12.64800", "2006-12-31": "15.21600", "2006-09-30": "15.89700", "2006-06-30": "15.01900", "2006-03-31": "13.97200", "2005-12-31": "11.53700", "2005-09-30": "10.69500", "2005-06-30": "10.07800", "2005-03-31": "10.27600"}, "Total Long-Term Assets": {"2020-09-30": "4561.61500", "2020-06-30": "4289.37400", "2020-03-31": "4305.93400", "2019-12-31": "4201.98600", "2019-09-30": "4160.42900", "2019-06-30": "3977.96700", "2019-03-31": "3938.79400", "2018-12-31": "3869.84100", "2018-09-30": "3847.31800", "2018-06-30": "3846.71300", "2018-03-31": "3852.95000", "2017-12-31": "3858.87900", "2017-09-30": "3870.26500", "2017-06-30": "3875.46200", "2017-03-31": "3845.76800", "2016-12-31": "3827.60700", "2016-09-30": "3825.25000", "2016-06-30": "2518.84100", "2016-03-31": "2438.24800", "2015-12-31": "2104.06800", "2015-09-30": "2093.45100", "2015-06-30": "2031.35900", "2015-03-31": "1965.39300", "2014-12-31": "1839.91600", "2014-09-30": "1767.43100", "2014-06-30": "1727.45700", "2014-03-31": "1631.11400", "2013-12-31": "1546.34900", "2013-09-30": "1509.23500", "2013-06-30": "1483.66200", "2013-03-31": "1484.76800", "2012-12-31": "1472.76200", "2012-09-30": "1387.98100", "2012-06-30": "1371.76000", "2012-03-31": "1332.20500", "2011-12-31": "1332.82600", "2011-09-30": "1331.00000", "2011-06-30": "1174.04100", "2011-03-31": "1174.98700", "2010-12-31": "1177.14500", "2010-09-30": "1145.09000", "2010-06-30": "1148.18800", "2010-03-31": "1166.71400", "2009-12-31": "1171.86900", "2009-09-30": "1182.50300", "2009-06-30": "1199.15100", "2009-03-31": "1201.59300", "2008-12-31": "1204.75800", "2008-09-30": "1193.54700", "2008-06-30": "1177.99500", "2008-03-31": "1175.90300", "2007-12-31": "1157.75700", "2007-09-30": "1138.29700", "2007-06-30": "1135.96900", "2007-03-31": "1044.78400", "2006-12-31": "1003.27700", "2006-09-30": "990.90100", "2006-06-30": "954.71300", "2006-03-31": "799.88500", "2005-12-31": "774.96700", "2005-09-30": "770.15700", "2005-06-30": "752.47200", "2005-03-31": "725.21700"}, "Total Assets": {"2020-09-30": "4689.05500", "2020-06-30": "4311.26400", "2020-03-31": "4339.28900", "2019-12-31": "4232.96400", "2019-09-30": "4188.74000", "2019-06-30": "4034.77700", "2019-03-31": "3958.80300", "2018-12-31": "3892.21200", "2018-09-30": "3869.33400", "2018-06-30": "3862.96900", "2018-03-31": "3868.91400", "2017-12-31": "3876.77400", "2017-09-30": "3884.33500", "2017-06-30": "3890.67100", "2017-03-31": "3857.63300", "2016-12-31": "3857.98400", "2016-09-30": "3848.11600", "2016-06-30": "3426.45300", "2016-03-31": "2449.48300", "2015-12-31": "2118.82200", "2015-09-30": "2106.81200", "2015-06-30": "2044.95200", "2015-03-31": "1982.17800", "2014-12-31": "1854.80000", "2014-09-30": "1781.28400", "2014-06-30": "1740.29100", "2014-03-31": "1643.00800", "2013-12-31": "1561.87500", "2013-09-30": "1523.26200", "2013-06-30": "1497.41400", "2013-03-31": "1495.54000", "2012-12-31": "1484.31000", "2012-09-30": "1397.34800", "2012-06-30": "1382.76300", "2012-03-31": "1350.00100", "2011-12-31": "1343.67400", "2011-09-30": "1340.48800", "2011-06-30": "1184.19500", "2011-03-31": "1181.99200", "2010-12-31": "1185.54100", "2010-09-30": "1179.57300", "2010-06-30": "1178.73100", "2010-03-31": "1176.13500", "2009-12-31": "1185.09800", "2009-09-30": "1214.25700", "2009-06-30": "1211.60000", "2009-03-31": "1211.03400", "2008-12-31": "1212.52800", "2008-09-30": "1208.98000", "2008-06-30": "1201.64400", "2008-03-31": "1185.57500", "2007-12-31": "1164.58800", "2007-09-30": "1149.75300", "2007-06-30": "1145.25400", "2007-03-31": "1053.97700", "2006-12-31": "1053.21000", "2006-09-30": "1003.72300", "2006-06-30": "963.39800", "2006-03-31": "810.45100", "2005-12-31": "784.37600", "2005-09-30": "780.79000", "2005-06-30": "762.86800", "2005-03-31": "734.95200"}, "Total Current Liabilities": {"2020-09-30": "107.98000", "2020-06-30": "89.12400", "2020-03-31": "81.29500", "2019-12-31": "103.94200", "2019-09-30": "99.33700", "2019-06-30": "90.34400", "2019-03-31": "77.51300", "2018-12-31": "87.44600", "2018-09-30": "79.19400", "2018-06-30": "83.25400", "2018-03-31": "69.22700", "2017-12-31": "92.94100", "2017-09-30": "73.59700", "2017-06-30": "66.13400", "2017-03-31": "45.78700", "2016-12-31": "75.13200", "2016-09-30": "62.15500", "2016-06-30": "37.16000", "2016-03-31": "38.06500", "2015-12-31": "47.83900", "2015-09-30": "47.14600", "2015-06-30": "37.25900", "2015-03-31": "33.32400", "2014-12-31": "43.55100", "2014-09-30": "43.80700", "2014-06-30": "35.04000", "2014-03-31": "27.09500", "2013-12-31": "37.74100", "2013-09-30": "33.26300", "2013-06-30": "28.66500", "2013-03-31": "22.03100", "2012-12-31": "36.56400", "2012-09-30": "29.79700", "2012-06-30": "26.61800", "2012-03-31": "20.66900", "2011-12-31": "31.41400", "2011-09-30": "30.36500", "2011-06-30": "20.46100", "2011-03-31": "18.01800", "2010-12-31": "23.99100", "2010-09-30": "24.19300", "2010-06-30": "19.37900", "2010-03-31": "19.04000", "2009-12-31": "22.31600", "2009-09-30": "25.91200", "2009-06-30": "20.58600", "2009-03-31": "32.66800", "2008-12-31": "38.06000", "2008-09-30": "41.00300", "2008-06-30": "34.70800", "2008-03-31": "33.20900", "2007-12-31": "37.40800", "2007-09-30": "36.44300", "2007-06-30": "31.73300", "2007-03-31": "28.77000", "2006-12-31": "28.03300", "2006-09-30": "33.49100", "2006-06-30": "28.66800", "2006-03-31": "20.65900", "2005-12-31": "21.66600", "2005-09-30": "23.56900", "2005-06-30": "21.22100", "2005-03-31": "17.82500"}, "Long Term Debt": {"2020-09-30": "2289.13500", "2020-06-30": "2052.05800", "2020-03-31": "2076.60300", "2019-12-31": "1958.12200", "2019-09-30": "1917.64000", "2019-06-30": "1869.08300", "2019-03-31": "1800.54800", "2018-12-31": "1714.12200", "2018-09-30": "1750.94500", "2018-06-30": "1735.55100", "2018-03-31": "1752.15700", "2017-12-31": "1726.76300", "2017-09-30": "1730.57200", "2017-06-30": "1732.23200", "2017-03-31": "1699.89100", "2016-12-31": "1653.55200", "2016-09-30": "1637.25300", "2016-06-30": "1197.97500", "2016-03-31": "889.79000", "2015-12-31": "827.64300", "2015-09-30": "866.02800", "2015-06-30": "848.06100", "2015-03-31": "815.09500", "2014-12-31": "801.12700", "2014-09-30": "752.16000", "2014-06-30": "760.19100", "2014-03-31": "692.22300", "2013-12-31": "626.25400", "2013-09-30": "627.24200", "2013-06-30": "643.16100", "2013-03-31": "655.20600", "2012-12-31": "684.25100", "2012-09-30": "605.29500", "2012-06-30": "649.33900", "2012-03-31": "642.38100", "2011-12-31": "625.42300", "2011-09-30": "663.18200", "2011-06-30": "512.75300", "2011-03-31": "494.34400", "2010-12-31": "488.95400", "2010-09-30": "479.53900", "2010-06-30": "480.09800", "2010-03-31": "480.64800", "2009-12-31": "481.21900", "2009-09-30": "607.84200", "2009-06-30": "608.31400", "2009-03-31": "631.77700", "2008-12-31": "623.26100", "2008-09-30": "612.72000", "2008-06-30": "610.15200", "2008-03-31": "592.11400", "2007-12-31": "566.51700", "2007-09-30": "551.91100", "2007-06-30": "550.28000", "2007-03-31": "461.64000", "2006-12-31": "462.02700", "2006-09-30": "528.38700", "2006-06-30": "502.72200", "2006-03-31": "363.89100", "2005-12-31": "339.14400", "2005-09-30": "334.39400", "2005-06-30": "320.61900", "2005-03-31": "304.86700"}, "Other Non-Current Liabilities": {"2020-09-30": "42.05200", "2020-06-30": "37.40100", "2020-03-31": "33.67200", "2019-12-31": "38.00600", "2019-09-30": "36.44500", "2019-06-30": "33.43000", "2019-03-31": "33.85100", "2018-12-31": "32.90700", "2018-09-30": "29.63400", "2018-06-30": "30.72400", "2018-03-31": "28.19300", "2017-12-31": "28.74700", "2017-09-30": "38.05700", "2017-06-30": "38.00500", "2017-03-31": "39.45300", "2016-12-31": "40.80600", "2016-09-30": "47.24000", "2016-06-30": "50.27600", "2016-03-31": "59.19700", "2015-12-31": "41.02500", "2015-09-30": "43.59900", "2015-06-30": "38.30900", "2015-03-31": "41.98400", "2014-12-31": "34.25300", "2014-09-30": "32.54400", "2014-06-30": "35.46000", "2014-03-31": "31.35700", "2013-12-31": "27.17100", "2013-09-30": "32.35900", "2013-06-30": "27.83700", "2013-03-31": "33.45100", "2012-12-31": "34.76500", "2012-09-30": "22.87400", "2012-06-30": "39.06300", "2012-03-31": "33.27100", "2011-12-31": "16.83200", "2011-09-30": "14.57800", "2011-06-30": "12.94200", "2011-03-31": "13.81100", "2010-12-31": "15.45300", "2010-09-30": "17.05400", "2010-06-30": "17.60900", "2010-03-31": "17.19300", "2009-12-31": "16.50400", "2009-09-30": "25.81700", "2009-06-30": "25.40700", "2009-03-31": "31.24000", "2008-12-31": "31.06000", "2008-09-30": "11.77900", "2008-06-30": "10.54400", "2008-03-31": "10.37700", "2007-12-31": "6.83200", "2007-09-30": "5.74600", "2007-06-30": "6.33800", "2007-03-31": "6.06800", "2006-12-31": "5.29200", "2006-09-30": "5.50600", "2006-06-30": "5.62400", "2006-03-31": "4.58300", "2005-12-31": "4.22700", "2005-09-30": "4.13300", "2005-06-30": "7.02900", "2005-03-31": "5.82300"}, "Total Long Term Liabilities": {"2020-09-30": "2331.18700", "2020-06-30": "2089.45900", "2020-03-31": "2110.27500", "2019-12-31": "1996.12800", "2019-09-30": "1954.08500", "2019-06-30": "1902.51300", "2019-03-31": "1834.39900", "2018-12-31": "1747.02900", "2018-09-30": "1780.57900", "2018-06-30": "1766.27500", "2018-03-31": "1780.35000", "2017-12-31": "1755.51000", "2017-09-30": "1768.62900", "2017-06-30": "1770.23700", "2017-03-31": "1739.34400", "2016-12-31": "1694.35800", "2016-09-30": "1684.49300", "2016-06-30": "1248.25100", "2016-03-31": "948.98700", "2015-12-31": "868.66800", "2015-09-30": "909.62700", "2015-06-30": "886.37000", "2015-03-31": "857.07900", "2014-12-31": "835.38000", "2014-09-30": "784.70400", "2014-06-30": "795.65100", "2014-03-31": "723.58000", "2013-12-31": "653.42500", "2013-09-30": "659.60100", "2013-06-30": "670.99800", "2013-03-31": "688.65700", "2012-12-31": "719.01600", "2012-09-30": "639.98000", "2012-06-30": "688.40200", "2012-03-31": "675.65200", "2011-12-31": "656.72090", "2011-09-30": "690.36100", "2011-06-30": "539.59500", "2011-03-31": "521.56300", "2010-12-31": "516.88700", "2010-09-30": "509.59000", "2010-06-30": "509.51400", "2010-03-31": "511.26000", "2009-12-31": "512.72800", "2009-09-30": "646.43800", "2009-06-30": "644.05200", "2009-03-31": "672.15900", "2008-12-31": "669.43900", "2008-09-30": "646.90500", "2008-06-30": "643.27300", "2008-03-31": "628.83200", "2007-12-31": "599.79100", "2007-09-30": "584.21900", "2007-06-30": "583.30300", "2007-03-31": "494.49100", "2006-12-31": "494.26600", "2006-09-30": "558.99690", "2006-06-30": "533.49000", "2006-03-31": "393.39600", "2005-12-31": "368.62500", "2005-09-30": "364.41600", "2005-06-30": "354.10800", "2005-03-31": "337.39200"}, "Total Liabilities": {"2020-09-30": "2439.16700", "2020-06-30": "2178.58300", "2020-03-31": "2191.57000", "2019-12-31": "2100.07000", "2019-09-30": "2053.42200", "2019-06-30": "1992.85700", "2019-03-31": "1911.91200", "2018-12-31": "1834.47500", "2018-09-30": "1859.77300", "2018-06-30": "1849.52900", "2018-03-31": "1849.57700", "2017-12-31": "1848.45100", "2017-09-30": "1842.22600", "2017-06-30": "1836.37100", "2017-03-31": "1785.13100", "2016-12-31": "1769.49000", "2016-09-30": "1746.64800", "2016-06-30": "1285.41100", "2016-03-31": "987.05200", "2015-12-31": "916.50700", "2015-09-30": "956.77300", "2015-06-30": "923.62900", "2015-03-31": "890.40300", "2014-12-31": "878.93100", "2014-09-30": "828.51100", "2014-06-30": "830.69100", "2014-03-31": "750.67500", "2013-12-31": "691.16600", "2013-09-30": "692.86400", "2013-06-30": "699.66300", "2013-03-31": "710.68800", "2012-12-31": "755.58000", "2012-09-30": "669.77700", "2012-06-30": "715.02000", "2012-03-31": "696.32100", "2011-12-31": "688.13500", "2011-09-30": "720.72600", "2011-06-30": "560.05600", "2011-03-31": "539.58100", "2010-12-31": "540.87800", "2010-09-30": "533.78300", "2010-06-30": "528.89300", "2010-03-31": "530.30000", "2009-12-31": "535.04400", "2009-09-30": "672.35000", "2009-06-30": "664.63800", "2009-03-31": "704.82700", "2008-12-31": "707.49900", "2008-09-30": "687.90800", "2008-06-30": "677.98100", "2008-03-31": "662.04100", "2007-12-31": "637.19900", "2007-09-30": "620.66200", "2007-06-30": "615.03600", "2007-03-31": "523.26100", "2006-12-31": "522.29900", "2006-09-30": "592.48800", "2006-06-30": "562.15800", "2006-03-31": "414.05500", "2005-12-31": "390.29100", "2005-09-30": "387.98500", "2005-06-30": "375.32900", "2005-03-31": "355.21700"}, "Common Stock Net": {"2020-09-30": "0.48200", "2020-06-30": "0.46900", "2020-03-31": "0.46900", "2019-12-31": "0.46700", "2019-09-30": "0.46700", "2019-06-30": "0.46700", "2019-03-31": "0.46600", "2018-12-31": "0.46600", "2018-09-30": "0.46600", "2018-06-30": "0.46600", "2018-03-31": "0.46500", "2017-12-31": "0.46600", "2017-09-30": "0.46500", "2017-06-30": "0.46600", "2017-03-31": "0.46500", "2016-12-31": "0.46400", "2016-09-30": "0.46400", "2016-06-30": "0.46400", "2016-03-31": "0.39400", "2015-12-31": "0.36700", "2015-09-30": "0.36200", "2015-06-30": "0.37000", "2015-03-31": "0.36700", "2014-12-31": "0.34100", "2014-09-30": "0.34900", "2014-06-30": "0.34400", "2014-03-31": "0.34100", "2013-12-31": "0.33700", "2013-09-30": "0.33100", "2013-06-30": "0.32600", "2013-03-31": "0.32500", "2012-12-31": "0.31600", "2012-09-30": "0.31600", "2012-06-30": "0.30600", "2012-03-31": "0.30100", "2011-12-31": "0.30100", "2011-09-30": "0.29000", "2011-06-30": "0.28900", "2011-03-31": "0.28900", "2010-12-31": "0.28800", "2010-09-30": "0.28800", "2010-06-30": "0.28800", "2010-03-31": "0.28700", "2009-12-31": "0.28700", "2009-09-30": "549.30400", "2009-06-30": "0.24600", "2009-03-31": "0.23300", "2008-12-31": "0.23200", "2008-09-30": "0.23100", "2008-06-30": "0.23100", "2008-03-31": "0.23000", "2007-12-31": "0.22800", "2007-09-30": "0.22800", "2007-06-30": "0.21900", "2007-03-31": "0.21700", "2006-12-31": "0.21600", "2006-09-30": "0.19300", "2006-06-30": "0.19000", "2006-03-31": "0.18800", "2005-12-31": "0.18700", "2005-09-30": "0.18100", "2005-06-30": "0.17600", "2005-03-31": "0.17200"}, "Retained Earnings (Accumulated Deficit)": {"2020-09-30": "-278.72600", "2020-06-30": "-262.67000", "2020-03-31": "-246.33200", "2019-12-31": "-238.33800", "2019-09-30": "-234.77700", "2019-06-30": "-326.52200", "2019-03-31": "-320.48200", "2018-12-31": "-308.01100", "2018-09-30": "-354.13000", "2018-06-30": "-348.76400", "2018-03-31": "-338.48900", "2017-12-31": "-327.72700", "2017-09-30": "-300.42300", "2017-06-30": "-288.12900", "2017-03-31": "-262.50800", "2016-12-31": "-239.06200", "2016-09-30": "-214.70300", "2016-06-30": "-167.90100", "2016-03-31": "-176.42900", "2015-12-31": "-171.98000", "2015-09-30": "-168.87100", "2015-06-30": "-168.96300", "2015-03-31": "-172.07800", "2014-12-31": "-167.69200", "2014-09-30": "-168.62800", "2014-06-30": "-172.16200", "2014-03-31": "-169.51600", "2013-12-31": "-162.45000", "2013-09-30": "-169.72100", "2013-06-30": "-170.74000", "2013-03-31": "-173.33400", "2012-12-31": "-172.77300", "2012-09-30": "-171.67300", "2012-06-30": "-175.56300", "2012-03-31": "-174.13700", "2011-12-31": "-169.79900", "2011-09-30": "-165.62900", "2011-06-30": "-156.67500", "2011-03-31": "-153.42900", "2010-12-31": "-148.26400", "2010-09-30": "-144.73800", "2010-06-30": "-140.01100", "2010-03-31": "-144.08500", "2009-12-31": "-139.86300", "2009-09-30": "", "2009-06-30": "-118.01800", "2009-03-31": "-123.23200", "2008-12-31": "-122.58100", "2008-09-30": "-111.01500", "2008-06-30": "-106.48100", "2008-03-31": "-103.23100", "2007-12-31": "-98.43700", "2007-09-30": "-95.51800", "2007-06-30": "-92.77800", "2007-03-31": "-87.43700", "2006-12-31": "-83.60900", "2006-09-30": "-79.46900", "2006-06-30": "-77.09000", "2006-03-31": "-74.90300", "2005-12-31": "-71.99500", "2005-09-30": "-69.09900", "2005-06-30": "-67.28300", "2005-03-31": "-64.97100"}, "Comprehensive Income": {"2020-09-30": "-5.27000", "2020-06-30": "-5.50000", "2020-03-31": "-5.72900", "2019-12-31": "-5.95800", "2019-09-30": "-6.18800", "2019-06-30": "-6.41700", "2019-03-31": "-6.64600", "2018-12-31": "-6.87500", "2018-09-30": "-7.10400", "2018-06-30": "-7.20400", "2018-03-31": "-7.31000", "2017-12-31": "-7.58700", "2017-09-30": "-18.81400", "2017-06-30": "-19.61600", "2017-03-31": "-19.85300", "2016-12-31": "-21.47500", "2016-09-30": "-27.93200", "2016-06-30": "-30.86300", "2016-03-31": "-26.51100", "2015-12-31": "-14.41500", "2015-09-30": "-19.10800", "2015-06-30": "-14.57100", "2015-03-31": "-16.99200", "2014-12-31": "-13.00500", "2014-09-30": "-9.59300", "2014-06-30": "-12.05700", "2014-03-31": "-8.33100", "2013-12-31": "-6.40200", "2013-09-30": "-10.05300", "2013-06-30": "-6.48100", "2013-03-31": "-13.70300", "2012-12-31": "-15.24200", "2012-09-30": "-16.22400", "2012-06-30": "-14.48300", "2012-03-31": "-9.20000", "2011-12-31": "-10.25500", "2011-09-30": "-8.36500", "2011-06-30": "-7.49900", "2011-03-31": "-8.69900", "2010-12-31": "-10.25400", "2010-09-30": "-12.13700", "2010-06-30": "-12.24900", "2010-03-31": "-11.87400", "2009-12-31": "-11.26500", "2009-09-30": "-20.47900", "2009-06-30": "-19.34900", "2009-03-31": "-25.10300", "2008-12-31": "-25.16200", "2008-09-30": "-5.91400", "2008-06-30": "-4.19800", "2008-03-31": "-4.22100", "2007-12-31": "-1.36800", "2007-09-30": "0.68400", "2007-06-30": "2.75100", "2007-03-31": "1.55500", "2006-12-31": "2.12800", "2006-09-30": "2.08000", "2006-06-30": "4.40900", "2006-03-31": "3.48800", "2005-12-31": "1.45400", "2005-09-30": "0.26600", "2005-06-30": "-2.57800", "2005-03-31": "-1.46100"}, "Other Share Holders Equity": {"2020-09-30": "", "2020-06-30": "", "2020-03-31": "", "2019-12-31": "", "2019-09-30": "", "2019-06-30": "", "2019-03-31": "", "2018-12-31": "", "2018-09-30": "", "2018-06-30": "", "2018-03-31": "", "2017-12-31": "", "2017-09-30": "", "2017-06-30": "", "2017-03-31": "", "2016-12-31": "", "2016-09-30": "", "2016-06-30": "", "2016-03-31": "", "2015-12-31": "", "2015-09-30": "", "2015-06-30": "", "2015-03-31": "", "2014-12-31": "", "2014-09-30": "", "2014-06-30": "", "2014-03-31": "", "2013-12-31": "", "2013-09-30": "", "2013-06-30": "", "2013-03-31": "", "2012-12-31": "", "2012-09-30": "", "2012-06-30": "", "2012-03-31": "", "2011-12-31": "", "2011-09-30": "", "2011-06-30": "", "2011-03-31": "", "2010-12-31": "", "2010-09-30": "", "2010-06-30": "", "2010-03-31": "", "2009-12-31": "", "2009-09-30": "", "2009-06-30": "", "2009-03-31": "", "2008-12-31": "", "2008-09-30": "", "2008-06-30": "", "2008-03-31": "", "2007-12-31": "", "2007-09-30": "", "2007-06-30": "", "2007-03-31": "", "2006-12-31": "", "2006-09-30": "", "2006-06-30": "", "2006-03-31": "", "2005-12-31": "", "2005-09-30": "", "2005-06-30": "", "2005-03-31": ""}, "Share Holder Equity": {"2020-09-30": "2249.88800", "2020-06-30": "2132.68100", "2020-03-31": "2147.71900", "2019-12-31": "2132.89400", "2019-09-30": "2135.31800", "2019-06-30": "2041.92000", "2019-03-31": "2046.89100", "2018-12-31": "2057.73700", "2018-09-30": "2009.56100", "2018-06-30": "2013.44000", "2018-03-31": "2019.33700", "2017-12-31": "2028.32300", "2017-09-30": "2042.10900", "2017-06-30": "2054.30000", "2017-03-31": "2072.50200", "2016-12-31": "2088.49400", "2016-09-30": "2101.46800", "2016-06-30": "2141.04200", "2016-03-31": "1462.43100", "2015-12-31": "1202.31500", "2015-09-30": "1150.03900", "2015-06-30": "1121.32300", "2015-03-31": "1091.77500", "2014-12-31": "975.86900", "2014-09-30": "952.77300", "2014-06-30": "909.60000", "2014-03-31": "892.33300", "2013-12-31": "870.70900", "2013-09-30": "830.39800", "2013-06-30": "797.75100", "2013-03-31": "784.85200", "2012-12-31": "728.73000", "2012-09-30": "727.57100", "2012-06-30": "667.74300", "2012-03-31": "653.68000", "2011-12-31": "655.53900", "2011-09-30": "619.76200", "2011-06-30": "624.13900", "2011-03-31": "642.41100", "2010-12-31": "644.66300", "2010-09-30": "645.79000", "2010-06-30": "649.83800", "2010-03-31": "645.83500", "2009-12-31": "650.05400", "2009-09-30": "541.90700", "2009-06-30": "546.96200", "2009-03-31": "506.20700", "2008-12-31": "505.02900", "2008-09-30": "521.07200", "2008-06-30": "523.66300", "2008-03-31": "523.53400", "2007-12-31": "527.38900", "2007-09-30": "529.09100", "2007-06-30": "530.21800", "2007-03-31": "530.71600", "2006-12-31": "530.91100", "2006-09-30": "411.23500", "2006-06-30": "401.24000", "2006-03-31": "396.39600", "2005-12-31": "394.08500", "2005-09-30": "392.80500", "2005-06-30": "387.53900", "2005-03-31": "379.73500"}, "Total Liabilities And Share Holders Equity": {"2020-09-30": "4689.05500", "2020-06-30": "4311.26400", "2020-03-31": "4339.28900", "2019-12-31": "4232.96400", "2019-09-30": "4188.74000", "2019-06-30": "4034.77700", "2019-03-31": "3958.80300", "2018-12-31": "3892.21200", "2018-09-30": "3869.33400", "2018-06-30": "3862.96900", "2018-03-31": "3868.91400", "2017-12-31": "3876.77400", "2017-09-30": "3884.33500", "2017-06-30": "3890.67100", "2017-03-31": "3857.63300", "2016-12-31": "3857.98400", "2016-09-30": "3848.11600", "2016-06-30": "3426.45300", "2016-03-31": "2449.48300", "2015-12-31": "2118.82200", "2015-09-30": "2106.81200", "2015-06-30": "2044.95200", "2015-03-31": "1982.17800", "2014-12-31": "1854.80000", "2014-09-30": "1781.28400", "2014-06-30": "1740.29100", "2014-03-31": "1643.00800", "2013-12-31": "1561.87500", "2013-09-30": "1523.26200", "2013-06-30": "1497.41400", "2013-03-31": "1495.54000", "2012-12-31": "1484.31000", "2012-09-30": "1397.34800", "2012-06-30": "1382.76300", "2012-03-31": "1350.00100", "2011-12-31": "1343.67400", "2011-09-30": "1340.48800", "2011-06-30": "1184.19500", "2011-03-31": "1181.99200", "2010-12-31": "1185.54100", "2010-09-30": "1179.57300", "2010-06-30": "1178.73100", "2010-03-31": "1176.13500", "2009-12-31": "1185.09800", "2009-09-30": "1214.25700", "2009-06-30": "1211.60000", "2009-03-31": "1211.03400", "2008-12-31": "1212.52800", "2008-09-30": "1208.98000", "2008-06-30": "1201.64400", "2008-03-31": "1185.57500", "2007-12-31": "1164.58800", "2007-09-30": "1149.75300", "2007-06-30": "1145.25400", "2007-03-31": "1053.97700", "2006-12-31": "1053.21000", "2006-09-30": "1003.72300", "2006-06-30": "963.39800", "2006-03-31": "810.45100", "2005-12-31": "784.37600", "2005-09-30": "780.79000", "2005-06-30": "762.86800", "2005-03-31": "734.95200"}}, "cash flow statement": {"Net Income/Loss": {"2019-12-31": "260.07700", "2018-12-31": "207.55800", "2017-12-31": "96.80900", "2016-12-31": "84.95600", "2015-12-31": "113.07700", "2014-12-31": "89.05700", "2013-12-31": "74.59500", "2012-12-31": "55.64100", "2011-12-31": "31.52900", "2010-12-31": "42.54100", "2009-12-31": "21.65400", "2008-12-31": "39.68300", "2007-12-31": "41.84500", "2006-12-31": "36.61000", "2005-12-31": "34.79000"}, "Total Depreciation And Amortization - Cash Flow": {"2019-12-31": "111.03000", "2018-12-31": "106.15100", "2017-12-31": "131.77400", "2016-12-31": "126.76900", "2015-12-31": "59.69000", "2014-12-31": "52.69100", "2013-12-31": "46.38000", "2012-12-31": "42.51500", "2011-12-31": "37.76200", "2010-12-31": "34.18600", "2009-12-31": "35.65600", "2008-12-31": "35.65900", "2007-12-31": "34.99900", "2006-12-31": "26.34000", "2005-12-31": "22.01200"}, "Other Non-Cash Items": {"2019-12-31": "-95.01500", "2018-12-31": "-45.24900", "2017-12-31": "11.82900", "2016-12-31": "-5.17100", "2015-12-31": "8.43300", "2014-12-31": "0.76100", "2013-12-31": "1.12500", "2012-12-31": "-1.14400", "2011-12-31": "2.74000", "2010-12-31": "-5.02900", "2009-12-31": "3.05000", "2008-12-31": "1.24800", "2007-12-31": "1.27200", "2006-12-31": "3.38000", "2005-12-31": "1.84500"}, "Total Non-Cash Items": {"2019-12-31": "16.01500", "2018-12-31": "60.90200", "2017-12-31": "143.60300", "2016-12-31": "121.59800", "2015-12-31": "68.12300", "2014-12-31": "53.45200", "2013-12-31": "47.50500", "2012-12-31": "41.37100", "2011-12-31": "40.50200", "2010-12-31": "29.15700", "2009-12-31": "38.70600", "2008-12-31": "36.90700", "2007-12-31": "36.27100", "2006-12-31": "29.72000", "2005-12-31": "23.85700"}, "Change In Accounts Receivable": {"2019-12-31": "-4.53400", "2018-12-31": "-0.52900", "2017-12-31": "-1.86200", "2016-12-31": "4.81400", "2015-12-31": "-1.03800", "2014-12-31": "-0.60600", "2013-12-31": "-1.65900", "2012-12-31": "-0.69300", "2011-12-31": "-0.52300", "2010-12-31": "-0.02100", "2009-12-31": "0.50900", "2008-12-31": "-0.17100", "2007-12-31": "-0.59900", "2006-12-31": "-0.40700", "2005-12-31": "-0.07400"}, "Change In Inventories": {"2019-12-31": "", "2018-12-31": "", "2017-12-31": "", "2016-12-31": "", "2015-12-31": "", "2014-12-31": "", "2013-12-31": "", "2012-12-31": "", "2011-12-31": "", "2010-12-31": "", "2009-12-31": "", "2008-12-31": "", "2007-12-31": "", "2006-12-31": "", "2005-12-31": ""}, "Change In Accounts Payable": {"2019-12-31": "", "2018-12-31": "", "2017-12-31": "", "2016-12-31": "", "2015-12-31": "", "2014-12-31": "", "2013-12-31": "", "2012-12-31": "", "2011-12-31": "", "2010-12-31": "", "2009-12-31": "", "2008-12-31": "", "2007-12-31": "", "2006-12-31": "", "2005-12-31": ""}, "Change In Assets/Liabilities": {"2019-12-31": "1.98900", "2018-12-31": "-0.10500", "2017-12-31": "-0.60800", "2016-12-31": "-4.07400", "2015-12-31": "0.18900", "2014-12-31": "-1.02200", "2013-12-31": "-0.87400", "2012-12-31": "-1.79700", "2011-12-31": "0.40100", "2010-12-31": "-0.26300", "2009-12-31": "-0.04900", "2008-12-31": "0.09400", "2007-12-31": "0.57600", "2006-12-31": "-2.27800", "2005-12-31": "0.21600"}, "Total Change In Assets/Liabilities": {"2019-12-31": "2.75000", "2018-12-31": "-6.16200", "2017-12-31": "8.22200", "2016-12-31": "19.23400", "2015-12-31": "4.99800", "2014-12-31": "3.55900", "2013-12-31": "-1.45400", "2012-12-31": "1.75000", "2011-12-31": "7.86600", "2010-12-31": "1.97300", "2009-12-31": "-1.21700", "2008-12-31": "0.54200", "2007-12-31": "7.05900", "2006-12-31": "-1.67400", "2005-12-31": "1.58700"}, "Cash Flow From Operating Activities": {"2019-12-31": "278.84200", "2018-12-31": "262.29800", "2017-12-31": "248.63400", "2016-12-31": "225.78800", "2015-12-31": "186.19800", "2014-12-31": "146.06800", "2013-12-31": "120.64600", "2012-12-31": "98.76200", "2011-12-31": "79.89700", "2010-12-31": "73.67100", "2009-12-31": "59.14300", "2008-12-31": "77.13200", "2007-12-31": "85.17500", "2006-12-31": "64.65600", "2005-12-31": "60.23400"}, "Net Change In Property, Plant, And Equipment": {"2019-12-31": "-484.29300", "2018-12-31": "-140.00000", "2017-12-31": "-105.53700", "2016-12-31": "-1823.11900", "2015-12-31": "-317.10300", "2014-12-31": "-316.82800", "2013-12-31": "-123.78200", "2012-12-31": "-220.41700", "2011-12-31": "-176.48900", "2010-12-31": "-56.23300", "2009-12-31": "-21.12100", "2008-12-31": "-64.25600", "2007-12-31": "-190.50000", "2006-12-31": "-167.27200", "2005-12-31": "-78.56600"}, "Net Change In Intangible Assets": {"2019-12-31": "", "2018-12-31": "", "2017-12-31": "", "2016-12-31": "", "2015-12-31": "", "2014-12-31": "", "2013-12-31": "", "2012-12-31": "", "2011-12-31": "", "2010-12-31": "", "2009-12-31": "", "2008-12-31": "", "2007-12-31": "", "2006-12-31": "", "2005-12-31": ""}, "Net Acquisitions/Divestitures": {"2019-12-31": "207.56800", "2018-12-31": "92.28000", "2017-12-31": "18.87200", "2016-12-31": "34.69700", "2015-12-31": "", "2014-12-31": "11.19100", "2013-12-31": "11.74100", "2012-12-31": "47.69800", "2011-12-31": "", "2010-12-31": "23.70800", "2009-12-31": "16.30900", "2008-12-31": "7.00200", "2007-12-31": "", "2006-12-31": "", "2005-12-31": ""}, "Net Change In Short-term Investments": {"2019-12-31": "-25.65900", "2018-12-31": "-7.71800", "2017-12-31": "-69.91100", "2016-12-31": "-6.43800", "2015-12-31": "-6.15100", "2014-12-31": "", "2013-12-31": "", "2012-12-31": "", "2011-12-31": "", "2010-12-31": "", "2009-12-31": "", "2008-12-31": "", "2007-12-31": "", "2006-12-31": "", "2005-12-31": ""}, "Net Change In Long-Term Investments": {"2019-12-31": "", "2018-12-31": "", "2017-12-31": "", "2016-12-31": "", "2015-12-31": "", "2014-12-31": "-28.65000", "2013-12-31": "-4.23700", "2012-12-31": "-3.57100", "2011-12-31": "-13.57100", "2010-12-31": "", "2009-12-31": "-0.33100", "2008-12-31": "-26.39300", "2007-12-31": "", "2006-12-31": "-8.18100", "2005-12-31": ""}, "Net Change In Investments - Total": {"2019-12-31": "-25.65900", "2018-12-31": "-7.71800", "2017-12-31": "-69.91100", "2016-12-31": "-6.43800", "2015-12-31": "-6.15100", "2014-12-31": "-28.65000", "2013-12-31": "-4.23700", "2012-12-31": "-3.57100", "2011-12-31": "-13.57100", "2010-12-31": "", "2009-12-31": "-0.33100", "2008-12-31": "-26.39300", "2007-12-31": "", "2006-12-31": "-8.18100", "2005-12-31": ""}, "Investing Activities - Other": {"2019-12-31": "-0.13800", "2018-12-31": "-0.26200", "2017-12-31": "0.06600", "2016-12-31": "-1.20900", "2015-12-31": "-5.43500", "2014-12-31": "-0.70600", "2013-12-31": "1.93300", "2012-12-31": "0.62600", "2011-12-31": "0.18100", "2010-12-31": "-0.08000", "2009-12-31": "0.69500", "2008-12-31": "0.93600", "2007-12-31": "0.23300", "2006-12-31": "-1.11400", "2005-12-31": "-0.59000"}, "Cash Flow From Investing Activities": {"2019-12-31": "-302.52200", "2018-12-31": "-55.70000", "2017-12-31": "-156.51000", "2016-12-31": "-1796.06900", "2015-12-31": "-328.68900", "2014-12-31": "-334.99300", "2013-12-31": "-114.34500", "2012-12-31": "-175.66400", "2011-12-31": "-189.87900", "2010-12-31": "-32.60500", "2009-12-31": "-4.44800", "2008-12-31": "-82.71100", "2007-12-31": "-190.26700", "2006-12-31": "-176.56700", "2005-12-31": "-79.15600"}, "Net Long-Term Debt": {"2019-12-31": "221.70800", "2018-12-31": "-15.76400", "2017-12-31": "74.50000", "2016-12-31": "820.48500", "2015-12-31": "29.86600", "2014-12-31": "174.87300", "2013-12-31": "-57.99700", "2012-12-31": "58.82800", "2011-12-31": "133.95800", "2010-12-31": "7.73500", "2009-12-31": "-142.04200", "2008-12-31": "56.30100", "2007-12-31": "104.49000", "2006-12-31": "58.71400", "2005-12-31": "46.12300"}, "Net Current Debt": {"2019-12-31": "", "2018-12-31": "", "2017-12-31": "", "2016-12-31": "", "2015-12-31": "", "2014-12-31": "", "2013-12-31": "", "2012-12-31": "", "2011-12-31": "", "2010-12-31": "", "2009-12-31": "", "2008-12-31": "", "2007-12-31": "", "2006-12-31": "", "2005-12-31": ""}, "Debt Issuance/Retirement Net - Total": {"2019-12-31": "221.70800", "2018-12-31": "-15.76400", "2017-12-31": "74.50000", "2016-12-31": "820.48500", "2015-12-31": "29.86600", "2014-12-31": "174.87300", "2013-12-31": "-57.99700", "2012-12-31": "58.82800", "2011-12-31": "133.95800", "2010-12-31": "7.73500", "2009-12-31": "-142.04200", "2008-12-31": "56.30100", "2007-12-31": "104.49000", "2006-12-31": "58.71400", "2005-12-31": "46.12300"}, "Net Common Equity Issued/Repurchased": {"2019-12-31": "0.12600", "2018-12-31": "2.60000", "2017-12-31": "7.44300", "2016-12-31": "948.12900", "2015-12-31": "224.69600", "2014-12-31": "106.64800", "2013-12-31": "119.20000", "2012-12-31": "71.57100", "2011-12-31": "47.00100", "2010-12-31": "-2.05200", "2009-12-31": "146.71000", "2008-12-31": "10.72800", "2007-12-31": "13.17100", "2006-12-31": "145.81300", "2005-12-31": "20.93000"}, "Net Total Equity Issued/Repurchased": {"2019-12-31": "0.12600", "2018-12-31": "2.60000", "2017-12-31": "7.44300", "2016-12-31": "948.12900", "2015-12-31": "224.69600", "2014-12-31": "106.64800", "2013-12-31": "119.20000", "2012-12-31": "71.57100", "2011-12-31": "47.00100", "2010-12-31": "-2.05200", "2009-12-31": "146.71000", "2008-12-31": "10.72800", "2007-12-31": "13.17100", "2006-12-31": "145.81300", "2005-12-31": "20.93000"}, "Total Common And Preferred Stock Dividends Paid": {"2019-12-31": "-186.57100", "2018-12-31": "-185.83700", "2017-12-31": "-183.71100", "2016-12-31": "-156.24900", "2015-12-31": "-113.03900", "2014-12-31": "-90.03500", "2013-12-31": "-63.27900", "2012-12-31": "-53.01400", "2011-12-31": "-49.90000", "2010-12-31": "-49.66300", "2009-12-31": "-51.13300", "2008-12-31": "-55.25600", "2007-12-31": "-53.06100", "2006-12-31": "-46.35000", "2005-12-31": "-43.89600"}, "Financial Activities - Other": {"2019-12-31": "-4.09200", "2018-12-31": "-2.99100", "2017-12-31": "-4.82000", "2016-12-31": "-25.18100", "2015-12-31": "-0.55500", "2014-12-31": "-3.54200", "2013-12-31": "-1.95600", "2012-12-31": "-0.54900", "2011-12-31": "-19.52200", "2010-12-31": "-2.03000", "2009-12-31": "-2.00600", "2008-12-31": "-5.71800", "2007-12-31": "-3.22800", "2006-12-31": "-3.44700", "2005-12-31": "-2.42900"}, "Cash Flow From Financial Activities": {"2019-12-31": "31.17100", "2018-12-31": "-201.99200", "2017-12-31": "-106.58800", "2016-12-31": "1587.18400", "2015-12-31": "140.96800", "2014-12-31": "187.94400", "2013-12-31": "-4.03200", "2012-12-31": "76.83600", "2011-12-31": "111.53700", "2010-12-31": "-46.01000", "2009-12-31": "-48.47100", "2008-12-31": "6.05500", "2007-12-31": "61.37200", "2006-12-31": "154.73000", "2005-12-31": "20.72800"}, "Net Cash Flow": {"2019-12-31": "7.49100", "2018-12-31": "4.60600", "2017-12-31": "-14.46400", "2016-12-31": "16.90300", "2015-12-31": "-1.52300", "2014-12-31": "-0.98100", "2013-12-31": "2.26900", "2012-12-31": "-0.06600", "2011-12-31": "1.55500", "2010-12-31": "-4.94400", "2009-12-31": "6.22400", "2008-12-31": "0.47600", "2007-12-31": "-43.72000", "2006-12-31": "42.81900", "2005-12-31": "1.80600"}, "Stock-Based Compensation": {"2019-12-31": "", "2018-12-31": "0.00700", "2017-12-31": "0.01500", "2016-12-31": "0.08900", "2015-12-31": "0.21000", "2014-12-31": "0.22300", "2013-12-31": "0.30100", "2012-12-31": "0.28000", "2011-12-31": "0.30200", "2010-12-31": "0.35400", "2009-12-31": "0.32100", "2008-12-31": "0.27900", "2007-12-31": "0.18300", "2006-12-31": "0.11900", "2005-12-31": ""}, "Common Stock Dividends Paid": {"2019-12-31": "-186.57100", "2018-12-31": "-185.83700", "2017-12-31": "-183.71100", "2016-12-31": "-156.24900", "2015-12-31": "-113.03900", "2014-12-31": "-90.03500", "2013-12-31": "-63.27900", "2012-12-31": "-53.01400", "2011-12-31": "-49.90000", "2010-12-31": "-49.66300", "2009-12-31": "-51.13300", "2008-12-31": "-55.25600", "2007-12-31": "-51.80500", "2006-12-31": "-43.83700", "2005-12-31": "-39.77300"}}, "cash flow statement, quarterly": {"Net Income/Loss": {"2020-09-30": 37.287, "2020-06-30": 36.648, "2020-03-31": "36.62500", "2019-12-31": 43.731, "2019-09-30": 140.746, "2019-06-30": 40.963, "2019-03-31": "34.63700", "2018-12-31": 92.74, "2018-09-30": 41.311, "2018-06-30": 39.458, "2018-03-31": "34.04900", "2017-12-31": 21.186, "2017-09-30": 35.666, "2017-06-30": 19.432, "2017-03-31": "20.52500", "2016-12-31": 18.19, "2016-09-30": -4.969, "2016-06-30": 43.505, "2016-03-31": "28.23000", "2015-12-31": 30.183, "2015-09-30": 31.661, "2015-06-30": 28.676, "2015-03-31": "22.55700", "2014-12-31": 25.838, "2014-09-30": 25.742, "2014-06-30": 20.702, "2014-03-31": "16.77500", "2013-12-31": 22.372, "2013-09-30": 19.799, "2013-06-30": 18.052, "2013-03-31": "14.37200", "2012-12-31": 13.554, "2012-09-30": 18.958, "2012-06-30": 11.86, "2012-03-31": "11.26900", "2011-12-31": 10.382, "2011-09-30": 2.366, "2011-06-30": 10.081, "2011-03-31": "8.70000", "2010-12-31": 8.976, "2010-09-30": 9.374, "2010-06-30": 16.303, "2010-03-31": "7.88800", "2009-12-31": -1.18, "2009-09-30": 7.971, "2009-06-30": 6.743, "2009-03-31": "8.12000", "2008-12-31": 8.876, "2008-09-30": 10.051, "2008-06-30": 11.167, "2008-03-31": "9.58900", "2007-12-31": 13.369, "2007-09-30": 10.875, "2007-06-30": 8.064, "2007-03-31": "9.53700", "2006-12-31": 9.164, "2006-09-30": 9.465, "2006-06-30": 9.386, "2006-03-31": "8.59500", "2005-12-31": 8.533, "2005-09-30": 9.611, "2005-06-30": 8.878, "2005-03-31": "7.76800"}, "Total Depreciation And Amortization - Cash Flow": {"2020-09-30": 34.026, "2020-06-30": 29.987, "2020-03-31": "29.35500", "2019-12-31": 28.918, "2019-09-30": 27.879, "2019-06-30": 27.103, "2019-03-31": "27.13000", "2018-12-31": 26.64, "2018-09-30": 28.182, "2018-06-30": 25.674, "2018-03-31": "25.65500", "2017-12-31": 27.382, "2017-09-30": 26.982, "2017-06-30": 38.936, "2017-03-31": "38.47400", "2016-12-31": 41.829, "2016-09-30": 42.229, "2016-06-30": 25.93, "2016-03-31": "16.78100", "2015-12-31": 15.365, "2015-09-30": 14.967, "2015-06-30": 14.881, "2015-03-31": "14.47700", "2014-12-31": 14.292, "2014-09-30": 13.579, "2014-06-30": 12.688, "2014-03-31": "12.13200", "2013-12-31": 11.622, "2013-09-30": 11.599, "2013-06-30": 11.66, "2013-03-31": "11.49900", "2012-12-31": 10.641, "2012-09-30": 10.72, "2012-06-30": 10.701, "2012-03-31": "10.45300", "2011-12-31": 10.609, "2011-09-30": 9.278, "2011-06-30": 8.993, "2011-03-31": "8.88200", "2010-12-31": 8.579, "2010-09-30": 8.473, "2010-06-30": 8.513, "2010-03-31": "8.62100", "2009-12-31": 9.238, "2009-09-30": 8.725, "2009-06-30": 8.837, "2009-03-31": "8.85600", "2008-12-31": 8.997, "2008-09-30": 8.945, "2008-06-30": 8.797, "2008-03-31": "8.92000", "2007-12-31": 8.736, "2007-09-30": 8.622, "2007-06-30": 10.373, "2007-03-31": "7.26800", "2006-12-31": 7.23, "2006-09-30": 6.923, "2006-06-30": 6.314, "2006-03-31": "5.87300", "2005-12-31": 5.743, "2005-09-30": 5.625, "2005-06-30": 5.416, "2005-03-31": "5.22800"}, "Other Non-Cash Items": {"2020-09-30": 2.516, "2020-06-30": 3.265, "2020-03-31": "3.71600", "2019-12-31": -1.754, "2019-09-30": -97.568, "2019-06-30": 2.569, "2019-03-31": "1.73800", "2018-12-31": -52.141, "2018-09-30": 1.949, "2018-06-30": 2.231, "2018-03-31": "2.71200", "2017-12-31": 6.483, "2017-09-30": 3.578, "2017-06-30": -0.484, "2017-03-31": "2.25200", "2016-12-31": 3.351, "2016-09-30": 2.23, "2016-06-30": -13.057, "2016-03-31": "2.30500", "2015-12-31": 2.663, "2015-09-30": 1.959, "2015-06-30": 1.785, "2015-03-31": "2.02600", "2014-12-31": -1.915, "2014-09-30": -0.449, "2014-06-30": 1.706, "2014-03-31": "1.41900", "2013-12-31": -1.263, "2013-09-30": 1.03, "2013-06-30": 0.927, "2013-03-31": "0.43100", "2012-12-31": 0.347, "2012-09-30": -3.522, "2012-06-30": 1.111, "2012-03-31": "0.92000", "2011-12-31": 0.582, "2011-09-30": 1.086, "2011-06-30": 0.523, "2011-03-31": "0.54900", "2010-12-31": 0.453, "2010-09-30": 0.496, "2010-06-30": -7.056, "2010-03-31": "1.07800", "2009-12-31": 1.52, "2009-09-30": 0.394, "2009-06-30": 0.525, "2009-03-31": "0.61100", "2008-12-31": 0.484, "2008-09-30": 0.657, "2008-06-30": -0.289, "2008-03-31": "0.39600", "2007-12-31": -1.632, "2007-09-30": 1.018, "2007-06-30": 0.988, "2007-03-31": "0.89800", "2006-12-31": 1.038, "2006-09-30": 0.897, "2006-06-30": 0.968, "2006-03-31": "0.47700", "2005-12-31": 0.432, "2005-09-30": 0.514, "2005-06-30": 0.479, "2005-03-31": "0.42000"}, "Total Non-Cash Items": {"2020-09-30": 36.542, "2020-06-30": 33.252, "2020-03-31": "33.07100", "2019-12-31": 27.164, "2019-09-30": -69.689, "2019-06-30": 29.672, "2019-03-31": "28.86800", "2018-12-31": -25.501, "2018-09-30": 30.131, "2018-06-30": 27.905, "2018-03-31": "28.36700", "2017-12-31": 33.865, "2017-09-30": 30.56, "2017-06-30": 38.452, "2017-03-31": "40.72600", "2016-12-31": 45.18, "2016-09-30": 44.459, "2016-06-30": 12.873, "2016-03-31": "19.08600", "2015-12-31": 18.028, "2015-09-30": 16.926, "2015-06-30": 16.666, "2015-03-31": "16.50300", "2014-12-31": 12.377, "2014-09-30": 13.13, "2014-06-30": 14.394, "2014-03-31": "13.55100", "2013-12-31": 10.359, "2013-09-30": 12.629, "2013-06-30": 12.587, "2013-03-31": "11.93000", "2012-12-31": 10.988, "2012-09-30": 7.198, "2012-06-30": 11.812, "2012-03-31": "11.37300", "2011-12-31": 11.191, "2011-09-30": 10.364, "2011-06-30": 9.516, "2011-03-31": "9.43100", "2010-12-31": 9.032, "2010-09-30": 8.969, "2010-06-30": 1.457, "2010-03-31": "9.69900", "2009-12-31": 10.758, "2009-09-30": 9.119, "2009-06-30": 9.362, "2009-03-31": "9.46700", "2008-12-31": 9.481, "2008-09-30": 9.602, "2008-06-30": 8.508, "2008-03-31": "9.31600", "2007-12-31": 7.104, "2007-09-30": 9.64, "2007-06-30": 11.361, "2007-03-31": "8.16600", "2006-12-31": 8.268, "2006-09-30": 7.82, "2006-06-30": 7.282, "2006-03-31": "6.35000", "2005-12-31": 6.175, "2005-09-30": 6.139, "2005-06-30": 5.895, "2005-03-31": "5.64800"}, "Change In Accounts Receivable": {"2020-09-30": -2.245, "2020-06-30": 0.142, "2020-03-31": "0.54100", "2019-12-31": -1.402, "2019-09-30": -1.232, "2019-06-30": -0.38, "2019-03-31": "-1.52000", "2018-12-31": -0.527, "2018-09-30": 0.199, "2018-06-30": -0.246, "2018-03-31": "0.04500", "2017-12-31": -0.226, "2017-09-30": -0.916, "2017-06-30": -0.439, "2017-03-31": "-0.28100", "2016-12-31": 0.506, "2016-09-30": 2.115, "2016-06-30": -0.452, "2016-03-31": "2.64500", "2015-12-31": -0.323, "2015-09-30": -0.311, "2015-06-30": -0.417, "2015-03-31": "0.01300", "2014-12-31": -0.344, "2014-09-30": -0.073, "2014-06-30": -0.545, "2014-03-31": "0.35600", "2013-12-31": -1.537, "2013-09-30": -0.122, "2013-06-30": -0.34, "2013-03-31": "0.34000", "2012-12-31": -0.385, "2012-09-30": -0.253, "2012-06-30": 0.292, "2012-03-31": "-0.34700", "2011-12-31": -0.591, "2011-09-30": -0.164, "2011-06-30": -0.231, "2011-03-31": "0.46300", "2010-12-31": -0.079, "2010-09-30": -0.023, "2010-06-30": -0.474, "2010-03-31": "0.55500", "2009-12-31": -0.068, "2009-09-30": -0.195, "2009-06-30": -0.357, "2009-03-31": "1.12900", "2008-12-31": 0.165, "2008-09-30": -0.561, "2008-06-30": -0.157, "2008-03-31": "0.38200", "2007-12-31": 0.123, "2007-09-30": -0.434, "2007-06-30": -0.639, "2007-03-31": "0.35100", "2006-12-31": -0.232, "2006-09-30": -0.243, "2006-06-30": -0.201, "2006-03-31": "0.26900", "2005-12-31": -0.092, "2005-09-30": -0.302, "2005-06-30": -0.534, "2005-03-31": "0.85400"}, "Change In Inventories": {"2020-09-30": 0, "2020-06-30": 0, "2020-03-31": "", "2019-12-31": 0, "2019-09-30": 0, "2019-06-30": 0, "2019-03-31": "", "2018-12-31": 0, "2018-09-30": 0, "2018-06-30": 0, "2018-03-31": "", "2017-12-31": 0, "2017-09-30": 0, "2017-06-30": 0, "2017-03-31": "", "2016-12-31": 0, "2016-09-30": 0, "2016-06-30": 0, "2016-03-31": "", "2015-12-31": 0, "2015-09-30": 0, "2015-06-30": 0, "2015-03-31": "", "2014-12-31": 0, "2014-09-30": 0, "2014-06-30": 0, "2014-03-31": "", "2013-12-31": 0, "2013-09-30": 0, "2013-06-30": 0, "2013-03-31": "", "2012-12-31": 0, "2012-09-30": 0, "2012-06-30": 0, "2012-03-31": "", "2011-12-31": 0, "2011-09-30": 0, "2011-06-30": 0, "2011-03-31": "", "2010-12-31": 0, "2010-09-30": 0, "2010-06-30": 0, "2010-03-31": "", "2009-12-31": 0, "2009-09-30": 0, "2009-06-30": 0, "2009-03-31": "", "2008-12-31": 0, "2008-09-30": 0, "2008-06-30": 0, "2008-03-31": "", "2007-12-31": 0, "2007-09-30": 0, "2007-06-30": 0, "2007-03-31": "", "2006-12-31": 0, "2006-09-30": 0, "2006-06-30": 0, "2006-03-31": "", "2005-12-31": 0, "2005-09-30": 0, "2005-06-30": 0, "2005-03-31": ""}, "Change In Accounts Payable": {"2020-09-30": 0, "2020-06-30": 0, "2020-03-31": "", "2019-12-31": 0, "2019-09-30": 0, "2019-06-30": 0, "2019-03-31": "", "2018-12-31": 0, "2018-09-30": 0, "2018-06-30": 0, "2018-03-31": "", "2017-12-31": 0, "2017-09-30": 0, "2017-06-30": 0, "2017-03-31": "", "2016-12-31": 0, "2016-09-30": 0, "2016-06-30": 0, "2016-03-31": "", "2015-12-31": 0, "2015-09-30": 0, "2015-06-30": 0, "2015-03-31": "", "2014-12-31": 0, "2014-09-30": 0, "2014-06-30": 0, "2014-03-31": "", "2013-12-31": 0, "2013-09-30": 0, "2013-06-30": 0, "2013-03-31": "", "2012-12-31": 0, "2012-09-30": 0, "2012-06-30": 0, "2012-03-31": "", "2011-12-31": 0, "2011-09-30": 0, "2011-06-30": 0, "2011-03-31": "", "2010-12-31": 0, "2010-09-30": 0, "2010-06-30": 0, "2010-03-31": "", "2009-12-31": 0, "2009-09-30": 0, "2009-06-30": 0, "2009-03-31": "", "2008-12-31": 0, "2008-09-30": 0, "2008-06-30": 0, "2008-03-31": "", "2007-12-31": 0, "2007-09-30": 0, "2007-06-30": 0, "2007-03-31": "", "2006-12-31": 0, "2006-09-30": 0, "2006-06-30": 0, "2006-03-31": "", "2005-12-31": 0, "2005-09-30": 0, "2005-06-30": 0, "2005-03-31": ""}, "Change In Assets/Liabilities": {"2020-09-30": -1.758, "2020-06-30": 2.928, "2020-03-31": "-2.71300", "2019-12-31": 3.092, "2019-09-30": 0.938, "2019-06-30": 1.232, "2019-03-31": "-3.27300", "2018-12-31": 4, "2018-09-30": 5.089, "2018-06-30": -0.086, "2018-03-31": "-9.10800", "2017-12-31": 1.695, "2017-09-30": -0.779, "2017-06-30": 2.274, "2017-03-31": "-3.79800", "2016-12-31": -0.164, "2016-09-30": -2.038, "2016-06-30": 0.086, "2016-03-31": "-1.95800", "2015-12-31": 0.233, "2015-09-30": -0.695, "2015-06-30": 0.897, "2015-03-31": "-0.24600", "2014-12-31": 1.058, "2014-09-30": -0.087, "2014-06-30": -0.701, "2014-03-31": "-1.29200", "2013-12-31": -0.771, "2013-09-30": -0.245, "2013-06-30": 1.862, "2013-03-31": "-1.72000", "2012-12-31": -0.297, "2012-09-30": -0.9, "2012-06-30": 1.531, "2012-03-31": "-2.13100", "2011-12-31": 0.884, "2011-09-30": 0.273, "2011-06-30": 1.082, "2011-03-31": "-1.83800", "2010-12-31": 0.909, "2010-09-30": -0.418, "2010-06-30": 0.674, "2010-03-31": "-1.42800", "2009-12-31": 0.693, "2009-09-30": -0.459, "2009-06-30": -1.449, "2009-03-31": "1.16600", "2008-12-31": 1.112, "2008-09-30": -0.103, "2008-06-30": 0.684, "2008-03-31": "-1.59900", "2007-12-31": 0.967, "2007-09-30": -0.786, "2007-06-30": -0.744, "2007-03-31": "1.13900", "2006-12-31": 1.964, "2006-09-30": -4.022, "2006-06-30": -0.106, "2006-03-31": "-0.11400", "2005-12-31": 0.694, "2005-09-30": -0.997, "2005-06-30": 0.194, "2005-03-31": "0.32500"}, "Total Change In Assets/Liabilities": {"2020-09-30": 11.969, "2020-06-30": 10.986, "2020-03-31": "-24.66400", "2019-12-31": 7.953, "2019-09-30": 10.008, "2019-06-30": 13.407, "2019-03-31": "-28.61800", "2018-12-31": 11.665, "2018-09-30": 1.286, "2018-06-30": 13.699, "2018-03-31": "-32.81200", "2017-12-31": 12.779, "2017-09-30": 5.71, "2017-06-30": 22.845, "2017-03-31": "-33.11200", "2016-12-31": 13.049, "2016-09-30": 16.95, "2016-06-30": -1.372, "2016-03-31": "-9.39300", "2015-12-31": -0.066, "2015-09-30": 8.746, "2015-06-30": 4.438, "2015-03-31": "-8.12000", "2014-12-31": 0.221, "2014-09-30": 8.498, "2014-06-30": 6.57, "2014-03-31": "-11.73000", "2013-12-31": 2.302, "2013-09-30": 4.036, "2013-06-30": 8.331, "2013-03-31": "-16.12300", "2012-12-31": 5.8, "2012-09-30": 2.477, "2012-06-30": 7.656, "2012-03-31": "-14.18300", "2011-12-31": 2.386, "2011-09-30": 8.772, "2011-06-30": 3.657, "2011-03-31": "-6.94900", "2010-12-31": 0.73, "2010-09-30": 4.125, "2010-06-30": 0.848, "2010-03-31": "-3.73000", "2009-12-31": -2.88, "2009-09-30": 4.328, "2009-06-30": 0.423, "2009-03-31": "-3.08800", "2008-12-31": -1.529, "2008-09-30": 5.185, "2008-06-30": 2.109, "2008-03-31": "-5.22300", "2007-12-31": 0.898, "2007-09-30": 2.691, "2007-06-30": 1.338, "2007-03-31": "2.13200", "2006-12-31": -5.208, "2006-09-30": 0.322, "2006-06-30": 4.242, "2006-03-31": "-1.03000", "2005-12-31": -1.789, "2005-09-30": 0.457, "2005-06-30": 2.767, "2005-03-31": "0.15200"}, "Cash Flow From Operating Activities": {"2020-09-30": 85.798, "2020-06-30": 80.886, "2020-03-31": "45.03200", "2019-12-31": 78.848, "2019-09-30": 81.065, "2019-06-30": 84.042, "2019-03-31": "34.88700", "2018-12-31": 78.904, "2018-09-30": 72.728, "2018-06-30": 81.062, "2018-03-31": "29.60400", "2017-12-31": 67.83, "2017-09-30": 71.936, "2017-06-30": 80.729, "2017-03-31": "28.13900", "2016-12-31": 76.419, "2016-09-30": 56.44, "2016-06-30": 55.006, "2016-03-31": "37.92300", "2015-12-31": 48.145, "2015-09-30": 57.333, "2015-06-30": 49.78, "2015-03-31": "30.94000", "2014-12-31": 38.436, "2014-09-30": 47.37, "2014-06-30": 41.666, "2014-03-31": "18.59600", "2013-12-31": 35.033, "2013-09-30": 36.464, "2013-06-30": 38.97, "2013-03-31": "10.17900", "2012-12-31": 30.342, "2012-09-30": 28.633, "2012-06-30": 31.328, "2012-03-31": "8.45900", "2011-12-31": 23.959, "2011-09-30": 21.502, "2011-06-30": 23.254, "2011-03-31": "11.18200", "2010-12-31": 18.738, "2010-09-30": 22.468, "2010-06-30": 18.608, "2010-03-31": "13.85700", "2009-12-31": 6.698, "2009-09-30": 21.418, "2009-06-30": 16.528, "2009-03-31": "14.49900", "2008-12-31": 16.828, "2008-09-30": 24.838, "2008-06-30": 21.784, "2008-03-31": "13.68200", "2007-12-31": 21.371, "2007-09-30": 23.206, "2007-06-30": 20.763, "2007-03-31": "19.83500", "2006-12-31": 12.224, "2006-09-30": 17.607, "2006-06-30": 20.91, "2006-03-31": "13.91500", "2005-12-31": 12.919, "2005-09-30": 16.207, "2005-06-30": 17.54, "2005-03-31": "13.56800"}, "Net Change In Property, Plant, And Equipment": {"2020-09-30": -305.245, "2020-06-30": -14.442, "2020-03-31": "-135.86500", "2019-12-31": -273.504, "2019-09-30": -77.287, "2019-06-30": -66.334, "2019-03-31": "-67.16800", "2018-12-31": -86.147, "2018-09-30": -25.806, "2018-06-30": -19.292, "2018-03-31": "-8.75500", "2017-12-31": -31.977, "2017-09-30": -19.298, "2017-06-30": -23.947, "2017-03-31": "-30.31500", "2016-12-31": -74.214, "2016-09-30": -1339.604, "2016-06-30": -71.956, "2016-03-31": "-337.34500", "2015-12-31": -19.302, "2015-09-30": -77.052, "2015-06-30": -81.374, "2015-03-31": "-139.37500", "2014-12-31": -66.862, "2014-09-30": -54.414, "2014-06-30": -101.82, "2014-03-31": "-93.73200", "2013-12-31": -58.977, "2013-09-30": -36.818, "2013-06-30": -7.263, "2013-03-31": "-20.72400", "2012-12-31": -94.467, "2012-09-30": -70.858, "2012-06-30": -50.731, "2012-03-31": "-4.36100", "2011-12-31": -13.435, "2011-09-30": -148.547, "2011-06-30": -10.966, "2011-03-31": "-3.54100", "2010-12-31": -41.584, "2010-09-30": -5.296, "2010-06-30": -6.903, "2010-03-31": "-2.45000", "2009-12-31": -5.294, "2009-09-30": -3.828, "2009-06-30": -5.189, "2009-03-31": "-6.81000", "2008-12-31": -17.84, "2008-09-30": -10.713, "2008-06-30": -12.213, "2008-03-31": "-23.49000", "2007-12-31": -29.283, "2007-09-30": -12.407, "2007-06-30": -99.348, "2007-03-31": "-49.46200", "2006-12-31": -19.221, "2006-09-30": -41.842, "2006-06-30": -78.259, "2006-03-31": "-27.95000", "2005-12-31": -9.496, "2005-09-30": -22.365, "2005-06-30": -28.496, "2005-03-31": "-18.20900"}, "Net Change In Intangible Assets": {"2020-09-30": 0, "2020-06-30": 0, "2020-03-31": "", "2019-12-31": 0, "2019-09-30": 0, "2019-06-30": 0, "2019-03-31": "", "2018-12-31": 0, "2018-09-30": 0, "2018-06-30": 0, "2018-03-31": "", "2017-12-31": 0, "2017-09-30": 0, "2017-06-30": 0, "2017-03-31": "", "2016-12-31": 0, "2016-09-30": 0, "2016-06-30": 0, "2016-03-31": "", "2015-12-31": 0, "2015-09-30": 0, "2015-06-30": 0, "2015-03-31": "", "2014-12-31": 0, "2014-09-30": 0, "2014-06-30": 0, "2014-03-31": "", "2013-12-31": 0, "2013-09-30": 0, "2013-06-30": 0, "2013-03-31": "", "2012-12-31": 0, "2012-09-30": 0, "2012-06-30": 0, "2012-03-31": "", "2011-12-31": 0, "2011-09-30": 0, "2011-06-30": 0, "2011-03-31": "", "2010-12-31": 0, "2010-09-30": 0, "2010-06-30": 0, "2010-03-31": "", "2009-12-31": 0, "2009-09-30": 0, "2009-06-30": 0, "2009-03-31": "", "2008-12-31": 0, "2008-09-30": 0, "2008-06-30": 0, "2008-03-31": "", "2007-12-31": 0, "2007-09-30": 0, "2007-06-30": 0, "2007-03-31": "", "2006-12-31": 0, "2006-09-30": 0, "2006-06-30": 0, "2006-03-31": "", "2005-12-31": 0, "2005-09-30": 0, "2005-06-30": 0, "2005-03-31": ""}, "Net Acquisitions/Divestitures": {"2020-09-30": 0, "2020-06-30": 0, "2020-03-31": "", "2019-12-31": 207.568, "2019-09-30": 0, "2019-06-30": 0, "2019-03-31": "", "2018-12-31": 92.28, "2018-09-30": 0, "2018-06-30": 0, "2018-03-31": "", "2017-12-31": 18.872, "2017-09-30": 0, "2017-06-30": 0, "2017-03-31": "", "2016-12-31": 34.697, "2016-09-30": 0, "2016-06-30": 0, "2016-03-31": "", "2015-12-31": -0.711, "2015-09-30": 0, "2015-06-30": 0, "2015-03-31": "0.71100", "2014-12-31": 6.128, "2014-09-30": 5.063, "2014-06-30": 0, "2014-03-31": "", "2013-12-31": 11.741, "2013-09-30": 0, "2013-06-30": 0, "2013-03-31": "", "2012-12-31": 0, "2012-09-30": 47.698, "2012-06-30": 0, "2012-03-31": "", "2011-12-31": 0, "2011-09-30": 0, "2011-06-30": 0, "2011-03-31": "", "2010-12-31": 0.218, "2010-09-30": 0, "2010-06-30": 23.49, "2010-03-31": "", "2009-12-31": 4.303, "2009-09-30": 12.006, "2009-06-30": 0, "2009-03-31": "", "2008-12-31": 0, "2008-09-30": 0, "2008-06-30": 7.002, "2008-03-31": "", "2007-12-31": 0, "2007-09-30": 0, "2007-06-30": 0, "2007-03-31": "", "2006-12-31": 0, "2006-09-30": 0, "2006-06-30": 0, "2006-03-31": "", "2005-12-31": 0, "2005-09-30": 0, "2005-06-30": 0, "2005-03-31": ""}, "Net Change In Short-term Investments": {"2020-09-30": -16.909, "2020-06-30": -1.963, "2020-03-31": "-2.99000", "2019-12-31": -6.312, "2019-09-30": -17.132, "2019-06-30": -0.423, "2019-03-31": "-1.79200", "2018-12-31": -2.623, "2018-09-30": -3.233, "2018-06-30": -1.156, "2018-03-31": "-0.70600", "2017-12-31": -0.125, "2017-09-30": -3.196, "2017-06-30": -44.203, "2017-03-31": "-22.38700", "2016-12-31": -1.102, "2016-09-30": -0.001, "2016-06-30": -2.49, "2016-03-31": "-2.84500", "2015-12-31": -5.668, "2015-09-30": 0, "2015-06-30": -0.483, "2015-03-31": "", "2014-12-31": 9.383, "2014-09-30": -2.33, "2014-06-30": -7.053, "2014-03-31": "", "2013-12-31": 4.111, "2013-09-30": -1.456, "2013-06-30": -2.457, "2013-03-31": "-0.19800", "2012-12-31": 0, "2012-09-30": 0, "2012-06-30": 2.27, "2012-03-31": "-2.27000", "2011-12-31": 12.15, "2011-09-30": -12.15, "2011-06-30": 0, "2011-03-31": "", "2010-12-31": 0, "2010-09-30": 0, "2010-06-30": 0, "2010-03-31": "", "2009-12-31": 0, "2009-09-30": 0, "2009-06-30": 0, "2009-03-31": "", "2008-12-31": 0, "2008-09-30": 0, "2008-06-30": 0, "2008-03-31": "", "2007-12-31": 0, "2007-09-30": 0, "2007-06-30": 0, "2007-03-31": "", "2006-12-31": 0, "2006-09-30": 0, "2006-06-30": 0, "2006-03-31": "", "2005-12-31": 0, "2005-09-30": 0, "2005-06-30": 0, "2005-03-31": ""}, "Net Change In Long-Term Investments": {"2020-09-30": 19.649, "2020-06-30": 0, "2020-03-31": "8.35900", "2019-12-31": 0, "2019-09-30": 0, "2019-06-30": 0, "2019-03-31": "", "2018-12-31": 0, "2018-09-30": 0, "2018-06-30": 0, "2018-03-31": "", "2017-12-31": 0, "2017-09-30": 0, "2017-06-30": 0, "2017-03-31": "", "2016-12-31": 0, "2016-09-30": 0, "2016-06-30": 0, "2016-03-31": "", "2015-12-31": 0, "2015-09-30": 0, "2015-06-30": 0.285, "2015-03-31": "-0.28500", "2014-12-31": -28.65, "2014-09-30": 0, "2014-06-30": 0, "2014-03-31": "", "2013-12-31": -4.237, "2013-09-30": 0, "2013-06-30": 0, "2013-03-31": "", "2012-12-31": -0.089, "2012-09-30": -0.487, "2012-06-30": -2.995, "2012-03-31": "", "2011-12-31": -13.571, "2011-09-30": 0, "2011-06-30": 0, "2011-03-31": "", "2010-12-31": 0, "2010-09-30": 0, "2010-06-30": 0, "2010-03-31": "", "2009-12-31": -0.037, "2009-09-30": -0.115, "2009-06-30": -0.257, "2009-03-31": "0.07800", "2008-12-31": -3.478, "2008-09-30": -16.709, "2008-06-30": -6.206, "2008-03-31": "", "2007-12-31": 0, "2007-09-30": 0, "2007-06-30": 0, "2007-03-31": "", "2006-12-31": -0.65, "2006-09-30": -0.002, "2006-06-30": -7.529, "2006-03-31": "", "2005-12-31": 0, "2005-09-30": 0, "2005-06-30": 0, "2005-03-31": ""}, "Net Change In Investments - Total": {"2020-09-30": 2.74, "2020-06-30": -1.963, "2020-03-31": "5.36900", "2019-12-31": -6.312, "2019-09-30": -17.132, "2019-06-30": -0.423, "2019-03-31": "-1.79200", "2018-12-31": -2.623, "2018-09-30": -3.233, "2018-06-30": -1.156, "2018-03-31": "-0.70600", "2017-12-31": -0.125, "2017-09-30": -3.196, "2017-06-30": -44.203, "2017-03-31": "-22.38700", "2016-12-31": -1.102, "2016-09-30": -0.001, "2016-06-30": -2.49, "2016-03-31": "-2.84500", "2015-12-31": -5.668, "2015-09-30": 0, "2015-06-30": -0.198, "2015-03-31": "-0.28500", "2014-12-31": -19.267, "2014-09-30": -2.33, "2014-06-30": -7.053, "2014-03-31": "", "2013-12-31": -0.126, "2013-09-30": -1.456, "2013-06-30": -2.457, "2013-03-31": "-0.19800", "2012-12-31": -0.089, "2012-09-30": -0.487, "2012-06-30": -0.725, "2012-03-31": "-2.27000", "2011-12-31": -1.421, "2011-09-30": -12.15, "2011-06-30": 0, "2011-03-31": "", "2010-12-31": 0, "2010-09-30": 0, "2010-06-30": 0, "2010-03-31": "", "2009-12-31": -0.037, "2009-09-30": -0.115, "2009-06-30": -0.257, "2009-03-31": "0.07800", "2008-12-31": -3.478, "2008-09-30": -16.709, "2008-06-30": -6.206, "2008-03-31": "", "2007-12-31": 0, "2007-09-30": 0, "2007-06-30": 0, "2007-03-31": "", "2006-12-31": -0.65, "2006-09-30": -0.002, "2006-06-30": -7.529, "2006-03-31": "", "2005-12-31": 0, "2005-09-30": 0, "2005-06-30": 0, "2005-03-31": ""}, "Investing Activities - Other": {"2020-09-30": -0.3, "2020-06-30": 0, "2020-03-31": "0.17100", "2019-12-31": 0.629, "2019-09-30": 5.891, "2019-06-30": -0.658, "2019-03-31": "-6.00000", "2018-12-31": 0.279, "2018-09-30": -0.57, "2018-06-30": 0, "2018-03-31": "0.02900", "2017-12-31": 0.066, "2017-09-30": 0, "2017-06-30": 0, "2017-03-31": "", "2016-12-31": -0.45, "2016-09-30": 0.07, "2016-06-30": 1.543, "2016-03-31": "-2.37200", "2015-12-31": -4.22, "2015-09-30": 0.278, "2015-06-30": -0.398, "2015-03-31": "-1.09500", "2014-12-31": 0.07, "2014-09-30": -0.381, "2014-06-30": 0.766, "2014-03-31": "-1.16100", "2013-12-31": 1.834, "2013-09-30": 0.174, "2013-06-30": -0.075, "2013-03-31": "", "2012-12-31": 0.261, "2012-09-30": 0.161, "2012-06-30": 0.5, "2012-03-31": "-0.29600", "2011-12-31": 0.854, "2011-09-30": 1.498, "2011-06-30": -1.142, "2011-03-31": "-1.02900", "2010-12-31": -0.021, "2010-09-30": 0.018, "2010-06-30": -0.015, "2010-03-31": "-0.06200", "2009-12-31": 0.478, "2009-09-30": 0.028, "2009-06-30": 0.175, "2009-03-31": "0.01400", "2008-12-31": -0.336, "2008-09-30": 2.504, "2008-06-30": 0.274, "2008-03-31": "-1.50600", "2007-12-31": 0.481, "2007-09-30": -0.189, "2007-06-30": 0.231, "2007-03-31": "-0.29000", "2006-12-31": -1.585, "2006-09-30": 0.325, "2006-06-30": 0.285, "2006-03-31": "-0.13900", "2005-12-31": -0.475, "2005-09-30": -0.139, "2005-06-30": 0.149, "2005-03-31": "-0.12500"}, "Cash Flow From Investing Activities": {"2020-09-30": -302.805, "2020-06-30": -16.405, "2020-03-31": "-130.32500", "2019-12-31": -71.619, "2019-09-30": -88.528, "2019-06-30": -67.415, "2019-03-31": "-74.96000", "2018-12-31": 3.789, "2018-09-30": -29.609, "2018-06-30": -20.448, "2018-03-31": "-9.43200", "2017-12-31": -13.164, "2017-09-30": -22.494, "2017-06-30": -68.15, "2017-03-31": "-52.70200", "2016-12-31": -41.069, "2016-09-30": -1339.535, "2016-06-30": -72.903, "2016-03-31": "-342.56200", "2015-12-31": -29.901, "2015-09-30": -76.774, "2015-06-30": -81.97, "2015-03-31": "-140.04400", "2014-12-31": -79.931, "2014-09-30": -52.062, "2014-06-30": -108.107, "2014-03-31": "-94.89300", "2013-12-31": -45.528, "2013-09-30": -38.1, "2013-06-30": -9.795, "2013-03-31": "-20.92200", "2012-12-31": -94.295, "2012-09-30": -23.486, "2012-06-30": -50.956, "2012-03-31": "-6.92700", "2011-12-31": -14.002, "2011-09-30": -159.199, "2011-06-30": -12.108, "2011-03-31": "-4.57000", "2010-12-31": -41.387, "2010-09-30": -5.278, "2010-06-30": 16.572, "2010-03-31": "-2.51200", "2009-12-31": -0.55, "2009-09-30": 8.091, "2009-06-30": -5.271, "2009-03-31": "-6.71800", "2008-12-31": -21.654, "2008-09-30": -24.918, "2008-06-30": -11.143, "2008-03-31": "-24.99600", "2007-12-31": -28.802, "2007-09-30": -12.596, "2007-06-30": -99.117, "2007-03-31": "-49.75200", "2006-12-31": -21.456, "2006-09-30": -41.519, "2006-06-30": -85.503, "2006-03-31": "-28.08900", "2005-12-31": -9.971, "2005-09-30": -22.504, "2005-06-30": -28.347, "2005-03-31": "-18.33400"}, "Net Long-Term Debt": {"2020-09-30": 239.993, "2020-06-30": -25.037, "2020-03-31": "117.83400", "2019-12-31": 39.835, "2019-09-30": 24.902, "2019-06-30": 71.069, "2019-03-31": "85.90200", "2018-12-31": -38.487, "2018-09-30": 14.908, "2018-06-30": -17.092, "2018-03-31": "24.90700", "2017-12-31": -1.237, "2017-09-30": -2.088, "2017-06-30": 31.914, "2017-03-31": "45.91100", "2016-12-31": 12.948, "2016-09-30": 439.929, "2016-06-30": 305.642, "2016-03-31": "61.96600", "2015-12-31": -35.035, "2015-09-30": 17.967, "2015-06-30": 32.966, "2015-03-31": "13.96800", "2014-12-31": 48.968, "2014-09-30": -8.032, "2014-06-30": 67.968, "2014-03-31": "65.96900", "2013-12-31": -0.988, "2013-09-30": -15.919, "2013-06-30": -12.045, "2013-03-31": "-29.04500", "2012-12-31": 78.956, "2012-09-30": -44.044, "2012-06-30": 6.958, "2012-03-31": "16.95800", "2011-12-31": -37.759, "2011-09-30": 147.918, "2011-06-30": 18.409, "2011-03-31": "5.39000", "2010-12-31": 9.415, "2010-09-30": -0.559, "2010-06-30": -0.55, "2010-03-31": "-0.57100", "2009-12-31": -126.623, "2009-09-30": -0.472, "2009-06-30": -23.463, "2009-03-31": "8.51600", "2008-12-31": 10.541, "2008-09-30": 2.568, "2008-06-30": 17.595, "2008-03-31": "25.59700", "2007-12-31": 14.606, "2007-09-30": 1.631, "2007-06-30": 88.64, "2007-03-31": "-0.38700", "2006-12-31": -66.354, "2006-09-30": 25.665, "2006-06-30": 74.656, "2006-03-31": "24.74700", "2005-12-31": 4.75, "2005-09-30": 13.775, "2005-06-30": 11.806, "2005-03-31": "15.79200"}, "Net Current Debt": {"2020-09-30": 0, "2020-06-30": 0, "2020-03-31": "", "2019-12-31": 0, "2019-09-30": 0, "2019-06-30": 0, "2019-03-31": "", "2018-12-31": 0, "2018-09-30": 0, "2018-06-30": 0, "2018-03-31": "", "2017-12-31": 0, "2017-09-30": 0, "2017-06-30": 0, "2017-03-31": "", "2016-12-31": 0, "2016-09-30": 0, "2016-06-30": 0, "2016-03-31": "", "2015-12-31": 0, "2015-09-30": 0, "2015-06-30": 0, "2015-03-31": "", "2014-12-31": 0, "2014-09-30": 0, "2014-06-30": 0, "2014-03-31": "", "2013-12-31": 0, "2013-09-30": 0, "2013-06-30": 0, "2013-03-31": "", "2012-12-31": 0, "2012-09-30": 0, "2012-06-30": 0, "2012-03-31": "", "2011-12-31": 0, "2011-09-30": 0, "2011-06-30": 0, "2011-03-31": "", "2010-12-31": 0, "2010-09-30": 0, "2010-06-30": 0, "2010-03-31": "", "2009-12-31": 0, "2009-09-30": 0, "2009-06-30": 0, "2009-03-31": "", "2008-12-31": 0, "2008-09-30": 0, "2008-06-30": 0, "2008-03-31": "", "2007-12-31": 0, "2007-09-30": 0, "2007-06-30": 0, "2007-03-31": "", "2006-12-31": 0, "2006-09-30": 0, "2006-06-30": 0, "2006-03-31": "", "2005-12-31": 0, "2005-09-30": 0, "2005-06-30": 0, "2005-03-31": ""}, "Debt Issuance/Retirement Net - Total": {"2020-09-30": 239.993, "2020-06-30": -25.037, "2020-03-31": "117.83400", "2019-12-31": 39.835, "2019-09-30": 24.902, "2019-06-30": 71.069, "2019-03-31": "85.90200", "2018-12-31": -38.487, "2018-09-30": 14.908, "2018-06-30": -17.092, "2018-03-31": "24.90700", "2017-12-31": -1.237, "2017-09-30": -2.088, "2017-06-30": 31.914, "2017-03-31": "45.91100", "2016-12-31": 12.948, "2016-09-30": 439.929, "2016-06-30": 305.642, "2016-03-31": "61.96600", "2015-12-31": -35.035, "2015-09-30": 17.967, "2015-06-30": 32.966, "2015-03-31": "13.96800", "2014-12-31": 48.968, "2014-09-30": -8.032, "2014-06-30": 67.968, "2014-03-31": "65.96900", "2013-12-31": -0.988, "2013-09-30": -15.919, "2013-06-30": -12.045, "2013-03-31": "-29.04500", "2012-12-31": 78.956, "2012-09-30": -44.044, "2012-06-30": 6.958, "2012-03-31": "16.95800", "2011-12-31": -37.759, "2011-09-30": 147.918, "2011-06-30": 18.409, "2011-03-31": "5.39000", "2010-12-31": 9.415, "2010-09-30": -0.559, "2010-06-30": -0.55, "2010-03-31": "-0.57100", "2009-12-31": -126.623, "2009-09-30": -0.472, "2009-06-30": -23.463, "2009-03-31": "8.51600", "2008-12-31": 10.541, "2008-09-30": 2.568, "2008-06-30": 17.595, "2008-03-31": "25.59700", "2007-12-31": 14.606, "2007-09-30": 1.631, "2007-06-30": 88.64, "2007-03-31": "-0.38700", "2006-12-31": -66.354, "2006-09-30": 25.665, "2006-06-30": 74.656, "2006-03-31": "24.74700", "2005-12-31": 4.75, "2005-09-30": 13.775, "2005-06-30": 11.806, "2005-03-31": "15.79200"}, "Net Common Equity Issued/Repurchased": {"2020-09-30": 134.226, "2020-06-30": -0.078, "2020-03-31": "21.20100", "2019-12-31": -0.104, "2019-09-30": 0.278, "2019-06-30": -0.048, "2019-03-31": "", "2018-12-31": -0.145, "2018-09-30": -0.068, "2018-06-30": 2.813, "2018-03-31": "", "2017-12-31": 0.044, "2017-09-30": -2.361, "2017-06-30": 5.544, "2017-03-31": "4.21600", "2016-12-31": 3.257, "2016-09-30": 2.722, "2016-06-30": 667.852, "2016-03-31": "274.29800", "2015-12-31": 48.193, "2015-09-30": 31.537, "2015-06-30": 22.335, "2015-03-31": "122.63100", "2014-12-31": 18.941, "2014-09-30": 35.979, "2014-06-30": 22.368, "2014-03-31": "29.36000", "2013-12-31": 28.403, "2013-09-30": 34.333, "2013-06-30": 2.305, "2013-03-31": "54.15900", "2012-12-31": 0.621, "2012-09-30": 50.253, "2012-06-30": 19.924, "2012-03-31": "0.77300", "2011-12-31": 41.322, "2011-09-30": 5.028, "2011-06-30": 0.311, "2011-03-31": "0.34000", "2010-12-31": 0.009, "2010-09-30": 0.19, "2010-06-30": -1.057, "2010-03-31": "-1.19400", "2009-12-31": 114.81, "2009-09-30": 1.212, "2009-06-30": 29.354, "2009-03-31": "1.33400", "2008-12-31": 1.297, "2008-09-30": 3.134, "2008-06-30": 2.922, "2008-03-31": "3.37500", "2007-12-31": 2.84, "2007-09-30": 3.251, "2007-06-30": 3.26, "2007-03-31": "3.82000", "2006-12-31": 125.227, "2006-09-30": 14.451, "2006-06-30": 3.197, "2006-03-31": "2.93800", "2005-12-31": 2.502, "2005-09-30": 3.732, "2005-06-30": 11.1, "2005-03-31": "3.59600"}, "Net Total Equity Issued/Repurchased": {"2020-09-30": 134.226, "2020-06-30": -0.078, "2020-03-31": "21.20100", "2019-12-31": -0.104, "2019-09-30": 0.278, "2019-06-30": -0.048, "2019-03-31": "", "2018-12-31": -0.145, "2018-09-30": -0.068, "2018-06-30": 2.813, "2018-03-31": "", "2017-12-31": 0.044, "2017-09-30": -2.361, "2017-06-30": 5.544, "2017-03-31": "4.21600", "2016-12-31": 3.257, "2016-09-30": 2.722, "2016-06-30": 667.852, "2016-03-31": "274.29800", "2015-12-31": 48.193, "2015-09-30": 31.537, "2015-06-30": 22.335, "2015-03-31": "122.63100", "2014-12-31": 18.941, "2014-09-30": 35.979, "2014-06-30": 22.368, "2014-03-31": "29.36000", "2013-12-31": 28.403, "2013-09-30": 34.333, "2013-06-30": 2.305, "2013-03-31": "54.15900", "2012-12-31": 0.621, "2012-09-30": 50.253, "2012-06-30": 19.924, "2012-03-31": "0.77300", "2011-12-31": 41.322, "2011-09-30": 5.028, "2011-06-30": 0.311, "2011-03-31": "0.34000", "2010-12-31": 0.009, "2010-09-30": 0.19, "2010-06-30": -1.057, "2010-03-31": "-1.19400", "2009-12-31": 114.81, "2009-09-30": 1.212, "2009-06-30": 29.354, "2009-03-31": "1.33400", "2008-12-31": 1.297, "2008-09-30": 3.134, "2008-06-30": 2.922, "2008-03-31": "3.37500", "2007-12-31": 2.84, "2007-09-30": 3.251, "2007-06-30": 3.26, "2007-03-31": "3.82000", "2006-12-31": 125.227, "2006-09-30": 14.451, "2006-06-30": 3.197, "2006-03-31": "2.93800", "2005-12-31": 2.502, "2005-09-30": 3.732, "2005-06-30": 11.1, "2005-03-31": "3.59600"}, "Total Common And Preferred Stock Dividends Paid": {"2020-09-30": -50.202, "2020-06-30": -50.186, "2020-03-31": "-49.96900", "2019-12-31": -46.657, "2019-09-30": -46.651, "2019-06-30": -46.632, "2019-03-31": "-46.63100", "2018-12-31": -46.602, "2018-09-30": -46.6, "2018-06-30": -46.514, "2018-03-31": "-46.12100", "2017-12-31": -46.537, "2017-09-30": -46.564, "2017-06-30": -46.497, "2017-03-31": "-44.11300", "2016-12-31": -43.561, "2016-09-30": -44.051, "2016-06-30": -37.433, "2016-03-31": "-31.20400", "2015-12-31": -30.297, "2015-09-30": -30.461, "2015-06-30": -26.672, "2015-03-31": "-25.60900", "2014-12-31": -22.922, "2014-09-30": -22.603, "2014-06-30": -22.399, "2014-03-31": "-22.11100", "2013-12-31": -16.953, "2013-09-30": -16.651, "2013-06-30": -15.061, "2013-03-31": "-14.61400", "2012-12-31": -13.697, "2012-09-30": -13.245, "2012-06-30": -13.045, "2012-03-31": "-13.02700", "2011-12-31": -12.534, "2011-09-30": -12.466, "2011-06-30": -12.456, "2011-03-31": "-12.44400", "2010-12-31": -12.442, "2010-09-30": -12.417, "2010-06-30": -12.408, "2010-03-31": "-12.39600", "2009-12-31": -12.377, "2009-09-30": -10.528, "2009-06-30": -14.135, "2009-03-31": "-14.09300", "2008-12-31": -55.256, "2008-09-30": 27.403, "2008-06-30": -13.735, "2008-03-31": "-13.66800", "2007-12-31": -13.617, "2007-09-30": -12.775, "2007-06-30": -13.366, "2007-03-31": "-13.30300", "2006-12-31": -11.845, "2006-09-30": -11.574, "2006-06-30": -11.497, "2006-03-31": "-11.43400", "2005-12-31": -11.072, "2005-09-30": -10.917, "2005-06-30": -10.988, "2005-03-31": "-10.91900"}, "Financial Activities - Other": {"2020-09-30": -5.741, "2020-06-30": -0.26, "2020-03-31": "-0.26400", "2019-12-31": -0.248, "2019-09-30": -0.248, "2019-06-30": -3.347, "2019-03-31": "-0.24900", "2018-12-31": -2.341, "2018-09-30": -0.215, "2018-06-30": -0.218, "2018-03-31": "-0.21700", "2017-12-31": -4.179, "2017-09-30": -0.217, "2017-06-30": -0.217, "2017-03-31": "-0.20700", "2016-12-31": -0.205, "2016-09-30": -1.256, "2016-06-30": -22.64, "2016-03-31": "-1.08000", "2015-12-31": -0.152, "2015-09-30": -0.152, "2015-06-30": -0.134, "2015-03-31": "-0.11700", "2014-12-31": -2.425, "2014-09-30": -0.135, "2014-06-30": -0.797, "2014-03-31": "-0.18500", "2013-12-31": -0.105, "2013-09-30": -0.106, "2013-06-30": -1.649, "2013-03-31": "-0.09600", "2012-12-31": -0.091, "2012-09-30": -0.153, "2012-06-30": -0.153, "2012-03-31": "-0.15200", "2011-12-31": -0.238, "2011-09-30": -3.901, "2011-06-30": -14.578, "2011-03-31": "-0.80500", "2010-12-31": -0.494, "2010-09-30": -0.494, "2010-06-30": -0.513, "2010-03-31": "-0.52900", "2009-12-31": -0.529, "2009-09-30": -0.529, "2009-06-30": -0.34, "2009-03-31": "-0.60800", "2008-12-31": 40.447, "2008-09-30": -41.802, "2008-06-30": -3.596, "2008-03-31": "-0.76700", "2007-12-31": -0.892, "2007-09-30": -0.98, "2007-06-30": -0.727, "2007-03-31": "-0.62900", "2006-12-31": -0.917, "2006-09-30": -0.736, "2006-06-30": -1.132, "2006-03-31": "-0.66200", "2005-12-31": -0.546, "2005-09-30": -0.52, "2005-06-30": -0.843, "2005-03-31": "-0.52000"}, "Cash Flow From Financial Activities": {"2020-09-30": 318.276, "2020-06-30": -75.561, "2020-03-31": "88.80200", "2019-12-31": -7.174, "2019-09-30": -21.719, "2019-06-30": 21.042, "2019-03-31": "39.02200", "2018-12-31": -87.575, "2018-09-30": -31.975, "2018-06-30": -61.011, "2018-03-31": "-21.43100", "2017-12-31": -51.909, "2017-09-30": -51.23, "2017-06-30": -9.256, "2017-03-31": "5.80700", "2016-12-31": -27.561, "2016-09-30": 397.344, "2016-06-30": 913.421, "2016-03-31": "303.98000", "2015-12-31": -17.291, "2015-09-30": 18.891, "2015-06-30": 28.495, "2015-03-31": "110.87300", "2014-12-31": 42.562, "2014-09-30": 5.209, "2014-06-30": 67.14, "2014-03-31": "73.03300", "2013-12-31": 10.357, "2013-09-30": 1.657, "2013-06-30": -26.45, "2013-03-31": "10.40400", "2012-12-31": 65.789, "2012-09-30": -7.189, "2012-06-30": 13.684, "2012-03-31": "4.55200", "2011-12-31": -9.209, "2011-09-30": 136.579, "2011-06-30": -8.314, "2011-03-31": "-7.51900", "2010-12-31": -3.512, "2010-09-30": -13.28, "2010-06-30": -14.528, "2010-03-31": "-14.69000", "2009-12-31": -24.719, "2009-09-30": -10.317, "2009-06-30": -8.584, "2009-03-31": "-4.85100", "2008-12-31": -2.971, "2008-09-30": -8.697, "2008-06-30": 3.186, "2008-03-31": "14.53700", "2007-12-31": 2.937, "2007-09-30": -8.873, "2007-06-30": 77.807, "2007-03-31": "-10.49900", "2006-12-31": 46.111, "2006-09-30": 27.806, "2006-06-30": 65.224, "2006-03-31": "15.58900", "2005-12-31": -4.366, "2005-09-30": 6.07, "2005-06-30": 11.075, "2005-03-31": "7.94900"}, "Net Cash Flow": {"2020-09-30": 101.269, "2020-06-30": -11.08, "2020-03-31": "3.50900", "2019-12-31": 0.055, "2019-09-30": -29.182, "2019-06-30": 37.669, "2019-03-31": "-1.05100", "2018-12-31": -4.882, "2018-09-30": 11.144, "2018-06-30": -0.397, "2018-03-31": "-1.25900", "2017-12-31": 2.757, "2017-09-30": -1.788, "2017-06-30": 3.323, "2017-03-31": "-18.75600", "2016-12-31": 7.789, "2016-09-30": -885.751, "2016-06-30": 895.524, "2016-03-31": "-0.65900", "2015-12-31": 0.953, "2015-09-30": -0.55, "2015-06-30": -3.695, "2015-03-31": "1.76900", "2014-12-31": 1.067, "2014-09-30": 0.517, "2014-06-30": 0.699, "2014-03-31": "-3.26400", "2013-12-31": -0.138, "2013-09-30": 0.021, "2013-06-30": 2.725, "2013-03-31": "-0.33900", "2012-12-31": 1.836, "2012-09-30": -2.042, "2012-06-30": -5.944, "2012-03-31": "6.08400", "2011-12-31": 0.748, "2011-09-30": -1.118, "2011-06-30": 2.832, "2011-03-31": "-0.90700", "2010-12-31": -26.161, "2010-09-30": 3.91, "2010-06-30": 20.652, "2010-03-31": "-3.34500", "2009-12-31": -18.571, "2009-09-30": 19.192, "2009-06-30": 2.673, "2009-03-31": "2.93000", "2008-12-31": -7.797, "2008-09-30": -8.777, "2008-06-30": 13.827, "2008-03-31": "3.22300", "2007-12-31": -4.494, "2007-09-30": 1.737, "2007-06-30": -0.547, "2007-03-31": "-40.41600", "2006-12-31": 36.879, "2006-09-30": 3.894, "2006-06-30": 0.631, "2006-03-31": "1.41500", "2005-12-31": -1.418, "2005-09-30": -0.227, "2005-06-30": 0.268, "2005-03-31": "3.18300"}, "Stock-Based Compensation": {"2020-09-30": 0, "2020-06-30": 0, "2020-03-31": "", "2019-12-31": 0, "2019-09-30": 0, "2019-06-30": 0, "2019-03-31": "", "2018-12-31": 0, "2018-09-30": 0, "2018-06-30": 0.003, "2018-03-31": "0.00400", "2017-12-31": 0.004, "2017-09-30": 0.003, "2017-06-30": 0.004, "2017-03-31": "0.00400", "2016-12-31": 0.004, "2016-09-30": 0.004, "2016-06-30": 0.035, "2016-03-31": "0.04600", "2015-12-31": 0.047, "2015-09-30": 0.046, "2015-06-30": 0.081, "2015-03-31": "0.03600", "2014-12-31": 0.037, "2014-09-30": 0.037, "2014-06-30": 0.113, "2014-03-31": "0.03600", "2013-12-31": 0.04, "2013-09-30": 0.042, "2013-06-30": 0.162, "2013-03-31": "0.05700", "2012-12-31": 0.042, "2012-09-30": 0.059, "2012-06-30": 0.128, "2012-03-31": "0.05100", "2011-12-31": 0.049, "2011-09-30": 0.059, "2011-06-30": 0.125, "2011-03-31": "0.06900", "2010-12-31": 0.073, "2010-09-30": 0.076, "2010-06-30": 0.133, "2010-03-31": "0.07200", "2009-12-31": 0.069, "2009-09-30": 0.072, "2009-06-30": 0.109, "2009-03-31": "0.07100", "2008-12-31": 0.071, "2008-09-30": 0.071, "2008-06-30": 0.09, "2008-03-31": "0.04700", "2007-12-31": 0.044, "2007-09-30": 0.037, "2007-06-30": 0.078, "2007-03-31": "0.02400", "2006-12-31": 0.019, "2006-09-30": 0.012, "2006-06-30": 0.066, "2006-03-31": "0.02200", "2005-12-31": 0, "2005-09-30": 0, "2005-06-30": 0, "2005-03-31": ""}, "Common Stock Dividends Paid": {"2020-09-30": -50.202, "2020-06-30": -50.186, "2020-03-31": "-49.96900", "2019-12-31": -46.657, "2019-09-30": -46.651, "2019-06-30": -46.632, "2019-03-31": "-46.63100", "2018-12-31": -46.602, "2018-09-30": -46.6, "2018-06-30": -46.514, "2018-03-31": "-46.12100", "2017-12-31": -46.537, "2017-09-30": -46.564, "2017-06-30": -46.497, "2017-03-31": "-44.11300", "2016-12-31": -43.561, "2016-09-30": -44.051, "2016-06-30": -37.433, "2016-03-31": "-31.20400", "2015-12-31": -30.297, "2015-09-30": -30.461, "2015-06-30": -26.672, "2015-03-31": "-25.60900", "2014-12-31": -22.922, "2014-09-30": -22.603, "2014-06-30": -22.399, "2014-03-31": "-22.11100", "2013-12-31": -16.953, "2013-09-30": -16.651, "2013-06-30": -15.061, "2013-03-31": "-14.61400", "2012-12-31": -13.697, "2012-09-30": -13.245, "2012-06-30": -13.045, "2012-03-31": "-13.02700", "2011-12-31": -12.534, "2011-09-30": -12.466, "2011-06-30": -12.456, "2011-03-31": "-12.44400", "2010-12-31": -12.442, "2010-09-30": -12.417, "2010-06-30": -12.408, "2010-03-31": "-12.39600", "2009-12-31": -12.377, "2009-09-30": -10.528, "2009-06-30": -14.135, "2009-03-31": "-14.09300", "2008-12-31": -55.256, "2008-09-30": 27.403, "2008-06-30": -13.735, "2008-03-31": "-13.66800", "2007-12-31": -13.617, "2007-09-30": -12.775, "2007-06-30": -12.738, "2007-03-31": "-12.67500", "2006-12-31": -11.216, "2006-09-30": -10.946, "2006-06-30": -10.869, "2006-03-31": "-10.80600", "2005-12-31": -10.444, "2005-09-30": -9.935, "2005-06-30": -9.731, "2005-03-31": "-9.66300"}}, "financial ratios": {"Current Ratio": {"2019-12-31": "", "2018-12-31": "", "2017-12-31": "", "2016-12-31": "", "2015-12-31": "", "2014-12-31": "", "2013-12-31": "", "2012-12-31": "", "2011-12-31": "", "2010-12-31": "", "2009-12-31": "", "2008-12-31": "", "2007-12-31": "", "2006-12-31": "", "2005-12-31": ""}, "Long-term Debt / Capital": {"2019-12-31": "0.47860", "2018-12-31": "0.45450", "2017-12-31": "0.45980", "2016-12-31": "0.44190", "2015-12-31": "0.40770", "2014-12-31": "0.45080", "2013-12-31": "0.41830", "2012-12-31": "0.48430", "2011-12-31": "0.48820", "2010-12-31": "0.43130", "2009-12-31": "0.42540", "2008-12-31": "0.55240", "2007-12-31": "0.51790", "2006-12-31": "0.46530", "2005-12-31": "0.46250"}, "Debt/Equity Ratio": {"2019-12-31": "0.91810", "2018-12-31": "0.83300", "2017-12-31": "0.85130", "2016-12-31": "0.79170", "2015-12-31": "0.68840", "2014-12-31": "0.82090", "2013-12-31": "0.71920", "2012-12-31": "0.93900", "2011-12-31": "0.95410", "2010-12-31": "0.75850", "2009-12-31": "0.74030", "2008-12-31": "1.23410", "2007-12-31": "1.07420", "2006-12-31": "0.87030", "2005-12-31": "0.86060"}, "Gross Margin": {"2019-12-31": "", "2018-12-31": "", "2017-12-31": "", "2016-12-31": "", "2015-12-31": "", "2014-12-31": "", "2013-12-31": "", "2012-12-31": "", "2011-12-31": "", "2010-12-31": "", "2009-12-31": "", "2008-12-31": "", "2007-12-31": "", "2006-12-31": "", "2005-12-31": ""}, "Operating Margin": {"2019-12-31": "57.69560", "2018-12-31": "49.75860", "2017-12-31": "31.68480", "2016-12-31": "25.90420", "2015-12-31": "40.17570", "2014-12-31": "35.67620", "2013-12-31": "36.95080", "2012-12-31": "34.03080", "2011-12-31": "32.22890", "2010-12-31": "34.25890", "2009-12-31": "36.41860", "2008-12-31": "37.52940", "2007-12-31": "38.34370", "2006-12-31": "40.58320", "2005-12-31": "40.38830"}, "EBIT Margin": {"2019-12-31": "57.69560", "2018-12-31": "49.75860", "2017-12-31": "31.68480", "2016-12-31": "25.90420", "2015-12-31": "40.17570", "2014-12-31": "35.67620", "2013-12-31": "36.95080", "2012-12-31": "34.03080", "2011-12-31": "32.22890", "2010-12-31": "34.25890", "2009-12-31": "36.41860", "2008-12-31": "37.52940", "2007-12-31": "38.34370", "2006-12-31": "40.58320", "2005-12-31": "40.38830"}, "EBITDA Margin": {"2019-12-31": "77.01390", "2018-12-31": "69.02900", "2017-12-31": "56.55950", "2016-12-31": "53.30730", "2015-12-31": "56.45770", "2014-12-31": "51.83510", "2013-12-31": "53.90830", "2012-12-31": "52.19330", "2011-12-31": "51.02910", "2010-12-31": "52.86850", "2009-12-31": "55.08270", "2008-12-31": "55.69630", "2007-12-31": "56.76300", "2006-12-31": "56.51120", "2005-12-31": "56.30380"}, "Pre-Tax Profit Margin": {"2019-12-31": "44.45690", "2018-12-31": "36.93130", "2017-12-31": "17.64890", "2016-12-31": "17.57230", "2015-12-31": "29.91580", "2014-12-31": "26.67170", "2013-12-31": "25.41950", "2012-12-31": "20.15750", "2011-12-31": "13.76780", "2010-12-31": "17.04240", "2009-12-31": "10.65010", "2008-12-31": "18.28450", "2007-12-31": "21.08540", "2006-12-31": "23.23590", "2005-12-31": "26.11400"}, "Net Profit Margin": {"2019-12-31": "45.01160", "2018-12-31": "37.50390", "2017-12-31": "18.19070", "2016-12-31": "18.42270", "2015-12-31": "30.69380", "2014-12-31": "27.15010", "2013-12-31": "27.10210", "2012-12-31": "23.55070", "2011-12-31": "15.23050", "2010-12-31": "22.12400", "2009-12-31": "10.42500", "2008-12-31": "19.05330", "2007-12-31": "19.97650", "2006-12-31": "20.61930", "2005-12-31": "22.17350"}, "Asset Turnover": {"2019-12-31": "0.13580", "2018-12-31": "0.14150", "2017-12-31": "0.13660", "2016-12-31": "0.11990", "2015-12-31": "0.17300", "2014-12-31": "0.17580", "2013-12-31": "0.17510", "2012-12-31": "0.15770", "2011-12-31": "0.14950", "2010-12-31": "0.15500", "2009-12-31": "0.16120", "2008-12-31": "0.16190", "2007-12-31": "0.16320", "2006-12-31": "0.15700", "2005-12-31": "0.17630"}, "Inventory Turnover Ratio": {"2019-12-31": "", "2018-12-31": "", "2017-12-31": "", "2016-12-31": "", "2015-12-31": "", "2014-12-31": "", "2013-12-31": "", "2012-12-31": "", "2011-12-31": "", "2010-12-31": "", "2009-12-31": "", "2008-12-31": "", "2007-12-31": "", "2006-12-31": "", "2005-12-31": ""}, "Receiveable Turnover": {"2019-12-31": "", "2018-12-31": "", "2017-12-31": "", "2016-12-31": "", "2015-12-31": "", "2014-12-31": "", "2013-12-31": "", "2012-12-31": "", "2011-12-31": "", "2010-12-31": "", "2009-12-31": "", "2008-12-31": "", "2007-12-31": "", "2006-12-31": "", "2005-12-31": ""}, "Days Sales In Receivables": {"2019-12-31": "", "2018-12-31": "", "2017-12-31": "", "2016-12-31": "", "2015-12-31": "", "2014-12-31": "", "2013-12-31": "", "2012-12-31": "", "2011-12-31": "", "2010-12-31": "", "2009-12-31": "", "2008-12-31": "", "2007-12-31": "", "2006-12-31": "", "2005-12-31": ""}, "ROE - Return On Equity": {"2019-12-31": "12.19360", "2018-12-31": "10.08670", "2017-12-31": "4.77290", "2016-12-31": "4.06780", "2015-12-31": "9.40490", "2014-12-31": "9.12590", "2013-12-31": "7.97050", "2012-12-31": "6.60340", "2011-12-31": "4.16660", "2010-12-31": "4.89360", "2009-12-31": "3.16600", "2008-12-31": "7.12710", "2007-12-31": "7.61940", "2006-12-31": "7.17100", "2005-12-31": "9.46740"}, "Return On Tangible Equity": {"2019-12-31": "12.28870", "2018-12-31": "10.16830", "2017-12-31": "4.81200", "2016-12-31": "4.10020", "2015-12-31": "9.40490", "2014-12-31": "9.12590", "2013-12-31": "8.20850", "2012-12-31": "6.60340", "2011-12-31": "4.16660", "2010-12-31": "4.89360", "2009-12-31": "3.16600", "2008-12-31": "7.12710", "2007-12-31": "7.61940", "2006-12-31": "6.81150", "2005-12-31": "8.82800"}, "ROA - Return On Assets": {"2019-12-31": "6.14410", "2018-12-31": "5.33260", "2017-12-31": "2.49720", "2016-12-31": "2.20210", "2015-12-31": "5.33680", "2014-12-31": "4.80140", "2013-12-31": "4.57600", "2012-12-31": "3.24200", "2011-12-31": "2.03280", "2010-12-31": "2.66100", "2009-12-31": "1.73670", "2008-12-31": "2.96850", "2007-12-31": "3.45050", "2006-12-31": "3.43360", "2005-12-31": "4.43540"}, "ROI - Return On Investment": {"2019-12-31": "6.35730", "2018-12-31": "5.50280", "2017-12-31": "2.57810", "2016-12-31": "2.27030", "2015-12-31": "5.57040", "2014-12-31": "5.01170", "2013-12-31": "4.77450", "2012-12-31": "3.40560", "2011-12-31": "2.13230", "2010-12-31": "2.78290", "2009-12-31": "1.81930", "2008-12-31": "3.19010", "2007-12-31": "3.67340", "2006-12-31": "3.64200", "2005-12-31": "4.74480"}, "Book Value Per Share": {"2019-12-31": "45.69570", "2018-12-31": "44.14130", "2017-12-31": "43.57090", "2016-12-31": "44.95770", "2015-12-31": "32.75080", "2014-12-31": "28.61280", "2013-12-31": "26.76390", "2012-12-31": "23.93440", "2011-12-31": "22.64230", "2010-12-31": "23.31430", "2009-12-31": "23.59800", "2008-12-31": "22.93920", "2007-12-31": "24.32940", "2006-12-31": "25.96900", "2005-12-31": "22.43840"}, "Operating Cash Flow Per Share": {"2019-12-31": 0.3478, "2018-12-31": 0.281, "2017-12-31": 0.1465, "2016-12-31": -0.0285, "2015-12-31": 0.8293, "2014-12-31": 0.565, "2013-12-31": 0.4867, "2012-12-31": 0.4673, "2011-12-31": 0.2042, "2010-12-31": 0.1923, "2009-12-31": -1.0556, "2008-12-31": -0.5143, "2007-12-31": 0.4674, "2006-12-31": -0.0336, "2005-12-31": 3.6214}, "Free Cash Flow Per Share": {"2019-12-31": -7.0284, "2018-12-31": -0.4534, "2017-12-31": 39.8769, "2016-12-31": -33.1219, "2015-12-31": 1.4678, "2014-12-31": -5.0451, "2013-12-31": 4.0257, "2012-12-31": -0.6415, "2011-12-31": -4.1177, "2010-12-31": -0.964, "2009-12-31": 1.0067, "2008-12-31": 5.6056, "2007-12-31": 0.6797, "2006-12-31": -4.5921, "2005-12-31": -1.1021}}, "financial ratios, quarterly": {"Current Ratio": {"2020-09-30": "", "2020-06-30": "", "2020-03-31": "", "2019-12-31": "", "2019-09-30": "", "2019-06-30": "", "2019-03-31": "", "2018-12-31": "", "2018-09-30": "", "2018-06-30": "", "2018-03-31": "", "2017-12-31": "", "2017-09-30": "", "2017-06-30": "", "2017-03-31": "", "2016-12-31": "", "2016-09-30": "", "2016-06-30": "", "2016-03-31": "", "2015-12-31": "", "2015-09-30": "", "2015-06-30": "", "2015-03-31": "", "2014-12-31": "", "2014-09-30": "", "2014-06-30": "", "2014-03-31": "", "2013-12-31": "", "2013-09-30": "", "2013-06-30": "", "2013-03-31": "", "2012-12-31": "", "2012-09-30": "", "2012-06-30": "", "2012-03-31": "", "2011-12-31": "", "2011-09-30": "", "2011-06-30": "", "2011-03-31": "", "2010-12-31": "", "2010-09-30": "", "2010-06-30": "", "2010-03-31": "", "2009-12-31": "", "2009-09-30": "", "2009-06-30": "", "2009-03-31": "", "2008-12-31": "", "2008-09-30": "", "2008-06-30": "", "2008-03-31": "", "2007-12-31": "", "2007-09-30": "", "2007-06-30": "", "2007-03-31": "", "2006-12-31": "", "2006-09-30": "", "2006-06-30": "", "2006-03-31": "", "2005-12-31": "", "2005-09-30": "", "2005-06-30": "", "2005-03-31": ""}, "Long-term Debt / Capital": {"2020-09-30": "0.50430", "2020-06-30": "0.49040", "2020-03-31": "0.49160", "2019-12-31": "0.47860", "2019-09-30": "0.47310", "2019-06-30": "0.47790", "2019-03-31": "0.46800", "2018-12-31": "0.45450", "2018-09-30": "0.46560", "2018-06-30": "0.46290", "2018-03-31": "0.46460", "2017-12-31": "0.45980", "2017-09-30": "0.45870", "2017-06-30": "0.45750", "2017-03-31": "0.45060", "2016-12-31": "0.44190", "2016-09-30": "0.43790", "2016-06-30": "0.35880", "2016-03-31": "0.37830", "2015-12-31": "0.40770", "2015-09-30": "0.42960", "2015-06-30": "0.43060", "2015-03-31": "0.42750", "2014-12-31": "0.45080", "2014-09-30": "0.44120", "2014-06-30": "0.45530", "2014-03-31": "0.43690", "2013-12-31": "0.41830", "2013-09-30": "0.43030", "2013-06-30": "0.44640", "2013-03-31": "0.45500", "2012-12-31": "0.48430", "2012-09-30": "0.45410", "2012-06-30": "0.49300", "2012-03-31": "0.49560", "2011-12-31": "0.48820", "2011-09-30": "0.51690", "2011-06-30": "0.45100", "2011-03-31": "0.43490", "2010-12-31": "0.43130", "2010-09-30": "0.42610", "2010-06-30": "0.42490", "2010-03-31": "0.42670", "2009-12-31": "0.42540", "2009-09-30": "0.52870", "2009-06-30": "0.52660", "2009-03-31": "0.55520", "2008-12-31": "0.55240", "2008-09-30": "0.54040", "2008-06-30": "0.53810", "2008-03-31": "0.53070", "2007-12-31": "0.51790", "2007-09-30": "0.51060", "2007-06-30": "0.50930", "2007-03-31": "0.46520", "2006-12-31": "0.46530", "2006-09-30": "0.56230", "2006-06-30": "0.55610", "2006-03-31": "0.47860", "2005-12-31": "0.46250", "2005-09-30": "0.45980", "2005-06-30": "0.45280", "2005-03-31": "0.44530"}, "Debt/Equity Ratio": {"2020-09-30": "1.01740", "2020-06-30": "0.96220", "2020-03-31": "0.96690", "2019-12-31": "0.91810", "2019-09-30": "0.89810", "2019-06-30": "0.91540", "2019-03-31": "0.87970", "2018-12-31": "0.83300", "2018-09-30": "0.87130", "2018-06-30": "0.86200", "2018-03-31": "0.86770", "2017-12-31": "0.85130", "2017-09-30": "0.84740", "2017-06-30": "0.84320", "2017-03-31": "0.82020", "2016-12-31": "0.79170", "2016-09-30": "0.77910", "2016-06-30": "0.55950", "2016-03-31": "0.60840", "2015-12-31": "0.68840", "2015-09-30": "0.75300", "2015-06-30": "0.75630", "2015-03-31": "0.74660", "2014-12-31": "0.82090", "2014-09-30": "0.78940", "2014-06-30": "0.83570", "2014-03-31": "0.77570", "2013-12-31": "0.71920", "2013-09-30": "0.75540", "2013-06-30": "0.80620", "2013-03-31": "0.83480", "2012-12-31": "0.93900", "2012-09-30": "0.83190", "2012-06-30": "0.97240", "2012-03-31": "0.98270", "2011-12-31": "0.95410", "2011-09-30": "1.07010", "2011-06-30": "0.82150", "2011-03-31": "0.76950", "2010-12-31": "0.75850", "2010-09-30": "0.74260", "2010-06-30": "0.73880", "2010-03-31": "0.74420", "2009-12-31": "0.74030", "2009-09-30": "1.12170", "2009-06-30": "1.11220", "2009-03-31": "1.24810", "2008-12-31": "1.23410", "2008-09-30": "1.17590", "2008-06-30": "1.16520", "2008-03-31": "1.13100", "2007-12-31": "1.07420", "2007-09-30": "1.04310", "2007-06-30": "1.03780", "2007-03-31": "0.86980", "2006-12-31": "0.87030", "2006-09-30": "1.28490", "2006-06-30": "1.25290", "2006-03-31": "0.91800", "2005-12-31": "0.86060", "2005-09-30": "0.85130", "2005-06-30": "0.82730", "2005-03-31": "0.80280"}, "Gross Margin": {"2020-09-30": "", "2020-06-30": "", "2020-03-31": "", "2019-12-31": "", "2019-09-30": "", "2019-06-30": "", "2019-03-31": "", "2018-12-31": "", "2018-09-30": "", "2018-06-30": "", "2018-03-31": "", "2017-12-31": "", "2017-09-30": "", "2017-06-30": "", "2017-03-31": "", "2016-12-31": "", "2016-09-30": "", "2016-06-30": "", "2016-03-31": "", "2015-12-31": "", "2015-09-30": "", "2015-06-30": "", "2015-03-31": "", "2014-12-31": "", "2014-09-30": "", "2014-06-30": "", "2014-03-31": "", "2013-12-31": "", "2013-09-30": "", "2013-06-30": "", "2013-03-31": "", "2012-12-31": "", "2012-09-30": "", "2012-06-30": "", "2012-03-31": "", "2011-12-31": "", "2011-09-30": "", "2011-06-30": "", "2011-03-31": "", "2010-12-31": "", "2010-09-30": "", "2010-06-30": "", "2010-03-31": "", "2009-12-31": "", "2009-09-30": "", "2009-06-30": "", "2009-03-31": "", "2008-12-31": "", "2008-09-30": "", "2008-06-30": "", "2008-03-31": "", "2007-12-31": "", "2007-09-30": "", "2007-06-30": "", "2007-03-31": "", "2006-12-31": "", "2006-09-30": "", "2006-06-30": "", "2006-03-31": "", "2005-12-31": "", "2005-09-30": "", "2005-06-30": "", "2005-03-31": ""}, "Operating Margin": {"2020-09-30": "35.82300", "2020-06-30": "38.05240", "2020-03-31": "37.94060", "2019-12-31": "42.25540", "2019-09-30": "109.20660", "2019-06-30": "40.38320", "2019-03-31": "37.82540", "2018-12-31": "79.34550", "2018-09-30": "41.12580", "2018-06-30": "40.52300", "2018-03-31": "37.77560", "2017-12-31": "35.52280", "2017-09-30": "37.77000", "2017-06-30": "25.87810", "2017-03-31": "27.28410", "2016-12-31": "24.74160", "2016-09-30": "6.87240", "2016-06-30": "39.97200", "2016-03-31": "36.76510", "2015-12-31": "41.06480", "2015-09-30": "42.06630", "2015-06-30": "40.82290", "2015-03-31": "36.38650", "2014-12-31": "36.67020", "2014-09-30": "38.02860", "2014-06-30": "36.19410", "2014-03-31": "31.34770", "2013-12-31": "36.77700", "2013-09-30": "38.18040", "2013-06-30": "38.45390", "2013-03-31": "34.21160", "2012-12-31": "33.15900", "2012-09-30": "35.85970", "2012-06-30": "33.18160", "2012-03-31": "33.81300", "2011-12-31": "29.84120", "2011-09-30": "30.15720", "2011-06-30": "35.57610", "2011-03-31": "33.38850", "2010-12-31": "33.07150", "2010-09-30": "35.55520", "2010-06-30": "34.78620", "2010-03-31": "33.41510", "2009-12-31": "35.02090", "2009-09-30": "36.81820", "2009-06-30": "37.33100", "2009-03-31": "36.47750", "2008-12-31": "36.26540", "2008-09-30": "38.10030", "2008-06-30": "38.58540", "2008-03-31": "36.99790", "2007-12-31": "39.86880", "2007-09-30": "40.13000", "2007-06-30": "34.71550", "2007-03-31": "38.60540", "2006-12-31": "40.23420", "2006-09-30": "41.07720", "2006-06-30": "41.47560", "2006-03-31": "39.41400", "2005-12-31": "38.57690", "2005-09-30": "42.14370", "2005-06-30": "41.44440", "2005-03-31": "39.34180"}, "EBIT Margin": {"2020-09-30": "35.82300", "2020-06-30": "38.05240", "2020-03-31": "37.94060", "2019-12-31": "42.25540", "2019-09-30": "109.20660", "2019-06-30": "40.38320", "2019-03-31": "37.82540", "2018-12-31": "79.34550", "2018-09-30": "41.12580", "2018-06-30": "40.52300", "2018-03-31": "37.77560", "2017-12-31": "35.52280", "2017-09-30": "37.77000", "2017-06-30": "25.87810", "2017-03-31": "27.28410", "2016-12-31": "24.74160", "2016-09-30": "6.87240", "2016-06-30": "39.97200", "2016-03-31": "36.76510", "2015-12-31": "41.06480", "2015-09-30": "42.06630", "2015-06-30": "40.82290", "2015-03-31": "36.38650", "2014-12-31": "36.67020", "2014-09-30": "38.02860", "2014-06-30": "36.19410", "2014-03-31": "31.34770", "2013-12-31": "36.77700", "2013-09-30": "38.18040", "2013-06-30": "38.45390", "2013-03-31": "34.21160", "2012-12-31": "33.15900", "2012-09-30": "35.85970", "2012-06-30": "33.18160", "2012-03-31": "33.81300", "2011-12-31": "29.84120", "2011-09-30": "30.15720", "2011-06-30": "35.57610", "2011-03-31": "33.38850", "2010-12-31": "33.07150", "2010-09-30": "35.55520", "2010-06-30": "34.78620", "2010-03-31": "33.41510", "2009-12-31": "35.02090", "2009-09-30": "36.81820", "2009-06-30": "37.33100", "2009-03-31": "36.47750", "2008-12-31": "36.26540", "2008-09-30": "38.10030", "2008-06-30": "38.58540", "2008-03-31": "36.99790", "2007-12-31": "39.86880", "2007-09-30": "40.13000", "2007-06-30": "34.71550", "2007-03-31": "38.60540", "2006-12-31": "40.23420", "2006-09-30": "41.07720", "2006-06-30": "41.47560", "2006-03-31": "39.41400", "2005-12-31": "38.57690", "2005-09-30": "42.14370", "2005-06-30": "41.44440", "2005-03-31": "39.34180"}, "EBITDA Margin": {"2020-09-30": "", "2020-06-30": "", "2020-03-31": "", "2019-12-31": "", "2019-09-30": "", "2019-06-30": "", "2019-03-31": "", "2018-12-31": "", "2018-09-30": "", "2018-06-30": "", "2018-03-31": "", "2017-12-31": "", "2017-09-30": "", "2017-06-30": "", "2017-03-31": "", "2016-12-31": "", "2016-09-30": "", "2016-06-30": "", "2016-03-31": "", "2015-12-31": "", "2015-09-30": "", "2015-06-30": "", "2015-03-31": "", "2014-12-31": "", "2014-09-30": "", "2014-06-30": "", "2014-03-31": "", "2013-12-31": "", "2013-09-30": "", "2013-06-30": "", "2013-03-31": "", "2012-12-31": "", "2012-09-30": "", "2012-06-30": "", "2012-03-31": "", "2011-12-31": "", "2011-09-30": "", "2011-06-30": "", "2011-03-31": "", "2010-12-31": "", "2010-09-30": "", "2010-06-30": "", "2010-03-31": "", "2009-12-31": "", "2009-09-30": "", "2009-06-30": "", "2009-03-31": "", "2008-12-31": "", "2008-09-30": "", "2008-06-30": "", "2008-03-31": "", "2007-12-31": "", "2007-09-30": "", "2007-06-30": "", "2007-03-31": "", "2006-12-31": "", "2006-09-30": "", "2006-06-30": "", "2006-03-31": "", "2005-12-31": "", "2005-09-30": "", "2005-06-30": "", "2005-03-31": ""}, "Pre-Tax Profit Margin": {"2020-09-30": "22.68500", "2020-06-30": "24.26860", "2020-03-31": "24.16520", "2019-12-31": "28.64020", "2019-09-30": "95.83680", "2019-06-30": "27.48020", "2019-03-31": "24.77700", "2018-12-31": "66.31110", "2018-09-30": "28.45930", "2018-06-30": "27.83100", "2018-03-31": "24.85240", "2017-12-31": "15.12570", "2017-09-30": "25.75460", "2017-06-30": "14.04310", "2017-03-31": "15.43330", "2016-12-31": "13.46070", "2016-09-30": "-4.57820", "2016-06-30": "39.72340", "2016-03-31": "27.55640", "2015-12-31": "30.73760", "2015-09-30": "32.19700", "2015-06-30": "30.66710", "2015-03-31": "25.65450", "2014-12-31": "29.79510", "2014-09-30": "29.42090", "2014-06-30": "25.19520", "2014-03-31": "21.62420", "2013-12-31": "26.87470", "2013-09-30": "26.93630", "2013-06-30": "25.86990", "2013-03-31": "21.63150", "2012-12-31": "20.59560", "2012-09-30": "22.34270", "2012-06-30": "18.63360", "2012-03-31": "18.80560", "2011-12-31": "14.82800", "2011-09-30": "3.75450", "2011-06-30": "19.46610", "2011-03-31": "17.48260", "2010-12-31": "13.48160", "2010-09-30": "19.24600", "2010-06-30": "18.07060", "2010-03-31": "16.79640", "2009-12-31": "-3.26800", "2009-09-30": "16.77450", "2009-06-30": "12.54910", "2009-03-31": "16.05620", "2008-12-31": "13.61780", "2008-09-30": "18.99920", "2008-06-30": "20.84400", "2008-03-31": "19.13580", "2007-12-31": "21.27160", "2007-09-30": "22.48990", "2007-06-30": "17.86220", "2007-03-31": "22.75110", "2006-12-31": "21.47510", "2006-09-30": "22.57500", "2006-06-30": "24.93300", "2006-03-31": "24.27370", "2005-12-31": "24.42870", "2005-09-30": "27.75050", "2005-06-30": "27.11800", "2005-03-31": "25.11430"}, "Net Profit Margin": {"2020-09-30": "23.73170", "2020-06-30": "24.79850", "2020-03-31": "24.79400", "2019-12-31": "29.48120", "2019-09-30": "96.13280", "2019-06-30": "28.09250", "2019-03-31": "25.23700", "2018-12-31": "66.76090", "2018-09-30": "29.06360", "2018-06-30": "28.45780", "2018-03-31": "25.46250", "2017-12-31": "15.84410", "2017-09-30": "26.18320", "2017-06-30": "14.57630", "2017-03-31": "15.92040", "2016-12-31": "14.11900", "2016-09-30": "-3.70730", "2016-06-30": "40.61120", "2016-03-31": "28.58950", "2015-12-31": "31.60460", "2015-09-30": "33.01340", "2015-06-30": "31.44850", "2015-03-31": "26.28680", "2014-12-31": "30.25200", "2014-09-30": "30.01680", "2014-06-30": "25.57800", "2014-03-31": "22.09600", "2013-12-31": "30.85310", "2013-09-30": "27.92560", "2013-06-30": "26.72820", "2013-03-31": "22.35480", "2012-12-31": "22.35950", "2012-09-30": "30.44490", "2012-06-30": "20.51710", "2012-03-31": "20.26090", "2011-12-31": "20.88370", "2011-09-30": "4.48970", "2011-06-30": "19.42820", "2011-03-31": "16.67510", "2010-12-31": "21.07200", "2010-09-30": "18.35140", "2010-06-30": "33.31500", "2010-03-31": "15.70720", "2009-12-31": "-3.21450", "2009-09-30": "15.45120", "2009-06-30": "13.33840", "2009-03-31": "15.67630", "2008-12-31": "18.41020", "2008-09-30": "18.66100", "2008-06-30": "21.03150", "2008-03-31": "18.04350", "2007-12-31": "22.95620", "2007-09-30": "21.42220", "2007-06-30": "15.53310", "2007-03-31": "19.97530", "2006-12-31": "19.56360", "2006-09-30": "19.73250", "2006-06-30": "21.73420", "2006-03-31": "21.73390", "2005-12-31": "21.86960", "2005-09-30": "23.96470", "2005-06-30": "22.41300", "2005-03-31": "20.25570"}, "Asset Turnover": {"2020-09-30": "0.03330", "2020-06-30": "0.03410", "2020-03-31": "0.03390", "2019-12-31": "0.03490", "2019-09-30": "0.03480", "2019-06-30": "0.03590", "2019-03-31": "0.03450", "2018-12-31": "0.03550", "2018-09-30": "0.03660", "2018-06-30": "0.03570", "2018-03-31": "0.03440", "2017-12-31": "0.03430", "2017-09-30": "0.03490", "2017-06-30": "0.03410", "2017-03-31": "0.03330", "2016-12-31": "0.03340", "2016-09-30": "0.03320", "2016-06-30": "0.03120", "2016-03-31": "0.04050", "2015-12-31": "0.04490", "2015-09-30": "0.04530", "2015-06-30": "0.04440", "2015-03-31": "0.04310", "2014-12-31": "0.04580", "2014-09-30": "0.04790", "2014-06-30": "0.04620", "2014-03-31": "0.04590", "2013-12-31": "0.04610", "2013-09-30": "0.04630", "2013-06-30": "0.04480", "2013-03-31": "0.04270", "2012-12-31": "0.04060", "2012-09-30": "0.04420", "2012-06-30": "0.04130", "2012-03-31": "0.04070", "2011-12-31": "0.03650", "2011-09-30": "0.03890", "2011-06-30": "0.04230", "2011-03-31": "0.04190", "2010-12-31": "0.03410", "2010-09-30": "0.04120", "2010-06-30": "0.04010", "2010-03-31": "0.04020", "2009-12-31": "0.03940", "2009-09-30": "0.04000", "2009-06-30": "0.03890", "2009-03-31": "0.04020", "2008-12-31": "0.03670", "2008-09-30": "0.04300", "2008-06-30": "0.04170", "2008-03-31": "0.04190", "2007-12-31": "0.04020", "2007-09-30": "0.04420", "2007-06-30": "0.04180", "2007-03-31": "0.04230", "2006-12-31": "0.04140", "2006-09-30": "0.04460", "2006-06-30": "0.04180", "2006-03-31": "0.04520", "2005-12-31": "0.04610", "2005-09-30": "0.04610", "2005-06-30": "0.04460", "2005-03-31": "0.04370"}, "Inventory Turnover Ratio": {"2020-09-30": "", "2020-06-30": "", "2020-03-31": "", "2019-12-31": "", "2019-09-30": "", "2019-06-30": "", "2019-03-31": "", "2018-12-31": "", "2018-09-30": "", "2018-06-30": "", "2018-03-31": "", "2017-12-31": "", "2017-09-30": "", "2017-06-30": "", "2017-03-31": "", "2016-12-31": "", "2016-09-30": "", "2016-06-30": "", "2016-03-31": "", "2015-12-31": "", "2015-09-30": "", "2015-06-30": "", "2015-03-31": "", "2014-12-31": "", "2014-09-30": "", "2014-06-30": "", "2014-03-31": "", "2013-12-31": "", "2013-09-30": "", "2013-06-30": "", "2013-03-31": "", "2012-12-31": "", "2012-09-30": "", "2012-06-30": "", "2012-03-31": "", "2011-12-31": "", "2011-09-30": "", "2011-06-30": "", "2011-03-31": "", "2010-12-31": "", "2010-09-30": "", "2010-06-30": "", "2010-03-31": "", "2009-12-31": "", "2009-09-30": "", "2009-06-30": "", "2009-03-31": "", "2008-12-31": "", "2008-09-30": "", "2008-06-30": "", "2008-03-31": "", "2007-12-31": "", "2007-09-30": "", "2007-06-30": "", "2007-03-31": "", "2006-12-31": "", "2006-09-30": "", "2006-06-30": "", "2006-03-31": "", "2005-12-31": "", "2005-09-30": "", "2005-06-30": "", "2005-03-31": ""}, "Receiveable Turnover": {"2020-09-30": "", "2020-06-30": "", "2020-03-31": "", "2019-12-31": "", "2019-09-30": "", "2019-06-30": "", "2019-03-31": "", "2018-12-31": "", "2018-09-30": "", "2018-06-30": "", "2018-03-31": "", "2017-12-31": "", "2017-09-30": "", "2017-06-30": "", "2017-03-31": "", "2016-12-31": "", "2016-09-30": "", "2016-06-30": "", "2016-03-31": "", "2015-12-31": "", "2015-09-30": "", "2015-06-30": "", "2015-03-31": "", "2014-12-31": "", "2014-09-30": "", "2014-06-30": "", "2014-03-31": "", "2013-12-31": "", "2013-09-30": "", "2013-06-30": "", "2013-03-31": "", "2012-12-31": "", "2012-09-30": "", "2012-06-30": "", "2012-03-31": "", "2011-12-31": "", "2011-09-30": "", "2011-06-30": "", "2011-03-31": "", "2010-12-31": "", "2010-09-30": "", "2010-06-30": "", "2010-03-31": "", "2009-12-31": "", "2009-09-30": "", "2009-06-30": "", "2009-03-31": "", "2008-12-31": "", "2008-09-30": "", "2008-06-30": "", "2008-03-31": "", "2007-12-31": "", "2007-09-30": "", "2007-06-30": "", "2007-03-31": "", "2006-12-31": "", "2006-09-30": "", "2006-06-30": "", "2006-03-31": "", "2005-12-31": "", "2005-09-30": "", "2005-06-30": "", "2005-03-31": ""}, "Days Sales In Receivables": {"2020-09-30": "", "2020-06-30": "", "2020-03-31": "", "2019-12-31": "", "2019-09-30": "", "2019-06-30": "", "2019-03-31": "", "2018-12-31": "", "2018-09-30": "", "2018-06-30": "", "2018-03-31": "", "2017-12-31": "", "2017-09-30": "", "2017-06-30": "", "2017-03-31": "", "2016-12-31": "", "2016-09-30": "", "2016-06-30": "", "2016-03-31": "", "2015-12-31": "", "2015-09-30": "", "2015-06-30": "", "2015-03-31": "", "2014-12-31": "", "2014-09-30": "", "2014-06-30": "", "2014-03-31": "", "2013-12-31": "", "2013-09-30": "", "2013-06-30": "", "2013-03-31": "", "2012-12-31": "", "2012-09-30": "", "2012-06-30": "", "2012-03-31": "", "2011-12-31": "", "2011-09-30": "", "2011-06-30": "", "2011-03-31": "", "2010-12-31": "", "2010-09-30": "", "2010-06-30": "", "2010-03-31": "", "2009-12-31": "", "2009-09-30": "", "2009-06-30": "", "2009-03-31": "", "2008-12-31": "", "2008-09-30": "", "2008-06-30": "", "2008-03-31": "", "2007-12-31": "", "2007-09-30": "", "2007-06-30": "", "2007-03-31": "", "2006-12-31": "", "2006-09-30": "", "2006-06-30": "", "2006-03-31": "", "2005-12-31": "", "2005-09-30": "", "2005-06-30": "", "2005-03-31": ""}, "ROE - Return On Equity": {"2020-09-30": "1.65730", "2020-06-30": "1.71840", "2020-03-31": "1.70530", "2019-12-31": "2.05030", "2019-09-30": "6.59130", "2019-06-30": "2.00620", "2019-03-31": "1.69220", "2018-12-31": "4.50690", "2018-09-30": "2.05570", "2018-06-30": "1.95970", "2018-03-31": "1.68610", "2017-12-31": "1.04450", "2017-09-30": "1.74660", "2017-06-30": "0.94590", "2017-03-31": "0.99030", "2016-12-31": "0.87100", "2016-09-30": "-0.23650", "2016-06-30": "2.03190", "2016-03-31": "1.93030", "2015-12-31": "2.51040", "2015-09-30": "2.75300", "2015-06-30": "2.55730", "2015-03-31": "2.06610", "2014-12-31": "2.64770", "2014-09-30": "2.70190", "2014-06-30": "2.27580", "2014-03-31": "1.87990", "2013-12-31": "2.21910", "2013-09-30": "2.35470", "2013-06-30": "2.23330", "2013-03-31": "1.80980", "2012-12-31": "1.74660", "2012-09-30": "1.94300", "2012-06-30": "1.62490", "2012-03-31": "1.59190", "2011-12-31": "1.12120", "2011-09-30": "0.23300", "2011-06-30": "1.57340", "2011-03-31": "1.35430", "2010-12-31": "0.85980", "2010-09-30": "1.45160", "2010-06-30": "1.32620", "2010-03-31": "1.24060", "2009-12-31": "-0.22210", "2009-09-30": "1.51280", "2009-06-30": "1.09280", "2009-03-31": "1.55070", "2008-12-31": "1.22800", "2008-09-30": "1.88670", "2008-06-30": "1.99630", "2008-03-31": "1.81590", "2007-12-31": "2.26400", "2007-09-30": "2.03310", "2007-06-30": "1.57860", "2007-03-31": "1.89190", "2006-12-31": "1.72850", "2006-09-30": "2.46090", "2006-06-30": "2.50540", "2006-03-31": "2.32430", "2005-12-31": "2.32210", "2005-09-30": "2.73690", "2005-06-30": "2.65560", "2005-03-31": "2.37910"}, "Return On Tangible Equity": {"2020-09-30": "1.66960", "2020-06-30": "1.73180", "2020-03-31": "1.71850", "2019-12-31": "2.06620", "2019-09-30": "6.64270", "2019-06-30": "2.02250", "2019-03-31": "1.70590", "2018-12-31": "4.54340", "2018-09-30": "2.07270", "2018-06-30": "1.97590", "2018-03-31": "1.70000", "2017-12-31": "1.05300", "2017-09-30": "1.76080", "2017-06-30": "0.95360", "2017-03-31": "0.99830", "2016-12-31": "0.87790", "2016-09-30": "-0.23650", "2016-06-30": "2.03190", "2016-03-31": "1.93030", "2015-12-31": "2.51040", "2015-09-30": "2.75300", "2015-06-30": "2.55730", "2015-03-31": "2.06610", "2014-12-31": "2.64770", "2014-09-30": "2.70190", "2014-06-30": "2.27580", "2014-03-31": "1.87990", "2013-12-31": "2.28540", "2013-09-30": "2.35470", "2013-06-30": "2.23330", "2013-03-31": "1.80980", "2012-12-31": "1.74660", "2012-09-30": "1.94300", "2012-06-30": "1.62490", "2012-03-31": "1.59190", "2011-12-31": "1.12120", "2011-09-30": "0.23300", "2011-06-30": "1.57340", "2011-03-31": "1.35430", "2010-12-31": "0.85980", "2010-09-30": "1.45160", "2010-06-30": "1.32620", "2010-03-31": "1.24060", "2009-12-31": "-0.22210", "2009-09-30": "1.51280", "2009-06-30": "1.09280", "2009-03-31": "1.55070", "2008-12-31": "1.22800", "2008-09-30": "1.88670", "2008-06-30": "1.99630", "2008-03-31": "1.81590", "2007-12-31": "2.26400", "2007-09-30": "2.03310", "2007-06-30": "1.49940", "2007-03-31": "1.79700", "2006-12-31": "1.64190", "2006-09-30": "2.30160", "2006-06-30": "2.33920", "2006-03-31": "2.16830", "2005-12-31": "2.16530", "2005-09-30": "2.44680", "2005-06-30": "2.29090", "2005-03-31": "2.04560"}, "ROA - Return On Assets": {"2020-09-30": "0.79520", "2020-06-30": "0.85010", "2020-03-31": "0.84400", "2019-12-31": "1.03310", "2019-09-30": "3.36010", "2019-06-30": "1.01530", "2019-03-31": "0.87490", "2018-12-31": "2.38270", "2018-09-30": "1.06770", "2018-06-30": "1.02140", "2018-03-31": "0.88010", "2017-12-31": "0.54650", "2017-09-30": "0.91820", "2017-06-30": "0.49950", "2017-03-31": "0.53210", "2016-12-31": "0.47150", "2016-09-30": "-0.12910", "2016-06-30": "1.26970", "2016-03-31": "1.15250", "2015-12-31": "1.42450", "2015-09-30": "1.50280", "2015-06-30": "1.40230", "2015-03-31": "1.13800", "2014-12-31": "1.39300", "2014-09-30": "1.44520", "2014-06-30": "1.18950", "2014-03-31": "1.02100", "2013-12-31": "1.27400", "2013-09-30": "1.28360", "2013-06-30": "1.18980", "2013-03-31": "0.94980", "2012-12-31": "0.85750", "2012-09-30": "1.01170", "2012-06-30": "0.78470", "2012-03-31": "0.77080", "2011-12-31": "0.54700", "2011-09-30": "0.10770", "2011-06-30": "0.82930", "2011-03-31": "0.73600", "2010-12-31": "0.46760", "2010-09-30": "0.79470", "2010-06-30": "0.73110", "2010-03-31": "0.68120", "2009-12-31": "-0.12180", "2009-09-30": "0.67510", "2009-06-30": "0.49330", "2009-03-31": "0.64820", "2008-12-31": "0.51150", "2008-09-30": "0.81320", "2008-06-30": "0.87000", "2008-03-31": "0.80190", "2007-12-31": "1.02530", "2007-09-30": "0.93560", "2007-06-30": "0.69420", "2007-03-31": "0.90490", "2006-12-31": "0.82770", "2006-09-30": "0.94300", "2006-06-30": "0.97430", "2006-03-31": "1.06050", "2005-12-31": "1.08790", "2005-09-30": "1.23090", "2005-06-30": "1.16380", "2005-03-31": "1.05690"}, "ROI - Return On Investment": {"2020-09-30": "0.82150", "2020-06-30": "0.87580", "2020-03-31": "0.86700", "2019-12-31": "1.06890", "2019-09-30": "3.47270", "2019-06-30": "1.04740", "2019-03-31": "0.90030", "2018-12-31": "2.45880", "2018-09-30": "1.09850", "2018-06-30": "1.05250", "2018-03-31": "0.90280", "2017-12-31": "0.56420", "2017-09-30": "0.94540", "2017-06-30": "0.51320", "2017-03-31": "0.54410", "2016-12-31": "0.48610", "2016-09-30": "-0.13290", "2016-06-30": "1.30290", "2016-03-31": "1.20010", "2015-12-31": "1.48690", "2015-09-30": "1.57040", "2015-06-30": "1.45610", "2015-03-31": "1.18290", "2014-12-31": "1.45400", "2014-09-30": "1.50990", "2014-06-30": "1.23970", "2014-03-31": "1.05870", "2013-12-31": "1.32930", "2013-09-30": "1.34140", "2013-06-30": "1.23640", "2013-03-31": "0.98630", "2012-12-31": "0.90080", "2012-09-30": "1.06060", "2012-06-30": "0.82380", "2012-03-31": "0.80290", "2011-12-31": "0.57380", "2011-09-30": "0.11260", "2011-06-30": "0.86380", "2011-03-31": "0.76530", "2010-12-31": "0.48900", "2010-09-30": "0.83300", "2010-06-30": "0.76270", "2010-03-31": "0.71120", "2009-12-31": "-0.12760", "2009-09-30": "0.71300", "2009-06-30": "0.51740", "2009-03-31": "0.68980", "2008-12-31": "0.54970", "2008-09-30": "0.86710", "2008-06-30": "0.92200", "2008-03-31": "0.85220", "2007-12-31": "1.09150", "2007-09-30": "0.99510", "2007-06-30": "0.73580", "2007-03-31": "0.96100", "2006-12-31": "0.87790", "2006-09-30": "1.00730", "2006-06-30": "1.03830", "2006-03-31": "1.13050", "2005-12-31": "1.16380", "2005-09-30": "1.32160", "2005-06-30": "1.25370", "2005-03-31": "1.13470"}, "Book Value Per Share": {"2020-09-30": "46.67910", "2020-06-30": "45.45510", "2020-03-31": "45.79160", "2019-12-31": "45.69580", "2019-09-30": "45.76640", "2019-06-30": "43.77070", "2019-03-31": "43.89390", "2018-12-31": "44.14130", "2018-09-30": "43.12320", "2018-06-30": "43.20690", "2018-03-31": "43.41340", "2017-12-31": "43.57090", "2017-09-30": "43.88140", "2017-06-30": "44.11680", "2017-03-31": "44.57380", "2016-12-31": "44.95770", "2016-09-30": "45.29370", "2016-06-30": "46.17360", "2016-03-31": "37.11750", "2015-12-31": "32.75080", "2015-09-30": "31.79710", "2015-06-30": "31.29250", "2015-03-31": "30.69980", "2014-12-31": "28.61280", "2014-09-30": "28.26550", "2014-06-30": "27.36380", "2014-03-31": "27.09050", "2013-12-31": "26.76390", "2013-09-30": "25.96780", "2013-06-30": "25.39310", "2013-03-31": "25.01440", "2012-12-31": "23.93440", "2012-09-30": "23.90730", "2012-06-30": "22.71540", "2012-03-31": "22.55390", "2011-12-31": "22.64230", "2011-09-30": "22.26560", "2011-06-30": "22.53290", "2011-03-31": "23.20930", "2010-12-31": "23.31430", "2010-09-30": "23.35760", "2010-06-30": "23.55250", "2010-03-31": "23.42780", "2009-12-31": "23.59800", "2009-09-30": "23.08090", "2009-06-30": "23.38340", "2009-03-31": "22.91880", "2008-12-31": "22.93920", "2008-09-30": "23.71420", "2008-06-30": "25.27450", "2008-03-31": "24.01310", "2007-12-31": "24.32940", "2007-09-30": "24.48140", "2007-06-30": "25.73000", "2007-03-31": "25.83310", "2006-12-31": "25.96900", "2006-09-30": "22.73270", "2006-06-30": "22.54410", "2006-03-31": "22.42690", "2005-12-31": "22.43840", "2005-09-30": "23.13200", "2005-06-30": "23.60160", "2005-03-31": "23.60800"}, "Operating Cash Flow Per Share": {"2020-09-30": 1.7915, "2020-06-30": 1.7213, "2020-03-31": "0.96320", "2019-12-31": 1.6904, "2019-09-30": 1.7361, "2019-06-30": 1.8023, "2019-03-31": "0.74810", "2018-12-31": 1.696, "2018-09-30": 1.5571, "2018-06-30": 1.7399, "2018-03-31": "0.63610", "2017-12-31": 1.4615, "2017-09-30": 1.5442, "2017-06-30": 1.7362, "2017-03-31": "0.60620", "2016-12-31": 1.9642, "2016-09-30": 1.0367, "2016-06-30": 1.2198, "2016-03-31": "0.98090", "2015-12-31": 1.3864, "2015-09-30": 1.5765, "2015-06-30": 1.3718, "2015-03-31": "0.89540", "2014-12-31": 1.1782, "2014-09-30": 1.3954, "2014-06-30": 1.2557, "2014-03-31": "0.57150", "2013-12-31": 1.1288, "2013-09-30": 1.143, "2013-06-30": 1.2319, "2013-03-31": "0.33210", "2012-12-31": 1.0395, "2012-09-30": 0.9377, "2012-06-30": 1.079, "2012-03-31": "0.29290", "2011-12-31": 0.8576, "2011-09-30": 0.777, "2011-06-30": 0.8417, "2011-03-31": "0.40550", "2010-12-31": 0.6819, "2010-09-30": 0.8155, "2010-06-30": 0.6759, "2010-03-31": "0.50430", "2009-12-31": 0.2392, "2009-09-30": 0.8743, "2009-06-30": 0.7119, "2009-03-31": "0.65990", "2008-12-31": 0.8313, "2008-09-30": 1.0798, "2008-06-30": 0.9982, "2008-03-31": "0.63160", "2007-12-31": 1.0775, "2007-09-30": 1.0005, "2007-06-30": 1.0087, "2007-03-31": "0.96850", "2006-12-31": 0.6731, "2006-09-30": 0.9443, "2006-06-30": 1.1803, "2006-03-31": "0.79010", "2005-12-31": 0.7812, "2005-09-30": 0.9378, "2005-06-30": 1.0642, "2005-03-31": "0.83820"}, "Free Cash Flow Per Share": {"2020-09-30": -4.6351, "2020-06-30": 1.4229, "2020-03-31": "-1.94290", "2019-12-31": -4.1724, "2019-09-30": 0.0811, "2019-06-30": 0.3797, "2019-03-31": "-0.69220", "2018-12-31": -0.1536, "2018-09-30": 1.0044, "2018-06-30": 1.3258, "2018-03-31": "0.44800", "2017-12-31": 0.7727, "2017-09-30": 1.1304, "2017-06-30": 1.2218, "2017-03-31": "-0.04690", "2016-12-31": -2.1312, "2016-09-30": -27.1756, "2016-06-30": 0.2523, "2016-03-31": "-7.74440", "2015-12-31": 0.7707, "2015-09-30": -0.5146, "2015-06-30": -0.7951, "2015-03-31": "-3.13800", "2014-12-31": -0.8832, "2014-09-30": -0.1594, "2014-06-30": -1.793, "2014-03-31": "-2.30920", "2013-12-31": -0.7576, "2013-09-30": -0.0155, "2013-06-30": 1.0174, "2013-03-31": "-0.34400", "2012-12-31": -2.1834, "2012-09-30": -1.4143, "2012-06-30": -0.6696, "2012-03-31": "0.14190", "2011-12-31": 0.3923, "2011-09-30": -4.598, "2011-06-30": 0.4447, "2011-03-31": "0.27710", "2010-12-31": -0.8297, "2010-09-30": 0.6233, "2010-06-30": 0.4251, "2010-03-31": "0.41510", "2009-12-31": 0.0295, "2009-09-30": 0.727, "2009-06-30": 0.4914, "2009-03-31": "0.34990", "2008-12-31": -0.0329, "2008-09-30": 0.6349, "2008-06-30": 0.4418, "2008-03-31": "-0.45270", "2007-12-31": -0.4682, "2007-09-30": 0.7239, "2007-06-30": -3.8236, "2007-03-31": "-1.44660", "2006-12-31": -0.3788, "2006-09-30": -1.2765, "2006-06-30": -3.242, "2006-03-31": "-0.79690", "2005-12-31": 0.2038, "2005-09-30": -0.3521, "2005-06-30": -0.6671, "2005-03-31": "-0.28670"}}, "revenue": {"Life Storage Annual Revenue (Millions of US $)": {"2019": "$575", "2018": "$551", "2017": "$530", "2016": "$463", "2015": "$367", "2014": "$326", "2013": "$274", "2012": "$234", "2011": "$201", "2010": "$184", "2009": "$191", "2008": "$196", "2007": "$190", "2006": "$165", "2005": "$138"}, "Life Storage Quarterly Revenue (Millions of US $)": {"2020-09-30": "$156", "2020-06-30": "$147", "2020-03-31": "$147", "2019-12-31": "$148", "2019-09-30": "$146", "2019-06-30": "$145", "2019-03-31": "$137", "2018-12-31": "$138", "2018-09-30": "$141", "2018-06-30": "$138", "2018-03-31": "$133", "2017-12-31": "$133", "2017-09-30": "$136", "2017-06-30": "$133", "2017-03-31": "$128", "2016-12-31": "$129", "2016-09-30": "$128", "2016-06-30": "$107", "2016-03-31": "$99", "2015-12-31": "$95", "2015-09-30": "$95", "2015-06-30": "$91", "2015-03-31": "$85", "2014-12-31": "$85", "2014-09-30": "$85", "2014-06-30": "$80", "2014-03-31": "$75", "2013-12-31": "$72", "2013-09-30": "$70", "2013-06-30": "$67", "2013-03-31": "$64", "2012-12-31": "$60", "2012-09-30": "$62", "2012-06-30": "$57", "2012-03-31": "$55", "2011-12-31": "$49", "2011-09-30": "$52", "2011-06-30": "$50", "2011-03-31": "$50", "2010-12-31": "$40", "2010-09-30": "$49", "2010-06-30": "$47", "2010-03-31": "$47", "2009-12-31": "$47", "2009-09-30": "$49", "2009-06-30": "$47", "2009-03-31": "$49", "2008-12-31": "$45", "2008-09-30": "$52", "2008-06-30": "$50", "2008-03-31": "$50", "2007-12-31": "$47", "2007-09-30": "$51", "2007-06-30": "$48", "2007-03-31": "$45", "2006-12-31": "$44", "2006-09-30": "$45", "2006-06-30": "$40", "2006-03-31": "$37", "2005-12-31": "$36", "2005-09-30": "$36", "2005-06-30": "$34", "2005-03-31": "$32"}}, "gross-profit": {"Life Storage Annual Gross Profit (Millions of US $)": {"2019": "$380", "2018": "$368", "2017": "$349", "2016": "$311", "2015": "$248", "2014": "$219", "2013": "$181", "2012": "$157", "2011": "$130", "2010": "$116", "2009": "$121", "2008": "$124", "2007": "$121", "2006": "$106", "2005": "$90"}, "Life Storage Quarterly Gross Profit (Millions of US $)": {"2020-09-30": "$102", "2020-06-30": "$97", "2020-03-31": "$97", "2019-12-31": "$98", "2019-09-30": "$97", "2019-06-30": "$95", "2019-03-31": "$89", "2018-12-31": "$93", "2018-09-30": "$96", "2018-06-30": "$93", "2018-03-31": "$87", "2017-12-31": "$88", "2017-09-30": "$88", "2017-06-30": "$89", "2017-03-31": "$84", "2016-12-31": "$86", "2016-09-30": "$86", "2016-06-30": "$73", "2016-03-31": "$66", "2015-12-31": "$65", "2015-09-30": "$65", "2015-06-30": "$62", "2015-03-31": "$56", "2014-12-31": "$58", "2014-09-30": "$58", "2014-06-30": "$54", "2014-03-31": "$49", "2013-12-31": "$44", "2013-09-30": "$48", "2013-06-30": "$46", "2013-03-31": "$42", "2012-12-31": "$41", "2012-09-30": "$42", "2012-06-30": "$38", "2012-03-31": "$36", "2011-12-31": "$33", "2011-09-30": "$34", "2011-06-30": "$32", "2011-03-31": "$31", "2010-12-31": "$27", "2010-09-30": "$30", "2010-06-30": "$30", "2010-03-31": "$29", "2009-12-31": "$30", "2009-09-30": "$31", "2009-06-30": "$30", "2009-03-31": "$31", "2008-12-31": "$29", "2008-09-30": "$33", "2008-06-30": "$32", "2008-03-31": "$31", "2007-12-31": "$31", "2007-09-30": "$33", "2007-06-30": "$30", "2007-03-31": "$28", "2006-12-31": "$28", "2006-09-30": "$29", "2006-06-30": "$26", "2006-03-31": "$24", "2005-12-31": "$23", "2005-09-30": "$24", "2005-06-30": "$22", "2005-03-31": "$21"}}, "operating-income": {"Life Storage Annual Operating Income (Millions of US $)": {"2019": "$332", "2018": "$274", "2017": "$168", "2016": "$120", "2015": "$147", "2014": "$116", "2013": "$101", "2012": "$80", "2011": "$65", "2010": "$63", "2009": "$70", "2008": "$74", "2007": "$73", "2006": "$67", "2005": "$56"}, "Life Storage Quarterly Operating Income (Millions of US $)": {"2020-09-30": "$56", "2020-06-30": "$56", "2020-03-31": "$56", "2019-12-31": "$62", "2019-09-30": "$159", "2019-06-30": "$59", "2019-03-31": "$52", "2018-12-31": "$110", "2018-09-30": "$58", "2018-06-30": "$56", "2018-03-31": "$50", "2017-12-31": "$47", "2017-09-30": "$51", "2017-06-30": "$34", "2017-03-31": "$35", "2016-12-31": "$32", "2016-09-30": "$9", "2016-06-30": "$43", "2016-03-31": "$36", "2015-12-31": "$39", "2015-09-30": "$40", "2015-06-30": "$37", "2015-03-31": "$31", "2014-12-31": "$31", "2014-09-30": "$32", "2014-06-30": "$29", "2014-03-31": "$24", "2013-12-31": "$27", "2013-09-30": "$27", "2013-06-30": "$26", "2013-03-31": "$22", "2012-12-31": "$20", "2012-09-30": "$22", "2012-06-30": "$19", "2012-03-31": "$19", "2011-12-31": "$15", "2011-09-30": "$16", "2011-06-30": "$18", "2011-03-31": "$17", "2010-12-31": "$13", "2010-09-30": "$17", "2010-06-30": "$16", "2010-03-31": "$16", "2009-12-31": "$16", "2009-09-30": "$18", "2009-06-30": "$18", "2009-03-31": "$18", "2008-12-31": "$16", "2008-09-30": "$20", "2008-06-30": "$19", "2008-03-31": "$18", "2007-12-31": "$19", "2007-09-30": "$20", "2007-06-30": "$17", "2007-03-31": "$17", "2006-12-31": "$18", "2006-09-30": "$18", "2006-06-30": "$17", "2006-03-31": "$14", "2005-12-31": "$14", "2005-09-30": "$15", "2005-06-30": "$14", "2005-03-31": "$13"}}, "ebitda": {"Life Storage Annual EBITDA (Millions of US $)": {"2019": "$443", "2018": "$380", "2017": "$300", "2016": "$247", "2015": "$207", "2014": "$169", "2013": "$147", "2012": "$122", "2011": "$102", "2010": "$97", "2009": "$105", "2008": "$109", "2007": "$108", "2006": "$93", "2005": "$78"}, "Life Storage Quarterly EBITDA (Millions of US $)": {"2020-09-30": "$90", "2020-06-30": "$86", "2020-03-31": "$85", "2019-12-31": "$91", "2019-09-30": "$187", "2019-06-30": "$86", "2019-03-31": "$79", "2018-12-31": "$136", "2018-09-30": "$86", "2018-06-30": "$82", "2018-03-31": "$76", "2017-12-31": "$75", "2017-09-30": "$78", "2017-06-30": "$73", "2017-03-31": "$73", "2016-12-31": "$74", "2016-09-30": "$51", "2016-06-30": "$69", "2016-03-31": "$53", "2015-12-31": "$54", "2015-09-30": "$55", "2015-06-30": "$52", "2015-03-31": "$46", "2014-12-31": "$45", "2014-09-30": "$46", "2014-06-30": "$42", "2014-03-31": "$36", "2013-12-31": "$38", "2013-09-30": "$38", "2013-06-30": "$37", "2013-03-31": "$33", "2012-12-31": "$31", "2012-09-30": "$33", "2012-06-30": "$30", "2012-03-31": "$29", "2011-12-31": "$25", "2011-09-30": "$25", "2011-06-30": "$27", "2011-03-31": "$25", "2010-12-31": "$22", "2010-09-30": "$26", "2010-06-30": "$25", "2010-03-31": "$24", "2009-12-31": "$26", "2009-09-30": "$27", "2009-06-30": "$26", "2009-03-31": "$27", "2008-12-31": "$25", "2008-09-30": "$29", "2008-06-30": "$28", "2008-03-31": "$27", "2007-12-31": "$27", "2007-09-30": "$29", "2007-06-30": "$27", "2007-03-31": "$24", "2006-12-31": "$25", "2006-09-30": "$25", "2006-06-30": "$23", "2006-03-31": "$20", "2005-12-31": "$20", "2005-09-30": "$21", "2005-06-30": "$20", "2005-03-31": "$18"}}, "net-income": {"Life Storage Annual Net Income (Millions of US $)": {"2019": "$259", "2018": "$207", "2017": "$96", "2016": "$85", "2015": "$113", "2014": "$89", "2013": "$74", "2012": "$55", "2011": "$31", "2010": "$41", "2009": "$20", "2008": "$37", "2007": "$38", "2006": "$34", "2005": "$31"}, "Life Storage Quarterly Net Income (Millions of US $)": {"2020-09-30": "$37", "2020-06-30": "$36", "2020-03-31": "$36", "2019-12-31": "$44", "2019-09-30": "$140", "2019-06-30": "$41", "2019-03-31": "$34", "2018-12-31": "$92", "2018-09-30": "$41", "2018-06-30": "$39", "2018-03-31": "$34", "2017-12-31": "$21", "2017-09-30": "$35", "2017-06-30": "$19", "2017-03-31": "$20", "2016-12-31": "$18", "2016-09-30": "$-5", "2016-06-30": "$43", "2016-03-31": "$28", "2015-12-31": "$30", "2015-09-30": "$32", "2015-06-30": "$29", "2015-03-31": "$22", "2014-12-31": "$26", "2014-09-30": "$26", "2014-06-30": "$21", "2014-03-31": "$17", "2013-12-31": "$22", "2013-09-30": "$20", "2013-06-30": "$18", "2013-03-31": "$14", "2012-12-31": "$13", "2012-09-30": "$19", "2012-06-30": "$12", "2012-03-31": "$11", "2011-12-31": "$10", "2011-09-30": "$2", "2011-06-30": "$10", "2011-03-31": "$8", "2010-12-31": "$9", "2010-09-30": "$9", "2010-06-30": "$16", "2010-03-31": "$7", "2009-12-31": "$-2", "2009-09-30": "$7", "2009-06-30": "$6", "2009-03-31": "$8", "2008-12-31": "$8", "2008-09-30": "$10", "2008-06-30": "$11", "2008-03-31": "$9", "2007-12-31": "$11", "2007-09-30": "$11", "2007-06-30": "$7", "2007-03-31": "$9", "2006-12-31": "$9", "2006-09-30": "$9", "2006-06-30": "$9", "2006-03-31": "$8", "2005-12-31": "$8", "2005-09-30": "$9", "2005-06-30": "$8", "2005-03-31": "$7"}}, "eps-earnings-per-share-diluted": {"Life Storage Annual EPS": {"2019": "$5.55", "2018": "$4.43", "2017": "$2.07", "2016": "$1.96", "2015": "$3.16", "2014": "$2.67", "2013": "$2.36", "2012": "$1.87", "2011": "$1.10", "2010": "$1.48", "2009": "$0.84", "2008": "$1.72", "2007": "$1.81", "2006": "$1.89", "2005": "$1.84"}, "Life Storage Quarterly EPS": {"2020-09-30": "$0.78", "2020-06-30": "$0.78", "2020-03-31": "$0.78", "2019-12-31": "$0.95", "2019-09-30": "$2.99", "2019-06-30": "$0.87", "2019-03-31": "$0.74", "2018-12-31": "$1.98", "2018-09-30": "$0.88", "2018-06-30": "$0.84", "2018-03-31": "$0.73", "2017-12-31": "$0.45", "2017-09-30": "$0.76", "2017-06-30": "$0.42", "2017-03-31": "$0.44", "2016-12-31": "$0.30", "2016-09-30": "$-0.10", "2016-06-30": "$1.03", "2016-03-31": "$0.73", "2015-12-31": "$0.83", "2015-09-30": "$0.88", "2015-06-30": "$0.80", "2015-03-31": "$0.65", "2014-12-31": "$0.77", "2014-09-30": "$0.77", "2014-06-30": "$0.62", "2014-03-31": "$0.51", "2013-12-31": "$0.70", "2013-09-30": "$0.62", "2013-06-30": "$0.57", "2013-03-31": "$0.47", "2012-12-31": "$0.45", "2012-09-30": "$0.63", "2012-06-30": "$0.40", "2012-03-31": "$0.39", "2011-12-31": "$0.37", "2011-09-30": "$0.08", "2011-06-30": "$0.35", "2011-03-31": "$0.30", "2010-12-31": "$0.32", "2010-09-30": "$0.32", "2010-06-30": "$0.57", "2010-03-31": "$0.27", "2009-12-31": "$-0.11", "2009-09-30": "$0.32", "2009-06-30": "$0.28", "2009-03-31": "$0.35", "2008-12-31": "$0.39", "2008-09-30": "$0.44", "2008-06-30": "$0.48", "2008-03-31": "$0.41", "2007-12-31": "$0.50", "2007-09-30": "$0.51", "2007-06-30": "$0.36", "2007-03-31": "$0.44", "2006-12-31": "$0.45", "2006-09-30": "$0.49", "2006-06-30": "$0.50", "2006-03-31": "$0.45", "2005-12-31": "$0.45", "2005-09-30": "$0.52", "2005-06-30": "$0.47", "2005-03-31": "$0.40"}}, "shares-outstanding": {"Life Storage Annual Shares Outstanding (Millions of Shares)": {"2019": "47", "2018": "47", "2017": "46", "2016": "43", "2015": "36", "2014": "33", "2013": "31", "2012": "29", "2011": "28", "2010": "28", "2009": "24", "2008": "22", "2007": "21", "2006": "18", "2005": "17"}, "Life Storage Quarterly Shares Outstanding (Millions of Shares)": {"2020-09-30": "47", "2020-06-30": "47", "2020-03-31": "47", "2019-12-31": "47", "2019-09-30": "47", "2019-06-30": "47", "2019-03-31": "47", "2018-12-31": "47", "2018-09-30": "47", "2018-06-30": "47", "2018-03-31": "47", "2017-12-31": "46", "2017-09-30": "47", "2017-06-30": "46", "2017-03-31": "46", "2016-12-31": "43", "2016-09-30": "46", "2016-06-30": "42", "2016-03-31": "39", "2015-12-31": "36", "2015-09-30": "36", "2015-06-30": "36", "2015-03-31": "35", "2014-12-31": "33", "2014-09-30": "33", "2014-06-30": "33", "2014-03-31": "33", "2013-12-31": "31", "2013-09-30": "32", "2013-06-30": "31", "2013-03-31": "31", "2012-12-31": "29", "2012-09-30": "30", "2012-06-30": "29", "2012-03-31": "29", "2011-12-31": "28", "2011-09-30": "28", "2011-06-30": "28", "2011-03-31": "28", "2010-12-31": "28", "2010-09-30": "28", "2010-06-30": "28", "2010-03-31": "27", "2009-12-31": "24", "2009-09-30": "23", "2009-06-30": "23", "2009-03-31": "22", "2008-12-31": "22", "2008-09-30": "22", "2008-06-30": "22", "2008-03-31": "22", "2007-12-31": "21", "2007-09-30": "21", "2007-06-30": "21", "2007-03-31": "20", "2006-12-31": "18", "2006-09-30": "18", "2006-06-30": "18", "2006-03-31": "18", "2005-12-31": "17", "2005-09-30": "17", "2005-06-30": "16", "2005-03-31": "16"}}, "total-assets": {"Life Storage Annual Total Assets (Millions of US $)": {"2019": "$4,233", "2018": "$3,892", "2017": "$3,877", "2016": "$3,858", "2015": "$2,119", "2014": "$1,855", "2013": "$1,562", "2012": "$1,484", "2011": "$1,344", "2010": "$1,186", "2009": "$1,185", "2008": "$1,213", "2007": "$1,165", "2006": "$1,053", "2005": "$784"}, "Life Storage Quarterly Total Assets (Millions of US $)": {"2020-09-30": "$4,689", "2020-06-30": "$4,311", "2020-03-31": "$4,339", "2019-12-31": "$4,233", "2019-09-30": "$4,189", "2019-06-30": "$4,035", "2019-03-31": "$3,959", "2018-12-31": "$3,892", "2018-09-30": "$3,869", "2018-06-30": "$3,863", "2018-03-31": "$3,869", "2017-12-31": "$3,877", "2017-09-30": "$3,884", "2017-06-30": "$3,891", "2017-03-31": "$3,858", "2016-12-31": "$3,858", "2016-09-30": "$3,848", "2016-06-30": "$3,426", "2016-03-31": "$2,449", "2015-12-31": "$2,119", "2015-09-30": "$2,107", "2015-06-30": "$2,045", "2015-03-31": "$1,982", "2014-12-31": "$1,855", "2014-09-30": "$1,781", "2014-06-30": "$1,740", "2014-03-31": "$1,643", "2013-12-31": "$1,562", "2013-09-30": "$1,523", "2013-06-30": "$1,497", "2013-03-31": "$1,496", "2012-12-31": "$1,484", "2012-09-30": "$1,397", "2012-06-30": "$1,383", "2012-03-31": "$1,350", "2011-12-31": "$1,344", "2011-09-30": "$1,340", "2011-06-30": "$1,184", "2011-03-31": "$1,182", "2010-12-31": "$1,186", "2010-09-30": "$1,180", "2010-06-30": "$1,179", "2010-03-31": "$1,176", "2009-12-31": "$1,185", "2009-09-30": "$1,214", "2009-06-30": "$1,212", "2009-03-31": "$1,211", "2008-12-31": "$1,213", "2008-09-30": "$1,209", "2008-06-30": "$1,202", "2008-03-31": "$1,186", "2007-12-31": "$1,165", "2007-09-30": "$1,150", "2007-06-30": "$1,145", "2007-03-31": "$1,054", "2006-12-31": "$1,053", "2006-09-30": "$1,004", "2006-06-30": "$963", "2006-03-31": "$810", "2005-12-31": "$784", "2005-09-30": "$781", "2005-06-30": "$763", "2005-03-31": "$735"}}, "cash-on-hand": {"Life Storage Annual Cash on Hand (Millions of US $)": {"2019": "$17", "2018": "$14", "2017": "$9", "2016": "$24", "2015": "$7", "2014": "$9", "2013": "$10", "2012": "$7", "2011": "$7", "2010": "$6", "2009": "$11", "2008": "$4", "2007": "$4", "2006": "$48", "2005": "$5"}, "Life Storage Quarterly Cash on Hand (Millions of US $)": {"2020-09-30": "$110", "2020-06-30": "$10", "2020-03-31": "$21", "2019-12-31": "$17", "2019-09-30": "$16", "2019-06-30": "$46", "2019-03-31": "$9", "2018-12-31": "$14", "2018-09-30": "$13", "2018-06-30": "$7", "2018-03-31": "$8", "2017-12-31": "$9", "2017-09-30": "$6", "2017-06-30": "$8", "2017-03-31": "$5", "2016-12-31": "$24", "2016-09-30": "$16", "2016-06-30": "$902", "2016-03-31": "$6", "2015-12-31": "$7", "2015-09-30": "$6", "2015-06-30": "$7", "2015-03-31": "$10", "2014-12-31": "$9", "2014-09-30": "$7", "2014-06-30": "$7", "2014-03-31": "$6", "2013-12-31": "$10", "2013-09-30": "$10", "2013-06-30": "$10", "2013-03-31": "$7", "2012-12-31": "$7", "2012-09-30": "$5", "2012-06-30": "$7", "2012-03-31": "$13", "2011-12-31": "$7", "2011-09-30": "$7", "2011-06-30": "$8", "2011-03-31": "$5", "2010-12-31": "$6", "2010-09-30": "$32", "2010-06-30": "$28", "2010-03-31": "$7", "2009-12-31": "$11", "2009-09-30": "$29", "2009-06-30": "$10", "2009-03-31": "$7", "2008-12-31": "$4", "2008-09-30": "$12", "2008-06-30": "$21", "2008-03-31": "$7", "2007-12-31": "$4", "2007-09-30": "$9", "2007-06-30": "$7", "2007-03-31": "$7", "2006-12-31": "$48", "2006-09-30": "$11", "2006-06-30": "$7", "2006-03-31": "$6", "2005-12-31": "$5", "2005-09-30": "$6", "2005-06-30": "$7", "2005-03-31": "$6"}}, "long-term-debt": {"Life Storage Annual Long Term Debt (Millions of US $)": {"2019": "$1,958", "2018": "$1,714", "2017": "$1,727", "2016": "$1,654", "2015": "$828", "2014": "$801", "2013": "$626", "2012": "$684", "2011": "$625", "2010": "$489", "2009": "$481", "2008": "$623", "2007": "$567", "2006": "$462", "2005": "$339"}, "Life Storage Quarterly Long Term Debt (Millions of US $)": {"2020-09-30": "$2,289", "2020-06-30": "$2,052", "2020-03-31": "$2,077", "2019-12-31": "$1,958", "2019-09-30": "$1,918", "2019-06-30": "$1,869", "2019-03-31": "$1,801", "2018-12-31": "$1,714", "2018-09-30": "$1,751", "2018-06-30": "$1,736", "2018-03-31": "$1,752", "2017-12-31": "$1,727", "2017-09-30": "$1,731", "2017-06-30": "$1,732", "2017-03-31": "$1,700", "2016-12-31": "$1,654", "2016-09-30": "$1,637", "2016-06-30": "$1,198", "2016-03-31": "$890", "2015-12-31": "$828", "2015-09-30": "$866", "2015-06-30": "$848", "2015-03-31": "$815", "2014-12-31": "$801", "2014-09-30": "$752", "2014-06-30": "$760", "2014-03-31": "$692", "2013-12-31": "$626", "2013-09-30": "$627", "2013-06-30": "$643", "2013-03-31": "$655", "2012-12-31": "$684", "2012-09-30": "$605", "2012-06-30": "$649", "2012-03-31": "$642", "2011-12-31": "$625", "2011-09-30": "$663", "2011-06-30": "$513", "2011-03-31": "$494", "2010-12-31": "$489", "2010-09-30": "$480", "2010-06-30": "$480", "2010-03-31": "$481", "2009-12-31": "$481", "2009-09-30": "$608", "2009-06-30": "$608", "2009-03-31": "$632", "2008-12-31": "$623", "2008-09-30": "$613", "2008-06-30": "$610", "2008-03-31": "$592", "2007-12-31": "$567", "2007-09-30": "$552", "2007-06-30": "$550", "2007-03-31": "$462", "2006-12-31": "$462", "2006-09-30": "$528", "2006-06-30": "$503", "2006-03-31": "$364", "2005-12-31": "$339", "2005-09-30": "$334", "2005-06-30": "$321", "2005-03-31": "$305"}}, "total-liabilities": {"Life Storage Annual Total Liabilities (Millions of US $)": {"2019": "$2,100", "2018": "$1,834", "2017": "$1,848", "2016": "$1,769", "2015": "$917", "2014": "$879", "2013": "$691", "2012": "$756", "2011": "$688", "2010": "$541", "2009": "$535", "2008": "$707", "2007": "$637", "2006": "$522", "2005": "$390"}, "Life Storage Quarterly Total Liabilities (Millions of US $)": {"2020-09-30": "$2,439", "2020-06-30": "$2,179", "2020-03-31": "$2,192", "2019-12-31": "$2,100", "2019-09-30": "$2,053", "2019-06-30": "$1,993", "2019-03-31": "$1,912", "2018-12-31": "$1,834", "2018-09-30": "$1,860", "2018-06-30": "$1,850", "2018-03-31": "$1,850", "2017-12-31": "$1,848", "2017-09-30": "$1,842", "2017-06-30": "$1,836", "2017-03-31": "$1,785", "2016-12-31": "$1,769", "2016-09-30": "$1,747", "2016-06-30": "$1,285", "2016-03-31": "$987", "2015-12-31": "$917", "2015-09-30": "$957", "2015-06-30": "$924", "2015-03-31": "$890", "2014-12-31": "$879", "2014-09-30": "$829", "2014-06-30": "$831", "2014-03-31": "$751", "2013-12-31": "$691", "2013-09-30": "$693", "2013-06-30": "$700", "2013-03-31": "$711", "2012-12-31": "$756", "2012-09-30": "$670", "2012-06-30": "$715", "2012-03-31": "$696", "2011-12-31": "$688", "2011-09-30": "$721", "2011-06-30": "$560", "2011-03-31": "$540", "2010-12-31": "$541", "2010-09-30": "$534", "2010-06-30": "$529", "2010-03-31": "$530", "2009-12-31": "$535", "2009-09-30": "$672", "2009-06-30": "$665", "2009-03-31": "$705", "2008-12-31": "$707", "2008-09-30": "$688", "2008-06-30": "$678", "2008-03-31": "$662", "2007-12-31": "$637", "2007-09-30": "$621", "2007-06-30": "$615", "2007-03-31": "$523", "2006-12-31": "$522", "2006-09-30": "$592", "2006-06-30": "$562", "2006-03-31": "$414", "2005-12-31": "$390", "2005-09-30": "$388", "2005-06-30": "$375", "2005-03-31": "$355"}}, "total-share-holder-equity": {"Life Storage Annual Share Holder Equity (Millions of US $)": {"2019": "$2,133", "2018": "$2,058", "2017": "$2,028", "2016": "$2,088", "2015": "$1,202", "2014": "$976", "2013": "$871", "2012": "$729", "2011": "$656", "2010": "$645", "2009": "$650", "2008": "$505", "2007": "$527", "2006": "$531", "2005": "$394"}, "Life Storage Quarterly Share Holder Equity (Millions of US $)": {"2020-09-30": "$2,250", "2020-06-30": "$2,133", "2020-03-31": "$2,148", "2019-12-31": "$2,133", "2019-09-30": "$2,135", "2019-06-30": "$2,042", "2019-03-31": "$2,047", "2018-12-31": "$2,058", "2018-09-30": "$2,010", "2018-06-30": "$2,013", "2018-03-31": "$2,019", "2017-12-31": "$2,028", "2017-09-30": "$2,042", "2017-06-30": "$2,054", "2017-03-31": "$2,073", "2016-12-31": "$2,088", "2016-09-30": "$2,101", "2016-06-30": "$2,141", "2016-03-31": "$1,462", "2015-12-31": "$1,202", "2015-09-30": "$1,150", "2015-06-30": "$1,121", "2015-03-31": "$1,092", "2014-12-31": "$976", "2014-09-30": "$953", "2014-06-30": "$910", "2014-03-31": "$892", "2013-12-31": "$871", "2013-09-30": "$830", "2013-06-30": "$798", "2013-03-31": "$785", "2012-12-31": "$729", "2012-09-30": "$728", "2012-06-30": "$668", "2012-03-31": "$654", "2011-12-31": "$656", "2011-09-30": "$620", "2011-06-30": "$624", "2011-03-31": "$642", "2010-12-31": "$645", "2010-09-30": "$646", "2010-06-30": "$650", "2010-03-31": "$646", "2009-12-31": "$650", "2009-09-30": "$542", "2009-06-30": "$547", "2009-03-31": "$506", "2008-12-31": "$505", "2008-09-30": "$521", "2008-06-30": "$524", "2008-03-31": "$524", "2007-12-31": "$527", "2007-09-30": "$529", "2007-06-30": "$530", "2007-03-31": "$531", "2006-12-31": "$531", "2006-09-30": "$411", "2006-06-30": "$401", "2006-03-31": "$396", "2005-12-31": "$394", "2005-09-30": "$393", "2005-06-30": "$388", "2005-03-31": "$380"}}, "profit-margins": {"current": "25.67%"}, "gross margin": {"2020-09-30": "65.89%", "2020-06-30": "66.16%", "2020-03-31": "66.04%", "2019-12-31": "65.80%", "2019-09-30": "66.08%", "2019-06-30": "66.49%", "2019-03-31": "66.97%", "2018-12-31": "67.09%", "2018-09-30": "66.79%", "2018-06-30": "65.93%", "2018-03-31": "65.79%", "2017-12-31": "65.85%", "2017-09-30": "65.97%", "2017-06-30": "66.60%", "2017-03-31": "66.87%", "2016-12-31": "67.17%", "2016-09-30": "67.60%", "2016-06-30": "67.93%", "2016-03-31": "67.89%", "2015-12-31": "67.76%", "2015-09-30": "67.70%", "2015-06-30": "67.63%", "2015-03-31": "67.46%", "2014-12-31": "67.38%", "2014-09-30": "65.71%", "2014-06-30": "65.66%", "2014-03-31": "65.85%", "2013-12-31": "65.93%", "2013-09-30": "67.82%", "2013-06-30": "67.59%", "2013-03-31": "67.08%", "2012-12-31": "67.09%", "2012-09-30": "66.82%", "2012-06-30": "66.20%", "2012-03-31": "65.53%", "2011-12-31": "64.68%", "2011-09-30": "64.58%", "2011-06-30": "63.49%", "2011-03-31": "63.44%", "2010-12-31": "63.39%", "2010-09-30": "62.63%", "2010-06-30": "63.16%", "2010-03-31": "63.16%", "2009-12-31": "63.54%", "2009-09-30": "63.68%", "2009-06-30": "63.73%", "2009-03-31": "63.78%", "2008-12-31": "63.45%", "2008-09-30": "63.82%", "2008-06-30": "64.14%", "2008-03-31": "63.78%", "2007-12-31": "63.87%", "2007-09-30": "63.30%", "2007-06-30": "63.19%", "2007-03-31": "63.79%", "2006-12-31": "64.46%", "2006-09-30": "64.56%", "2006-06-30": "65.10%", "2006-03-31": "65.03%", "2005-12-31": "65.22%"}, "operating margin": {"2020-09-30": "38.46%", "2020-06-30": "56.63%", "2020-03-31": "57.34%", "2019-12-31": "57.64%", "2019-09-30": "67.14%", "2019-06-30": "49.73%", "2019-03-31": "49.82%", "2018-12-31": "49.82%", "2018-09-30": "38.72%", "2018-06-30": "37.78%", "2018-03-31": "34.02%", "2017-12-31": "31.51%", "2017-09-30": "28.90%", "2017-06-30": "21.24%", "2017-03-31": "24.19%", "2016-12-31": "25.92%", "2016-09-30": "29.60%", "2016-06-30": "39.90%", "2016-03-31": "40.00%", "2015-12-31": "40.16%", "2015-09-30": "39.04%", "2015-06-30": "37.86%", "2015-03-31": "36.72%", "2014-12-31": "35.69%", "2014-09-30": "35.90%", "2014-06-30": "36.03%", "2014-03-31": "36.62%", "2013-12-31": "37.36%", "2013-09-30": "36.40%", "2013-06-30": "35.57%", "2013-03-31": "34.16%", "2012-12-31": "34.19%", "2012-09-30": "33.63%", "2012-06-30": "32.39%", "2012-03-31": "33.01%", "2011-12-31": "32.84%", "2011-09-30": "33.33%", "2011-06-30": "34.39%", "2011-03-31": "33.87%", "2010-12-31": "33.88%", "2010-09-30": "34.21%", "2010-06-30": "34.74%", "2010-03-31": "35.79%", "2009-12-31": "36.46%", "2009-09-30": "36.84%", "2009-06-30": "37.31%", "2009-03-31": "37.24%", "2008-12-31": "37.06%", "2008-09-30": "38.19%", "2008-06-30": "38.38%", "2008-03-31": "37.76%", "2007-12-31": "38.22%", "2007-09-30": "38.30%", "2007-06-30": "38.46%", "2007-03-31": "40.23%", "2006-12-31": "40.36%", "2006-09-30": "39.87%", "2006-06-30": "40.27%", "2006-03-31": "39.86%", "2005-12-31": "40.58%"}, "ebitda margin": {"2020-09-30": "58.86%", "2020-06-30": "76.36%", "2020-03-31": "76.62%", "2019-12-31": "76.91%", "2019-09-30": "86.22%", "2019-06-30": "68.98%", "2019-03-31": "69.13%", "2018-12-31": "69.09%", "2018-09-30": "58.53%", "2018-06-30": "57.59%", "2018-03-31": "56.45%", "2017-12-31": "56.42%", "2017-09-30": "56.65%", "2017-06-30": "52.32%", "2017-03-31": "54.27%", "2016-12-31": "53.35%", "2016-09-30": "52.91%", "2016-06-30": "58.33%", "2016-03-31": "56.32%", "2015-12-31": "56.56%", "2015-09-30": "55.62%", "2015-06-30": "54.62%", "2015-03-31": "53.43%", "2014-12-31": "52.00%", "2014-09-30": "51.92%", "2014-06-30": "51.85%", "2014-03-31": "52.46%", "2013-12-31": "53.48%", "2013-09-30": "53.26%", "2013-06-30": "52.96%", "2013-03-31": "52.26%", "2012-12-31": "52.56%", "2012-09-30": "52.47%", "2012-06-30": "51.17%", "2012-03-31": "51.46%", "2011-12-31": "50.75%", "2011-09-30": "51.56%", "2011-06-30": "52.91%", "2011-03-31": "52.69%", "2010-12-31": "53.01%", "2010-09-30": "53.16%", "2010-06-30": "53.68%", "2010-03-31": "54.21%", "2009-12-31": "55.21%", "2009-09-30": "55.26%", "2009-06-30": "55.44%", "2009-03-31": "55.61%", "2008-12-31": "55.33%", "2008-09-30": "55.78%", "2008-06-30": "56.06%", "2008-03-31": "56.12%", "2007-12-31": "56.02%", "2007-09-30": "55.85%", "2007-06-30": "55.49%", "2007-03-31": "55.75%", "2006-12-31": "56.02%", "2006-09-30": "55.70%", "2006-06-30": "56.38%", "2006-03-31": "56.64%", "2005-12-31": "57.25%"}, "pre tax profit margin": {"2020-09-30": "24.92%", "2020-06-30": "43.20%", "2020-03-31": "44.03%", "2019-12-31": "44.44%", "2019-09-30": "54.06%", "2019-06-30": "36.72%", "2019-03-31": "36.82%", "2018-12-31": "36.91%", "2018-09-30": "24.04%", "2018-06-30": "23.33%", "2018-03-31": "20.00%", "2017-12-31": "17.74%", "2017-09-30": "17.30%", "2017-06-30": "9.65%", "2017-03-31": "15.04%", "2016-12-31": "17.49%", "2016-09-30": "21.68%", "2016-06-30": "32.83%", "2016-03-31": "30.26%", "2015-12-31": "30.05%", "2015-09-30": "29.78%", "2015-06-30": "28.90%", "2015-03-31": "27.46%", "2014-12-31": "26.46%", "2014-09-30": "25.64%", "2014-06-30": "24.92%", "2014-03-31": "25.00%", "2013-12-31": "25.27%", "2013-09-30": "23.75%", "2013-06-30": "22.53%", "2013-03-31": "20.99%", "2012-12-31": "20.09%", "2012-09-30": "18.83%", "2012-06-30": "14.08%", "2012-03-31": "14.08%", "2011-12-31": "13.93%", "2011-09-30": "13.54%", "2011-06-30": "17.46%", "2011-03-31": "17.20%", "2010-12-31": "16.94%", "2010-09-30": "12.63%", "2010-06-30": "12.11%", "2010-03-31": "10.53%", "2009-12-31": "10.42%", "2009-09-30": "14.74%", "2009-06-30": "15.54%", "2009-03-31": "17.35%", "2008-12-31": "17.77%", "2008-09-30": "19.60%", "2008-06-30": "20.20%", "2008-03-31": "19.90%", "2007-12-31": "20.94%", "2007-09-30": "20.74%", "2007-06-30": "20.88%", "2007-03-31": "22.41%", "2006-12-31": "22.89%", "2006-09-30": "24.05%", "2006-06-30": "25.50%", "2006-03-31": "25.87%", "2005-12-31": "26.09%"}, "net profit margin": {"2020-09-30": "25.59%", "2020-06-30": "43.54%", "2020-03-31": "44.54%", "2019-12-31": "44.97%", "2019-09-30": "54.24%", "2019-06-30": "37.08%", "2019-03-31": "37.18%", "2018-12-31": "37.45%", "2018-09-30": "24.77%", "2018-06-30": "23.89%", "2018-03-31": "20.37%", "2017-12-31": "17.92%", "2017-09-30": "17.49%", "2017-06-30": "10.04%", "2017-03-31": "15.45%", "2016-12-31": "18.14%", "2016-09-30": "22.38%", "2016-06-30": "33.59%", "2016-03-31": "31.32%", "2015-12-31": "30.87%", "2015-09-30": "30.62%", "2015-06-30": "29.77%", "2015-03-31": "28.36%", "2014-12-31": "27.69%", "2014-09-30": "27.56%", "2014-06-30": "26.94%", "2014-03-31": "27.11%", "2013-12-31": "27.11%", "2013-09-30": "24.90%", "2013-06-30": "25.30%", "2013-03-31": "23.87%", "2012-12-31": "23.50%", "2012-09-30": "23.32%", "2012-06-30": "16.43%", "2012-03-31": "16.02%", "2011-12-31": "14.93%", "2011-09-30": "15.10%", "2011-06-30": "19.05%", "2011-03-31": "22.58%", "2010-12-31": "22.40%", "2010-09-30": "15.79%", "2010-06-30": "14.74%", "2010-03-31": "9.47%", "2009-12-31": "9.90%", "2009-09-30": "15.26%", "2009-06-30": "16.58%", "2009-03-31": "18.88%", "2008-12-31": "19.29%", "2008-09-30": "20.60%", "2008-06-30": "21.21%", "2008-03-31": "19.39%", "2007-12-31": "19.90%", "2007-09-30": "19.15%", "2007-06-30": "18.68%", "2007-03-31": "20.69%", "2006-12-31": "21.08%", "2006-09-30": "21.52%", "2006-06-30": "22.82%", "2006-03-31": "23.08%", "2005-12-31": "23.19%"}, "pe ratio": {"current": "21.82", "2021-02-05": "25.71", "2020-09-30": "21.07", "2020-06-30": "11.21", "2020-03-31": "10.86", "2019-12-31": "12.41", "2019-09-30": "10.06", "2019-06-30": "13.22", "2019-03-31": "13.48", "2018-12-31": "12.78", "2018-09-30": "19.75", "2018-06-30": "20.85", "2018-03-31": "20.84", "2017-12-31": "25.04", "2017-09-30": "23.40", "2017-06-30": "36.53", "2017-03-31": "26.15", "2016-12-31": "23.03", "2016-09-30": "19.57", "2016-06-30": "16.42", "2016-03-31": "19.61", "2015-12-31": "18.15", "2015-09-30": "16.17", "2015-06-30": "15.31", "2015-03-31": "17.46", "2014-12-31": "16.93", "2014-09-30": "14.69", "2014-06-30": "16.06", "2014-03-31": "15.45", "2013-12-31": "13.80", "2013-09-30": "17.80", "2013-06-30": "15.04", "2013-03-31": "16.16", "2012-12-31": "16.11", "2012-09-30": "15.47", "2012-06-30": "19.17", "2012-03-31": "19.69", "2011-12-31": "18.06", "2011-09-30": "16.44", "2011-06-30": "14.58", "2011-03-31": "11.87", "2010-12-31": "11.13", "2010-09-30": "15.13", "2010-06-30": "13.57", "2010-03-31": "18.42", "2009-12-31": "16.97", "2009-09-30": "9.52", "2009-06-30": "6.93", "2009-03-31": "4.83", "2008-12-31": "8.19", "2008-09-30": "9.35", "2008-06-30": "8.25", "2008-03-31": "8.92", "2007-12-31": "8.10", "2007-09-30": "9.40", "2007-06-30": "9.86", "2007-03-31": "10.39", "2006-12-31": "10.56"}, "price sales": {"2021-02-05": "6.60", "2020-09-30": "5.41", "2020-06-30": "4.89", "2020-03-31": "4.83", "2019-12-31": "5.57", "2019-09-30": "5.46", "2019-06-30": "4.91", "2019-03-31": "5.03", "2018-12-31": "4.79", "2018-09-30": "4.89", "2018-06-30": "5.00", "2018-03-31": "4.28", "2017-12-31": "4.55", "2017-09-30": "4.09", "2017-06-30": "3.70", "2017-03-31": "4.17", "2016-12-31": "4.36", "2016-09-30": "4.62", "2016-06-30": "5.47", "2016-03-31": "6.09", "2015-12-31": "5.54", "2015-09-30": "4.88", "2015-06-30": "4.50", "2015-03-31": "4.88", "2014-12-31": "4.56", "2014-09-30": "3.96", "2014-06-30": "4.22", "2014-03-31": "4.11", "2013-12-31": "3.71", "2013-09-30": "4.40", "2013-06-30": "3.80", "2013-03-31": "3.83", "2012-12-31": "3.74", "2012-09-30": "3.58", "2012-06-30": "3.16", "2012-03-31": "3.18", "2011-12-31": "2.73", "2011-09-30": "2.45", "2011-06-30": "2.73", "2011-03-31": "2.64", "2010-12-31": "2.45", "2010-09-30": "2.32", "2010-06-30": "2.00", "2010-03-31": "1.90", "2009-12-31": "1.81", "2009-09-30": "1.50", "2009-06-30": "1.16", "2009-03-31": "0.90", "2008-12-31": "1.56", "2008-09-30": "1.87", "2008-06-30": "1.70", "2008-03-31": "1.72", "2007-12-31": "1.61", "2007-09-30": "1.78", "2007-06-30": "1.82", "2007-03-31": "2.08", "2006-12-31": "2.15"}, "price book": {"current": "2.72", "2021-02-05": "1.80", "2020-09-30": "1.48", "2020-06-30": "1.35", "2020-03-31": "1.32", "2019-12-31": "1.50", "2019-09-30": "1.45", "2019-06-30": "1.35", "2019-03-31": "1.36", "2018-12-31": "1.28", "2018-09-30": "1.33", "2018-06-30": "1.34", "2018-03-31": "1.13", "2017-12-31": "1.19", "2017-09-30": "1.07", "2017-06-30": "0.95", "2017-03-31": "1.03", "2016-12-31": "1.05", "2016-09-30": "1.08", "2016-06-30": "1.23", "2016-03-31": "1.71", "2015-12-31": "1.75", "2015-09-30": "1.57", "2015-06-30": "1.46", "2015-03-31": "1.59", "2014-12-31": "1.57", "2014-09-30": "1.35", "2014-06-30": "1.43", "2014-03-31": "1.36", "2013-12-31": "1.21", "2013-09-30": "1.44", "2013-06-30": "1.25", "2013-03-31": "1.25", "2012-12-31": "1.25", "2012-09-30": "1.16", "2012-06-30": "1.05", "2012-03-31": "1.04", "2011-12-31": "0.88", "2011-09-30": "0.77", "2011-06-30": "0.83", "2011-03-31": "0.77", "2010-12-31": "0.70", "2010-09-30": "0.71", "2010-06-30": "0.63", "2010-03-31": "0.64", "2009-12-31": "0.64", "2009-09-30": "0.55", "2009-06-30": "0.43", "2009-03-31": "0.35", "2008-12-31": "0.61", "2008-09-30": "0.72", "2008-06-30": "0.62", "2008-03-31": "0.66", "2007-12-31": "0.60", "2007-09-30": "0.68", "2007-06-30": "0.67", "2007-03-31": "0.76", "2006-12-31": "0.77", "2006-09-30": "0.84", "2006-06-30": "0.77", "2006-03-31": "0.83"}, "price fcf": {"2021-02-05": "", "2020-09-30": "$-9.33", "2020-06-30": "$-4.61", "2020-03-31": "$-5.65", "2019-12-31": "$-4.40", "2019-09-30": "$-0.39", "2019-06-30": "$0.54", "2019-03-31": "$1.48", "2018-12-31": "$2.62", "2018-09-30": "$3.55", "2018-06-30": "$3.68", "2018-03-31": "$3.57", "2017-12-31": "$3.08", "2017-09-30": "$0.17", "2017-06-30": "$-28.13", "2017-03-31": "$-29.10", "2016-12-31": "$-36.80", "2016-09-30": "$-33.90", "2016-06-30": "$-7.24", "2016-03-31": "$-8.28", "2015-12-31": "$-3.68", "2015-09-30": "$-5.33", "2015-06-30": "$-4.98", "2015-03-31": "$-5.97", "2014-12-31": "$-5.14", "2014-09-30": "$-5.02", "2014-06-30": "$-4.88", "2014-03-31": "$-2.06", "2013-12-31": "$-0.10", "2013-09-30": "$-1.53", "2013-06-30": "$-2.92", "2013-03-31": "$-4.61", "2012-12-31": "$-4.13", "2012-09-30": "$-1.55", "2012-06-30": "$-4.73", "2012-03-31": "$-3.62", "2011-12-31": "$-3.48", "2011-09-30": "$-4.71", "2011-06-30": "$0.52", "2011-03-31": "$0.50", "2010-12-31": "$0.63", "2010-09-30": "$1.49", "2010-06-30": "$1.60", "2010-03-31": "$1.66", "2009-12-31": "$1.60", "2009-09-30": "$1.54", "2009-06-30": "$1.44", "2009-03-31": "$1.39", "2008-12-31": "$0.59", "2008-09-30": "$0.16", "2008-06-30": "$0.24", "2008-03-31": "$-4.02", "2007-12-31": "$-5.01", "2007-09-30": "$-4.93", "2007-06-30": "$-6.93", "2007-03-31": "$-6.34", "2006-12-31": "$-5.69"}, "net worth": {"value": "$6.24B"}, "current ratio": {"2020-09-30": "1.18", "2020-06-30": "0.25", "2020-03-31": "0.41", "2019-12-31": "0.30", "2019-09-30": "0.29", "2019-06-30": "0.63", "2019-03-31": "0.26", "2018-12-31": "0.26", "2018-09-30": "0.28", "2018-06-30": "0.20", "2018-03-31": "0.23", "2017-12-31": "0.19", "2017-09-30": "0.19", "2017-06-30": "0.23", "2017-03-31": "0.26", "2016-12-31": "0.40", "2016-09-30": "0.37", "2016-06-30": "24.42", "2016-03-31": "0.30", "2015-12-31": "0.31", "2015-09-30": "0.28", "2015-06-30": "0.37", "2015-03-31": "0.50", "2014-12-31": "0.34", "2014-09-30": "0.32", "2014-06-30": "0.37", "2014-03-31": "0.44", "2013-12-31": "0.41", "2013-09-30": "0.42", "2013-06-30": "0.48", "2013-03-31": "0.49", "2012-12-31": "0.32", "2012-09-30": "0.31", "2012-06-30": "0.41", "2012-03-31": "0.86", "2011-12-31": "0.35", "2011-09-30": "0.31", "2011-06-30": "0.50", "2011-03-31": "0.39", "2010-12-31": "0.35", "2010-09-30": "1.43", "2010-06-30": "1.58", "2010-03-31": "0.50", "2009-12-31": "0.59", "2009-09-30": "1.23", "2009-06-30": "0.61", "2009-03-31": "0.29", "2008-12-31": "0.20", "2008-09-30": "0.38", "2008-06-30": "0.68", "2008-03-31": "0.29", "2007-12-31": "0.18", "2007-09-30": "0.31", "2007-06-30": "0.29", "2007-03-31": "0.32", "2006-12-31": "1.78", "2006-09-30": "0.38", "2006-06-30": "0.30", "2006-03-31": "0.51", "2005-12-31": "0.43", "2005-09-30": "0.45", "2005-06-30": "0.49", "2005-03-31": "0.55"}, "quick ratio": {"2020-09-30": "0.00", "2020-06-30": "0.00", "2020-03-31": "0.00", "2019-12-31": "0.00", "2019-09-30": "0.00", "2019-06-30": "0.00", "2019-03-31": "0.00", "2018-12-31": "0.00", "2018-09-30": "0.00", "2018-06-30": "0.00", "2018-03-31": "0.00", "2017-12-31": "0.00", "2017-09-30": "0.00", "2017-06-30": "0.00", "2017-03-31": "0.00", "2016-12-31": "0.00", "2016-09-30": "0.00", "2016-06-30": "0.00", "2016-03-31": "0.00", "2015-12-31": "0.00", "2015-09-30": "0.00", "2015-06-30": "0.00", "2015-03-31": "0.00", "2014-12-31": "0.00", "2014-09-30": "0.00", "2014-06-30": "0.00", "2014-03-31": "0.00", "2013-12-31": "0.00", "2013-09-30": "0.00", "2013-06-30": "0.00", "2013-03-31": "0.00", "2012-12-31": "0.00", "2012-09-30": "0.00", "2012-06-30": "0.00", "2012-03-31": "0.00", "2011-12-31": "0.00", "2011-09-30": "0.00", "2011-06-30": "0.00", "2011-03-31": "0.00", "2010-12-31": "0.00", "2010-09-30": "0.00", "2010-06-30": "0.00", "2010-03-31": "0.00", "2009-12-31": "0.00", "2009-09-30": "0.00", "2009-06-30": "0.00", "2009-03-31": "0.00", "2008-12-31": "0.00", "2008-09-30": "0.00", "2008-06-30": "0.00", "2008-03-31": "0.00", "2007-12-31": "0.00", "2007-09-30": "0.00", "2007-06-30": "0.00", "2007-03-31": "0.00", "2006-12-31": "0.00", "2006-09-30": "0.00", "2006-06-30": "0.00", "2006-03-31": "0.00", "2005-12-31": "0.00", "2005-09-30": "0.00", "2005-06-30": "0.00", "2005-03-31": "0.00"}, "debt equity ratio": {"current": "1.02", "2020-09-30": "1.08", "2020-06-30": "1.02", "2020-03-31": "1.02", "2019-12-31": "0.99", "2019-09-30": "0.96", "2019-06-30": "0.98", "2019-03-31": "0.93", "2018-12-31": "0.89", "2018-09-30": "0.93", "2018-06-30": "0.92", "2018-03-31": "0.92", "2017-12-31": "0.91", "2017-09-30": "0.90", "2017-06-30": "0.89", "2017-03-31": "0.86", "2016-12-31": "0.85", "2016-09-30": "0.83", "2016-06-30": "0.60", "2016-03-31": "0.68", "2015-12-31": "0.76", "2015-09-30": "0.83", "2015-06-30": "0.82", "2015-03-31": "0.82", "2014-12-31": "0.90", "2014-09-30": "0.87", "2014-06-30": "0.91", "2014-03-31": "0.84", "2013-12-31": "0.79", "2013-09-30": "0.83", "2013-06-30": "0.88", "2013-03-31": "0.91", "2012-12-31": "1.04", "2012-09-30": "0.92", "2012-06-30": "1.07", "2012-03-31": "1.07", "2011-12-31": "1.05", "2011-09-30": "1.16", "2011-06-30": "0.90", "2011-03-31": "0.84", "2010-12-31": "0.84", "2010-09-30": "0.83", "2010-06-30": "0.81", "2010-03-31": "0.82", "2009-12-31": "0.82", "2009-09-30": "1.24", "2009-06-30": "1.22", "2009-03-31": "1.39", "2008-12-31": "1.40", "2008-09-30": "1.32", "2008-06-30": "1.30", "2008-03-31": "1.27", "2007-12-31": "1.21", "2007-09-30": "1.17", "2007-06-30": "1.16", "2007-03-31": "0.99", "2006-12-31": "0.98", "2006-09-30": "1.44", "2006-06-30": "1.40", "2006-03-31": "1.05", "2005-12-31": "0.99", "2005-09-30": "0.99", "2005-06-30": "0.97", "2005-03-31": "0.94"}, "return on equity": {"2020-09-30": "7.06%", "2020-06-30": "11.98%", "2020-03-31": "12.34%", "2019-12-31": "12.40%", "2019-09-30": "14.83%", "2019-06-30": "10.20%", "2019-03-31": "10.14%", "2018-12-31": "10.17%", "2018-09-30": "6.69%", "2018-06-30": "6.37%", "2018-03-31": "5.35%", "2017-12-31": "4.64%", "2017-09-30": "4.46%", "2017-06-30": "2.50%", "2017-03-31": "3.62%", "2016-12-31": "4.31%", "2016-09-30": "5.56%", "2016-06-30": "8.93%", "2016-03-31": "9.65%", "2015-12-31": "9.90%", "2015-09-30": "10.05%", "2015-06-30": "9.95%", "2015-03-31": "9.67%", "2014-12-31": "9.65%", "2014-09-30": "9.49%", "2014-06-30": "9.14%", "2014-03-31": "9.08%", "2013-12-31": "9.01%", "2013-09-30": "8.27%", "2013-06-30": "8.42%", "2013-03-31": "7.97%", "2012-12-31": "7.92%", "2012-09-30": "7.69%", "2012-06-30": "5.39%", "2012-03-31": "5.17%", "2011-12-31": "4.72%", "2011-09-30": "4.58%", "2011-06-30": "5.63%", "2011-03-31": "6.50%", "2010-12-31": "6.34%", "2010-09-30": "4.63%", "2010-06-30": "4.50%", "2010-03-31": "3.02%", "2009-12-31": "3.39%", "2009-09-30": "5.52%", "2009-06-30": "6.16%", "2009-03-31": "7.20%", "2008-12-31": "7.33%", "2008-09-30": "7.82%", "2008-06-30": "7.98%", "2008-03-31": "7.20%", "2007-12-31": "7.18%", "2007-09-30": "6.79%", "2007-06-30": "6.79%", "2007-03-31": "7.68%", "2006-12-31": "8.05%", "2006-09-30": "8.49%", "2006-06-30": "8.59%", "2006-03-31": "8.40%", "2005-12-31": "8.23%"}, "return on assets": {"2020-09-30": "3.48%", "2020-06-30": "6.00%", "2020-03-31": "6.22%", "2019-12-31": "6.31%", "2019-09-30": "7.64%", "2019-06-30": "5.28%", "2019-03-31": "5.29%", "2018-12-31": "5.32%", "2018-09-30": "3.49%", "2018-06-30": "3.33%", "2018-03-31": "2.81%", "2017-12-31": "2.45%", "2017-09-30": "2.38%", "2017-06-30": "1.35%", "2017-03-31": "2.03%", "2016-12-31": "2.47%", "2016-09-30": "3.24%", "2016-06-30": "5.27%", "2016-03-31": "5.46%", "2015-12-31": "5.48%", "2015-09-30": "5.46%", "2015-06-30": "5.38%", "2015-03-31": "5.16%", "2014-12-31": "5.13%", "2014-09-30": "5.11%", "2014-06-30": "4.95%", "2014-03-31": "4.95%", "2013-12-31": "4.87%", "2013-09-30": "4.33%", "2013-06-30": "4.36%", "2013-03-31": "4.03%", "2012-12-31": "3.92%", "2012-09-30": "3.80%", "2012-06-30": "2.58%", "2012-03-31": "2.53%", "2011-12-31": "2.38%", "2011-09-30": "2.37%", "2011-06-30": "3.04%", "2011-03-31": "3.55%", "2010-12-31": "3.47%", "2010-09-30": "2.54%", "2010-06-30": "2.36%", "2010-03-31": "1.50%", "2009-12-31": "1.58%", "2009-09-30": "2.39%", "2009-06-30": "2.64%", "2009-03-31": "3.06%", "2008-12-31": "3.16%", "2008-09-30": "3.44%", "2008-06-30": "3.57%", "2008-03-31": "3.27%", "2007-12-31": "3.37%", "2007-09-30": "3.27%", "2007-06-30": "3.20%", "2007-03-31": "3.53%", "2006-12-31": "3.66%", "2006-09-30": "3.82%", "2006-06-30": "4.07%", "2006-03-31": "4.21%", "2005-12-31": "4.18%"}, "return on investments": {"2020-09-30": "5.40%", "2020-06-30": "8.05%", "2020-03-31": "8.26%", "2019-12-31": "8.35%", "2019-09-30": "9.75%", "2019-06-30": "7.30%", "2019-03-31": "7.30%", "2018-12-31": "7.28%", "2018-09-30": "5.61%", "2018-06-30": "5.42%", "2018-03-31": "4.83%", "2017-12-31": "4.43%", "2017-09-30": "4.03%", "2017-06-30": "2.93%", "2017-03-31": "3.26%", "2016-12-31": "3.64%", "2016-09-30": "4.43%", "2016-06-30": "6.49%", "2016-03-31": "7.27%", "2015-12-31": "7.42%", "2015-09-30": "7.25%", "2015-06-30": "7.12%", "2015-03-31": "6.97%", "2014-12-31": "6.89%", "2014-09-30": "6.94%", "2014-06-30": "6.89%", "2014-03-31": "6.96%", "2013-12-31": "6.99%", "2013-09-30": "6.61%", "2013-06-30": "6.40%", "2013-03-31": "6.03%", "2012-12-31": "5.97%", "2012-09-30": "5.74%", "2012-06-30": "5.33%", "2012-03-31": "5.44%", "2011-12-31": "5.46%", "2011-09-30": "5.46%", "2011-06-30": "5.74%", "2011-03-31": "5.57%", "2010-12-31": "5.49%", "2010-09-30": "5.76%", "2010-06-30": "5.82%", "2010-03-31": "5.96%", "2009-12-31": "6.12%", "2009-09-30": "6.13%", "2009-06-30": "6.32%", "2009-03-31": "6.44%", "2008-12-31": "6.47%", "2008-09-30": "6.79%", "2008-06-30": "6.87%", "2008-03-31": "6.77%", "2007-12-31": "6.88%", "2007-09-30": "6.95%", "2007-06-30": "6.99%", "2007-03-31": "7.31%", "2006-12-31": "7.45%", "2006-09-30": "7.55%", "2006-06-30": "7.68%", "2006-03-31": "7.79%", "2005-12-31": "7.85%"}, "return on tangible equity": {"2020-09-30": "7.12%", "2020-06-30": "12.07%", "2020-03-31": "12.44%", "2019-12-31": "12.50%", "2019-09-30": "14.95%", "2019-06-30": "10.29%", "2019-03-31": "10.22%", "2018-12-31": "10.26%", "2018-09-30": "6.75%", "2018-06-30": "6.42%", "2018-03-31": "5.40%", "2017-12-31": "4.67%", "2017-09-30": "4.49%", "2017-06-30": "2.52%", "2017-03-31": "3.63%", "2016-12-31": "4.32%", "2016-09-30": "5.56%", "2016-06-30": "8.93%", "2016-03-31": "9.65%", "2015-12-31": "9.90%", "2015-09-30": "10.05%", "2015-06-30": "9.95%", "2015-03-31": "9.67%", "2014-12-31": "9.65%", "2014-09-30": "9.49%", "2014-06-30": "9.14%", "2014-03-31": "9.08%", "2013-12-31": "9.01%", "2013-09-30": "8.27%", "2013-06-30": "8.42%", "2013-03-31": "7.97%", "2012-12-31": "7.92%", "2012-09-30": "7.69%", "2012-06-30": "5.39%", "2012-03-31": "5.17%", "2011-12-31": "4.72%", "2011-09-30": "4.58%", "2011-06-30": "5.63%", "2011-03-31": "6.50%", "2010-12-31": "6.34%", "2010-09-30": "4.63%", "2010-06-30": "4.50%", "2010-03-31": "3.02%", "2009-12-31": "3.39%", "2009-09-30": "5.52%", "2009-06-30": "6.16%", "2009-03-31": "7.20%", "2008-12-31": "7.33%", "2008-09-30": "7.82%", "2008-06-30": "7.98%", "2008-03-31": "7.20%", "2007-12-31": "7.18%", "2007-09-30": "6.79%", "2007-06-30": "6.79%", "2007-03-31": "7.68%", "2006-12-31": "8.05%", "2006-09-30": "8.49%", "2006-06-30": "8.59%", "2006-03-31": "8.40%", "2005-12-31": "8.23%"}, "dividend yield history": {"last payout": "$2.96", "last yield": "3.52%"}}