{"ticker": "LIN", "price": {"title": "Linde Historical Annual Stock Price Data", "value": 253.11, "historical": {"2021": {"Average Stock Price": "257.2875", "Year Open": "258.8100", "Year High": "271.5000", "Year Low": "242.9100", "Year Close": "253.1100", "Annual % Change": "-3.95%"}, "2020": {"Average Stock Price": "219.8725", "Year Open": "210.7400", "Year High": "263.5100", "Year Low": "150.0000", "Year Close": "263.5100", "Annual % Change": "23.77%"}, "2019": {"Average Stock Price": "187.3608", "Year Open": "157.2000", "Year High": "212.9000", "Year Low": "152.2900", "Year Close": "212.9000", "Annual % Change": "36.44%"}, "2018": {"Average Stock Price": "157.5890", "Year Open": "156.1900", "Year High": "169.0300", "Year Low": "142.1000", "Year Close": "156.0400", "Annual % Change": "0.88%"}, "2017": {"Average Stock Price": "131.9262", "Year Open": "116.9000", "Year High": "156.3600", "Year Low": "115.6700", "Year Close": "154.6800", "Annual % Change": "31.99%"}, "2016": {"Average Stock Price": "113.8450", "Year Open": "101.6700", "Year High": "123.9200", "Year Low": "96.1300", "Year Close": "117.1900", "Annual % Change": "14.44%"}, "2015": {"Average Stock Price": "116.4600", "Year Open": "129.9500", "Year High": "130.2800", "Year Low": "99.1700", "Year Close": "102.4000", "Annual % Change": "-20.96%"}, "2014": {"Average Stock Price": "129.6027", "Year Open": "129.5000", "Year High": "134.6700", "Year Low": "118.8100", "Year Close": "129.5600", "Annual % Change": "-0.36%"}, "2013": {"Average Stock Price": "117.4423", "Year Open": "112.5800", "Year High": "130.0300", "Year Low": "107.6900", "Year Close": "130.0300", "Annual % Change": "18.80%"}, "2012": {"Average Stock Price": "108.1322", "Year Open": "107.8500", "Year High": "116.4700", "Year Low": "102.0900", "Year Close": "109.4500", "Annual % Change": "2.39%"}, "2011": {"Average Stock Price": "100.0968", "Year Open": "95.2200", "Year High": "111.3000", "Year Low": "88.9300", "Year Close": "106.9000", "Annual % Change": "11.97%"}, "2010": {"Average Stock Price": "84.6862", "Year Open": "81.5600", "Year High": "95.9700", "Year Low": "74.0100", "Year Close": "95.4700", "Annual % Change": "18.88%"}, "2009": {"Average Stock Price": "73.2303", "Year Open": "62.4300", "Year High": "84.8900", "Year Low": "53.9300", "Year Close": "80.3100", "Annual % Change": "35.29%"}, "2008": {"Average Stock Price": "80.9665", "Year Open": "87.7300", "Year High": "99.5000", "Year Low": "47.8000", "Year Close": "59.3600", "Annual % Change": "-33.09%"}, "2007": {"Average Stock Price": "72.8182", "Year Open": "59.7800", "Year High": "91.7500", "Year Low": "58.8500", "Year Close": "88.7100", "Annual % Change": "49.52%"}, "2006": {"Average Stock Price": "56.1697", "Year Open": "53.8300", "Year High": "63.5400", "Year Low": "50.9500", "Year Close": "59.3300", "Annual % Change": "12.03%"}, "2005": {"Average Stock Price": "47.7018", "Year Open": "43.9800", "Year High": "54.0800", "Year Low": "41.0700", "Year Close": "52.9600", "Annual % Change": "19.95%"}, "2004": {"Average Stock Price": "39.4174", "Year Open": "37.6500", "Year High": "45.9700", "Year Low": "34.7000", "Year Close": "44.1500", "Annual % Change": "15.58%"}, "2003": {"Average Stock Price": "30.8996", "Year Open": "29.6500", "Year High": "38.2000", "Year Low": "25.3300", "Year Close": "38.2000", "Annual % Change": "32.25%"}, "2002": {"Average Stock Price": "27.7473", "Year Open": "27.4300", "Year High": "30.2950", "Year Low": "22.8050", "Year Close": "28.8850", "Annual % Change": "4.56%"}, "2001": {"Average Stock Price": "23.5625", "Year Open": "21.5300", "Year High": "27.6350", "Year Low": "18.6500", "Year Close": "27.6250", "Annual % Change": "24.49%"}, "2000": {"Average Stock Price": "20.0870", "Year Open": "24.9050", "Year High": "27.2500", "Year Low": "15.8450", "Year Close": "22.1900", "Annual % Change": "-11.79%"}, "1999": {"Average Stock Price": "22.2616", "Year Open": "18.0300", "Year High": "29.0650", "Year Low": "16.1550", "Year Close": "25.1550", "Annual % Change": "42.72%"}, "1998": {"Average Stock Price": "21.6658", "Year Open": "22.7200", "Year High": "26.7800", "Year Low": "15.6250", "Year Close": "17.6250", "Annual % Change": "-21.67%"}, "1997": {"Average Stock Price": "24.6696", "Year Open": "23.1250", "Year High": "28.6250", "Year Low": "20.4700", "Year Close": "22.5000", "Annual % Change": "-2.43%"}, "1996": {"Average Stock Price": "20.2030", "Year Open": "16.6250", "Year High": "24.6900", "Year Low": "15.8750", "Year Close": "23.0600", "Annual % Change": "37.14%"}, "1995": {"Average Stock Price": "12.6164", "Year Open": "10.0650", "Year High": "16.9400", "Year Low": "9.9400", "Year Close": "16.8150", "Annual % Change": "64.05%"}, "1994": {"Average Stock Price": "10.1099", "Year Open": "8.2500", "Year High": "12.1900", "Year Low": "8.1900", "Year Close": "10.2500", "Annual % Change": "23.27%"}, "1993": {"Average Stock Price": "8.0838", "Year Open": "8.1900", "Year High": "9.1250", "Year Low": "7.1900", "Year Close": "8.3150", "Annual % Change": "-0.72%"}}}, "market cap": {"value": "$134.16B"}, "income statement": {"Revenue": {"2020-12-31": "27243.00000", "2019-12-31": "28228.00000", "2018-12-31": "14836.00000", "2017-12-31": "11358.00000", "2016-12-31": "10534.00000", "2015-12-31": "10776.00000", "2014-12-31": "12273.00000", "2013-12-31": "11925.00000", "2012-12-31": "11224.00000", "2011-12-31": "11252.00000", "2010-12-31": "10116.00000", "2009-12-31": "8956.00000", "2008-12-31": "10796.00000", "2007-12-31": "9402.00000", "2006-12-31": "8324.00000", "2005-12-31": "7656.00000"}, "Cost Of Goods Sold": {"2020-12-31": "15383.00000", "2019-12-31": "16644.00000", "2018-12-31": "9020.00000", "2017-12-31": "6382.00000", "2016-12-31": "5855.00000", "2015-12-31": "5960.00000", "2014-12-31": "6962.00000", "2013-12-31": "6744.00000", "2012-12-31": "6396.00000", "2011-12-31": "6458.00000", "2010-12-31": "5754.00000", "2009-12-31": "5032.00000", "2008-12-31": "6495.00000", "2007-12-31": "5557.00000", "2006-12-31": "4968.00000", "2005-12-31": "4641.00000"}, "Gross Profit": {"2020-12-31": "11860.00000", "2019-12-31": "11584.00000", "2018-12-31": "5816.00000", "2017-12-31": "4976.00000", "2016-12-31": "4679.00000", "2015-12-31": "4816.00000", "2014-12-31": "5311.00000", "2013-12-31": "5181.00000", "2012-12-31": "4828.00000", "2011-12-31": "4794.00000", "2010-12-31": "4362.00000", "2009-12-31": "3924.00000", "2008-12-31": "4301.00000", "2007-12-31": "3845.00000", "2006-12-31": "3356.00000", "2005-12-31": "3015.00000"}, "Research And Development Expenses": {"2020-12-31": "152.00000", "2019-12-31": "184.00000", "2018-12-31": "113.00000", "2017-12-31": "93.00000", "2016-12-31": "92.00000", "2015-12-31": "93.00000", "2014-12-31": "96.00000", "2013-12-31": "98.00000", "2012-12-31": "98.00000", "2011-12-31": "90.00000", "2010-12-31": "79.00000", "2009-12-31": "74.00000", "2008-12-31": "97.00000", "2007-12-31": "98.00000", "2006-12-31": "87.00000", "2005-12-31": "80.00000"}, "SG&A Expenses": {"2020-12-31": "3193.00000", "2019-12-31": "3457.00000", "2018-12-31": "1629.00000", "2017-12-31": "1207.00000", "2016-12-31": "1145.00000", "2015-12-31": "1152.00000", "2014-12-31": "1308.00000", "2013-12-31": "1349.00000", "2012-12-31": "1270.00000", "2011-12-31": "1239.00000", "2010-12-31": "1196.00000", "2009-12-31": "1088.00000", "2008-12-31": "1312.00000", "2007-12-31": "1190.00000", "2006-12-31": "1086.00000", "2005-12-31": "987.00000"}, "Other Operating Income Or Expenses": {"2020-12-31": "-567.00000", "2019-12-31": "-335.00000", "2018-12-31": "3003.00000", "2017-12-31": "-48.00000", "2016-12-31": "-73.00000", "2015-12-31": "-144.00000", "2014-12-31": "-129.00000", "2013-12-31": "", "2012-12-31": "-22.00000", "2011-12-31": "6.00000", "2010-12-31": "-80.00000", "2009-12-31": "-341.00000", "2008-12-31": "-159.00000", "2007-12-31": "3.00000", "2006-12-31": "32.00000", "2005-12-31": "10.00000"}, "Operating Expenses": {"2020-12-31": "23921.00000", "2019-12-31": "25295.00000", "2018-12-31": "9589.00000", "2017-12-31": "8914.00000", "2016-12-31": "8287.00000", "2015-12-31": "8455.00000", "2014-12-31": "9665.00000", "2013-12-31": "9300.00000", "2012-12-31": "8787.00000", "2011-12-31": "8784.00000", "2010-12-31": "8034.00000", "2009-12-31": "7381.00000", "2008-12-31": "8913.00000", "2007-12-31": "7616.00000", "2006-12-31": "6805.00000", "2005-12-31": "6363.00000"}, "Operating Income": {"2020-12-31": "3322.00000", "2019-12-31": "2933.00000", "2018-12-31": "5247.00000", "2017-12-31": "2444.00000", "2016-12-31": "2247.00000", "2015-12-31": "2321.00000", "2014-12-31": "2608.00000", "2013-12-31": "2625.00000", "2012-12-31": "2437.00000", "2011-12-31": "2468.00000", "2010-12-31": "2082.00000", "2009-12-31": "1575.00000", "2008-12-31": "1883.00000", "2007-12-31": "1786.00000", "2006-12-31": "1519.00000", "2005-12-31": "1293.00000"}, "Total Non-Operating Income/Expense": {"2020-12-31": "62.00000", "2019-12-31": "-6.00000", "2018-12-31": "-198.00000", "2017-12-31": "-157.00000", "2016-12-31": "-199.00000", "2015-12-31": "-161.00000", "2014-12-31": "-213.00000", "2013-12-31": "-178.00000", "2012-12-31": "-141.00000", "2011-12-31": "-145.00000", "2010-12-31": "-118.00000", "2009-12-31": "-133.00000", "2008-12-31": "-198.00000", "2007-12-31": "-173.00000", "2006-12-31": "-155.00000", "2005-12-31": "-163.00000"}, "Pre-Tax Income": {"2020-12-31": "3384.00000", "2019-12-31": "2927.00000", "2018-12-31": "5049.00000", "2017-12-31": "2287.00000", "2016-12-31": "2048.00000", "2015-12-31": "2160.00000", "2014-12-31": "2395.00000", "2013-12-31": "2447.00000", "2012-12-31": "2296.00000", "2011-12-31": "2323.00000", "2010-12-31": "1964.00000", "2009-12-31": "1442.00000", "2008-12-31": "1685.00000", "2007-12-31": "1613.00000", "2006-12-31": "1364.00000", "2005-12-31": "1130.00000"}, "Income Taxes": {"2020-12-31": "847.00000", "2019-12-31": "769.00000", "2018-12-31": "817.00000", "2017-12-31": "1026.00000", "2016-12-31": "551.00000", "2015-12-31": "612.00000", "2014-12-31": "691.00000", "2013-12-31": "649.00000", "2012-12-31": "586.00000", "2011-12-31": "641.00000", "2010-12-31": "768.00000", "2009-12-31": "169.00000", "2008-12-31": "465.00000", "2007-12-31": "419.00000", "2006-12-31": "355.00000", "2005-12-31": "376.00000"}, "Income After Taxes": {"2020-12-31": "2537.00000", "2019-12-31": "2158.00000", "2018-12-31": "4232.00000", "2017-12-31": "1261.00000", "2016-12-31": "1497.00000", "2015-12-31": "1548.00000", "2014-12-31": "1704.00000", "2013-12-31": "1798.00000", "2012-12-31": "1710.00000", "2011-12-31": "1682.00000", "2010-12-31": "1196.00000", "2009-12-31": "1273.00000", "2008-12-31": "1220.00000", "2007-12-31": "1194.00000", "2006-12-31": "1009.00000", "2005-12-31": "754.00000"}, "Other Income": {"2020-12-31": "", "2019-12-31": "", "2018-12-31": "", "2017-12-31": "", "2016-12-31": "", "2015-12-31": "", "2014-12-31": "", "2013-12-31": "", "2012-12-31": "", "2011-12-31": "", "2010-12-31": "", "2009-12-31": "", "2008-12-31": "", "2007-12-31": "", "2006-12-31": "", "2005-12-31": ""}, "Income From Continuous Operations": {"2020-12-31": "2622.00000", "2019-12-31": "2272.00000", "2018-12-31": "4288.00000", "2017-12-31": "1308.00000", "2016-12-31": "1538.00000", "2015-12-31": "1591.00000", "2014-12-31": "1746.00000", "2013-12-31": "1836.00000", "2012-12-31": "1744.00000", "2011-12-31": "1722.00000", "2010-12-31": "1234.00000", "2009-12-31": "1297.00000", "2008-12-31": "1256.00000", "2007-12-31": "1220.00000", "2006-12-31": "988.00000", "2005-12-31": "732.00000"}, "Income From Discontinued Operations": {"2020-12-31": "4.00000", "2019-12-31": "109.00000", "2018-12-31": "117.00000", "2017-12-31": "0.00000", "2016-12-31": "", "2015-12-31": "", "2014-12-31": "", "2013-12-31": "", "2012-12-31": "", "2011-12-31": "", "2010-12-31": "", "2009-12-31": "", "2008-12-31": "", "2007-12-31": "", "2006-12-31": "", "2005-12-31": ""}, "Net Income": {"2020-12-31": "2501.00000", "2019-12-31": "2285.00000", "2018-12-31": "4381.00000", "2017-12-31": "1247.00000", "2016-12-31": "1500.00000", "2015-12-31": "1547.00000", "2014-12-31": "1694.00000", "2013-12-31": "1755.00000", "2012-12-31": "1692.00000", "2011-12-31": "1672.00000", "2010-12-31": "1195.00000", "2009-12-31": "1254.00000", "2008-12-31": "1211.00000", "2007-12-31": "1177.00000", "2006-12-31": "988.00000", "2005-12-31": "726.00000"}, "EBITDA": {"2020-12-31": "7948.00000", "2019-12-31": "7620.00000", "2018-12-31": "7445.00000", "2017-12-31": "3628.00000", "2016-12-31": "3369.00000", "2015-12-31": "3427.00000", "2014-12-31": "3778.00000", "2013-12-31": "3734.00000", "2012-12-31": "3438.00000", "2011-12-31": "3471.00000", "2010-12-31": "3007.00000", "2009-12-31": "2421.00000", "2008-12-31": "2733.00000", "2007-12-31": "2560.00000", "2006-12-31": "2215.00000", "2005-12-31": "1958.00000"}, "EBIT": {"2020-12-31": "3322.00000", "2019-12-31": "2933.00000", "2018-12-31": "5247.00000", "2017-12-31": "2444.00000", "2016-12-31": "2247.00000", "2015-12-31": "2321.00000", "2014-12-31": "2608.00000", "2013-12-31": "2625.00000", "2012-12-31": "2437.00000", "2011-12-31": "2468.00000", "2010-12-31": "2082.00000", "2009-12-31": "1575.00000", "2008-12-31": "1883.00000", "2007-12-31": "1786.00000", "2006-12-31": "1519.00000", "2005-12-31": "1293.00000"}, "Basic Shares Outstanding": {"2020-12-31": "526.73600", "2019-12-31": "541.09400", "2018-12-31": "330.40100", "2017-12-31": "286.26100", "2016-12-31": "285.67700", "2015-12-31": "287.00500", "2014-12-31": "292.49400", "2013-12-31": "295.52300", "2012-12-31": "298.31600", "2011-12-31": "302.23700", "2010-12-31": "306.72000", "2009-12-31": "307.67600", "2008-12-31": "312.65800", "2007-12-31": "318.99700", "2006-12-31": "323.49500", "2005-12-31": "323.76500"}, "Shares Outstanding": {"2020-12-31": "531.15700", "2019-12-31": "545.17000", "2018-12-31": "334.12700", "2017-12-31": "289.11400", "2016-12-31": "287.75700", "2015-12-31": "289.05500", "2014-12-31": "295.60800", "2013-12-31": "298.96500", "2012-12-31": "301.84500", "2011-12-31": "306.72200", "2010-12-31": "311.39500", "2009-12-31": "312.38200", "2008-12-31": "318.30200", "2007-12-31": "324.84200", "2006-12-31": "329.29300", "2005-12-31": "329.68500"}, "Basic EPS": {"2020-12-31": "4.75000", "2019-12-31": "4.22000", "2018-12-31": "13.26000", "2017-12-31": "4.36000", "2016-12-31": "5.25000", "2015-12-31": "5.39000", "2014-12-31": "5.79000", "2013-12-31": "5.94000", "2012-12-31": "5.67000", "2011-12-31": "5.53000", "2010-12-31": "3.90000", "2009-12-31": "4.08000", "2008-12-31": "3.87000", "2007-12-31": "3.69000", "2006-12-31": "3.05000", "2005-12-31": "2.24000"}, "EPS - Earnings Per Share": {"2020-12-31": "4.71000", "2019-12-31": "4.19000", "2018-12-31": "13.11000", "2017-12-31": "4.32000", "2016-12-31": "5.21000", "2015-12-31": "5.35000", "2014-12-31": "5.73000", "2013-12-31": "5.87000", "2012-12-31": "5.61000", "2011-12-31": "5.45000", "2010-12-31": "3.84000", "2009-12-31": "4.01000", "2008-12-31": "3.80000", "2007-12-31": "3.62000", "2006-12-31": "3.00000", "2005-12-31": "2.20000"}}, "income statement, quarterly": {"Revenue": {"2020-12-31": "7272.00000", "2020-09-30": "6855.00000", "2020-06-30": "6377.00000", "2020-03-31": "6739.00000", "2019-12-31": "7080.00000", "2019-09-30": "7000.00000", "2019-06-30": "7204.00000", "2019-03-31": "6944.00000", "2018-12-31": "5801.00000", "2018-09-30": "3008.00000", "2018-06-30": "3044.00000", "2018-03-31": "2983.00000", "2017-12-31": "2874.00000", "2017-09-30": "2922.00000", "2017-06-30": "2834.00000", "2017-03-31": "2728.00000", "2016-12-31": "2644.00000", "2016-09-30": "2716.00000", "2016-06-30": "2665.00000", "2016-03-31": "2509.00000", "2015-12-31": "2595.00000", "2015-09-30": "2686.00000", "2015-06-30": "2738.00000", "2015-03-31": "2757.00000", "2014-12-31": "2990.00000", "2014-09-30": "3144.00000", "2014-06-30": "3113.00000", "2014-03-31": "3026.00000", "2013-12-31": "3010.00000", "2013-09-30": "3013.00000", "2013-06-30": "3014.00000", "2013-03-31": "2888.00000", "2012-12-31": "2799.00000", "2012-09-30": "2774.00000", "2012-06-30": "2811.00000", "2012-03-31": "2840.00000", "2011-12-31": "2796.00000", "2011-09-30": "2896.00000", "2011-06-30": "2858.00000", "2011-03-31": "2702.00000", "2010-12-31": "2623.00000", "2010-09-30": "2538.00000", "2010-06-30": "2527.00000", "2010-03-31": "2428.00000", "2009-12-31": "2407.00000", "2009-09-30": "2288.00000", "2009-06-30": "2138.00000", "2009-03-31": "2123.00000", "2008-12-31": "2403.00000", "2008-09-30": "2852.00000", "2008-06-30": "2878.00000", "2008-03-31": "2663.00000", "2007-12-31": "2523.00000", "2007-09-30": "2372.00000", "2007-06-30": "2332.00000", "2007-03-31": "2175.00000", "2006-12-31": "2123.00000", "2006-09-30": "2099.00000", "2006-06-30": "2076.00000", "2006-03-31": "2026.00000", "2005-12-31": "2020.00000", "2005-09-30": "1890.00000", "2005-06-30": "1919.00000", "2005-03-31": "1827.00000"}, "Cost Of Goods Sold": {"2020-12-31": "4086.00000", "2020-09-30": "3835.00000", "2020-06-30": "3619.00000", "2020-03-31": "3843.00000", "2019-12-31": "4187.00000", "2019-09-30": "4061.00000", "2019-06-30": "4280.00000", "2019-03-31": "4116.00000", "2018-12-31": "3955.00000", "2018-09-30": "1698.00000", "2018-06-30": "1706.00000", "2018-03-31": "1661.00000", "2017-12-31": "1582.00000", "2017-09-30": "1652.00000", "2017-06-30": "1599.00000", "2017-03-31": "1549.00000", "2016-12-31": "1473.00000", "2016-09-30": "1533.00000", "2016-06-30": "1468.00000", "2016-03-31": "1381.00000", "2015-12-31": "1426.00000", "2015-09-30": "1488.00000", "2015-06-30": "1516.00000", "2015-03-31": "1530.00000", "2014-12-31": "1689.00000", "2014-09-30": "1780.00000", "2014-06-30": "1767.00000", "2014-03-31": "1726.00000", "2013-12-31": "1699.00000", "2013-09-30": "1697.00000", "2013-06-30": "1710.00000", "2013-03-31": "1638.00000", "2012-12-31": "1583.00000", "2012-09-30": "1595.00000", "2012-06-30": "1602.00000", "2012-03-31": "1616.00000", "2011-12-31": "1598.00000", "2011-09-30": "1684.00000", "2011-06-30": "1640.00000", "2011-03-31": "1536.00000", "2010-12-31": "1492.00000", "2010-09-30": "1444.00000", "2010-06-30": "1437.00000", "2010-03-31": "1381.00000", "2009-12-31": "1370.00000", "2009-09-30": "1277.00000", "2009-06-30": "1190.00000", "2009-03-31": "1195.00000", "2008-12-31": "1418.00000", "2008-09-30": "1734.00000", "2008-06-30": "1748.00000", "2008-03-31": "1595.00000", "2007-12-31": "1493.00000", "2007-09-30": "1394.00000", "2007-06-30": "1388.00000", "2007-03-31": "1282.00000", "2006-12-31": "1264.00000", "2006-09-30": "1259.00000", "2006-06-30": "1238.00000", "2006-03-31": "1207.00000", "2005-12-31": "1221.00000", "2005-09-30": "1144.00000", "2005-06-30": "1167.00000", "2005-03-31": "1109.00000"}, "Gross Profit": {"2020-12-31": "3186.00000", "2020-09-30": "3020.00000", "2020-06-30": "2758.00000", "2020-03-31": "2896.00000", "2019-12-31": "2893.00000", "2019-09-30": "2939.00000", "2019-06-30": "2924.00000", "2019-03-31": "2828.00000", "2018-12-31": "1846.00000", "2018-09-30": "1310.00000", "2018-06-30": "1338.00000", "2018-03-31": "1322.00000", "2017-12-31": "1292.00000", "2017-09-30": "1270.00000", "2017-06-30": "1235.00000", "2017-03-31": "1179.00000", "2016-12-31": "1171.00000", "2016-09-30": "1183.00000", "2016-06-30": "1197.00000", "2016-03-31": "1128.00000", "2015-12-31": "1169.00000", "2015-09-30": "1198.00000", "2015-06-30": "1222.00000", "2015-03-31": "1227.00000", "2014-12-31": "1301.00000", "2014-09-30": "1364.00000", "2014-06-30": "1346.00000", "2014-03-31": "1300.00000", "2013-12-31": "1311.00000", "2013-09-30": "1316.00000", "2013-06-30": "1304.00000", "2013-03-31": "1250.00000", "2012-12-31": "1216.00000", "2012-09-30": "1179.00000", "2012-06-30": "1209.00000", "2012-03-31": "1224.00000", "2011-12-31": "1198.00000", "2011-09-30": "1212.00000", "2011-06-30": "1218.00000", "2011-03-31": "1166.00000", "2010-12-31": "1131.00000", "2010-09-30": "1094.00000", "2010-06-30": "1090.00000", "2010-03-31": "1047.00000", "2009-12-31": "1037.00000", "2009-09-30": "1011.00000", "2009-06-30": "948.00000", "2009-03-31": "928.00000", "2008-12-31": "985.00000", "2008-09-30": "1118.00000", "2008-06-30": "1130.00000", "2008-03-31": "1068.00000", "2007-12-31": "1030.00000", "2007-09-30": "978.00000", "2007-06-30": "944.00000", "2007-03-31": "893.00000", "2006-12-31": "859.00000", "2006-09-30": "840.00000", "2006-06-30": "838.00000", "2006-03-31": "819.00000", "2005-12-31": "799.00000", "2005-09-30": "746.00000", "2005-06-30": "752.00000", "2005-03-31": "718.00000"}, "Research And Development Expenses": {"2020-12-31": "38.00000", "2020-09-30": "36.00000", "2020-06-30": "34.00000", "2020-03-31": "44.00000", "2019-12-31": "49.00000", "2019-09-30": "44.00000", "2019-06-30": "45.00000", "2019-03-31": "46.00000", "2018-12-31": "42.00000", "2018-09-30": "23.00000", "2018-06-30": "24.00000", "2018-03-31": "24.00000", "2017-12-31": "24.00000", "2017-09-30": "23.00000", "2017-06-30": "23.00000", "2017-03-31": "23.00000", "2016-12-31": "23.00000", "2016-09-30": "22.00000", "2016-06-30": "24.00000", "2016-03-31": "23.00000", "2015-12-31": "23.00000", "2015-09-30": "23.00000", "2015-06-30": "23.00000", "2015-03-31": "24.00000", "2014-12-31": "24.00000", "2014-09-30": "25.00000", "2014-06-30": "24.00000", "2014-03-31": "23.00000", "2013-12-31": "26.00000", "2013-09-30": "24.00000", "2013-06-30": "24.00000", "2013-03-31": "24.00000", "2012-12-31": "25.00000", "2012-09-30": "24.00000", "2012-06-30": "25.00000", "2012-03-31": "24.00000", "2011-12-31": "23.00000", "2011-09-30": "22.00000", "2011-06-30": "23.00000", "2011-03-31": "22.00000", "2010-12-31": "23.00000", "2010-09-30": "19.00000", "2010-06-30": "19.00000", "2010-03-31": "18.00000", "2009-12-31": "18.00000", "2009-09-30": "20.00000", "2009-06-30": "18.00000", "2009-03-31": "18.00000", "2008-12-31": "25.00000", "2008-09-30": "24.00000", "2008-06-30": "24.00000", "2008-03-31": "24.00000", "2007-12-31": "26.00000", "2007-09-30": "24.00000", "2007-06-30": "24.00000", "2007-03-31": "24.00000", "2006-12-31": "23.00000", "2006-09-30": "21.00000", "2006-06-30": "22.00000", "2006-03-31": "21.00000", "2005-12-31": "22.00000", "2005-09-30": "19.00000", "2005-06-30": "19.00000", "2005-03-31": "20.00000"}, "SG&A Expenses": {"2020-12-31": "802.00000", "2020-09-30": "770.00000", "2020-06-30": "760.00000", "2020-03-31": "861.00000", "2019-12-31": "844.00000", "2019-09-30": "850.00000", "2019-06-30": "884.00000", "2019-03-31": "879.00000", "2018-12-31": "718.00000", "2018-09-30": "294.00000", "2018-06-30": "307.00000", "2018-03-31": "310.00000", "2017-12-31": "312.00000", "2017-09-30": "300.00000", "2017-06-30": "305.00000", "2017-03-31": "290.00000", "2016-12-31": "272.00000", "2016-09-30": "291.00000", "2016-06-30": "308.00000", "2016-03-31": "274.00000", "2015-12-31": "275.00000", "2015-09-30": "281.00000", "2015-06-30": "297.00000", "2015-03-31": "299.00000", "2014-12-31": "320.00000", "2014-09-30": "327.00000", "2014-06-30": "335.00000", "2014-03-31": "326.00000", "2013-12-31": "332.00000", "2013-09-30": "336.00000", "2013-06-30": "344.00000", "2013-03-31": "337.00000", "2012-12-31": "319.00000", "2012-09-30": "306.00000", "2012-06-30": "310.00000", "2012-03-31": "335.00000", "2011-12-31": "315.00000", "2011-09-30": "307.00000", "2011-06-30": "309.00000", "2011-03-31": "308.00000", "2010-12-31": "301.00000", "2010-09-30": "299.00000", "2010-06-30": "302.00000", "2010-03-31": "294.00000", "2009-12-31": "274.00000", "2009-09-30": "284.00000", "2009-06-30": "265.00000", "2009-03-31": "265.00000", "2008-12-31": "295.00000", "2008-09-30": "341.00000", "2008-06-30": "341.00000", "2008-03-31": "335.00000", "2007-12-31": "314.00000", "2007-09-30": "294.00000", "2007-06-30": "296.00000", "2007-03-31": "286.00000", "2006-12-31": "270.00000", "2006-09-30": "272.00000", "2006-06-30": "271.00000", "2006-03-31": "273.00000", "2005-12-31": "252.00000", "2005-09-30": "243.00000", "2005-06-30": "247.00000", "2005-03-31": "245.00000"}, "Other Operating Income Or Expenses": {"2020-12-31": "-125.00000", "2020-09-30": "-77.00000", "2020-06-30": "-249.00000", "2020-03-31": "-116.00000", "2019-12-31": "-183.00000", "2019-09-30": "50.00000", "2019-06-30": "-131.00000", "2019-03-31": "-71.00000", "2018-12-31": "3052.00000", "2018-09-30": "-18.00000", "2018-06-30": "-7.00000", "2018-03-31": "-24.00000", "2017-12-31": "-10.00000", "2017-09-30": "-17.00000", "2017-06-30": "-9.00000", "2017-03-31": "-12.00000", "2016-12-31": "17.00000", "2016-09-30": "-89.00000", "2016-06-30": "4.00000", "2016-03-31": "-5.00000", "2015-12-31": "28.00000", "2015-09-30": "-24.00000", "2015-06-30": "-144.00000", "2015-03-31": "-4.00000", "2014-12-31": "-141.00000", "2014-09-30": "0.00000", "2014-06-30": "3.00000", "2014-03-31": "9.00000", "2013-12-31": "", "2013-09-30": "-5.00000", "2013-06-30": "4.00000", "2013-03-31": "-23.00000", "2012-12-31": "-2.00000", "2012-09-30": "-43.00000", "2012-06-30": "9.00000", "2012-03-31": "14.00000", "2011-12-31": "7.00000", "2011-09-30": "5.00000", "2011-06-30": "-5.00000", "2011-03-31": "-1.00000", "2010-12-31": "-62.00000", "2010-09-30": "2.00000", "2010-06-30": "8.00000", "2010-03-31": "-28.00000", "2009-12-31": "-10.00000", "2009-09-30": "-316.00000", "2009-06-30": "-11.00000", "2009-03-31": "-4.00000", "2008-12-31": "-145.00000", "2008-09-30": "9.00000", "2008-06-30": "-6.00000", "2008-03-31": "-17.00000", "2007-12-31": "1.00000", "2007-09-30": "-4.00000", "2007-06-30": "4.00000", "2007-03-31": "2.00000", "2006-12-31": "5.00000", "2006-09-30": "18.00000", "2006-06-30": "11.00000", "2006-03-31": "-2.00000", "2005-12-31": "-5.00000", "2005-09-30": "-2.00000", "2005-06-30": "-1.00000", "2005-03-31": "18.00000"}, "Operating Expenses": {"2020-12-31": "6243.00000", "2020-09-30": "5886.00000", "2020-06-30": "5786.00000", "2020-03-31": "6006.00000", "2019-12-31": "6425.00000", "2019-09-30": "6000.00000", "2019-06-30": "6535.00000", "2019-03-31": "6335.00000", "2018-12-31": "2565.00000", "2018-09-30": "2339.00000", "2018-06-30": "2355.00000", "2018-03-31": "2330.00000", "2017-12-31": "2235.00000", "2017-09-30": "2290.00000", "2017-06-30": "2228.00000", "2017-03-31": "2161.00000", "2016-12-31": "2036.00000", "2016-09-30": "2219.00000", "2016-06-30": "2077.00000", "2016-03-31": "1955.00000", "2015-12-31": "1971.00000", "2015-09-30": "2092.00000", "2015-06-30": "2258.00000", "2015-03-31": "2134.00000", "2014-12-31": "2465.00000", "2014-09-30": "2433.00000", "2014-06-30": "2416.00000", "2014-03-31": "2351.00000", "2013-12-31": "2320.00000", "2013-09-30": "2343.00000", "2013-06-30": "2349.00000", "2013-03-31": "2288.00000", "2012-12-31": "2183.00000", "2012-09-30": "2216.00000", "2012-06-30": "2175.00000", "2012-03-31": "2213.00000", "2011-12-31": "2178.00000", "2011-09-30": "2264.00000", "2011-06-30": "2231.00000", "2011-03-31": "2111.00000", "2010-12-31": "2118.00000", "2010-09-30": "1987.00000", "2010-06-30": "1980.00000", "2010-03-31": "1949.00000", "2009-12-31": "1895.00000", "2009-09-30": "2114.00000", "2009-06-30": "1691.00000", "2009-03-31": "1681.00000", "2008-12-31": "2089.00000", "2008-09-30": "2308.00000", "2008-06-30": "2335.00000", "2008-03-31": "2181.00000", "2007-12-31": "2039.00000", "2007-09-30": "1912.00000", "2007-06-30": "1893.00000", "2007-03-31": "1772.00000", "2006-12-31": "1730.00000", "2006-09-30": "1707.00000", "2006-06-30": "1694.00000", "2006-03-31": "1674.00000", "2005-12-31": "1675.00000", "2005-09-30": "1573.00000", "2005-06-30": "1597.00000", "2005-03-31": "1518.00000"}, "Operating Income": {"2020-12-31": "1029.00000", "2020-09-30": "969.00000", "2020-06-30": "591.00000", "2020-03-31": "733.00000", "2019-12-31": "655.00000", "2019-09-30": "1000.00000", "2019-06-30": "669.00000", "2019-03-31": "609.00000", "2018-12-31": "3236.00000", "2018-09-30": "669.00000", "2018-06-30": "689.00000", "2018-03-31": "653.00000", "2017-12-31": "639.00000", "2017-09-30": "632.00000", "2017-06-30": "606.00000", "2017-03-31": "567.00000", "2016-12-31": "608.00000", "2016-09-30": "497.00000", "2016-06-30": "588.00000", "2016-03-31": "554.00000", "2015-12-31": "624.00000", "2015-09-30": "594.00000", "2015-06-30": "480.00000", "2015-03-31": "623.00000", "2014-12-31": "525.00000", "2014-09-30": "711.00000", "2014-06-30": "697.00000", "2014-03-31": "675.00000", "2013-12-31": "690.00000", "2013-09-30": "670.00000", "2013-06-30": "665.00000", "2013-03-31": "600.00000", "2012-12-31": "616.00000", "2012-09-30": "558.00000", "2012-06-30": "636.00000", "2012-03-31": "627.00000", "2011-12-31": "618.00000", "2011-09-30": "632.00000", "2011-06-30": "627.00000", "2011-03-31": "591.00000", "2010-12-31": "505.00000", "2010-09-30": "551.00000", "2010-06-30": "547.00000", "2010-03-31": "479.00000", "2009-12-31": "512.00000", "2009-09-30": "174.00000", "2009-06-30": "447.00000", "2009-03-31": "442.00000", "2008-12-31": "314.00000", "2008-09-30": "544.00000", "2008-06-30": "543.00000", "2008-03-31": "482.00000", "2007-12-31": "484.00000", "2007-09-30": "460.00000", "2007-06-30": "439.00000", "2007-03-31": "403.00000", "2006-12-31": "393.00000", "2006-09-30": "392.00000", "2006-06-30": "382.00000", "2006-03-31": "352.00000", "2005-12-31": "345.00000", "2005-09-30": "317.00000", "2005-06-30": "322.00000", "2005-03-31": "309.00000"}, "Total Non-Operating Income/Expense": {"2020-12-31": "11.00000", "2020-09-30": "3.00000", "2020-06-30": "27.00000", "2020-03-31": "21.00000", "2019-12-31": "17.00000", "2019-09-30": "1.00000", "2019-06-30": "14.00000", "2019-03-31": "-38.00000", "2018-12-31": "-58.00000", "2018-09-30": "-46.00000", "2018-06-30": "-46.00000", "2018-03-31": "-48.00000", "2017-12-31": "-44.00000", "2017-09-30": "-47.00000", "2017-06-30": "-40.00000", "2017-03-31": "-26.00000", "2016-12-31": "-47.00000", "2016-09-30": "-43.00000", "2016-06-30": "-44.00000", "2016-03-31": "-65.00000", "2015-12-31": "-42.00000", "2015-09-30": "-35.00000", "2015-06-30": "-40.00000", "2015-03-31": "-44.00000", "2014-12-31": "-79.00000", "2014-09-30": "-45.00000", "2014-06-30": "-43.00000", "2014-03-31": "-46.00000", "2013-12-31": "-56.00000", "2013-09-30": "-41.00000", "2013-06-30": "-41.00000", "2013-03-31": "-40.00000", "2012-12-31": "-35.00000", "2012-09-30": "-36.00000", "2012-06-30": "-33.00000", "2012-03-31": "-37.00000", "2011-12-31": "-38.00000", "2011-09-30": "-36.00000", "2011-06-30": "-36.00000", "2011-03-31": "-35.00000", "2010-12-31": "-28.00000", "2010-09-30": "-29.00000", "2010-06-30": "-29.00000", "2010-03-31": "-32.00000", "2009-12-31": "-33.00000", "2009-09-30": "-32.00000", "2009-06-30": "-33.00000", "2009-03-31": "-35.00000", "2008-12-31": "-49.00000", "2008-09-30": "-50.00000", "2008-06-30": "-52.00000", "2008-03-31": "-47.00000", "2007-12-31": "-50.00000", "2007-09-30": "-44.00000", "2007-06-30": "-41.00000", "2007-03-31": "-38.00000", "2006-12-31": "-38.00000", "2006-09-30": "-38.00000", "2006-06-30": "-41.00000", "2006-03-31": "-38.00000", "2005-12-31": "-40.00000", "2005-09-30": "-40.00000", "2005-06-30": "-41.00000", "2005-03-31": "-42.00000"}, "Pre-Tax Income": {"2020-12-31": "1040.00000", "2020-09-30": "972.00000", "2020-06-30": "618.00000", "2020-03-31": "754.00000", "2019-12-31": "672.00000", "2019-09-30": "1001.00000", "2019-06-30": "683.00000", "2019-03-31": "571.00000", "2018-12-31": "3178.00000", "2018-09-30": "623.00000", "2018-06-30": "643.00000", "2018-03-31": "605.00000", "2017-12-31": "595.00000", "2017-09-30": "585.00000", "2017-06-30": "566.00000", "2017-03-31": "541.00000", "2016-12-31": "561.00000", "2016-09-30": "454.00000", "2016-06-30": "544.00000", "2016-03-31": "489.00000", "2015-12-31": "582.00000", "2015-09-30": "559.00000", "2015-06-30": "440.00000", "2015-03-31": "579.00000", "2014-12-31": "446.00000", "2014-09-30": "666.00000", "2014-06-30": "654.00000", "2014-03-31": "629.00000", "2013-12-31": "634.00000", "2013-09-30": "629.00000", "2013-06-30": "624.00000", "2013-03-31": "560.00000", "2012-12-31": "581.00000", "2012-09-30": "522.00000", "2012-06-30": "603.00000", "2012-03-31": "590.00000", "2011-12-31": "580.00000", "2011-09-30": "596.00000", "2011-06-30": "591.00000", "2011-03-31": "556.00000", "2010-12-31": "477.00000", "2010-09-30": "522.00000", "2010-06-30": "518.00000", "2010-03-31": "447.00000", "2009-12-31": "479.00000", "2009-09-30": "142.00000", "2009-06-30": "414.00000", "2009-03-31": "407.00000", "2008-12-31": "265.00000", "2008-09-30": "494.00000", "2008-06-30": "491.00000", "2008-03-31": "435.00000", "2007-12-31": "434.00000", "2007-09-30": "416.00000", "2007-06-30": "398.00000", "2007-03-31": "365.00000", "2006-12-31": "355.00000", "2006-09-30": "354.00000", "2006-06-30": "341.00000", "2006-03-31": "314.00000", "2005-12-31": "305.00000", "2005-09-30": "277.00000", "2005-06-30": "281.00000", "2005-03-31": "267.00000"}, "Income Taxes": {"2020-12-31": "253.00000", "2020-09-30": "265.00000", "2020-06-30": "164.00000", "2020-03-31": "165.00000", "2019-12-31": "162.00000", "2019-09-30": "298.00000", "2019-06-30": "169.00000", "2019-03-31": "140.00000", "2018-12-31": "355.00000", "2018-09-30": "156.00000", "2018-06-30": "158.00000", "2018-03-31": "148.00000", "2017-12-31": "558.00000", "2017-09-30": "162.00000", "2017-06-30": "157.00000", "2017-03-31": "149.00000", "2016-12-31": "152.00000", "2016-09-30": "120.00000", "2016-06-30": "146.00000", "2016-03-31": "133.00000", "2015-12-31": "163.00000", "2015-09-30": "156.00000", "2015-06-30": "131.00000", "2015-03-31": "162.00000", "2014-12-31": "145.00000", "2014-09-30": "187.00000", "2014-06-30": "183.00000", "2014-03-31": "176.00000", "2013-12-31": "136.00000", "2013-09-30": "175.00000", "2013-06-30": "174.00000", "2013-03-31": "164.00000", "2012-12-31": "162.00000", "2012-09-30": "90.00000", "2012-06-30": "169.00000", "2012-03-31": "165.00000", "2011-12-31": "156.00000", "2011-09-30": "166.00000", "2011-06-30": "163.00000", "2011-03-31": "156.00000", "2010-12-31": "346.00000", "2010-09-30": "146.00000", "2010-06-30": "145.00000", "2010-03-31": "131.00000", "2009-12-31": "133.00000", "2009-09-30": "-187.00000", "2009-06-30": "109.00000", "2009-03-31": "114.00000", "2008-12-31": "67.00000", "2008-09-30": "139.00000", "2008-06-30": "137.00000", "2008-03-31": "122.00000", "2007-12-31": "115.00000", "2007-09-30": "106.00000", "2007-06-30": "103.00000", "2007-03-31": "95.00000", "2006-12-31": "81.00000", "2006-09-30": "101.00000", "2006-06-30": "90.00000", "2006-03-31": "83.00000", "2005-12-31": "80.00000", "2005-09-30": "163.00000", "2005-06-30": "64.00000", "2005-03-31": "69.00000"}, "Income After Taxes": {"2020-12-31": "787.00000", "2020-09-30": "707.00000", "2020-06-30": "454.00000", "2020-03-31": "589.00000", "2019-12-31": "510.00000", "2019-09-30": "703.00000", "2019-06-30": "514.00000", "2019-03-31": "431.00000", "2018-12-31": "2823.00000", "2018-09-30": "467.00000", "2018-06-30": "485.00000", "2018-03-31": "457.00000", "2017-12-31": "37.00000", "2017-09-30": "423.00000", "2017-06-30": "409.00000", "2017-03-31": "392.00000", "2016-12-31": "409.00000", "2016-09-30": "334.00000", "2016-06-30": "398.00000", "2016-03-31": "356.00000", "2015-12-31": "419.00000", "2015-09-30": "403.00000", "2015-06-30": "309.00000", "2015-03-31": "417.00000", "2014-12-31": "301.00000", "2014-09-30": "479.00000", "2014-06-30": "471.00000", "2014-03-31": "453.00000", "2013-12-31": "498.00000", "2013-09-30": "454.00000", "2013-06-30": "450.00000", "2013-03-31": "396.00000", "2012-12-31": "419.00000", "2012-09-30": "432.00000", "2012-06-30": "434.00000", "2012-03-31": "425.00000", "2011-12-31": "424.00000", "2011-09-30": "430.00000", "2011-06-30": "428.00000", "2011-03-31": "400.00000", "2010-12-31": "131.00000", "2010-09-30": "376.00000", "2010-06-30": "373.00000", "2010-03-31": "316.00000", "2009-12-31": "346.00000", "2009-09-30": "329.00000", "2009-06-30": "305.00000", "2009-03-31": "293.00000", "2008-12-31": "198.00000", "2008-09-30": "355.00000", "2008-06-30": "354.00000", "2008-03-31": "313.00000", "2007-12-31": "319.00000", "2007-09-30": "310.00000", "2007-06-30": "295.00000", "2007-03-31": "270.00000", "2006-12-31": "274.00000", "2006-09-30": "253.00000", "2006-06-30": "251.00000", "2006-03-31": "231.00000", "2005-12-31": "225.00000", "2005-09-30": "114.00000", "2005-06-30": "217.00000", "2005-03-31": "198.00000"}, "Other Income": {"2020-12-31": "", "2020-09-30": "", "2020-06-30": "", "2020-03-31": "", "2019-12-31": "", "2019-09-30": "", "2019-06-30": "", "2019-03-31": "", "2018-12-31": "", "2018-09-30": "", "2018-06-30": "", "2018-03-31": "", "2017-12-31": "", "2017-09-30": "", "2017-06-30": "", "2017-03-31": "", "2016-12-31": "", "2016-09-30": "", "2016-06-30": "", "2016-03-31": "", "2015-12-31": "", "2015-09-30": "", "2015-06-30": "", "2015-03-31": "", "2014-12-31": "", "2014-09-30": "", "2014-06-30": "", "2014-03-31": "", "2013-12-31": "", "2013-09-30": "", "2013-06-30": "", "2013-03-31": "", "2012-12-31": "", "2012-09-30": "", "2012-06-30": "", "2012-03-31": "", "2011-12-31": "", "2011-09-30": "", "2011-06-30": "", "2011-03-31": "", "2010-12-31": "", "2010-09-30": "", "2010-06-30": "", "2010-03-31": "", "2009-12-31": "", "2009-09-30": "", "2009-06-30": "", "2009-03-31": "", "2008-12-31": "", "2008-09-30": "", "2008-06-30": "", "2008-03-31": "", "2007-12-31": "", "2007-09-30": "", "2007-06-30": "", "2007-03-31": "", "2006-12-31": "", "2006-09-30": "", "2006-06-30": "", "2006-03-31": "", "2005-12-31": "", "2005-09-30": "", "2005-06-30": "", "2005-03-31": ""}, "Income From Continuous Operations": {"2020-12-31": "803.00000", "2020-09-30": "730.00000", "2020-06-30": "483.00000", "2020-03-31": "606.00000", "2019-12-31": "534.00000", "2019-09-30": "731.00000", "2019-06-30": "542.00000", "2019-03-31": "465.00000", "2018-12-31": "2837.00000", "2018-09-30": "480.00000", "2018-06-30": "499.00000", "2018-03-31": "472.00000", "2017-12-31": "49.00000", "2017-09-30": "435.00000", "2017-06-30": "420.00000", "2017-03-31": "404.00000", "2016-12-31": "419.00000", "2016-09-30": "344.00000", "2016-06-30": "409.00000", "2016-03-31": "366.00000", "2015-12-31": "431.00000", "2015-09-30": "413.00000", "2015-06-30": "319.00000", "2015-03-31": "428.00000", "2014-12-31": "313.00000", "2014-09-30": "490.00000", "2014-06-30": "481.00000", "2014-03-31": "462.00000", "2013-12-31": "507.00000", "2013-09-30": "462.00000", "2013-06-30": "461.00000", "2013-03-31": "406.00000", "2012-12-31": "428.00000", "2012-09-30": "440.00000", "2012-06-30": "444.00000", "2012-03-31": "432.00000", "2011-12-31": "431.00000", "2011-09-30": "443.00000", "2011-06-30": "439.00000", "2011-03-31": "409.00000", "2010-12-31": "142.00000", "2010-09-30": "388.00000", "2010-06-30": "381.00000", "2010-03-31": "323.00000", "2009-12-31": "352.00000", "2009-09-30": "336.00000", "2009-06-30": "311.00000", "2009-03-31": "298.00000", "2008-12-31": "206.00000", "2008-09-30": "366.00000", "2008-06-30": "362.00000", "2008-03-31": "322.00000", "2007-12-31": "359.00000", "2007-09-30": "305.00000", "2007-06-30": "291.00000", "2007-03-31": "265.00000", "2006-12-31": "269.00000", "2006-09-30": "247.00000", "2006-06-30": "247.00000", "2006-03-31": "225.00000", "2005-12-31": "220.00000", "2005-09-30": "108.00000", "2005-06-30": "209.00000", "2005-03-31": "195.00000"}, "Income From Discontinued Operations": {"2020-12-31": "1.00000", "2020-09-30": "1.00000", "2020-06-30": "0.00000", "2020-03-31": "2.00000", "2019-12-31": "4.00000", "2019-09-30": "7.00000", "2019-06-30": "9.00000", "2019-03-31": "89.00000", "2018-12-31": "", "2018-09-30": "", "2018-06-30": "0.00000", "2018-03-31": "0.00000", "2017-12-31": "", "2017-09-30": "", "2017-06-30": "", "2017-03-31": "", "2016-12-31": "", "2016-09-30": "", "2016-06-30": "", "2016-03-31": "", "2015-12-31": "", "2015-09-30": "", "2015-06-30": "", "2015-03-31": "", "2014-12-31": "", "2014-09-30": "", "2014-06-30": "", "2014-03-31": "", "2013-12-31": "", "2013-09-30": "", "2013-06-30": "", "2013-03-31": "", "2012-12-31": "", "2012-09-30": "", "2012-06-30": "", "2012-03-31": "", "2011-12-31": "", "2011-09-30": "", "2011-06-30": "", "2011-03-31": "", "2010-12-31": "", "2010-09-30": "", "2010-06-30": "", "2010-03-31": "", "2009-12-31": "", "2009-09-30": "", "2009-06-30": "", "2009-03-31": "", "2008-12-31": "", "2008-09-30": "", "2008-06-30": "", "2008-03-31": "", "2007-12-31": "", "2007-09-30": "", "2007-06-30": "", "2007-03-31": "", "2006-12-31": "", "2006-09-30": "", "2006-06-30": "", "2006-03-31": "", "2005-12-31": "", "2005-09-30": "", "2005-06-30": "", "2005-03-31": ""}, "Net Income": {"2020-12-31": "770.00000", "2020-09-30": "700.00000", "2020-06-30": "458.00000", "2020-03-31": "573.00000", "2019-12-31": "511.00000", "2019-09-30": "735.00000", "2019-06-30": "522.00000", "2019-03-31": "517.00000", "2018-12-31": "2978.00000", "2018-09-30": "461.00000", "2018-06-30": "480.00000", "2018-03-31": "462.00000", "2017-12-31": "33.00000", "2017-09-30": "419.00000", "2017-06-30": "406.00000", "2017-03-31": "389.00000", "2016-12-31": "406.00000", "2016-09-30": "339.00000", "2016-06-30": "399.00000", "2016-03-31": "356.00000", "2015-12-31": "422.00000", "2015-09-30": "401.00000", "2015-06-30": "308.00000", "2015-03-31": "416.00000", "2014-12-31": "302.00000", "2014-09-30": "477.00000", "2014-06-30": "467.00000", "2014-03-31": "448.00000", "2013-12-31": "474.00000", "2013-09-30": "445.00000", "2013-06-30": "445.00000", "2013-03-31": "391.00000", "2012-12-31": "414.00000", "2012-09-30": "430.00000", "2012-06-30": "429.00000", "2012-03-31": "419.00000", "2011-12-31": "420.00000", "2011-09-30": "429.00000", "2011-06-30": "425.00000", "2011-03-31": "398.00000", "2010-12-31": "133.00000", "2010-09-30": "377.00000", "2010-06-30": "371.00000", "2010-03-31": "314.00000", "2009-12-31": "340.00000", "2009-09-30": "325.00000", "2009-06-30": "299.00000", "2009-03-31": "290.00000", "2008-12-31": "200.00000", "2008-09-30": "355.00000", "2008-06-30": "349.00000", "2008-03-31": "307.00000", "2007-12-31": "316.00000", "2007-09-30": "305.00000", "2007-06-30": "291.00000", "2007-03-31": "265.00000", "2006-12-31": "269.00000", "2006-09-30": "247.00000", "2006-06-30": "247.00000", "2006-03-31": "225.00000", "2005-12-31": "214.00000", "2005-09-30": "108.00000", "2005-06-30": "209.00000", "2005-03-31": "195.00000"}, "EBITDA": {"2020-12-31": "", "2020-09-30": "2137.00000", "2020-06-30": "1715.00000", "2020-03-31": "1875.00000", "2019-12-31": "1817.00000", "2019-09-30": "2097.00000", "2019-06-30": "1864.00000", "2019-03-31": "1842.00000", "2018-12-31": "4506.00000", "2018-09-30": "975.00000", "2018-06-30": "1000.00000", "2018-03-31": "964.00000", "2017-12-31": "946.00000", "2017-09-30": "930.00000", "2017-06-30": "898.00000", "2017-03-31": "854.00000", "2016-12-31": "893.00000", "2016-09-30": "781.00000", "2016-06-30": "869.00000", "2016-03-31": "826.00000", "2015-12-31": "899.00000", "2015-09-30": "870.00000", "2015-06-30": "758.00000", "2015-03-31": "900.00000", "2014-12-31": "816.00000", "2014-09-30": "1012.00000", "2014-06-30": "990.00000", "2014-03-31": "960.00000", "2013-12-31": "977.00000", "2013-09-30": "951.00000", "2013-06-30": "940.00000", "2013-03-31": "866.00000", "2012-12-31": "870.00000", "2012-09-30": "806.00000", "2012-06-30": "883.00000", "2012-03-31": "879.00000", "2011-12-31": "867.00000", "2011-09-30": "888.00000", "2011-06-30": "881.00000", "2011-03-31": "835.00000", "2010-12-31": "745.00000", "2010-09-30": "778.00000", "2010-06-30": "777.00000", "2010-03-31": "707.00000", "2009-12-31": "735.00000", "2009-09-30": "391.00000", "2009-06-30": "654.00000", "2009-03-31": "641.00000", "2008-12-31": "520.00000", "2008-09-30": "762.00000", "2008-06-30": "759.00000", "2008-03-31": "692.00000", "2007-12-31": "691.00000", "2007-09-30": "656.00000", "2007-06-30": "628.00000", "2007-03-31": "585.00000", "2006-12-31": "571.00000", "2006-09-30": "565.00000", "2006-06-30": "556.00000", "2006-03-31": "523.00000", "2005-12-31": "520.00000", "2005-09-30": "482.00000", "2005-06-30": "485.00000", "2005-03-31": "471.00000"}, "EBIT": {"2020-12-31": "1029.00000", "2020-09-30": "969.00000", "2020-06-30": "591.00000", "2020-03-31": "733.00000", "2019-12-31": "655.00000", "2019-09-30": "1000.00000", "2019-06-30": "669.00000", "2019-03-31": "609.00000", "2018-12-31": "3236.00000", "2018-09-30": "669.00000", "2018-06-30": "689.00000", "2018-03-31": "653.00000", "2017-12-31": "639.00000", "2017-09-30": "632.00000", "2017-06-30": "606.00000", "2017-03-31": "567.00000", "2016-12-31": "608.00000", "2016-09-30": "497.00000", "2016-06-30": "588.00000", "2016-03-31": "554.00000", "2015-12-31": "624.00000", "2015-09-30": "594.00000", "2015-06-30": "480.00000", "2015-03-31": "623.00000", "2014-12-31": "525.00000", "2014-09-30": "711.00000", "2014-06-30": "697.00000", "2014-03-31": "675.00000", "2013-12-31": "690.00000", "2013-09-30": "670.00000", "2013-06-30": "665.00000", "2013-03-31": "600.00000", "2012-12-31": "616.00000", "2012-09-30": "558.00000", "2012-06-30": "636.00000", "2012-03-31": "627.00000", "2011-12-31": "618.00000", "2011-09-30": "632.00000", "2011-06-30": "627.00000", "2011-03-31": "591.00000", "2010-12-31": "505.00000", "2010-09-30": "551.00000", "2010-06-30": "547.00000", "2010-03-31": "479.00000", "2009-12-31": "512.00000", "2009-09-30": "174.00000", "2009-06-30": "447.00000", "2009-03-31": "442.00000", "2008-12-31": "314.00000", "2008-09-30": "544.00000", "2008-06-30": "543.00000", "2008-03-31": "482.00000", "2007-12-31": "484.00000", "2007-09-30": "460.00000", "2007-06-30": "439.00000", "2007-03-31": "403.00000", "2006-12-31": "393.00000", "2006-09-30": "392.00000", "2006-06-30": "382.00000", "2006-03-31": "352.00000", "2005-12-31": "345.00000", "2005-09-30": "317.00000", "2005-06-30": "322.00000", "2005-03-31": "309.00000"}, "Basic Shares Outstanding": {"2020-12-31": "524.44200", "2020-09-30": "525.69400", "2020-06-30": "525.51000", "2020-03-31": "531.21500", "2019-12-31": "541.09400", "2019-09-30": "539.75300", "2019-06-30": "542.56100", "2019-03-31": "545.55400", "2018-12-31": "330.40100", "2018-09-30": "288.09300", "2018-06-30": "287.80300", "2018-03-31": "287.50400", "2017-12-31": "286.26100", "2017-09-30": "286.46700", "2017-06-30": "286.09000", "2017-03-31": "285.50900", "2016-12-31": "285.67700", "2016-09-30": "285.85800", "2016-06-30": "285.70200", "2016-03-31": "285.42900", "2015-12-31": "287.00500", "2015-09-30": "285.65100", "2015-06-30": "287.93900", "2015-03-31": "289.14300", "2014-12-31": "292.49400", "2014-09-30": "292.17000", "2014-06-30": "292.94500", "2014-03-31": "294.19500", "2013-12-31": "295.52300", "2013-09-30": "295.12400", "2013-06-30": "295.66800", "2013-03-31": "296.60400", "2012-12-31": "298.31600", "2012-09-30": "298.41600", "2012-06-30": "298.88500", "2012-03-31": "299.07700", "2011-12-31": "302.23700", "2011-09-30": "301.59400", "2011-06-30": "303.70900", "2011-03-31": "304.07100", "2010-12-31": "306.72000", "2010-09-30": "307.12700", "2010-06-30": "306.82600", "2010-03-31": "306.79300", "2009-12-31": "307.67600", "2009-09-30": "307.36000", "2009-06-30": "307.95700", "2009-03-31": "307.81800", "2008-12-31": "312.65800", "2008-09-30": "313.74900", "2008-06-30": "315.31200", "2008-03-31": "313.93600", "2007-12-31": "318.99700", "2007-09-30": "318.51300", "2007-06-30": "320.21300", "2007-03-31": "320.76300", "2006-12-31": "323.49500", "2006-09-30": "323.58200", "2006-06-30": "323.51900", "2006-03-31": "323.80400", "2005-12-31": "323.76500", "2005-09-30": "324.13700", "2005-06-30": "323.89800", "2005-03-31": "323.81800"}, "Shares Outstanding": {"2020-12-31": "529.03800", "2020-09-30": "530.41500", "2020-06-30": "529.05400", "2020-03-31": "534.95600", "2019-12-31": "545.17000", "2019-09-30": "543.61600", "2019-06-30": "546.48800", "2019-03-31": "549.14700", "2018-12-31": "334.12700", "2018-09-30": "291.51300", "2018-06-30": "290.90800", "2018-03-31": "290.80900", "2017-12-31": "289.11400", "2017-09-30": "289.21600", "2017-06-30": "288.53500", "2017-03-31": "287.38400", "2016-12-31": "287.75700", "2016-09-30": "288.19500", "2016-06-30": "287.72700", "2016-03-31": "286.66500", "2015-12-31": "289.05500", "2015-09-30": "287.31100", "2015-06-30": "290.10200", "2015-03-31": "291.65200", "2014-12-31": "295.60800", "2014-09-30": "295.23900", "2014-06-30": "295.97600", "2014-03-31": "297.25300", "2013-12-31": "298.96500", "2013-09-30": "298.35700", "2013-06-30": "298.65400", "2013-03-31": "299.70000", "2012-12-31": "301.84500", "2012-09-30": "301.73100", "2012-06-30": "302.49200", "2012-03-31": "302.87600", "2011-12-31": "306.72200", "2011-09-30": "305.62300", "2011-06-30": "308.25300", "2011-03-31": "308.59500", "2010-12-31": "311.39500", "2010-09-30": "311.60800", "2010-06-30": "311.10900", "2010-03-31": "311.15900", "2009-12-31": "312.38200", "2009-09-30": "312.18200", "2009-06-30": "312.42900", "2009-03-31": "311.31100", "2008-12-31": "318.30200", "2008-09-30": "319.50500", "2008-06-30": "322.08800", "2008-03-31": "320.40900", "2007-12-31": "324.84200", "2007-09-30": "324.92000", "2007-06-30": "326.30100", "2007-03-31": "326.78700", "2006-12-31": "329.29300", "2006-09-30": "329.49800", "2006-06-30": "329.88000", "2006-03-31": "330.04300", "2005-12-31": "329.68500", "2005-09-30": "329.99300", "2005-06-30": "329.81800", "2005-03-31": "329.66900"}, "Basic EPS": {"2020-12-31": "1.47000", "2020-09-30": "1.33000", "2020-06-30": "0.87000", "2020-03-31": "1.07000", "2019-12-31": "0.94000", "2019-09-30": "1.36000", "2019-06-30": "0.97000", "2019-03-31": "0.95000", "2018-12-31": "8.38000", "2018-09-30": "1.60000", "2018-06-30": "1.67000", "2018-03-31": "1.61000", "2017-12-31": "0.12000", "2017-09-30": "1.46000", "2017-06-30": "1.42000", "2017-03-31": "1.36000", "2016-12-31": "1.41000", "2016-09-30": "1.19000", "2016-06-30": "1.40000", "2016-03-31": "1.25000", "2015-12-31": "1.48000", "2015-09-30": "1.40000", "2015-06-30": "1.07000", "2015-03-31": "1.44000", "2014-12-31": "1.05000", "2014-09-30": "1.63000", "2014-06-30": "1.59000", "2014-03-31": "1.52000", "2013-12-31": "1.61000", "2013-09-30": "1.51000", "2013-06-30": "1.50000", "2013-03-31": "1.32000", "2012-12-31": "1.40000", "2012-09-30": "1.44000", "2012-06-30": "1.43000", "2012-03-31": "1.40000", "2011-12-31": "1.40000", "2011-09-30": "1.42000", "2011-06-30": "1.40000", "2011-03-31": "1.31000", "2010-12-31": "0.45000", "2010-09-30": "1.22000", "2010-06-30": "1.21000", "2010-03-31": "1.02000", "2009-12-31": "1.11000", "2009-09-30": "1.06000", "2009-06-30": "0.97000", "2009-03-31": "0.94000", "2008-12-31": "0.65000", "2008-09-30": "1.13000", "2008-06-30": "1.11000", "2008-03-31": "0.98000", "2007-12-31": "0.99000", "2007-09-30": "0.96000", "2007-06-30": "0.91000", "2007-03-31": "0.83000", "2006-12-31": "0.84000", "2006-09-30": "0.76000", "2006-06-30": "0.76000", "2006-03-31": "0.69000", "2005-12-31": "0.66000", "2005-09-30": "0.33000", "2005-06-30": "0.65000", "2005-03-31": "0.60000"}, "EPS - Earnings Per Share": {"2020-12-31": "1.45000", "2020-09-30": "1.32000", "2020-06-30": "0.87000", "2020-03-31": "1.07000", "2019-12-31": "0.94000", "2019-09-30": "1.35000", "2019-06-30": "0.96000", "2019-03-31": "0.94000", "2018-12-31": "8.29000", "2018-09-30": "1.58000", "2018-06-30": "1.65000", "2018-03-31": "1.59000", "2017-12-31": "0.11000", "2017-09-30": "1.45000", "2017-06-30": "1.41000", "2017-03-31": "1.35000", "2016-12-31": "1.40000", "2016-09-30": "1.18000", "2016-06-30": "1.39000", "2016-03-31": "1.24000", "2015-12-31": "1.46000", "2015-09-30": "1.40000", "2015-06-30": "1.06000", "2015-03-31": "1.43000", "2014-12-31": "1.02000", "2014-09-30": "1.62000", "2014-06-30": "1.58000", "2014-03-31": "1.51000", "2013-12-31": "1.59000", "2013-09-30": "1.49000", "2013-06-30": "1.49000", "2013-03-31": "1.30000", "2012-12-31": "1.38000", "2012-09-30": "1.43000", "2012-06-30": "1.42000", "2012-03-31": "1.38000", "2011-12-31": "1.38000", "2011-09-30": "1.40000", "2011-06-30": "1.38000", "2011-03-31": "1.29000", "2010-12-31": "0.43000", "2010-09-30": "1.21000", "2010-06-30": "1.19000", "2010-03-31": "1.01000", "2009-12-31": "1.08000", "2009-09-30": "1.04000", "2009-06-30": "0.96000", "2009-03-31": "0.93000", "2008-12-31": "0.65000", "2008-09-30": "1.11000", "2008-06-30": "1.08000", "2008-03-31": "0.96000", "2007-12-31": "0.98000", "2007-09-30": "0.94000", "2007-06-30": "0.89000", "2007-03-31": "0.81000", "2006-12-31": "0.82000", "2006-09-30": "0.75000", "2006-06-30": "0.75000", "2006-03-31": "0.68000", "2005-12-31": "0.65000", "2005-09-30": "0.33000", "2005-06-30": "0.63000", "2005-03-31": "0.59000"}}, "balance sheet": {"Cash On Hand": {"2020-12-31": "3754.00000", "2019-12-31": "2700.00000", "2018-12-31": "4466.00000", "2017-12-31": "617.00000", "2016-12-31": "524.00000", "2015-12-31": "147.00000", "2014-12-31": "126.00000", "2013-12-31": "138.00000", "2012-12-31": "157.00000", "2011-12-31": "90.00000", "2010-12-31": "39.00000", "2009-12-31": "45.00000", "2008-12-31": "32.00000", "2007-12-31": "17.00000", "2006-12-31": "36.00000", "2005-12-31": "173.00000"}, "Receivables": {"2020-12-31": "4167.00000", "2019-12-31": "4322.00000", "2018-12-31": "4297.00000", "2017-12-31": "1710.00000", "2016-12-31": "1641.00000", "2015-12-31": "1601.00000", "2014-12-31": "1796.00000", "2013-12-31": "1892.00000", "2012-12-31": "1834.00000", "2011-12-31": "1795.00000", "2010-12-31": "1664.00000", "2009-12-31": "1579.00000", "2008-12-31": "1604.00000", "2007-12-31": "1723.00000", "2006-12-31": "1456.00000", "2005-12-31": "1386.00000"}, "Inventory": {"2020-12-31": "1729.00000", "2019-12-31": "1697.00000", "2018-12-31": "1651.00000", "2017-12-31": "614.00000", "2016-12-31": "550.00000", "2015-12-31": "531.00000", "2014-12-31": "551.00000", "2013-12-31": "506.00000", "2012-12-31": "476.00000", "2011-12-31": "456.00000", "2010-12-31": "399.00000", "2009-12-31": "377.00000", "2008-12-31": "445.00000", "2007-12-31": "474.00000", "2006-12-31": "381.00000", "2005-12-31": "373.00000"}, "Pre-Paid Expenses": {"2020-12-31": "1112.00000", "2019-12-31": "1140.00000", "2018-12-31": "1077.00000", "2017-12-31": "344.00000", "2016-12-31": "165.00000", "2015-12-31": "347.00000", "2014-12-31": "366.00000", "2013-12-31": "380.00000", "2012-12-31": "325.00000", "2011-12-31": "266.00000", "2010-12-31": "276.00000", "2009-12-31": "222.00000", "2008-12-31": "220.00000", "2007-12-31": "194.00000", "2006-12-31": "186.00000", "2005-12-31": "201.00000"}, "Other Current Assets": {"2020-12-31": "162.00000", "2019-12-31": "493.00000", "2018-12-31": "5781.00000", "2017-12-31": "", "2016-12-31": "", "2015-12-31": "", "2014-12-31": "", "2013-12-31": "", "2012-12-31": "", "2011-12-31": "", "2010-12-31": "", "2009-12-31": "", "2008-12-31": "", "2007-12-31": "", "2006-12-31": "", "2005-12-31": ""}, "Total Current Assets": {"2020-12-31": "10924.00000", "2019-12-31": "10352.00000", "2018-12-31": "17272.00000", "2017-12-31": "3285.00000", "2016-12-31": "2880.00000", "2015-12-31": "2626.00000", "2014-12-31": "2839.00000", "2013-12-31": "2916.00000", "2012-12-31": "2792.00000", "2011-12-31": "2607.00000", "2010-12-31": "2378.00000", "2009-12-31": "2223.00000", "2008-12-31": "2301.00000", "2007-12-31": "2408.00000", "2006-12-31": "2059.00000", "2005-12-31": "2133.00000"}, "Property, Plant, And Equipment": {"2020-12-31": "28711.00000", "2019-12-31": "29064.00000", "2018-12-31": "29717.00000", "2017-12-31": "11825.00000", "2016-12-31": "11477.00000", "2015-12-31": "10998.00000", "2014-12-31": "11997.00000", "2013-12-31": "12278.00000", "2012-12-31": "11453.00000", "2011-12-31": "10131.00000", "2010-12-31": "9532.00000", "2009-12-31": "8990.00000", "2008-12-31": "7922.00000", "2007-12-31": "7963.00000", "2006-12-31": "6694.00000", "2005-12-31": "6108.00000"}, "Long-Term Investments": {"2020-12-31": "", "2019-12-31": "2027.00000", "2018-12-31": "1838.00000", "2017-12-31": "727.00000", "2016-12-31": "717.00000", "2015-12-31": "665.00000", "2014-12-31": "693.00000", "2013-12-31": "702.00000", "2012-12-31": "654.00000", "2011-12-31": "523.00000", "2010-12-31": "564.00000", "2009-12-31": "435.00000", "2008-12-31": "416.00000", "2007-12-31": "387.00000", "2006-12-31": "218.00000", "2005-12-31": "218.00000"}, "Goodwill And Intangible Assets": {"2020-12-31": "44385.00000", "2019-12-31": "43156.00000", "2018-12-31": "43097.00000", "2017-12-31": "4018.00000", "2016-12-31": "3700.00000", "2015-12-31": "3554.00000", "2014-12-31": "3724.00000", "2013-12-31": "3790.00000", "2012-12-31": "2680.00000", "2011-12-31": "2539.00000", "2010-12-31": "2198.00000", "2009-12-31": "2212.00000", "2008-12-31": "2030.00000", "2007-12-31": "2101.00000", "2006-12-31": "1684.00000", "2005-12-31": "1626.00000"}, "Other Long-Term Assets": {"2020-12-31": "4209.00000", "2019-12-31": "2013.00000", "2018-12-31": "1462.00000", "2017-12-31": "581.00000", "2016-12-31": "558.00000", "2015-12-31": "476.00000", "2014-12-31": "516.00000", "2013-12-31": "569.00000", "2012-12-31": "511.00000", "2011-12-31": "556.00000", "2010-12-31": "602.00000", "2009-12-31": "457.00000", "2008-12-31": "385.00000", "2007-12-31": "523.00000", "2006-12-31": "447.00000", "2005-12-31": "406.00000"}, "Total Long-Term Assets": {"2020-12-31": "77305.00000", "2019-12-31": "76260.00000", "2018-12-31": "76114.00000", "2017-12-31": "17151.00000", "2016-12-31": "16452.00000", "2015-12-31": "15693.00000", "2014-12-31": "16930.00000", "2013-12-31": "17339.00000", "2012-12-31": "15298.00000", "2011-12-31": "13749.00000", "2010-12-31": "12896.00000", "2009-12-31": "12094.00000", "2008-12-31": "10753.00000", "2007-12-31": "10974.00000", "2006-12-31": "9043.00000", "2005-12-31": "8358.00000"}, "Total Assets": {"2020-12-31": "88229.00000", "2019-12-31": "86612.00000", "2018-12-31": "93386.00000", "2017-12-31": "20436.00000", "2016-12-31": "19332.00000", "2015-12-31": "18319.00000", "2014-12-31": "19769.00000", "2013-12-31": "20255.00000", "2012-12-31": "18090.00000", "2011-12-31": "16356.00000", "2010-12-31": "15274.00000", "2009-12-31": "14317.00000", "2008-12-31": "13054.00000", "2007-12-31": "13382.00000", "2006-12-31": "11102.00000", "2005-12-31": "10491.00000"}, "Total Current Liabilities": {"2020-12-31": "13740.00000", "2019-12-31": "12160.00000", "2018-12-31": "12956.00000", "2017-12-31": "3307.00000", "2016-12-31": "2478.00000", "2015-12-31": "1893.00000", "2014-12-31": "2490.00000", "2013-12-31": "2664.00000", "2012-12-31": "2479.00000", "2011-12-31": "2535.00000", "2010-12-31": "2110.00000", "2009-12-31": "1813.00000", "2008-12-31": "2979.00000", "2007-12-31": "2650.00000", "2006-12-31": "1758.00000", "2005-12-31": "2001.00000"}, "Long Term Debt": {"2020-12-31": "12152.00000", "2019-12-31": "10693.00000", "2018-12-31": "12288.00000", "2017-12-31": "7783.00000", "2016-12-31": "8917.00000", "2015-12-31": "8975.00000", "2014-12-31": "8636.00000", "2013-12-31": "8026.00000", "2012-12-31": "6685.00000", "2011-12-31": "5838.00000", "2010-12-31": "5155.00000", "2009-12-31": "4757.00000", "2008-12-31": "3709.00000", "2007-12-31": "3364.00000", "2006-12-31": "2981.00000", "2005-12-31": "2926.00000"}, "Other Non-Current Liabilities": {"2020-12-31": "12755.00000", "2019-12-31": "4888.00000", "2018-12-31": "3435.00000", "2017-12-31": "1588.00000", "2016-12-31": "1213.00000", "2015-12-31": "1155.00000", "2014-12-31": "1176.00000", "2013-12-31": "859.00000", "2012-12-31": "1276.00000", "2011-12-31": "1228.00000", "2010-12-31": "953.00000", "2009-12-31": "1377.00000", "2008-12-31": "1356.00000", "2007-12-31": "1048.00000", "2006-12-31": "931.00000", "2005-12-31": "833.00000"}, "Total Long Term Liabilities": {"2020-12-31": "24920.00000", "2019-12-31": "22930.00000", "2018-12-31": "23350.00000", "2017-12-31": "10618.00000", "2016-12-31": "11413.00000", "2015-12-31": "11633.00000", "2014-12-31": "11269.00000", "2013-12-31": "10588.00000", "2012-12-31": "9190.00000", "2011-12-31": "8024.00000", "2010-12-31": "7019.00000", "2009-12-31": "6856.00000", "2008-12-31": "5764.00000", "2007-12-31": "5590.00000", "2006-12-31": "4790.00000", "2005-12-31": "4588.00000"}, "Total Liabilities": {"2020-12-31": "38660.00000", "2019-12-31": "35090.00000", "2018-12-31": "36306.00000", "2017-12-31": "13925.00000", "2016-12-31": "13891.00000", "2015-12-31": "13526.00000", "2014-12-31": "13759.00000", "2013-12-31": "13252.00000", "2012-12-31": "11669.00000", "2011-12-31": "10559.00000", "2010-12-31": "9129.00000", "2009-12-31": "8669.00000", "2008-12-31": "8743.00000", "2007-12-31": "8240.00000", "2006-12-31": "6548.00000", "2005-12-31": "6589.00000"}, "Common Stock Net": {"2020-12-31": "1.00000", "2019-12-31": "1.00000", "2018-12-31": "1.00000", "2017-12-31": "4.00000", "2016-12-31": "4.00000", "2015-12-31": "4.00000", "2014-12-31": "4.00000", "2013-12-31": "4.00000", "2012-12-31": "4.00000", "2011-12-31": "4.00000", "2010-12-31": "4.00000", "2009-12-31": "4.00000", "2008-12-31": "4.00000", "2007-12-31": "4.00000", "2006-12-31": "4.00000", "2005-12-31": "4.00000"}, "Retained Earnings (Accumulated Deficit)": {"2020-12-31": "17178.00000", "2019-12-31": "16842.00000", "2018-12-31": "16529.00000", "2017-12-31": "13224.00000", "2016-12-31": "12879.00000", "2015-12-31": "12229.00000", "2014-12-31": "11461.00000", "2013-12-31": "10528.00000", "2012-12-31": "9534.00000", "2011-12-31": "8510.00000", "2010-12-31": "7475.00000", "2009-12-31": "6831.00000", "2008-12-31": "6068.00000", "2007-12-31": "5325.00000", "2006-12-31": "4687.00000", "2005-12-31": "4022.00000"}, "Comprehensive Income": {"2020-12-31": "-4690.00000", "2019-12-31": "-4814.00000", "2018-12-31": "-4456.00000", "2017-12-31": "-4098.00000", "2016-12-31": "-4600.00000", "2015-12-31": "-4596.00000", "2014-12-31": "-3185.00000", "2013-12-31": "-1981.00000", "2012-12-31": "-1852.00000", "2011-12-31": "-1746.00000", "2010-12-31": "-1018.00000", "2009-12-31": "-1155.00000", "2008-12-31": "-1768.00000", "2007-12-31": "-672.00000", "2006-12-31": "-1127.00000", "2005-12-31": "-1257.00000"}, "Other Share Holders Equity": {"2020-12-31": "", "2019-12-31": "", "2018-12-31": "", "2017-12-31": "", "2016-12-31": "", "2015-12-31": "", "2014-12-31": "", "2013-12-31": "", "2012-12-31": "", "2011-12-31": "", "2010-12-31": "", "2009-12-31": "", "2008-12-31": "", "2007-12-31": "", "2006-12-31": "", "2005-12-31": ""}, "Share Holder Equity": {"2020-12-31": "49569.00000", "2019-12-31": "51522.00000", "2018-12-31": "57080.00000", "2017-12-31": "6511.00000", "2016-12-31": "5441.00000", "2015-12-31": "4793.00000", "2014-12-31": "6010.00000", "2013-12-31": "7003.00000", "2012-12-31": "6421.00000", "2011-12-31": "5797.00000", "2010-12-31": "6145.00000", "2009-12-31": "5648.00000", "2008-12-31": "4311.00000", "2007-12-31": "5142.00000", "2006-12-31": "4554.00000", "2005-12-31": "3902.00000"}, "Total Liabilities And Share Holders Equity": {"2020-12-31": "88229.00000", "2019-12-31": "86612.00000", "2018-12-31": "93386.00000", "2017-12-31": "20436.00000", "2016-12-31": "19332.00000", "2015-12-31": "18319.00000", "2014-12-31": "19769.00000", "2013-12-31": "20255.00000", "2012-12-31": "18090.00000", "2011-12-31": "16356.00000", "2010-12-31": "15274.00000", "2009-12-31": "14317.00000", "2008-12-31": "13054.00000", "2007-12-31": "13382.00000", "2006-12-31": "11102.00000", "2005-12-31": "10491.00000"}}, "balance sheet, quarterly": {"Cash On Hand": {"2020-12-31": "3754.00000", "2020-09-30": "5199.00000", "2020-06-30": "4941.00000", "2020-03-31": "4014.00000", "2019-12-31": "2700.00000", "2019-09-30": "2120.00000", "2019-06-30": "2686.00000", "2019-03-31": "5791.00000", "2018-12-31": "4466.00000", "2018-09-30": "600.00000", "2018-06-30": "479.00000", "2018-03-31": "545.00000", "2017-12-31": "617.00000", "2017-09-30": "607.00000", "2017-06-30": "535.00000", "2017-03-31": "519.00000", "2016-12-31": "524.00000", "2016-09-30": "627.00000", "2016-06-30": "567.00000", "2016-03-31": "221.00000", "2015-12-31": "147.00000", "2015-09-30": "136.00000", "2015-06-30": "136.00000", "2015-03-31": "117.00000", "2014-12-31": "126.00000", "2014-09-30": "168.00000", "2014-06-30": "173.00000", "2014-03-31": "144.00000", "2013-12-31": "138.00000", "2013-09-30": "134.00000", "2013-06-30": "102.00000", "2013-03-31": "113.00000", "2012-12-31": "157.00000", "2012-09-30": "108.00000", "2012-06-30": "104.00000", "2012-03-31": "107.00000", "2011-12-31": "90.00000", "2011-09-30": "125.00000", "2011-06-30": "80.00000", "2011-03-31": "86.00000", "2010-12-31": "39.00000", "2010-09-30": "71.00000", "2010-06-30": "48.00000", "2010-03-31": "376.00000", "2009-12-31": "45.00000", "2009-09-30": "65.00000", "2009-06-30": "33.00000", "2009-03-31": "54.00000", "2008-12-31": "32.00000", "2008-09-30": "24.00000", "2008-06-30": "27.00000", "2008-03-31": "21.00000", "2007-12-31": "17.00000", "2007-09-30": "26.00000", "2007-06-30": "22.00000", "2007-03-31": "26.00000", "2006-12-31": "36.00000", "2006-09-30": "22.00000", "2006-06-30": "21.00000", "2006-03-31": "32.00000", "2005-12-31": "173.00000", "2005-09-30": "19.00000", "2005-06-30": "28.00000", "2005-03-31": "26.00000"}, "Receivables": {"2020-12-31": "4167.00000", "2020-09-30": "4033.00000", "2020-06-30": "3994.00000", "2020-03-31": "4084.00000", "2019-12-31": "4322.00000", "2019-09-30": "4238.00000", "2019-06-30": "4483.00000", "2019-03-31": "4390.00000", "2018-12-31": "4297.00000", "2018-09-30": "1852.00000", "2018-06-30": "1877.00000", "2018-03-31": "1900.00000", "2017-12-31": "1710.00000", "2017-09-30": "1809.00000", "2017-06-30": "1791.00000", "2017-03-31": "1730.00000", "2016-12-31": "1641.00000", "2016-09-30": "1699.00000", "2016-06-30": "1741.00000", "2016-03-31": "1685.00000", "2015-12-31": "1601.00000", "2015-09-30": "1690.00000", "2015-06-30": "1760.00000", "2015-03-31": "1751.00000", "2014-12-31": "1796.00000", "2014-09-30": "1959.00000", "2014-06-30": "2075.00000", "2014-03-31": "2027.00000", "2013-12-31": "1892.00000", "2013-09-30": "1957.00000", "2013-06-30": "1961.00000", "2013-03-31": "1994.00000", "2012-12-31": "1834.00000", "2012-09-30": "1901.00000", "2012-06-30": "1843.00000", "2012-03-31": "1934.00000", "2011-12-31": "1795.00000", "2011-09-30": "1860.00000", "2011-06-30": "1925.00000", "2011-03-31": "1834.00000", "2010-12-31": "1664.00000", "2010-09-30": "1711.00000", "2010-06-30": "1617.00000", "2010-03-31": "1645.00000", "2009-12-31": "1579.00000", "2009-09-30": "1629.00000", "2009-06-30": "1555.00000", "2009-03-31": "1513.00000", "2008-12-31": "1604.00000", "2008-09-30": "1832.00000", "2008-06-30": "1982.00000", "2008-03-31": "1907.00000", "2007-12-31": "1723.00000", "2007-09-30": "1707.00000", "2007-06-30": "1641.00000", "2007-03-31": "1548.00000", "2006-12-31": "1456.00000", "2006-09-30": "1469.00000", "2006-06-30": "1453.00000", "2006-03-31": "1405.00000", "2005-12-31": "1386.00000", "2005-09-30": "1334.00000", "2005-06-30": "1285.00000", "2005-03-31": "1264.00000"}, "Inventory": {"2020-12-31": "1729.00000", "2020-09-30": "1733.00000", "2020-06-30": "1715.00000", "2020-03-31": "1689.00000", "2019-12-31": "1697.00000", "2019-09-30": "1653.00000", "2019-06-30": "1708.00000", "2019-03-31": "1667.00000", "2018-12-31": "1651.00000", "2018-09-30": "622.00000", "2018-06-30": "606.00000", "2018-03-31": "619.00000", "2017-12-31": "614.00000", "2017-09-30": "587.00000", "2017-06-30": "568.00000", "2017-03-31": "561.00000", "2016-12-31": "550.00000", "2016-09-30": "538.00000", "2016-06-30": "559.00000", "2016-03-31": "553.00000", "2015-12-31": "531.00000", "2015-09-30": "526.00000", "2015-06-30": "548.00000", "2015-03-31": "535.00000", "2014-12-31": "551.00000", "2014-09-30": "545.00000", "2014-06-30": "542.00000", "2014-03-31": "520.00000", "2013-12-31": "506.00000", "2013-09-30": "519.00000", "2013-06-30": "480.00000", "2013-03-31": "477.00000", "2012-12-31": "476.00000", "2012-09-30": "483.00000", "2012-06-30": "469.00000", "2012-03-31": "482.00000", "2011-12-31": "456.00000", "2011-09-30": "445.00000", "2011-06-30": "450.00000", "2011-03-31": "416.00000", "2010-12-31": "399.00000", "2010-09-30": "403.00000", "2010-06-30": "374.00000", "2010-03-31": "377.00000", "2009-12-31": "377.00000", "2009-09-30": "398.00000", "2009-06-30": "423.00000", "2009-03-31": "424.00000", "2008-12-31": "445.00000", "2008-09-30": "495.00000", "2008-06-30": "507.00000", "2008-03-31": "483.00000", "2007-12-31": "474.00000", "2007-09-30": "448.00000", "2007-06-30": "429.00000", "2007-03-31": "407.00000", "2006-12-31": "381.00000", "2006-09-30": "400.00000", "2006-06-30": "396.00000", "2006-03-31": "391.00000", "2005-12-31": "373.00000", "2005-09-30": "369.00000", "2005-06-30": "351.00000", "2005-03-31": "340.00000"}, "Pre-Paid Expenses": {"2020-12-31": "1112.00000", "2020-09-30": "1127.00000", "2020-06-30": "1194.00000", "2020-03-31": "1255.00000", "2019-12-31": "1140.00000", "2019-09-30": "1202.00000", "2019-06-30": "1116.00000", "2019-03-31": "1203.00000", "2018-12-31": "1077.00000", "2018-09-30": "231.00000", "2018-06-30": "202.00000", "2018-03-31": "265.00000", "2017-12-31": "344.00000", "2017-09-30": "240.00000", "2017-06-30": "225.00000", "2017-03-31": "204.00000", "2016-12-31": "165.00000", "2016-09-30": "398.00000", "2016-06-30": "396.00000", "2016-03-31": "411.00000", "2015-12-31": "347.00000", "2015-09-30": "374.00000", "2015-06-30": "376.00000", "2015-03-31": "323.00000", "2014-12-31": "366.00000", "2014-09-30": "386.00000", "2014-06-30": "369.00000", "2014-03-31": "358.00000", "2013-12-31": "380.00000", "2013-09-30": "367.00000", "2013-06-30": "470.00000", "2013-03-31": "345.00000", "2012-12-31": "325.00000", "2012-09-30": "361.00000", "2012-06-30": "236.00000", "2012-03-31": "239.00000", "2011-12-31": "266.00000", "2011-09-30": "274.00000", "2011-06-30": "303.00000", "2011-03-31": "262.00000", "2010-12-31": "276.00000", "2010-09-30": "268.00000", "2010-06-30": "236.00000", "2010-03-31": "224.00000", "2009-12-31": "222.00000", "2009-09-30": "207.00000", "2009-06-30": "181.00000", "2009-03-31": "193.00000", "2008-12-31": "220.00000", "2008-09-30": "237.00000", "2008-06-30": "230.00000", "2008-03-31": "221.00000", "2007-12-31": "194.00000", "2007-09-30": "227.00000", "2007-06-30": "222.00000", "2007-03-31": "220.00000", "2006-12-31": "186.00000", "2006-09-30": "213.00000", "2006-06-30": "216.00000", "2006-03-31": "225.00000", "2005-12-31": "201.00000", "2005-09-30": "161.00000", "2005-06-30": "168.00000", "2005-03-31": "143.00000"}, "Other Current Assets": {"2020-12-31": "162.00000", "2020-09-30": "173.00000", "2020-06-30": "229.00000", "2020-03-31": "471.00000", "2019-12-31": "493.00000", "2019-09-30": "599.00000", "2019-06-30": "688.00000", "2019-03-31": "2037.00000", "2018-12-31": "5781.00000", "2018-09-30": "", "2018-06-30": "", "2018-03-31": "", "2017-12-31": "", "2017-09-30": "", "2017-06-30": "", "2017-03-31": "", "2016-12-31": "", "2016-09-30": "", "2016-06-30": "", "2016-03-31": "", "2015-12-31": "", "2015-09-30": "", "2015-06-30": "", "2015-03-31": "", "2014-12-31": "", "2014-09-30": "", "2014-06-30": "", "2014-03-31": "", "2013-12-31": "", "2013-09-30": "", "2013-06-30": "", "2013-03-31": "", "2012-12-31": "", "2012-09-30": "", "2012-06-30": "", "2012-03-31": "", "2011-12-31": "", "2011-09-30": "", "2011-06-30": "", "2011-03-31": "", "2010-12-31": "", "2010-09-30": "", "2010-06-30": "", "2010-03-31": "", "2009-12-31": "", "2009-09-30": "", "2009-06-30": "", "2009-03-31": "", "2008-12-31": "", "2008-09-30": "", "2008-06-30": "", "2008-03-31": "", "2007-12-31": "", "2007-09-30": "", "2007-06-30": "", "2007-03-31": "", "2006-12-31": "", "2006-09-30": "", "2006-06-30": "", "2006-03-31": "", "2005-12-31": "", "2005-09-30": "", "2005-06-30": "", "2005-03-31": ""}, "Total Current Assets": {"2020-12-31": "10924.00000", "2020-09-30": "12265.00000", "2020-06-30": "12073.00000", "2020-03-31": "11513.00000", "2019-12-31": "10352.00000", "2019-09-30": "9812.00000", "2019-06-30": "10681.00000", "2019-03-31": "15088.00000", "2018-12-31": "17272.00000", "2018-09-30": "3305.00000", "2018-06-30": "3164.00000", "2018-03-31": "3329.00000", "2017-12-31": "3285.00000", "2017-09-30": "3243.00000", "2017-06-30": "3119.00000", "2017-03-31": "3014.00000", "2016-12-31": "2880.00000", "2016-09-30": "3262.00000", "2016-06-30": "3263.00000", "2016-03-31": "2870.00000", "2015-12-31": "2626.00000", "2015-09-30": "2726.00000", "2015-06-30": "2820.00000", "2015-03-31": "2726.00000", "2014-12-31": "2839.00000", "2014-09-30": "3058.00000", "2014-06-30": "3159.00000", "2014-03-31": "3049.00000", "2013-12-31": "2916.00000", "2013-09-30": "2977.00000", "2013-06-30": "3013.00000", "2013-03-31": "2929.00000", "2012-12-31": "2792.00000", "2012-09-30": "2853.00000", "2012-06-30": "2652.00000", "2012-03-31": "2762.00000", "2011-12-31": "2607.00000", "2011-09-30": "2704.00000", "2011-06-30": "2758.00000", "2011-03-31": "2598.00000", "2010-12-31": "2378.00000", "2010-09-30": "2453.00000", "2010-06-30": "2275.00000", "2010-03-31": "2622.00000", "2009-12-31": "2223.00000", "2009-09-30": "2299.00000", "2009-06-30": "2192.00000", "2009-03-31": "2184.00000", "2008-12-31": "2301.00000", "2008-09-30": "2588.00000", "2008-06-30": "2746.00000", "2008-03-31": "2632.00000", "2007-12-31": "2408.00000", "2007-09-30": "2408.00000", "2007-06-30": "2314.00000", "2007-03-31": "2201.00000", "2006-12-31": "2059.00000", "2006-09-30": "2104.00000", "2006-06-30": "2086.00000", "2006-03-31": "2053.00000", "2005-12-31": "2133.00000", "2005-09-30": "1883.00000", "2005-06-30": "1832.00000", "2005-03-31": "1773.00000"}, "Property, Plant, And Equipment": {"2020-12-31": "28711.00000", "2020-09-30": "27945.00000", "2020-06-30": "27693.00000", "2020-03-31": "27418.00000", "2019-12-31": "29064.00000", "2019-09-30": "28460.00000", "2019-06-30": "29540.00000", "2019-03-31": "29418.00000", "2018-12-31": "29717.00000", "2018-09-30": "11725.00000", "2018-06-30": "11701.00000", "2018-03-31": "12113.00000", "2017-12-31": "11825.00000", "2017-09-30": "11992.00000", "2017-06-30": "11806.00000", "2017-03-31": "11692.00000", "2016-12-31": "11477.00000", "2016-09-30": "11635.00000", "2016-06-30": "11578.00000", "2016-03-31": "11314.00000", "2015-12-31": "10998.00000", "2015-09-30": "10970.00000", "2015-06-30": "11363.00000", "2015-03-31": "11593.00000", "2014-12-31": "11997.00000", "2014-09-30": "12268.00000", "2014-06-30": "12552.00000", "2014-03-31": "12326.00000", "2013-12-31": "12278.00000", "2013-09-30": "12099.00000", "2013-06-30": "11867.00000", "2013-03-31": "11841.00000", "2012-12-31": "11453.00000", "2012-09-30": "11074.00000", "2012-06-30": "10466.00000", "2012-03-31": "10523.00000", "2011-12-31": "10131.00000", "2011-09-30": "9754.00000", "2011-06-30": "10079.00000", "2011-03-31": "9784.00000", "2010-12-31": "9532.00000", "2010-09-30": "9294.00000", "2010-06-30": "8932.00000", "2010-03-31": "8998.00000", "2009-12-31": "8990.00000", "2009-09-30": "8807.00000", "2009-06-30": "8435.00000", "2009-03-31": "7872.00000", "2008-12-31": "7922.00000", "2008-09-30": "8201.00000", "2008-06-30": "8459.00000", "2008-03-31": "8221.00000", "2007-12-31": "7963.00000", "2007-09-30": "7598.00000", "2007-06-30": "7265.00000", "2007-03-31": "6964.00000", "2006-12-31": "6694.00000", "2006-09-30": "6516.00000", "2006-06-30": "6417.00000", "2006-03-31": "6271.00000", "2005-12-31": "6108.00000", "2005-09-30": "6062.00000", "2005-06-30": "5933.00000", "2005-03-31": "5886.00000"}, "Long-Term Investments": {"2020-12-31": "", "2020-09-30": "", "2020-06-30": "", "2020-03-31": "", "2019-12-31": "", "2019-09-30": "", "2019-06-30": "", "2019-03-31": "", "2018-12-31": "1838.00000", "2018-09-30": "", "2018-06-30": "", "2018-03-31": "", "2017-12-31": "727.00000", "2017-09-30": "", "2017-06-30": "", "2017-03-31": "", "2016-12-31": "717.00000", "2016-09-30": "", "2016-06-30": "", "2016-03-31": "", "2015-12-31": "665.00000", "2015-09-30": "", "2015-06-30": "", "2015-03-31": "", "2014-12-31": "693.00000", "2014-09-30": "", "2014-06-30": "", "2014-03-31": "", "2013-12-31": "702.00000", "2013-09-30": "", "2013-06-30": "", "2013-03-31": "", "2012-12-31": "654.00000", "2012-09-30": "", "2012-06-30": "", "2012-03-31": "", "2011-12-31": "523.00000", "2011-09-30": "", "2011-06-30": "", "2011-03-31": "", "2010-12-31": "564.00000", "2010-09-30": "", "2010-06-30": "", "2010-03-31": "", "2009-12-31": "435.00000", "2009-09-30": "", "2009-06-30": "", "2009-03-31": "", "2008-12-31": "416.00000", "2008-09-30": "", "2008-06-30": "", "2008-03-31": "", "2007-12-31": "387.00000", "2007-09-30": "", "2007-06-30": "", "2007-03-31": "", "2006-12-31": "218.00000", "2006-09-30": "", "2006-06-30": "", "2006-03-31": "", "2005-12-31": "218.00000", "2005-09-30": "", "2005-06-30": "", "2005-03-31": ""}, "Goodwill And Intangible Assets": {"2020-12-31": "44385.00000", "2020-09-30": "42970.00000", "2020-06-30": "42084.00000", "2020-03-31": "41412.00000", "2019-12-31": "43156.00000", "2019-09-30": "42097.00000", "2019-06-30": "42751.00000", "2019-03-31": "42764.00000", "2018-12-31": "43097.00000", "2018-09-30": "3714.00000", "2018-06-30": "3725.00000", "2018-03-31": "3821.00000", "2017-12-31": "4018.00000", "2017-09-30": "3797.00000", "2017-06-30": "3750.00000", "2017-03-31": "3715.00000", "2016-12-31": "3700.00000", "2016-09-30": "3758.00000", "2016-06-30": "3761.00000", "2016-03-31": "3647.00000", "2015-12-31": "3554.00000", "2015-09-30": "3564.00000", "2015-06-30": "3647.00000", "2015-03-31": "3598.00000", "2014-12-31": "3724.00000", "2014-09-30": "3799.00000", "2014-06-30": "3889.00000", "2014-03-31": "3855.00000", "2013-12-31": "3790.00000", "2013-09-30": "3802.00000", "2013-06-30": "3735.00000", "2013-03-31": "3642.00000", "2012-12-31": "2680.00000", "2012-09-30": "2527.00000", "2012-06-30": "2505.00000", "2012-03-31": "2578.00000", "2011-12-31": "2539.00000", "2011-09-30": "2175.00000", "2011-06-30": "2257.00000", "2011-03-31": "2235.00000", "2010-12-31": "2198.00000", "2010-09-30": "2204.00000", "2010-06-30": "2149.00000", "2010-03-31": "2185.00000", "2009-12-31": "2212.00000", "2009-09-30": "2201.00000", "2009-06-30": "2072.00000", "2009-03-31": "1991.00000", "2008-12-31": "2030.00000", "2008-09-30": "2138.00000", "2008-06-30": "2216.00000", "2008-03-31": "2180.00000", "2007-12-31": "2101.00000", "2007-09-30": "1993.00000", "2007-06-30": "1943.00000", "2007-03-31": "1902.00000", "2006-12-31": "1684.00000", "2006-09-30": "1669.00000", "2006-06-30": "1664.00000", "2006-03-31": "1645.00000", "2005-12-31": "1626.00000", "2005-09-30": "1620.00000", "2005-06-30": "1606.00000", "2005-03-31": "1614.00000"}, "Other Long-Term Assets": {"2020-12-31": "4209.00000", "2020-09-30": "4029.00000", "2020-06-30": "4006.00000", "2020-03-31": "4026.00000", "2019-12-31": "4040.00000", "2019-09-30": "4025.00000", "2019-06-30": "4217.00000", "2019-03-31": "4371.00000", "2018-12-31": "1462.00000", "2018-09-30": "1235.00000", "2018-06-30": "1246.00000", "2018-03-31": "1329.00000", "2017-12-31": "581.00000", "2017-09-30": "1343.00000", "2017-06-30": "1290.00000", "2017-03-31": "1244.00000", "2016-12-31": "558.00000", "2016-09-30": "1231.00000", "2016-06-30": "1209.00000", "2016-03-31": "1194.00000", "2015-12-31": "476.00000", "2015-09-30": "1196.00000", "2015-06-30": "1237.00000", "2015-03-31": "1206.00000", "2014-12-31": "516.00000", "2014-09-30": "1259.00000", "2014-06-30": "1325.00000", "2014-03-31": "1308.00000", "2013-12-31": "569.00000", "2013-09-30": "1184.00000", "2013-06-30": "1156.00000", "2013-03-31": "1174.00000", "2012-12-31": "511.00000", "2012-09-30": "1185.00000", "2012-06-30": "1065.00000", "2012-03-31": "1124.00000", "2011-12-31": "556.00000", "2011-09-30": "1269.00000", "2011-06-30": "1316.00000", "2011-03-31": "1217.00000", "2010-12-31": "602.00000", "2010-09-30": "1106.00000", "2010-06-30": "936.00000", "2010-03-31": "922.00000", "2009-12-31": "457.00000", "2009-09-30": "864.00000", "2009-06-30": "887.00000", "2009-03-31": "810.00000", "2008-12-31": "385.00000", "2008-09-30": "951.00000", "2008-06-30": "1007.00000", "2008-03-31": "967.00000", "2007-12-31": "523.00000", "2007-09-30": "752.00000", "2007-06-30": "729.00000", "2007-03-31": "681.00000", "2006-12-31": "447.00000", "2006-09-30": "636.00000", "2006-06-30": "672.00000", "2006-03-31": "647.00000", "2005-12-31": "406.00000", "2005-09-30": "617.00000", "2005-06-30": "566.00000", "2005-03-31": "559.00000"}, "Total Long-Term Assets": {"2020-12-31": "77305.00000", "2020-09-30": "74944.00000", "2020-06-30": "73783.00000", "2020-03-31": "72856.00000", "2019-12-31": "76260.00000", "2019-09-30": "74582.00000", "2019-06-30": "76508.00000", "2019-03-31": "76553.00000", "2018-12-31": "76114.00000", "2018-09-30": "16674.00000", "2018-06-30": "16672.00000", "2018-03-31": "17263.00000", "2017-12-31": "17151.00000", "2017-09-30": "17132.00000", "2017-06-30": "16846.00000", "2017-03-31": "16651.00000", "2016-12-31": "16452.00000", "2016-09-30": "16624.00000", "2016-06-30": "16548.00000", "2016-03-31": "16155.00000", "2015-12-31": "15693.00000", "2015-09-30": "15730.00000", "2015-06-30": "16247.00000", "2015-03-31": "16397.00000", "2014-12-31": "16930.00000", "2014-09-30": "17326.00000", "2014-06-30": "17766.00000", "2014-03-31": "17489.00000", "2013-12-31": "17339.00000", "2013-09-30": "17085.00000", "2013-06-30": "16758.00000", "2013-03-31": "16657.00000", "2012-12-31": "15298.00000", "2012-09-30": "14786.00000", "2012-06-30": "14036.00000", "2012-03-31": "14225.00000", "2011-12-31": "13749.00000", "2011-09-30": "13198.00000", "2011-06-30": "13652.00000", "2011-03-31": "13236.00000", "2010-12-31": "12896.00000", "2010-09-30": "12604.00000", "2010-06-30": "12017.00000", "2010-03-31": "12105.00000", "2009-12-31": "12094.00000", "2009-09-30": "11872.00000", "2009-06-30": "11394.00000", "2009-03-31": "10673.00000", "2008-12-31": "10753.00000", "2008-09-30": "11290.00000", "2008-06-30": "11682.00000", "2008-03-31": "11368.00000", "2007-12-31": "10974.00000", "2007-09-30": "10343.00000", "2007-06-30": "9937.00000", "2007-03-31": "9547.00000", "2006-12-31": "9043.00000", "2006-09-30": "8821.00000", "2006-06-30": "8753.00000", "2006-03-31": "8563.00000", "2005-12-31": "8358.00000", "2005-09-30": "8299.00000", "2005-06-30": "8105.00000", "2005-03-31": "8059.00000"}, "Total Assets": {"2020-12-31": "88229.00000", "2020-09-30": "87209.00000", "2020-06-30": "85856.00000", "2020-03-31": "84369.00000", "2019-12-31": "86612.00000", "2019-09-30": "84394.00000", "2019-06-30": "87189.00000", "2019-03-31": "91641.00000", "2018-12-31": "93386.00000", "2018-09-30": "19979.00000", "2018-06-30": "19836.00000", "2018-03-31": "20592.00000", "2017-12-31": "20436.00000", "2017-09-30": "20375.00000", "2017-06-30": "19965.00000", "2017-03-31": "19665.00000", "2016-12-31": "19332.00000", "2016-09-30": "19886.00000", "2016-06-30": "19811.00000", "2016-03-31": "19025.00000", "2015-12-31": "18319.00000", "2015-09-30": "18456.00000", "2015-06-30": "19067.00000", "2015-03-31": "19123.00000", "2014-12-31": "19769.00000", "2014-09-30": "20384.00000", "2014-06-30": "20925.00000", "2014-03-31": "20538.00000", "2013-12-31": "20255.00000", "2013-09-30": "20062.00000", "2013-06-30": "19771.00000", "2013-03-31": "19586.00000", "2012-12-31": "18090.00000", "2012-09-30": "17639.00000", "2012-06-30": "16688.00000", "2012-03-31": "16987.00000", "2011-12-31": "16356.00000", "2011-09-30": "15902.00000", "2011-06-30": "16410.00000", "2011-03-31": "15834.00000", "2010-12-31": "15274.00000", "2010-09-30": "15057.00000", "2010-06-30": "14292.00000", "2010-03-31": "14727.00000", "2009-12-31": "14317.00000", "2009-09-30": "14171.00000", "2009-06-30": "13586.00000", "2009-03-31": "12857.00000", "2008-12-31": "13054.00000", "2008-09-30": "13878.00000", "2008-06-30": "14428.00000", "2008-03-31": "14000.00000", "2007-12-31": "13382.00000", "2007-09-30": "12751.00000", "2007-06-30": "12251.00000", "2007-03-31": "11748.00000", "2006-12-31": "11102.00000", "2006-09-30": "10925.00000", "2006-06-30": "10839.00000", "2006-03-31": "10616.00000", "2005-12-31": "10491.00000", "2005-09-30": "10182.00000", "2005-06-30": "9937.00000", "2005-03-31": "9832.00000"}, "Total Current Liabilities": {"2020-12-31": "13740.00000", "2020-09-30": "14792.00000", "2020-06-30": "15095.00000", "2020-03-31": "15490.00000", "2019-12-31": "12160.00000", "2019-09-30": "10883.00000", "2019-06-30": "10521.00000", "2019-03-31": "11140.00000", "2018-12-31": "12956.00000", "2018-09-30": "3860.00000", "2018-06-30": "3279.00000", "2018-03-31": "3534.00000", "2017-12-31": "3307.00000", "2017-09-30": "2922.00000", "2017-06-30": "3043.00000", "2017-03-31": "2249.00000", "2016-12-31": "2478.00000", "2016-09-30": "2434.00000", "2016-06-30": "2458.00000", "2016-03-31": "1799.00000", "2015-12-31": "1893.00000", "2015-09-30": "2122.00000", "2015-06-30": "2246.00000", "2015-03-31": "2335.00000", "2014-12-31": "2490.00000", "2014-09-30": "2960.00000", "2014-06-30": "2546.00000", "2014-03-31": "2434.00000", "2013-12-31": "2664.00000", "2013-09-30": "2929.00000", "2013-06-30": "2990.00000", "2013-03-31": "2686.00000", "2012-12-31": "2479.00000", "2012-09-30": "2548.00000", "2012-06-30": "2728.00000", "2012-03-31": "2154.00000", "2011-12-31": "2535.00000", "2011-09-30": "2169.00000", "2011-06-30": "1996.00000", "2011-03-31": "1921.00000", "2010-12-31": "2110.00000", "2010-09-30": "1864.00000", "2010-06-30": "1759.00000", "2010-03-31": "2189.00000", "2009-12-31": "1813.00000", "2009-09-30": "2035.00000", "2009-06-30": "2476.00000", "2009-03-31": "2665.00000", "2008-12-31": "2979.00000", "2008-09-30": "3093.00000", "2008-06-30": "2718.00000", "2008-03-31": "2875.00000", "2007-12-31": "2650.00000", "2007-09-30": "2525.00000", "2007-06-30": "1909.00000", "2007-03-31": "1856.00000", "2006-12-31": "1758.00000", "2006-09-30": "1893.00000", "2006-06-30": "2333.00000", "2006-03-31": "2074.00000", "2005-12-31": "2001.00000", "2005-09-30": "1841.00000", "2005-06-30": "1726.00000", "2005-03-31": "1827.00000"}, "Long Term Debt": {"2020-12-31": "12152.00000", "2020-09-30": "11959.00000", "2020-06-30": "11078.00000", "2020-03-31": "10021.00000", "2019-12-31": "10693.00000", "2019-09-30": "10567.00000", "2019-06-30": "12255.00000", "2019-03-31": "12190.00000", "2018-12-31": "12288.00000", "2018-09-30": "6615.00000", "2018-06-30": "7229.00000", "2018-03-31": "7336.00000", "2017-12-31": "7783.00000", "2017-09-30": "8243.00000", "2017-06-30": "8177.00000", "2017-03-31": "8947.00000", "2016-12-31": "8917.00000", "2016-09-30": "9225.00000", "2016-06-30": "9190.00000", "2016-03-31": "9222.00000", "2015-12-31": "8975.00000", "2015-09-30": "9057.00000", "2015-06-30": "8813.00000", "2015-03-31": "8771.00000", "2014-12-31": "8636.00000", "2014-09-30": "8089.00000", "2014-06-30": "8565.00000", "2014-03-31": "8564.00000", "2013-12-31": "8026.00000", "2013-09-30": "7883.00000", "2013-06-30": "7863.00000", "2013-03-31": "7772.00000", "2012-12-31": "6685.00000", "2012-09-30": "6389.00000", "2012-06-30": "5961.00000", "2012-03-31": "6420.00000", "2011-12-31": "5838.00000", "2011-09-30": "5809.00000", "2011-06-30": "5685.00000", "2011-03-31": "5481.00000", "2010-12-31": "5155.00000", "2010-09-30": "4815.00000", "2010-06-30": "4783.00000", "2010-03-31": "4732.00000", "2009-12-31": "4757.00000", "2009-09-30": "4727.00000", "2009-06-30": "4022.00000", "2009-03-31": "3770.00000", "2008-12-31": "3709.00000", "2008-09-30": "3642.00000", "2008-06-30": "3674.00000", "2008-03-31": "3582.00000", "2007-12-31": "3364.00000", "2007-09-30": "3342.00000", "2007-06-30": "3407.00000", "2007-03-31": "3399.00000", "2006-12-31": "2981.00000", "2006-09-30": "2824.00000", "2006-06-30": "2579.00000", "2006-03-31": "2777.00000", "2005-12-31": "2926.00000", "2005-09-30": "2815.00000", "2005-06-30": "2810.00000", "2005-03-31": "2841.00000"}, "Other Non-Current Liabilities": {"2020-12-31": "12755.00000", "2020-09-30": "11866.00000", "2020-06-30": "11746.00000", "2020-03-31": "11615.00000", "2019-12-31": "12124.00000", "2019-09-30": "11636.00000", "2019-06-30": "11519.00000", "2019-03-31": "11664.00000", "2018-12-31": "3435.00000", "2018-09-30": "2754.00000", "2018-06-30": "2786.00000", "2018-03-31": "2825.00000", "2017-12-31": "1588.00000", "2017-09-30": "2468.00000", "2017-06-30": "2475.00000", "2017-03-31": "2494.00000", "2016-12-31": "1213.00000", "2016-09-30": "2578.00000", "2016-06-30": "2604.00000", "2016-03-31": "2580.00000", "2015-12-31": "1155.00000", "2015-09-30": "2464.00000", "2015-06-30": "2489.00000", "2015-03-31": "2454.00000", "2014-12-31": "1176.00000", "2014-09-30": "2205.00000", "2014-06-30": "2314.00000", "2014-03-31": "2347.00000", "2013-12-31": "859.00000", "2013-09-30": "2385.00000", "2013-06-30": "2374.00000", "2013-03-31": "2347.00000", "2012-12-31": "1276.00000", "2012-09-30": "2113.00000", "2012-06-30": "1873.00000", "2012-03-31": "1914.00000", "2011-12-31": "1228.00000", "2011-09-30": "1803.00000", "2011-06-30": "1959.00000", "2011-03-31": "1895.00000", "2010-12-31": "953.00000", "2010-09-30": "2048.00000", "2010-06-30": "1983.00000", "2010-03-31": "2076.00000", "2009-12-31": "1377.00000", "2009-09-30": "2002.00000", "2009-06-30": "2142.00000", "2009-03-31": "2047.00000", "2008-12-31": "1356.00000", "2008-09-30": "1945.00000", "2008-06-30": "2048.00000", "2008-03-31": "1990.00000", "2007-12-31": "1048.00000", "2007-09-30": "1767.00000", "2007-06-30": "1851.00000", "2007-03-31": "1796.00000", "2006-12-31": "931.00000", "2006-09-30": "1505.00000", "2006-06-30": "1455.00000", "2006-03-31": "1433.00000", "2005-12-31": "833.00000", "2005-09-30": "1428.00000", "2005-06-30": "1355.00000", "2005-03-31": "1292.00000"}, "Total Long Term Liabilities": {"2020-12-31": "24920.00000", "2020-09-30": "23838.00000", "2020-06-30": "22837.00000", "2020-03-31": "21728.00000", "2019-12-31": "22930.00000", "2019-09-30": "22217.00000", "2019-06-30": "23789.00000", "2019-03-31": "23869.00000", "2018-12-31": "23350.00000", "2018-09-30": "9384.00000", "2018-06-30": "10029.00000", "2018-03-31": "10174.00000", "2017-12-31": "10618.00000", "2017-09-30": "10722.00000", "2017-06-30": "10662.00000", "2017-03-31": "11451.00000", "2016-12-31": "11413.00000", "2016-09-30": "11814.00000", "2016-06-30": "11806.00000", "2016-03-31": "11921.00000", "2015-12-31": "11633.00000", "2015-09-30": "11690.00000", "2015-06-30": "11477.00000", "2015-03-31": "11395.00000", "2014-12-31": "11269.00000", "2014-09-30": "10484.00000", "2014-06-30": "11073.00000", "2014-03-31": "11106.00000", "2013-12-31": "10588.00000", "2013-09-30": "10558.00000", "2013-06-30": "10496.00000", "2013-03-31": "10374.00000", "2012-12-31": "9190.00000", "2012-09-30": "8745.00000", "2012-06-30": "8066.00000", "2012-03-31": "8566.00000", "2011-12-31": "8024.00000", "2011-09-30": "7612.00000", "2011-06-30": "7644.00000", "2011-03-31": "7376.00000", "2010-12-31": "7019.00000", "2010-09-30": "6863.00000", "2010-06-30": "6766.00000", "2010-03-31": "6808.00000", "2009-12-31": "6856.00000", "2009-09-30": "6729.00000", "2009-06-30": "6164.00000", "2009-03-31": "5817.00000", "2008-12-31": "5764.00000", "2008-09-30": "5894.00000", "2008-06-30": "6039.00000", "2008-03-31": "5916.00000", "2007-12-31": "5590.00000", "2007-09-30": "5364.00000", "2007-06-30": "5492.00000", "2007-03-31": "5425.00000", "2006-12-31": "4790.00000", "2006-09-30": "4538.00000", "2006-06-30": "4237.00000", "2006-03-31": "4417.00000", "2005-12-31": "4588.00000", "2005-09-30": "4468.00000", "2005-06-30": "4390.00000", "2005-03-31": "4354.00000"}, "Total Liabilities": {"2020-12-31": "38660.00000", "2020-09-30": "38630.00000", "2020-06-30": "37932.00000", "2020-03-31": "37218.00000", "2019-12-31": "35090.00000", "2019-09-30": "33100.00000", "2019-06-30": "34310.00000", "2019-03-31": "35009.00000", "2018-12-31": "36306.00000", "2018-09-30": "13244.00000", "2018-06-30": "13308.00000", "2018-03-31": "13708.00000", "2017-12-31": "13925.00000", "2017-09-30": "13644.00000", "2017-06-30": "13705.00000", "2017-03-31": "13700.00000", "2016-12-31": "13891.00000", "2016-09-30": "14248.00000", "2016-06-30": "14264.00000", "2016-03-31": "13720.00000", "2015-12-31": "13526.00000", "2015-09-30": "13812.00000", "2015-06-30": "13723.00000", "2015-03-31": "13730.00000", "2014-12-31": "13759.00000", "2014-09-30": "13444.00000", "2014-06-30": "13619.00000", "2014-03-31": "13540.00000", "2013-12-31": "13252.00000", "2013-09-30": "13487.00000", "2013-06-30": "13486.00000", "2013-03-31": "13060.00000", "2012-12-31": "11669.00000", "2012-09-30": "11293.00000", "2012-06-30": "10794.00000", "2012-03-31": "10720.00000", "2011-12-31": "10559.00000", "2011-09-30": "9781.00000", "2011-06-30": "9640.00000", "2011-03-31": "9297.00000", "2010-12-31": "9129.00000", "2010-09-30": "8727.00000", "2010-06-30": "8525.00000", "2010-03-31": "8997.00000", "2009-12-31": "8669.00000", "2009-09-30": "8764.00000", "2009-06-30": "8640.00000", "2009-03-31": "8482.00000", "2008-12-31": "8743.00000", "2008-09-30": "8987.00000", "2008-06-30": "8757.00000", "2008-03-31": "8791.00000", "2007-12-31": "8240.00000", "2007-09-30": "7889.00000", "2007-06-30": "7401.00000", "2007-03-31": "7281.00000", "2006-12-31": "6548.00000", "2006-09-30": "6431.00000", "2006-06-30": "6570.00000", "2006-03-31": "6491.00000", "2005-12-31": "6589.00000", "2005-09-30": "6309.00000", "2005-06-30": "6116.00000", "2005-03-31": "6181.00000"}, "Common Stock Net": {"2020-12-31": "1.00000", "2020-09-30": "1.00000", "2020-06-30": "1.00000", "2020-03-31": "1.00000", "2019-12-31": "1.00000", "2019-09-30": "1.00000", "2019-06-30": "1.00000", "2019-03-31": "1.00000", "2018-12-31": "1.00000", "2018-09-30": "4.00000", "2018-06-30": "4.00000", "2018-03-31": "4.00000", "2017-12-31": "4.00000", "2017-09-30": "4.00000", "2017-06-30": "4.00000", "2017-03-31": "4.00000", "2016-12-31": "4.00000", "2016-09-30": "4.00000", "2016-06-30": "4.00000", "2016-03-31": "4.00000", "2015-12-31": "4.00000", "2015-09-30": "4.00000", "2015-06-30": "4.00000", "2015-03-31": "4.00000", "2014-12-31": "4.00000", "2014-09-30": "4.00000", "2014-06-30": "4.00000", "2014-03-31": "4.00000", "2013-12-31": "4.00000", "2013-09-30": "4.00000", "2013-06-30": "4.00000", "2013-03-31": "4.00000", "2012-12-31": "4.00000", "2012-09-30": "4.00000", "2012-06-30": "4.00000", "2012-03-31": "4.00000", "2011-12-31": "4.00000", "2011-09-30": "4.00000", "2011-06-30": "4.00000", "2011-03-31": "4.00000", "2010-12-31": "4.00000", "2010-09-30": "4.00000", "2010-06-30": "4.00000", "2010-03-31": "4.00000", "2009-12-31": "4.00000", "2009-09-30": "4.00000", "2009-06-30": "4.00000", "2009-03-31": "4.00000", "2008-12-31": "4.00000", "2008-09-30": "4.00000", "2008-06-30": "4.00000", "2008-03-31": "4.00000", "2007-12-31": "4.00000", "2007-09-30": "4.00000", "2007-06-30": "4.00000", "2007-03-31": "4.00000", "2006-12-31": "4.00000", "2006-09-30": "4.00000", "2006-06-30": "4.00000", "2006-03-31": "4.00000", "2005-12-31": "4.00000", "2005-09-30": "4.00000", "2005-06-30": "4.00000", "2005-03-31": "4.00000"}, "Retained Earnings (Accumulated Deficit)": {"2020-12-31": "17178.00000", "2020-09-30": "16927.00000", "2020-06-30": "16782.00000", "2020-03-31": "16850.00000", "2019-12-31": "16842.00000", "2019-09-30": "16810.00000", "2019-06-30": "16555.00000", "2019-03-31": "16569.00000", "2018-12-31": "16529.00000", "2018-09-30": "13913.00000", "2018-06-30": "13690.00000", "2018-03-31": "13447.00000", "2017-12-31": "13224.00000", "2017-09-30": "13417.00000", "2017-06-30": "13223.00000", "2017-03-31": "13041.00000", "2016-12-31": "12879.00000", "2016-09-30": "12686.00000", "2016-06-30": "12559.00000", "2016-03-31": "12371.00000", "2015-12-31": "12229.00000", "2015-09-30": "11966.00000", "2015-06-30": "11768.00000", "2015-03-31": "11668.00000", "2014-12-31": "11461.00000", "2014-09-30": "11348.00000", "2014-06-30": "11060.00000", "2014-03-31": "10784.00000", "2013-12-31": "10528.00000", "2013-09-30": "10243.00000", "2013-06-30": "10002.00000", "2013-03-31": "9743.00000", "2012-12-31": "9534.00000", "2012-09-30": "9285.00000", "2012-06-30": "9024.00000", "2012-03-31": "8762.00000", "2011-12-31": "8510.00000", "2011-09-30": "8275.00000", "2011-06-30": "7997.00000", "2011-03-31": "7721.00000", "2010-12-31": "7475.00000", "2010-09-30": "7480.00000", "2010-06-30": "7241.00000", "2010-03-31": "7008.00000", "2009-12-31": "6831.00000", "2009-09-30": "6615.00000", "2009-06-30": "6411.00000", "2009-03-31": "6235.00000", "2008-12-31": "6068.00000", "2008-09-30": "5983.00000", "2008-06-30": "5745.00000", "2008-03-31": "5515.00000", "2007-12-31": "5325.00000", "2007-09-30": "5103.00000", "2007-06-30": "4893.00000", "2007-03-31": "4698.00000", "2006-12-31": "4687.00000", "2006-09-30": "4499.00000", "2006-06-30": "4333.00000", "2006-03-31": "4166.00000", "2005-12-31": "4022.00000", "2005-09-30": "3867.00000", "2005-06-30": "3817.00000", "2005-03-31": "3666.00000"}, "Comprehensive Income": {"2020-12-31": "-4690.00000", "2020-09-30": "-5973.00000", "2020-06-30": "-6621.00000", "2020-03-31": "-7388.00000", "2019-12-31": "-4814.00000", "2019-09-30": "-5600.00000", "2019-06-30": "-4377.00000", "2019-03-31": "-4235.00000", "2018-12-31": "-4456.00000", "2018-09-30": "-4656.00000", "2018-06-30": "-4596.00000", "2018-03-31": "-3980.00000", "2017-12-31": "-4098.00000", "2017-09-30": "-4025.00000", "2017-06-30": "-4244.00000", "2017-03-31": "-4285.00000", "2016-12-31": "-4600.00000", "2016-09-30": "-4211.00000", "2016-06-30": "-4174.00000", "2016-03-31": "-4250.00000", "2015-12-31": "-4596.00000", "2015-09-30": "-4456.00000", "2015-06-30": "-3742.00000", "2015-03-31": "-3815.00000", "2014-12-31": "-3185.00000", "2014-09-30": "-2411.00000", "2014-06-30": "-1845.00000", "2014-03-31": "-1998.00000", "2013-12-31": "-1981.00000", "2013-09-30": "-2139.00000", "2013-06-30": "-2235.00000", "2013-03-31": "-1849.00000", "2012-12-31": "-1852.00000", "2012-09-30": "-1753.00000", "2012-06-30": "-1992.00000", "2012-03-31": "-1472.00000", "2011-12-31": "-1746.00000", "2011-09-30": "-1372.00000", "2011-06-30": "-675.00000", "2011-03-31": "-794.00000", "2010-12-31": "-1018.00000", "2010-09-30": "-1064.00000", "2010-06-30": "-1383.00000", "2010-03-31": "-1198.00000", "2009-12-31": "-1155.00000", "2009-09-30": "-1205.00000", "2009-06-30": "-1456.00000", "2009-03-31": "-1901.00000", "2008-12-31": "-1768.00000", "2008-09-30": "-890.00000", "2008-06-30": "-434.00000", "2008-03-31": "-582.00000", "2007-12-31": "-672.00000", "2007-09-30": "-778.00000", "2007-06-30": "-912.00000", "2007-03-31": "-1065.00000", "2006-12-31": "-1127.00000", "2006-09-30": "-1138.00000", "2006-06-30": "-1174.00000", "2006-03-31": "-1195.00000", "2005-12-31": "-1257.00000", "2005-09-30": "-1137.00000", "2005-06-30": "-1204.00000", "2005-03-31": "-1250.00000"}, "Other Share Holders Equity": {"2020-12-31": "", "2020-09-30": "", "2020-06-30": "", "2020-03-31": "", "2019-12-31": "", "2019-09-30": "", "2019-06-30": "", "2019-03-31": "", "2018-12-31": "", "2018-09-30": "", "2018-06-30": "", "2018-03-31": "", "2017-12-31": "", "2017-09-30": "", "2017-06-30": "", "2017-03-31": "", "2016-12-31": "", "2016-09-30": "", "2016-06-30": "", "2016-03-31": "", "2015-12-31": "", "2015-09-30": "", "2015-06-30": "", "2015-03-31": "", "2014-12-31": "", "2014-09-30": "", "2014-06-30": "", "2014-03-31": "", "2013-12-31": "", "2013-09-30": "", "2013-06-30": "", "2013-03-31": "", "2012-12-31": "", "2012-09-30": "", "2012-06-30": "", "2012-03-31": "", "2011-12-31": "", "2011-09-30": "", "2011-06-30": "", "2011-03-31": "", "2010-12-31": "", "2010-09-30": "", "2010-06-30": "", "2010-03-31": "", "2009-12-31": "", "2009-09-30": "", "2009-06-30": "", "2009-03-31": "", "2008-12-31": "", "2008-09-30": "", "2008-06-30": "", "2008-03-31": "", "2007-12-31": "", "2007-09-30": "", "2007-06-30": "", "2007-03-31": "", "2006-12-31": "", "2006-09-30": "", "2006-06-30": "", "2006-03-31": "", "2005-12-31": "", "2005-09-30": "", "2005-06-30": "", "2005-03-31": ""}, "Share Holder Equity": {"2020-12-31": "49569.00000", "2020-09-30": "48579.00000", "2020-06-30": "47924.00000", "2020-03-31": "47151.00000", "2019-12-31": "51522.00000", "2019-09-30": "51294.00000", "2019-06-30": "52879.00000", "2019-03-31": "56632.00000", "2018-12-31": "57080.00000", "2018-09-30": "6735.00000", "2018-06-30": "6528.00000", "2018-03-31": "6884.00000", "2017-12-31": "6511.00000", "2017-09-30": "6731.00000", "2017-06-30": "6260.00000", "2017-03-31": "5965.00000", "2016-12-31": "5441.00000", "2016-09-30": "5638.00000", "2016-06-30": "5547.00000", "2016-03-31": "5305.00000", "2015-12-31": "4793.00000", "2015-09-30": "4644.00000", "2015-06-30": "5344.00000", "2015-03-31": "5393.00000", "2014-12-31": "6010.00000", "2014-09-30": "6940.00000", "2014-06-30": "7306.00000", "2014-03-31": "6998.00000", "2013-12-31": "7003.00000", "2013-09-30": "6575.00000", "2013-06-30": "6285.00000", "2013-03-31": "6526.00000", "2012-12-31": "6421.00000", "2012-09-30": "6346.00000", "2012-06-30": "5894.00000", "2012-03-31": "6267.00000", "2011-12-31": "5797.00000", "2011-09-30": "6121.00000", "2011-06-30": "6770.00000", "2011-03-31": "6537.00000", "2010-12-31": "6145.00000", "2010-09-30": "6330.00000", "2010-06-30": "5767.00000", "2010-03-31": "5730.00000", "2009-12-31": "5648.00000", "2009-09-30": "5407.00000", "2009-06-30": "4946.00000", "2009-03-31": "4375.00000", "2008-12-31": "4311.00000", "2008-09-30": "4891.00000", "2008-06-30": "5671.00000", "2008-03-31": "5209.00000", "2007-12-31": "5142.00000", "2007-09-30": "4862.00000", "2007-06-30": "4850.00000", "2007-03-31": "4467.00000", "2006-12-31": "4554.00000", "2006-09-30": "4494.00000", "2006-06-30": "4269.00000", "2006-03-31": "4125.00000", "2005-12-31": "3902.00000", "2005-09-30": "3873.00000", "2005-06-30": "3821.00000", "2005-03-31": "3651.00000"}, "Total Liabilities And Share Holders Equity": {"2020-12-31": "88229.00000", "2020-09-30": "87209.00000", "2020-06-30": "85856.00000", "2020-03-31": "84369.00000", "2019-12-31": "86612.00000", "2019-09-30": "84394.00000", "2019-06-30": "87189.00000", "2019-03-31": "91641.00000", "2018-12-31": "93386.00000", "2018-09-30": "19979.00000", "2018-06-30": "19836.00000", "2018-03-31": "20592.00000", "2017-12-31": "20436.00000", "2017-09-30": "20375.00000", "2017-06-30": "19965.00000", "2017-03-31": "19665.00000", "2016-12-31": "19332.00000", "2016-09-30": "19886.00000", "2016-06-30": "19811.00000", "2016-03-31": "19025.00000", "2015-12-31": "18319.00000", "2015-09-30": "18456.00000", "2015-06-30": "19067.00000", "2015-03-31": "19123.00000", "2014-12-31": "19769.00000", "2014-09-30": "20384.00000", "2014-06-30": "20925.00000", "2014-03-31": "20538.00000", "2013-12-31": "20255.00000", "2013-09-30": "20062.00000", "2013-06-30": "19771.00000", "2013-03-31": "19586.00000", "2012-12-31": "18090.00000", "2012-09-30": "17639.00000", "2012-06-30": "16688.00000", "2012-03-31": "16987.00000", "2011-12-31": "16356.00000", "2011-09-30": "15902.00000", "2011-06-30": "16410.00000", "2011-03-31": "15834.00000", "2010-12-31": "15274.00000", "2010-09-30": "15057.00000", "2010-06-30": "14292.00000", "2010-03-31": "14727.00000", "2009-12-31": "14317.00000", "2009-09-30": "14171.00000", "2009-06-30": "13586.00000", "2009-03-31": "12857.00000", "2008-12-31": "13054.00000", "2008-09-30": "13878.00000", "2008-06-30": "14428.00000", "2008-03-31": "14000.00000", "2007-12-31": "13382.00000", "2007-09-30": "12751.00000", "2007-06-30": "12251.00000", "2007-03-31": "11748.00000", "2006-12-31": "11102.00000", "2006-09-30": "10925.00000", "2006-06-30": "10839.00000", "2006-03-31": "10616.00000", "2005-12-31": "10491.00000", "2005-09-30": "10182.00000", "2005-06-30": "9937.00000", "2005-03-31": "9832.00000"}}, "cash flow statement": {"Net Income/Loss": {"2020-12-31": "2501.00000", "2019-12-31": "2285.00000", "2018-12-31": "4381.00000", "2017-12-31": "1247.00000", "2016-12-31": "1500.00000", "2015-12-31": "1547.00000", "2014-12-31": "1694.00000", "2013-12-31": "1755.00000", "2012-12-31": "1692.00000", "2011-12-31": "1672.00000", "2010-12-31": "1195.00000", "2009-12-31": "1297.00000", "2008-12-31": "1211.00000", "2007-12-31": "1177.00000", "2006-12-31": "988.00000", "2005-12-31": "726.00000"}, "Total Depreciation And Amortization - Cash Flow": {"2020-12-31": "4626.00000", "2019-12-31": "4687.00000", "2018-12-31": "2198.00000", "2017-12-31": "1184.00000", "2016-12-31": "1122.00000", "2015-12-31": "1106.00000", "2014-12-31": "1170.00000", "2013-12-31": "1109.00000", "2012-12-31": "1001.00000", "2011-12-31": "1003.00000", "2010-12-31": "925.00000", "2009-12-31": "846.00000", "2008-12-31": "850.00000", "2007-12-31": "774.00000", "2006-12-31": "696.00000", "2005-12-31": "665.00000"}, "Other Non-Cash Items": {"2020-12-31": "157.00000", "2019-12-31": "-786.00000", "2018-12-31": "-3074.00000", "2017-12-31": "700.00000", "2016-12-31": "104.00000", "2015-12-31": "200.00000", "2014-12-31": "162.00000", "2013-12-31": "135.00000", "2012-12-31": "69.00000", "2011-12-31": "38.00000", "2010-12-31": "160.00000", "2009-12-31": "40.00000", "2008-12-31": "25.00000", "2007-12-31": "61.00000", "2006-12-31": "126.00000", "2005-12-31": "207.00000"}, "Total Non-Cash Items": {"2020-12-31": "4783.00000", "2019-12-31": "3901.00000", "2018-12-31": "-876.00000", "2017-12-31": "1884.00000", "2016-12-31": "1226.00000", "2015-12-31": "1306.00000", "2014-12-31": "1332.00000", "2013-12-31": "1244.00000", "2012-12-31": "1070.00000", "2011-12-31": "1041.00000", "2010-12-31": "1085.00000", "2009-12-31": "886.00000", "2008-12-31": "875.00000", "2007-12-31": "835.00000", "2006-12-31": "822.00000", "2005-12-31": "872.00000"}, "Change In Accounts Receivable": {"2020-12-31": "19.00000", "2019-12-31": "80.00000", "2018-12-31": "-124.00000", "2017-12-31": "-92.00000", "2016-12-31": "-33.00000", "2015-12-31": "1.00000", "2014-12-31": "-80.00000", "2013-12-31": "-84.00000", "2012-12-31": "-36.00000", "2011-12-31": "-108.00000", "2010-12-31": "-114.00000", "2009-12-31": "39.00000", "2008-12-31": "119.00000", "2007-12-31": "-223.00000", "2006-12-31": "-90.00000", "2005-12-31": "-165.00000"}, "Change In Inventories": {"2020-12-31": "18.00000", "2019-12-31": "-81.00000", "2018-12-31": "-4.00000", "2017-12-31": "-22.00000", "2016-12-31": "-13.00000", "2015-12-31": "-23.00000", "2014-12-31": "-42.00000", "2013-12-31": "-54.00000", "2012-12-31": "-18.00000", "2011-12-31": "-31.00000", "2010-12-31": "-26.00000", "2009-12-31": "58.00000", "2008-12-31": "21.00000", "2007-12-31": "-71.00000", "2006-12-31": "-15.00000", "2005-12-31": "-41.00000"}, "Change In Accounts Payable": {"2020-12-31": "", "2019-12-31": "", "2018-12-31": "", "2017-12-31": "", "2016-12-31": "", "2015-12-31": "", "2014-12-31": "", "2013-12-31": "", "2012-12-31": "", "2011-12-31": "", "2010-12-31": "", "2009-12-31": "", "2008-12-31": "", "2007-12-31": "", "2006-12-31": "", "2005-12-31": ""}, "Change In Assets/Liabilities": {"2020-12-31": "-1.00000", "2019-12-31": "108.00000", "2018-12-31": "-10.00000", "2017-12-31": "2.00000", "2016-12-31": "17.00000", "2015-12-31": "-96.00000", "2014-12-31": "-30.00000", "2013-12-31": "-51.00000", "2012-12-31": "35.00000", "2011-12-31": "-158.00000", "2010-12-31": "-398.00000", "2009-12-31": "66.00000", "2008-12-31": "-264.00000", "2007-12-31": "124.00000", "2006-12-31": "-160.00000", "2005-12-31": "-249.00000"}, "Total Change In Assets/Liabilities": {"2020-12-31": "145.00000", "2019-12-31": "-67.00000", "2018-12-31": "149.00000", "2017-12-31": "-90.00000", "2016-12-31": "63.00000", "2015-12-31": "-158.00000", "2014-12-31": "-139.00000", "2013-12-31": "-82.00000", "2012-12-31": "-53.00000", "2011-12-31": "-253.00000", "2010-12-31": "-375.00000", "2009-12-31": "-15.00000", "2008-12-31": "-197.00000", "2007-12-31": "-54.00000", "2006-12-31": "-58.00000", "2005-12-31": "-123.00000"}, "Cash Flow From Operating Activities": {"2020-12-31": "7429.00000", "2019-12-31": "6119.00000", "2018-12-31": "3654.00000", "2017-12-31": "3041.00000", "2016-12-31": "2789.00000", "2015-12-31": "2695.00000", "2014-12-31": "2887.00000", "2013-12-31": "2917.00000", "2012-12-31": "2752.00000", "2011-12-31": "2455.00000", "2010-12-31": "1905.00000", "2009-12-31": "2168.00000", "2008-12-31": "2038.00000", "2007-12-31": "1958.00000", "2006-12-31": "1752.00000", "2005-12-31": "1475.00000"}, "Net Change In Property, Plant, And Equipment": {"2020-12-31": "-3400.00000", "2019-12-31": "-3682.00000", "2018-12-31": "-1883.00000", "2017-12-31": "-1311.00000", "2016-12-31": "-1465.00000", "2015-12-31": "-1541.00000", "2014-12-31": "-1689.00000", "2013-12-31": "-2020.00000", "2012-12-31": "-2180.00000", "2011-12-31": "-1797.00000", "2010-12-31": "-1388.00000", "2009-12-31": "-1352.00000", "2008-12-31": "-1611.00000", "2007-12-31": "-1376.00000", "2006-12-31": "-1100.00000", "2005-12-31": "-877.00000"}, "Net Change In Intangible Assets": {"2020-12-31": "", "2019-12-31": "", "2018-12-31": "", "2017-12-31": "", "2016-12-31": "", "2015-12-31": "", "2014-12-31": "", "2013-12-31": "", "2012-12-31": "", "2011-12-31": "", "2010-12-31": "", "2009-12-31": "", "2008-12-31": "", "2007-12-31": "", "2006-12-31": "", "2005-12-31": ""}, "Net Acquisitions/Divestitures": {"2020-12-31": "414.00000", "2019-12-31": "4871.00000", "2018-12-31": "7246.00000", "2017-12-31": "-3.00000", "2016-12-31": "-305.00000", "2015-12-31": "238.00000", "2014-12-31": "-114.00000", "2013-12-31": "-1217.00000", "2012-12-31": "-198.00000", "2011-12-31": "-208.00000", "2010-12-31": "-96.00000", "2009-12-31": "-100.00000", "2008-12-31": "-76.00000", "2007-12-31": "-437.00000", "2006-12-31": "112.00000", "2005-12-31": "-10.00000"}, "Net Change In Short-term Investments": {"2020-12-31": "", "2019-12-31": "", "2018-12-31": "", "2017-12-31": "", "2016-12-31": "", "2015-12-31": "", "2014-12-31": "", "2013-12-31": "", "2012-12-31": "", "2011-12-31": "", "2010-12-31": "", "2009-12-31": "", "2008-12-31": "", "2007-12-31": "", "2006-12-31": "", "2005-12-31": ""}, "Net Change In Long-Term Investments": {"2020-12-31": "", "2019-12-31": "", "2018-12-31": "", "2017-12-31": "", "2016-12-31": "", "2015-12-31": "", "2014-12-31": "", "2013-12-31": "", "2012-12-31": "", "2011-12-31": "", "2010-12-31": "", "2009-12-31": "", "2008-12-31": "", "2007-12-31": "", "2006-12-31": "", "2005-12-31": ""}, "Net Change In Investments - Total": {"2020-12-31": "", "2019-12-31": "", "2018-12-31": "", "2017-12-31": "", "2016-12-31": "", "2015-12-31": "", "2014-12-31": "", "2013-12-31": "", "2012-12-31": "", "2011-12-31": "", "2010-12-31": "", "2009-12-31": "", "2008-12-31": "", "2007-12-31": "", "2006-12-31": "", "2005-12-31": ""}, "Investing Activities - Other": {"2020-12-31": "", "2019-12-31": "", "2018-12-31": "", "2017-12-31": "", "2016-12-31": "", "2015-12-31": "", "2014-12-31": "", "2013-12-31": "", "2012-12-31": "", "2011-12-31": "", "2010-12-31": "", "2009-12-31": "", "2008-12-31": "", "2007-12-31": "", "2006-12-31": "", "2005-12-31": ""}, "Cash Flow From Investing Activities": {"2020-12-31": "-2986.00000", "2019-12-31": "1189.00000", "2018-12-31": "5363.00000", "2017-12-31": "-1314.00000", "2016-12-31": "-1770.00000", "2015-12-31": "-1303.00000", "2014-12-31": "-1803.00000", "2013-12-31": "-3237.00000", "2012-12-31": "-2378.00000", "2011-12-31": "-2005.00000", "2010-12-31": "-1484.00000", "2009-12-31": "-1452.00000", "2008-12-31": "-1687.00000", "2007-12-31": "-1813.00000", "2006-12-31": "-988.00000", "2005-12-31": "-887.00000"}, "Net Long-Term Debt": {"2020-12-31": "1313.00000", "2019-12-31": "-1484.00000", "2018-12-31": "-3116.00000", "2017-12-31": "-572.00000", "2016-12-31": "166.00000", "2015-12-31": "497.00000", "2014-12-31": "782.00000", "2013-12-31": "1312.00000", "2012-12-31": "514.00000", "2011-12-31": "961.00000", "2010-12-31": "375.00000", "2009-12-31": "393.00000", "2008-12-31": "1032.00000", "2007-12-31": "271.00000", "2006-12-31": "-40.00000", "2005-12-31": "229.00000"}, "Net Current Debt": {"2020-12-31": "", "2019-12-31": "224.00000", "2018-12-31": "208.00000", "2017-12-31": "-199.00000", "2016-12-31": "191.00000", "2015-12-31": "-329.00000", "2014-12-31": "-193.00000", "2013-12-31": "149.00000", "2012-12-31": "293.00000", "2011-12-31": "-47.00000", "2010-12-31": "115.00000", "2009-12-31": "-455.00000", "2008-12-31": "-45.00000", "2007-12-31": "524.00000", "2006-12-31": "-338.00000", "2005-12-31": "-232.00000"}, "Debt Issuance/Retirement Net - Total": {"2020-12-31": "1313.00000", "2019-12-31": "-1260.00000", "2018-12-31": "-2908.00000", "2017-12-31": "-771.00000", "2016-12-31": "357.00000", "2015-12-31": "168.00000", "2014-12-31": "589.00000", "2013-12-31": "1461.00000", "2012-12-31": "807.00000", "2011-12-31": "914.00000", "2010-12-31": "490.00000", "2009-12-31": "-62.00000", "2008-12-31": "987.00000", "2007-12-31": "795.00000", "2006-12-31": "-378.00000", "2005-12-31": "-3.00000"}, "Net Common Equity Issued/Repurchased": {"2020-12-31": "-2410.00000", "2019-12-31": "-2586.00000", "2018-12-31": "-522.00000", "2017-12-31": "108.00000", "2016-12-31": "-89.00000", "2015-12-31": "-637.00000", "2014-12-31": "-759.00000", "2013-12-31": "-436.00000", "2012-12-31": "-459.00000", "2011-12-31": "-742.00000", "2010-12-31": "-404.00000", "2009-12-31": "-141.00000", "2008-12-31": "-892.00000", "2007-12-31": "-636.00000", "2006-12-31": "-220.00000", "2005-12-31": "-154.00000"}, "Net Total Equity Issued/Repurchased": {"2020-12-31": "-2410.00000", "2019-12-31": "-2586.00000", "2018-12-31": "-522.00000", "2017-12-31": "108.00000", "2016-12-31": "-89.00000", "2015-12-31": "-637.00000", "2014-12-31": "-759.00000", "2013-12-31": "-436.00000", "2012-12-31": "-459.00000", "2011-12-31": "-742.00000", "2010-12-31": "-404.00000", "2009-12-31": "-141.00000", "2008-12-31": "-892.00000", "2007-12-31": "-636.00000", "2006-12-31": "-220.00000", "2005-12-31": "-154.00000"}, "Total Common And Preferred Stock Dividends Paid": {"2020-12-31": "-2028.00000", "2019-12-31": "-1891.00000", "2018-12-31": "-1166.00000", "2017-12-31": "-901.00000", "2016-12-31": "-856.00000", "2015-12-31": "-819.00000", "2014-12-31": "-759.00000", "2013-12-31": "-708.00000", "2012-12-31": "-655.00000", "2011-12-31": "-602.00000", "2010-12-31": "-551.00000", "2009-12-31": "-491.00000", "2008-12-31": "-468.00000", "2007-12-31": "-381.00000", "2006-12-31": "-323.00000", "2005-12-31": "-233.00000"}, "Financial Activities - Other": {"2020-12-31": "-220.00000", "2019-12-31": "-3260.00000", "2018-12-31": "-402.00000", "2017-12-31": "-92.00000", "2016-12-31": "-71.00000", "2015-12-31": "-22.00000", "2014-12-31": "-98.00000", "2013-12-31": "11.00000", "2012-12-31": "4.00000", "2011-12-31": "50.00000", "2010-12-31": "46.00000", "2009-12-31": "-17.00000", "2008-12-31": "40.00000", "2007-12-31": "52.00000", "2006-12-31": "16.00000", "2005-12-31": "-48.00000"}, "Cash Flow From Financial Activities": {"2020-12-31": "-3345.00000", "2019-12-31": "-8997.00000", "2018-12-31": "-4998.00000", "2017-12-31": "-1656.00000", "2016-12-31": "-659.00000", "2015-12-31": "-1310.00000", "2014-12-31": "-1027.00000", "2013-12-31": "328.00000", "2012-12-31": "-303.00000", "2011-12-31": "-380.00000", "2010-12-31": "-419.00000", "2009-12-31": "-711.00000", "2008-12-31": "-333.00000", "2007-12-31": "-170.00000", "2006-12-31": "-905.00000", "2005-12-31": "-438.00000"}, "Net Cash Flow": {"2020-12-31": "1054.00000", "2019-12-31": "-1766.00000", "2018-12-31": "3849.00000", "2017-12-31": "93.00000", "2016-12-31": "377.00000", "2015-12-31": "21.00000", "2014-12-31": "-12.00000", "2013-12-31": "-19.00000", "2012-12-31": "67.00000", "2011-12-31": "51.00000", "2010-12-31": "-6.00000", "2009-12-31": "13.00000", "2008-12-31": "15.00000", "2007-12-31": "-19.00000", "2006-12-31": "-137.00000", "2005-12-31": "148.00000"}, "Stock-Based Compensation": {"2020-12-31": "", "2019-12-31": "95.00000", "2018-12-31": "62.00000", "2017-12-31": "59.00000", "2016-12-31": "39.00000", "2015-12-31": "30.00000", "2014-12-31": "51.00000", "2013-12-31": "70.00000", "2012-12-31": "70.00000", "2011-12-31": "62.00000", "2010-12-31": "47.00000", "2009-12-31": "39.00000", "2008-12-31": "45.00000", "2007-12-31": "42.00000", "2006-12-31": "42.00000", "2005-12-31": ""}, "Common Stock Dividends Paid": {"2020-12-31": "-2028.00000", "2019-12-31": "-1891.00000", "2018-12-31": "-1166.00000", "2017-12-31": "-901.00000", "2016-12-31": "-856.00000", "2015-12-31": "-819.00000", "2014-12-31": "-759.00000", "2013-12-31": "-708.00000", "2012-12-31": "-655.00000", "2011-12-31": "-602.00000", "2010-12-31": "-551.00000", "2009-12-31": "-491.00000", "2008-12-31": "-468.00000", "2007-12-31": "-381.00000", "2006-12-31": "-323.00000", "2005-12-31": "-233.00000"}}, "cash flow statement, quarterly": {"Net Income/Loss": {"2020-12-31": 770, "2020-09-30": 700, "2020-06-30": 458, "2020-03-31": "573.00000", "2019-12-31": 511, "2019-09-30": 735, "2019-06-30": 522, "2019-03-31": "517.00000", "2018-12-31": 2978, "2018-09-30": 461, "2018-06-30": 480, "2018-03-31": "462.00000", "2017-12-31": 33, "2017-09-30": 419, "2017-06-30": 406, "2017-03-31": "389.00000", "2016-12-31": 406, "2016-09-30": 339, "2016-06-30": 399, "2016-03-31": "356.00000", "2015-12-31": 422, "2015-09-30": 401, "2015-06-30": 308, "2015-03-31": "416.00000", "2014-12-31": 302, "2014-09-30": 477, "2014-06-30": 467, "2014-03-31": "448.00000", "2013-12-31": 474, "2013-09-30": 445, "2013-06-30": 430, "2013-03-31": "406.00000", "2012-12-31": 376, "2012-09-30": 440, "2012-06-30": 457, "2012-03-31": "419.00000", "2011-12-31": 420, "2011-09-30": 429, "2011-06-30": 425, "2011-03-31": "398.00000", "2010-12-31": 133, "2010-09-30": 377, "2010-06-30": 371, "2010-03-31": "314.00000", "2009-12-31": 383, "2009-09-30": 325, "2009-06-30": 299, "2009-03-31": "290.00000", "2008-12-31": 200, "2008-09-30": 355, "2008-06-30": 349, "2008-03-31": "307.00000", "2007-12-31": 316, "2007-09-30": 305, "2007-06-30": 291, "2007-03-31": "265.00000", "2006-12-31": 269, "2006-09-30": 247, "2006-06-30": 247, "2006-03-31": "225.00000", "2005-12-31": 214, "2005-09-30": 108, "2005-06-30": 209, "2005-03-31": "195.00000"}, "Total Depreciation And Amortization - Cash Flow": {"2020-12-31": 1192, "2020-09-30": 1168, "2020-06-30": 1124, "2020-03-31": "1142.00000", "2019-12-31": 1162, "2019-09-30": 1097, "2019-06-30": 1195, "2019-03-31": "1233.00000", "2018-12-31": 1270, "2018-09-30": 306, "2018-06-30": 311, "2018-03-31": "311.00000", "2017-12-31": 307, "2017-09-30": 298, "2017-06-30": 292, "2017-03-31": "287.00000", "2016-12-31": 285, "2016-09-30": 284, "2016-06-30": 281, "2016-03-31": "272.00000", "2015-12-31": 275, "2015-09-30": 276, "2015-06-30": 278, "2015-03-31": "277.00000", "2014-12-31": 291, "2014-09-30": 301, "2014-06-30": 293, "2014-03-31": "285.00000", "2013-12-31": 287, "2013-09-30": 281, "2013-06-30": 275, "2013-03-31": "266.00000", "2012-12-31": 254, "2012-09-30": 248, "2012-06-30": 247, "2012-03-31": "252.00000", "2011-12-31": 249, "2011-09-30": 256, "2011-06-30": 254, "2011-03-31": "244.00000", "2010-12-31": 240, "2010-09-30": 227, "2010-06-30": 230, "2010-03-31": "228.00000", "2009-12-31": 223, "2009-09-30": 217, "2009-06-30": 207, "2009-03-31": "199.00000", "2008-12-31": 206, "2008-09-30": 218, "2008-06-30": 216, "2008-03-31": "210.00000", "2007-12-31": 207, "2007-09-30": 196, "2007-06-30": 189, "2007-03-31": "182.00000", "2006-12-31": 178, "2006-09-30": 173, "2006-06-30": 174, "2006-03-31": "171.00000", "2005-12-31": 175, "2005-09-30": 165, "2005-06-30": 163, "2005-03-31": "162.00000"}, "Other Non-Cash Items": {"2020-12-31": 100, "2020-09-30": -13, "2020-06-30": 78, "2020-03-31": "-8.00000", "2019-12-31": -264, "2019-09-30": -89, "2019-06-30": -198, "2019-03-31": "-235.00000", "2018-12-31": -3174, "2018-09-30": 35, "2018-06-30": 30, "2018-03-31": "35.00000", "2017-12-31": 576, "2017-09-30": 8, "2017-06-30": 64, "2017-03-31": "52.00000", "2016-12-31": -12, "2016-09-30": 76, "2016-06-30": 15, "2016-03-31": "25.00000", "2015-12-31": -11, "2015-09-30": 65, "2015-06-30": 124, "2015-03-31": "22.00000", "2014-12-31": 111, "2014-09-30": -22, "2014-06-30": 21, "2014-03-31": "52.00000", "2013-12-31": -53, "2013-09-30": 67, "2013-06-30": 103, "2013-03-31": "18.00000", "2012-12-31": -73, "2012-09-30": 133, "2012-06-30": 16, "2012-03-31": "-7.00000", "2011-12-31": 7, "2011-09-30": -21, "2011-06-30": 1, "2011-03-31": "51.00000", "2010-12-31": -16, "2010-09-30": 34, "2010-06-30": 77, "2010-03-31": "65.00000", "2009-12-31": 230, "2009-09-30": -258, "2009-06-30": 33, "2009-03-31": "35.00000", "2008-12-31": -75, "2008-09-30": 39, "2008-06-30": 38, "2008-03-31": "23.00000", "2007-12-31": 11, "2007-09-30": 28, "2007-06-30": 6, "2007-03-31": "16.00000", "2006-12-31": -11, "2006-09-30": 61, "2006-06-30": 20, "2006-03-31": "56.00000", "2005-12-31": 82, "2005-09-30": 92, "2005-06-30": -2, "2005-03-31": "35.00000"}, "Total Non-Cash Items": {"2020-12-31": 1292, "2020-09-30": 1155, "2020-06-30": 1202, "2020-03-31": "1134.00000", "2019-12-31": 898, "2019-09-30": 1008, "2019-06-30": 997, "2019-03-31": "998.00000", "2018-12-31": -1904, "2018-09-30": 341, "2018-06-30": 341, "2018-03-31": "346.00000", "2017-12-31": 883, "2017-09-30": 306, "2017-06-30": 356, "2017-03-31": "339.00000", "2016-12-31": 273, "2016-09-30": 360, "2016-06-30": 296, "2016-03-31": "297.00000", "2015-12-31": 264, "2015-09-30": 341, "2015-06-30": 402, "2015-03-31": "299.00000", "2014-12-31": 402, "2014-09-30": 279, "2014-06-30": 314, "2014-03-31": "337.00000", "2013-12-31": 234, "2013-09-30": 348, "2013-06-30": 378, "2013-03-31": "284.00000", "2012-12-31": 181, "2012-09-30": 381, "2012-06-30": 263, "2012-03-31": "245.00000", "2011-12-31": 256, "2011-09-30": 235, "2011-06-30": 255, "2011-03-31": "295.00000", "2010-12-31": 224, "2010-09-30": 261, "2010-06-30": 307, "2010-03-31": "293.00000", "2009-12-31": 453, "2009-09-30": -41, "2009-06-30": 240, "2009-03-31": "234.00000", "2008-12-31": 131, "2008-09-30": 257, "2008-06-30": 254, "2008-03-31": "233.00000", "2007-12-31": 218, "2007-09-30": 224, "2007-06-30": 195, "2007-03-31": "198.00000", "2006-12-31": 167, "2006-09-30": 234, "2006-06-30": 194, "2006-03-31": "227.00000", "2005-12-31": 257, "2005-09-30": 257, "2005-06-30": 161, "2005-03-31": "197.00000"}, "Change In Accounts Receivable": {"2020-12-31": 95, "2020-09-30": 42, "2020-06-30": -9, "2020-03-31": "-109.00000", "2019-12-31": 110, "2019-09-30": 158, "2019-06-30": -132, "2019-03-31": "-56.00000", "2018-12-31": -3, "2018-09-30": 26, "2018-06-30": -65, "2018-03-31": "-82.00000", "2017-12-31": -9, "2017-09-30": 12, "2017-06-30": -46, "2017-03-31": "-49.00000", "2016-12-31": 11, "2016-09-30": 17, "2016-06-30": -41, "2016-03-31": "-20.00000", "2015-12-31": 58, "2015-09-30": -13, "2015-06-30": 6, "2015-03-31": "-50.00000", "2014-12-31": 64, "2014-09-30": 25, "2014-06-30": -33, "2014-03-31": "-136.00000", "2013-12-31": 55, "2013-09-30": 25, "2013-06-30": -3, "2013-03-31": "-161.00000", "2012-12-31": 71, "2012-09-30": -60, "2012-06-30": 96, "2012-03-31": "-143.00000", "2011-12-31": 94, "2011-09-30": 65, "2011-06-30": -89, "2011-03-31": "-178.00000", "2010-12-31": 25, "2010-09-30": -91, "2010-06-30": 36, "2010-03-31": "-84.00000", "2009-12-31": 49, "2009-09-30": -57, "2009-06-30": -47, "2009-03-31": "94.00000", "2008-12-31": 228, "2008-09-30": 160, "2008-06-30": -85, "2008-03-31": "-184.00000", "2007-12-31": -1, "2007-09-30": -59, "2007-06-30": -90, "2007-03-31": "-73.00000", "2006-12-31": 8, "2006-09-30": -22, "2006-06-30": -55, "2006-03-31": "-21.00000", "2005-12-31": -50, "2005-09-30": -56, "2005-06-30": -21, "2005-03-31": "-38.00000"}, "Change In Inventories": {"2020-12-31": 119, "2020-09-30": -19, "2020-06-30": -20, "2020-03-31": "-62.00000", "2019-12-31": -20, "2019-09-30": 12, "2019-06-30": -41, "2019-03-31": "-32.00000", "2018-12-31": 25, "2018-09-30": -19, "2018-06-30": -8, "2018-03-31": "-2.00000", "2017-12-31": -11, "2017-09-30": -6, "2017-06-30": -3, "2017-03-31": "-2.00000", "2016-12-31": -24, "2016-09-30": 19, "2016-06-30": -1, "2016-03-31": "-7.00000", "2015-12-31": -9, "2015-09-30": 1, "2015-06-30": -9, "2015-03-31": "-6.00000", "2014-12-31": 10, "2014-09-30": -19, "2014-06-30": -17, "2014-03-31": "-16.00000", "2013-12-31": 9, "2013-09-30": -36, "2013-06-30": -11, "2013-03-31": "-16.00000", "2012-12-31": 12, "2012-09-30": -16, "2012-06-30": 17, "2012-03-31": "-31.00000", "2011-12-31": 12, "2011-09-30": 7, "2011-06-30": -33, "2011-03-31": "-17.00000", "2010-12-31": 1, "2010-09-30": -30, "2010-06-30": 5, "2010-03-31": "-2.00000", "2009-12-31": 21, "2009-09-30": 18, "2009-06-30": -1, "2009-03-31": "20.00000", "2008-12-31": 43, "2008-09-30": 11, "2008-06-30": -24, "2008-03-31": "-9.00000", "2007-12-31": -16, "2007-09-30": -18, "2007-06-30": -21, "2007-03-31": "-16.00000", "2006-12-31": 18, "2006-09-30": -13, "2006-06-30": -4, "2006-03-31": "-16.00000", "2005-12-31": 0, "2005-09-30": -18, "2005-06-30": -11, "2005-03-31": "-12.00000"}, "Change In Accounts Payable": {"2020-12-31": 0, "2020-09-30": 0, "2020-06-30": 0, "2020-03-31": "", "2019-12-31": 0, "2019-09-30": 0, "2019-06-30": 0, "2019-03-31": "", "2018-12-31": 0, "2018-09-30": 0, "2018-06-30": 0, "2018-03-31": "", "2017-12-31": 0, "2017-09-30": 0, "2017-06-30": 0, "2017-03-31": "", "2016-12-31": 0, "2016-09-30": 0, "2016-06-30": 0, "2016-03-31": "", "2015-12-31": 0, "2015-09-30": 0, "2015-06-30": 0, "2015-03-31": "", "2014-12-31": 0, "2014-09-30": 0, "2014-06-30": 0, "2014-03-31": "", "2013-12-31": 0, "2013-09-30": 0, "2013-06-30": 0, "2013-03-31": "", "2012-12-31": 0, "2012-09-30": 0, "2012-06-30": 0, "2012-03-31": "", "2011-12-31": 0, "2011-09-30": 0, "2011-06-30": -8, "2011-03-31": "8.00000", "2010-12-31": 93, "2010-09-30": -8, "2010-06-30": -85, "2010-03-31": "", "2009-12-31": 0, "2009-09-30": 0, "2009-06-30": 0, "2009-03-31": "", "2008-12-31": 0, "2008-09-30": 0, "2008-06-30": 0, "2008-03-31": "", "2007-12-31": 0, "2007-09-30": 0, "2007-06-30": 0, "2007-03-31": "", "2006-12-31": 0, "2006-09-30": 0, "2006-06-30": 0, "2006-03-31": "", "2005-12-31": 0, "2005-09-30": 0, "2005-06-30": 0, "2005-03-31": ""}, "Change In Assets/Liabilities": {"2020-12-31": 37, "2020-09-30": -9, "2020-06-30": -23, "2020-03-31": "-6.00000", "2019-12-31": 438, "2019-09-30": 123, "2019-06-30": -125, "2019-03-31": "-328.00000", "2018-12-31": 23, "2018-09-30": -45, "2018-06-30": -19, "2018-03-31": "31.00000", "2017-12-31": -71, "2017-09-30": 28, "2017-06-30": -30, "2017-03-31": "75.00000", "2016-12-31": -10, "2016-09-30": -16, "2016-06-30": 39, "2016-03-31": "4.00000", "2015-12-31": 76, "2015-09-30": -97, "2015-06-30": 10, "2015-03-31": "-85.00000", "2014-12-31": -3, "2014-09-30": -78, "2014-06-30": 32, "2014-03-31": "19.00000", "2013-12-31": 126, "2013-09-30": 98, "2013-06-30": -211, "2013-03-31": "-64.00000", "2012-12-31": 207, "2012-09-30": -94, "2012-06-30": -85, "2012-03-31": "7.00000", "2011-12-31": -78, "2011-09-30": -109, "2011-06-30": 33, "2011-03-31": "-4.00000", "2010-12-31": -265, "2010-09-30": -1, "2010-06-30": -119, "2010-03-31": "-13.00000", "2009-12-31": 169, "2009-09-30": -108, "2009-06-30": 2, "2009-03-31": "3.00000", "2008-12-31": -214, "2008-09-30": -12, "2008-06-30": 6, "2008-03-31": "-44.00000", "2007-12-31": 156, "2007-09-30": -1, "2007-06-30": 2, "2007-03-31": "-33.00000", "2006-12-31": -36, "2006-09-30": 7, "2006-06-30": -24, "2006-03-31": "-107.00000", "2005-12-31": -147, "2005-09-30": 0, "2005-06-30": -14, "2005-03-31": "-88.00000"}, "Total Change In Assets/Liabilities": {"2020-12-31": 372, "2020-09-30": 29, "2020-06-30": 104, "2020-03-31": "-360.00000", "2019-12-31": 765, "2019-09-30": 129, "2019-06-30": -514, "2019-03-31": "-447.00000", "2018-12-31": 231, "2018-09-30": 69, "2018-06-30": -31, "2018-03-31": "-120.00000", "2017-12-31": -80, "2017-09-30": 69, "2017-06-30": -61, "2017-03-31": "-18.00000", "2016-12-31": 63, "2016-09-30": 89, "2016-06-30": 11, "2016-03-31": "-100.00000", "2015-12-31": 105, "2015-09-30": -66, "2015-06-30": 10, "2015-03-31": "-207.00000", "2014-12-31": 87, "2014-09-30": -43, "2014-06-30": 66, "2014-03-31": "-249.00000", "2013-12-31": 279, "2013-09-30": 111, "2013-06-30": -231, "2013-03-31": "-241.00000", "2012-12-31": 331, "2012-09-30": -127, "2012-06-30": 5, "2012-03-31": "-262.00000", "2011-12-31": 120, "2011-09-30": 68, "2011-06-30": -107, "2011-03-31": "-334.00000", "2010-12-31": -44, "2010-09-30": -41, "2010-06-30": -191, "2010-03-31": "-99.00000", "2009-12-31": 257, "2009-09-30": -97, "2009-06-30": -33, "2009-03-31": "-142.00000", "2008-12-31": -52, "2008-09-30": 100, "2008-06-30": -66, "2008-03-31": "-179.00000", "2007-12-31": 122, "2007-09-30": 38, "2007-06-30": -20, "2007-03-31": "-194.00000", "2006-12-31": 88, "2006-09-30": 96, "2006-06-30": -44, "2006-03-31": "-198.00000", "2005-12-31": -122, "2005-09-30": 109, "2005-06-30": -50, "2005-03-31": "-60.00000"}, "Cash Flow From Operating Activities": {"2020-12-31": 2434, "2020-09-30": 1884, "2020-06-30": 1764, "2020-03-31": "1347.00000", "2019-12-31": 2174, "2019-09-30": 1872, "2019-06-30": 1005, "2019-03-31": "1068.00000", "2018-12-31": 1305, "2018-09-30": 871, "2018-06-30": 790, "2018-03-31": "688.00000", "2017-12-31": 836, "2017-09-30": 794, "2017-06-30": 701, "2017-03-31": "710.00000", "2016-12-31": 742, "2016-09-30": 788, "2016-06-30": 706, "2016-03-31": "553.00000", "2015-12-31": 791, "2015-09-30": 676, "2015-06-30": 720, "2015-03-31": "508.00000", "2014-12-31": 791, "2014-09-30": 713, "2014-06-30": 847, "2014-03-31": "536.00000", "2013-12-31": 964, "2013-09-30": 904, "2013-06-30": 577, "2013-03-31": "472.00000", "2012-12-31": 879, "2012-09-30": 746, "2012-06-30": 725, "2012-03-31": "402.00000", "2011-12-31": 791, "2011-09-30": 732, "2011-06-30": 573, "2011-03-31": "359.00000", "2010-12-31": 290, "2010-09-30": 596, "2010-06-30": 536, "2010-03-31": "483.00000", "2009-12-31": 709, "2009-09-30": 547, "2009-06-30": 563, "2009-03-31": "349.00000", "2008-12-31": 640, "2008-09-30": 630, "2008-06-30": 389, "2008-03-31": "379.00000", "2007-12-31": 587, "2007-09-30": 592, "2007-06-30": 481, "2007-03-31": "298.00000", "2006-12-31": 563, "2006-09-30": 554, "2006-06-30": 392, "2006-03-31": "243.00000", "2005-12-31": 376, "2005-09-30": 420, "2005-06-30": 390, "2005-03-31": "289.00000"}, "Net Change In Property, Plant, And Equipment": {"2020-12-31": -1027, "2020-09-30": -787, "2020-06-30": -783, "2020-03-31": "-803.00000", "2019-12-31": -1015, "2019-09-30": -959, "2019-06-30": -865, "2019-03-31": "-843.00000", "2018-12-31": -827, "2018-09-30": -380, "2018-06-30": -351, "2018-03-31": "-325.00000", "2017-12-31": -339, "2017-09-30": -320, "2017-06-30": -325, "2017-03-31": "-327.00000", "2016-12-31": -409, "2016-09-30": -376, "2016-06-30": -357, "2016-03-31": "-323.00000", "2015-12-31": -387, "2015-09-30": -405, "2015-06-30": -352, "2015-03-31": "-397.00000", "2014-12-31": -482, "2014-09-30": -430, "2014-06-30": -384, "2014-03-31": "-393.00000", "2013-12-31": -516, "2013-09-30": -516, "2013-06-30": -522, "2013-03-31": "-466.00000", "2012-12-31": -586, "2012-09-30": -547, "2012-06-30": -564, "2012-03-31": "-483.00000", "2011-12-31": -572, "2011-09-30": -458, "2011-06-30": -433, "2011-03-31": "-334.00000", "2010-12-31": -451, "2010-09-30": -324, "2010-06-30": -325, "2010-03-31": "-288.00000", "2009-12-31": -355, "2009-09-30": -334, "2009-06-30": -370, "2009-03-31": "-293.00000", "2008-12-31": -482, "2008-09-30": -405, "2008-06-30": -380, "2008-03-31": "-344.00000", "2007-12-31": -402, "2007-09-30": -360, "2007-06-30": -329, "2007-03-31": "-285.00000", "2006-12-31": -300, "2006-09-30": -274, "2006-06-30": -270, "2006-03-31": "-256.00000", "2005-12-31": -279, "2005-09-30": -235, "2005-06-30": -198, "2005-03-31": "-165.00000"}, "Net Change In Intangible Assets": {"2020-12-31": 0, "2020-09-30": 0, "2020-06-30": 0, "2020-03-31": "", "2019-12-31": 0, "2019-09-30": 0, "2019-06-30": 0, "2019-03-31": "", "2018-12-31": 0, "2018-09-30": 0, "2018-06-30": 0, "2018-03-31": "", "2017-12-31": 0, "2017-09-30": 0, "2017-06-30": 0, "2017-03-31": "", "2016-12-31": 0, "2016-09-30": 0, "2016-06-30": 0, "2016-03-31": "", "2015-12-31": 0, "2015-09-30": 0, "2015-06-30": 0, "2015-03-31": "", "2014-12-31": 0, "2014-09-30": 0, "2014-06-30": 0, "2014-03-31": "", "2013-12-31": 0, "2013-09-30": 0, "2013-06-30": 0, "2013-03-31": "", "2012-12-31": 0, "2012-09-30": 0, "2012-06-30": 0, "2012-03-31": "", "2011-12-31": 0, "2011-09-30": 0, "2011-06-30": 0, "2011-03-31": "", "2010-12-31": 0, "2010-09-30": 0, "2010-06-30": 0, "2010-03-31": "", "2009-12-31": 0, "2009-09-30": 0, "2009-06-30": 0, "2009-03-31": "", "2008-12-31": 0, "2008-09-30": 0, "2008-06-30": 0, "2008-03-31": "", "2007-12-31": 0, "2007-09-30": 0, "2007-06-30": 0, "2007-03-31": "", "2006-12-31": 0, "2006-09-30": 0, "2006-06-30": 0, "2006-03-31": "", "2005-12-31": 0, "2005-09-30": 0, "2005-06-30": 0, "2005-03-31": ""}, "Net Acquisitions/Divestitures": {"2020-12-31": 20, "2020-09-30": 55, "2020-06-30": 149, "2020-03-31": "190.00000", "2019-12-31": 72, "2019-09-30": 250, "2019-06-30": 1246, "2019-03-31": "3303.00000", "2018-12-31": 7175, "2018-09-30": 2, "2018-06-30": 62, "2018-03-31": "7.00000", "2017-12-31": -7, "2017-09-30": -11, "2017-06-30": 12, "2017-03-31": "3.00000", "2016-12-31": -1, "2016-09-30": 13, "2016-06-30": -256, "2016-03-31": "-61.00000", "2015-12-31": 36, "2015-09-30": 5, "2015-06-30": 200, "2015-03-31": "-3.00000", "2014-12-31": -9, "2014-09-30": -6, "2014-06-30": -41, "2014-03-31": "-58.00000", "2013-12-31": 29, "2013-09-30": -15, "2013-06-30": -164, "2013-03-31": "-1067.00000", "2012-12-31": -166, "2012-09-30": -52, "2012-06-30": -32, "2012-03-31": "52.00000", "2011-12-31": -149, "2011-09-30": -16, "2011-06-30": -73, "2011-03-31": "30.00000", "2010-12-31": -6, "2010-09-30": -91, "2010-06-30": -3, "2010-03-31": "4.00000", "2009-12-31": 8, "2009-09-30": -110, "2009-06-30": -1, "2009-03-31": "3.00000", "2008-12-31": -19, "2008-09-30": -33, "2008-06-30": 0, "2008-03-31": "-24.00000", "2007-12-31": -121, "2007-09-30": -10, "2007-06-30": -14, "2007-03-31": "-292.00000", "2006-12-31": 7, "2006-09-30": 98, "2006-06-30": 5, "2006-03-31": "2.00000", "2005-12-31": -27, "2005-09-30": 9, "2005-06-30": -3, "2005-03-31": "11.00000"}, "Net Change In Short-term Investments": {"2020-12-31": 0, "2020-09-30": 0, "2020-06-30": 0, "2020-03-31": "", "2019-12-31": 0, "2019-09-30": 0, "2019-06-30": 0, "2019-03-31": "", "2018-12-31": 0, "2018-09-30": 0, "2018-06-30": 0, "2018-03-31": "", "2017-12-31": 0, "2017-09-30": 0, "2017-06-30": 0, "2017-03-31": "", "2016-12-31": 0, "2016-09-30": 0, "2016-06-30": 0, "2016-03-31": "", "2015-12-31": 0, "2015-09-30": 0, "2015-06-30": 0, "2015-03-31": "", "2014-12-31": 0, "2014-09-30": 0, "2014-06-30": 0, "2014-03-31": "", "2013-12-31": 0, "2013-09-30": 0, "2013-06-30": 0, "2013-03-31": "", "2012-12-31": 0, "2012-09-30": 0, "2012-06-30": 0, "2012-03-31": "", "2011-12-31": 0, "2011-09-30": 0, "2011-06-30": 0, "2011-03-31": "", "2010-12-31": 0, "2010-09-30": 0, "2010-06-30": 0, "2010-03-31": "", "2009-12-31": 0, "2009-09-30": 0, "2009-06-30": 0, "2009-03-31": "", "2008-12-31": 0, "2008-09-30": 0, "2008-06-30": 0, "2008-03-31": "", "2007-12-31": 0, "2007-09-30": 0, "2007-06-30": 0, "2007-03-31": "", "2006-12-31": 0, "2006-09-30": 0, "2006-06-30": 0, "2006-03-31": "", "2005-12-31": 0, "2005-09-30": 0, "2005-06-30": 0, "2005-03-31": ""}, "Net Change In Long-Term Investments": {"2020-12-31": 0, "2020-09-30": 0, "2020-06-30": 0, "2020-03-31": "", "2019-12-31": 0, "2019-09-30": 0, "2019-06-30": 0, "2019-03-31": "", "2018-12-31": 0, "2018-09-30": 0, "2018-06-30": 0, "2018-03-31": "", "2017-12-31": 0, "2017-09-30": 0, "2017-06-30": 0, "2017-03-31": "", "2016-12-31": 0, "2016-09-30": 0, "2016-06-30": 0, "2016-03-31": "", "2015-12-31": 0, "2015-09-30": 0, "2015-06-30": 0, "2015-03-31": "", "2014-12-31": 0, "2014-09-30": 0, "2014-06-30": 0, "2014-03-31": "", "2013-12-31": 0, "2013-09-30": 0, "2013-06-30": 0, "2013-03-31": "", "2012-12-31": 0, "2012-09-30": 0, "2012-06-30": 0, "2012-03-31": "", "2011-12-31": 0, "2011-09-30": 0, "2011-06-30": 0, "2011-03-31": "", "2010-12-31": 0, "2010-09-30": 0, "2010-06-30": 0, "2010-03-31": "", "2009-12-31": 0, "2009-09-30": 0, "2009-06-30": 0, "2009-03-31": "", "2008-12-31": 0, "2008-09-30": 0, "2008-06-30": 0, "2008-03-31": "", "2007-12-31": 0, "2007-09-30": 0, "2007-06-30": 0, "2007-03-31": "", "2006-12-31": 0, "2006-09-30": 0, "2006-06-30": 0, "2006-03-31": "", "2005-12-31": 0, "2005-09-30": 0, "2005-06-30": 0, "2005-03-31": ""}, "Net Change In Investments - Total": {"2020-12-31": 0, "2020-09-30": 0, "2020-06-30": 0, "2020-03-31": "", "2019-12-31": 0, "2019-09-30": 0, "2019-06-30": 0, "2019-03-31": "", "2018-12-31": 0, "2018-09-30": 0, "2018-06-30": 0, "2018-03-31": "", "2017-12-31": 0, "2017-09-30": 0, "2017-06-30": 0, "2017-03-31": "", "2016-12-31": 0, "2016-09-30": 0, "2016-06-30": 0, "2016-03-31": "", "2015-12-31": 0, "2015-09-30": 0, "2015-06-30": 0, "2015-03-31": "", "2014-12-31": 0, "2014-09-30": 0, "2014-06-30": 0, "2014-03-31": "", "2013-12-31": 0, "2013-09-30": 0, "2013-06-30": 0, "2013-03-31": "", "2012-12-31": 0, "2012-09-30": 0, "2012-06-30": 0, "2012-03-31": "", "2011-12-31": 0, "2011-09-30": 0, "2011-06-30": 0, "2011-03-31": "", "2010-12-31": 0, "2010-09-30": 0, "2010-06-30": 0, "2010-03-31": "", "2009-12-31": 0, "2009-09-30": 0, "2009-06-30": 0, "2009-03-31": "", "2008-12-31": 0, "2008-09-30": 0, "2008-06-30": 0, "2008-03-31": "", "2007-12-31": 0, "2007-09-30": 0, "2007-06-30": 0, "2007-03-31": "", "2006-12-31": 0, "2006-09-30": 0, "2006-06-30": 0, "2006-03-31": "", "2005-12-31": 0, "2005-09-30": 0, "2005-06-30": 0, "2005-03-31": ""}, "Investing Activities - Other": {"2020-12-31": 0, "2020-09-30": 0, "2020-06-30": 0, "2020-03-31": "", "2019-12-31": 0, "2019-09-30": 0, "2019-06-30": 0, "2019-03-31": "", "2018-12-31": 0, "2018-09-30": 0, "2018-06-30": 0, "2018-03-31": "", "2017-12-31": 0, "2017-09-30": 0, "2017-06-30": 0, "2017-03-31": "", "2016-12-31": 0, "2016-09-30": 0, "2016-06-30": 0, "2016-03-31": "", "2015-12-31": 0, "2015-09-30": 0, "2015-06-30": 0, "2015-03-31": "", "2014-12-31": 0, "2014-09-30": 0, "2014-06-30": 0, "2014-03-31": "", "2013-12-31": 0, "2013-09-30": 0, "2013-06-30": 0, "2013-03-31": "", "2012-12-31": 0, "2012-09-30": 0, "2012-06-30": 0, "2012-03-31": "", "2011-12-31": 0, "2011-09-30": 0, "2011-06-30": 0, "2011-03-31": "", "2010-12-31": 0, "2010-09-30": 0, "2010-06-30": 0, "2010-03-31": "", "2009-12-31": 0, "2009-09-30": 0, "2009-06-30": 0, "2009-03-31": "", "2008-12-31": 0, "2008-09-30": 0, "2008-06-30": 0, "2008-03-31": "", "2007-12-31": 0, "2007-09-30": 0, "2007-06-30": 0, "2007-03-31": "", "2006-12-31": 0, "2006-09-30": 0, "2006-06-30": 0, "2006-03-31": "", "2005-12-31": 0, "2005-09-30": 0, "2005-06-30": 0, "2005-03-31": ""}, "Cash Flow From Investing Activities": {"2020-12-31": -1007, "2020-09-30": -732, "2020-06-30": -634, "2020-03-31": "-613.00000", "2019-12-31": -943, "2019-09-30": -709, "2019-06-30": 381, "2019-03-31": "2460.00000", "2018-12-31": 6348, "2018-09-30": -378, "2018-06-30": -289, "2018-03-31": "-318.00000", "2017-12-31": -346, "2017-09-30": -331, "2017-06-30": -313, "2017-03-31": "-324.00000", "2016-12-31": -410, "2016-09-30": -363, "2016-06-30": -613, "2016-03-31": "-384.00000", "2015-12-31": -351, "2015-09-30": -400, "2015-06-30": -152, "2015-03-31": "-400.00000", "2014-12-31": -491, "2014-09-30": -436, "2014-06-30": -425, "2014-03-31": "-451.00000", "2013-12-31": -487, "2013-09-30": -531, "2013-06-30": -686, "2013-03-31": "-1533.00000", "2012-12-31": -752, "2012-09-30": -599, "2012-06-30": -596, "2012-03-31": "-431.00000", "2011-12-31": -721, "2011-09-30": -474, "2011-06-30": -506, "2011-03-31": "-304.00000", "2010-12-31": -457, "2010-09-30": -415, "2010-06-30": -328, "2010-03-31": "-284.00000", "2009-12-31": -347, "2009-09-30": -444, "2009-06-30": -371, "2009-03-31": "-290.00000", "2008-12-31": -501, "2008-09-30": -438, "2008-06-30": -380, "2008-03-31": "-368.00000", "2007-12-31": -523, "2007-09-30": -370, "2007-06-30": -343, "2007-03-31": "-577.00000", "2006-12-31": -293, "2006-09-30": -176, "2006-06-30": -265, "2006-03-31": "-254.00000", "2005-12-31": -306, "2005-09-30": -226, "2005-06-30": -201, "2005-03-31": "-154.00000"}, "Net Long-Term Debt": {"2020-12-31": 132, "2020-09-30": -397, "2020-06-30": 1615, "2020-03-31": "-37.00000", "2019-12-31": 29, "2019-09-30": -247, "2019-06-30": -772, "2019-03-31": "-494.00000", "2018-12-31": -2613, "2018-09-30": 2, "2018-06-30": -2, "2018-03-31": "-503.00000", "2017-12-31": -423, "2017-09-30": -1, "2017-06-30": 1, "2017-03-31": "-149.00000", "2016-12-31": -31, "2016-09-30": 15, "2016-06-30": 10, "2016-03-31": "172.00000", "2015-12-31": 0, "2015-09-30": 243, "2015-06-30": 2, "2015-03-31": "252.00000", "2014-12-31": 227, "2014-09-30": 5, "2014-06-30": 6, "2014-03-31": "544.00000", "2013-12-31": 146, "2013-09-30": 13, "2013-06-30": -223, "2013-03-31": "1376.00000", "2012-12-31": 174, "2012-09-30": -330, "2012-06-30": 304, "2012-03-31": "366.00000", "2011-12-31": 337, "2011-09-30": 129, "2011-06-30": 186, "2011-03-31": "309.00000", "2010-12-31": 362, "2010-09-30": -13, "2010-06-30": -456, "2010-03-31": "482.00000", "2009-12-31": -178, "2009-09-30": 242, "2009-06-30": 262, "2009-03-31": "67.00000", "2008-12-31": 737, "2008-09-30": 47, "2008-06-30": 95, "2008-03-31": "153.00000", "2007-12-31": -8, "2007-09-30": -110, "2007-06-30": -9, "2007-03-31": "398.00000", "2006-12-31": 145, "2006-09-30": -3, "2006-06-30": -115, "2006-03-31": "-67.00000", "2005-12-31": 392, "2005-09-30": 1, "2005-06-30": -157, "2005-03-31": "-7.00000"}, "Net Current Debt": {"2020-12-31": -2154, "2020-09-30": 209, "2020-06-30": -1204, "2020-03-31": "3149.00000", "2019-12-31": 455, "2019-09-30": -220, "2019-06-30": 522, "2019-03-31": "-533.00000", "2018-12-31": 330, "2018-09-30": -135, "2018-06-30": -275, "2018-03-31": "288.00000", "2017-12-31": 154, "2017-09-30": -196, "2017-06-30": -133, "2017-03-31": "-24.00000", "2016-12-31": -168, "2016-09-30": -149, "2016-06-30": 585, "2016-03-31": "-77.00000", "2015-12-31": -203, "2015-09-30": -73, "2015-06-30": -91, "2015-03-31": "38.00000", "2014-12-31": -32, "2014-09-30": 25, "2014-06-30": -106, "2014-03-31": "-80.00000", "2013-12-31": -355, "2013-09-30": -98, "2013-06-30": 662, "2013-03-31": "-60.00000", "2012-12-31": 50, "2012-09-30": 461, "2012-06-30": -130, "2012-03-31": "-88.00000", "2011-12-31": -148, "2011-09-30": 75, "2011-06-30": 72, "2011-03-31": "-46.00000", "2010-12-31": 147, "2010-09-30": 21, "2010-06-30": 73, "2010-03-31": "-126.00000", "2009-12-31": -19, "2009-09-30": -164, "2009-06-30": -276, "2009-03-31": "4.00000", "2008-12-31": -570, "2008-09-30": 417, "2008-06-30": -68, "2008-03-31": "176.00000", "2007-12-31": 83, "2007-09-30": 357, "2007-06-30": -58, "2007-03-31": "142.00000", "2006-12-31": -177, "2006-09-30": -289, "2006-06-30": 119, "2006-03-31": "9.00000", "2005-12-31": -203, "2005-09-30": -62, "2005-06-30": 66, "2005-03-31": "-33.00000"}, "Debt Issuance/Retirement Net - Total": {"2020-12-31": -2022, "2020-09-30": -188, "2020-06-30": 411, "2020-03-31": "3112.00000", "2019-12-31": 484, "2019-09-30": -467, "2019-06-30": -250, "2019-03-31": "-1027.00000", "2018-12-31": -2283, "2018-09-30": -133, "2018-06-30": -277, "2018-03-31": "-215.00000", "2017-12-31": -269, "2017-09-30": -197, "2017-06-30": -132, "2017-03-31": "-173.00000", "2016-12-31": -199, "2016-09-30": -134, "2016-06-30": 595, "2016-03-31": "95.00000", "2015-12-31": -203, "2015-09-30": 170, "2015-06-30": -89, "2015-03-31": "290.00000", "2014-12-31": 195, "2014-09-30": 30, "2014-06-30": -100, "2014-03-31": "464.00000", "2013-12-31": -209, "2013-09-30": -85, "2013-06-30": 439, "2013-03-31": "1316.00000", "2012-12-31": 224, "2012-09-30": 131, "2012-06-30": 174, "2012-03-31": "278.00000", "2011-12-31": 189, "2011-09-30": 204, "2011-06-30": 258, "2011-03-31": "263.00000", "2010-12-31": 509, "2010-09-30": 8, "2010-06-30": -383, "2010-03-31": "356.00000", "2009-12-31": -197, "2009-09-30": 78, "2009-06-30": -14, "2009-03-31": "71.00000", "2008-12-31": 167, "2008-09-30": 464, "2008-06-30": 27, "2008-03-31": "329.00000", "2007-12-31": 75, "2007-09-30": 247, "2007-06-30": -67, "2007-03-31": "540.00000", "2006-12-31": -32, "2006-09-30": -292, "2006-06-30": 4, "2006-03-31": "-58.00000", "2005-12-31": 189, "2005-09-30": -61, "2005-06-30": -91, "2005-03-31": "-40.00000"}, "Net Common Equity Issued/Repurchased": {"2020-12-31": -421, "2020-09-30": -186, "2020-06-30": 12, "2020-03-31": "-1815.00000", "2019-12-31": -712, "2019-09-30": -679, "2019-06-30": -498, "2019-03-31": "-697.00000", "2018-12-31": -590, "2018-09-30": 25, "2018-06-30": 14, "2018-03-31": "29.00000", "2017-12-31": 29, "2017-09-30": 20, "2017-06-30": 44, "2017-03-31": "15.00000", "2016-12-31": -65, "2016-09-30": -1, "2016-06-30": -25, "2016-03-31": "2.00000", "2015-12-31": -7, "2015-09-30": -222, "2015-06-30": -217, "2015-03-31": "-191.00000", "2014-12-31": -282, "2014-09-30": -100, "2014-06-30": -140, "2014-03-31": "-237.00000", "2013-12-31": -86, "2013-09-30": -81, "2013-06-30": -152, "2013-03-31": "-117.00000", "2012-12-31": -147, "2012-09-30": -106, "2012-06-30": -104, "2012-03-31": "-102.00000", "2011-12-31": -148, "2011-09-30": -251, "2011-06-30": -205, "2011-03-31": "-138.00000", "2010-12-31": -265, "2010-09-30": -54, "2010-06-30": -17, "2010-03-31": "-68.00000", "2009-12-31": -64, "2009-09-30": -29, "2009-06-30": -64, "2009-03-31": "16.00000", "2008-12-31": -177, "2008-09-30": -537, "2008-06-30": 49, "2008-03-31": "-227.00000", "2007-12-31": -65, "2007-09-30": -385, "2007-06-30": 0, "2007-03-31": "-186.00000", "2006-12-31": -161, "2006-09-30": 2, "2006-06-30": -58, "2006-03-31": "-3.00000", "2005-12-31": -14, "2005-09-30": -74, "2005-06-30": -35, "2005-03-31": "-31.00000"}, "Net Total Equity Issued/Repurchased": {"2020-12-31": -421, "2020-09-30": -186, "2020-06-30": 12, "2020-03-31": "-1815.00000", "2019-12-31": -712, "2019-09-30": -679, "2019-06-30": -498, "2019-03-31": "-697.00000", "2018-12-31": -590, "2018-09-30": 25, "2018-06-30": 14, "2018-03-31": "29.00000", "2017-12-31": 29, "2017-09-30": 20, "2017-06-30": 44, "2017-03-31": "15.00000", "2016-12-31": -65, "2016-09-30": -1, "2016-06-30": -25, "2016-03-31": "2.00000", "2015-12-31": -7, "2015-09-30": -222, "2015-06-30": -217, "2015-03-31": "-191.00000", "2014-12-31": -282, "2014-09-30": -100, "2014-06-30": -140, "2014-03-31": "-237.00000", "2013-12-31": -86, "2013-09-30": -81, "2013-06-30": -152, "2013-03-31": "-117.00000", "2012-12-31": -147, "2012-09-30": -106, "2012-06-30": -104, "2012-03-31": "-102.00000", "2011-12-31": -148, "2011-09-30": -251, "2011-06-30": -205, "2011-03-31": "-138.00000", "2010-12-31": -265, "2010-09-30": -54, "2010-06-30": -17, "2010-03-31": "-68.00000", "2009-12-31": -64, "2009-09-30": -29, "2009-06-30": -64, "2009-03-31": "16.00000", "2008-12-31": -177, "2008-09-30": -537, "2008-06-30": 49, "2008-03-31": "-227.00000", "2007-12-31": -65, "2007-09-30": -385, "2007-06-30": 0, "2007-03-31": "-186.00000", "2006-12-31": -161, "2006-09-30": 2, "2006-06-30": -58, "2006-03-31": "-3.00000", "2005-12-31": -14, "2005-09-30": -74, "2005-06-30": -35, "2005-03-31": "-31.00000"}, "Total Common And Preferred Stock Dividends Paid": {"2020-12-31": -505, "2020-09-30": -506, "2020-06-30": -506, "2020-03-31": "-511.00000", "2019-12-31": -469, "2019-09-30": -471, "2019-06-30": -474, "2019-03-31": "-477.00000", "2018-12-31": -454, "2018-09-30": -238, "2018-06-30": -237, "2018-03-31": "-237.00000", "2017-12-31": -226, "2017-09-30": -225, "2017-06-30": -225, "2017-03-31": "-225.00000", "2016-12-31": -214, "2016-09-30": -214, "2016-06-30": -214, "2016-03-31": "-214.00000", "2015-12-31": -204, "2015-09-30": -203, "2015-06-30": -205, "2015-03-31": "-207.00000", "2014-12-31": -189, "2014-09-30": -189, "2014-06-30": -190, "2014-03-31": "-191.00000", "2013-12-31": -177, "2013-09-30": -176, "2013-06-30": -177, "2013-03-31": "-178.00000", "2012-12-31": -163, "2012-09-30": -164, "2012-06-30": -164, "2012-03-31": "-164.00000", "2011-12-31": -149, "2011-09-30": -150, "2011-06-30": -151, "2011-03-31": "-152.00000", "2010-12-31": -137, "2010-09-30": -139, "2010-06-30": -137, "2010-03-31": "-138.00000", "2009-12-31": -123, "2009-09-30": -122, "2009-06-30": -123, "2009-03-31": "-123.00000", "2008-12-31": -115, "2008-09-30": -117, "2008-06-30": -119, "2008-03-31": "-117.00000", "2007-12-31": -94, "2007-09-30": -95, "2007-06-30": -96, "2007-03-31": "-96.00000", "2006-12-31": -81, "2006-09-30": -81, "2006-06-30": -80, "2006-03-31": "-81.00000", "2005-12-31": -59, "2005-09-30": -58, "2005-06-30": -58, "2005-03-31": "-58.00000"}, "Financial Activities - Other": {"2020-12-31": -19, "2020-09-30": -53, "2020-06-30": -121, "2020-03-31": "-27.00000", "2019-12-31": -3, "2019-09-30": -35, "2019-06-30": -3212, "2019-03-31": "-10.00000", "2018-12-31": -369, "2018-09-30": -11, "2018-06-30": -16, "2018-03-31": "-6.00000", "2017-12-31": -7, "2017-09-30": -1, "2017-06-30": -71, "2017-03-31": "-13.00000", "2016-12-31": 51, "2016-09-30": -13, "2016-06-30": -107, "2016-03-31": "-2.00000", "2015-12-31": 4, "2015-09-30": -5, "2015-06-30": -29, "2015-03-31": "8.00000", "2014-12-31": -3, "2014-09-30": -8, "2014-06-30": 33, "2014-03-31": "-120.00000", "2013-12-31": 4, "2013-09-30": 0, "2013-06-30": -2, "2013-03-31": "9.00000", "2012-12-31": 9, "2012-09-30": -8, "2012-06-30": -29, "2012-03-31": "32.00000", "2011-12-31": 7, "2011-09-30": 3, "2011-06-30": 23, "2011-03-31": "17.00000", "2010-12-31": 25, "2010-09-30": 19, "2010-06-30": 2, "2010-03-31": "", "2009-12-31": 1, "2009-09-30": -2, "2009-06-30": -16, "2009-03-31": "", "2008-12-31": -3, "2008-09-30": -1, "2008-06-30": 38, "2008-03-31": "6.00000", "2007-12-31": 10, "2007-09-30": 12, "2007-06-30": 19, "2007-03-31": "11.00000", "2006-12-31": 16, "2006-09-30": -7, "2006-06-30": -4, "2006-03-31": "11.00000", "2005-12-31": -30, "2005-09-30": -11, "2005-06-30": -3, "2005-03-31": "-4.00000"}, "Cash Flow From Financial Activities": {"2020-12-31": -2967, "2020-09-30": -933, "2020-06-30": -204, "2020-03-31": "759.00000", "2019-12-31": -700, "2019-09-30": -1652, "2019-06-30": -4434, "2019-03-31": "-2211.00000", "2018-12-31": -3696, "2018-09-30": -357, "2018-06-30": -516, "2018-03-31": "-429.00000", "2017-12-31": -473, "2017-09-30": -403, "2017-06-30": -384, "2017-03-31": "-396.00000", "2016-12-31": -427, "2016-09-30": -362, "2016-06-30": 249, "2016-03-31": "-119.00000", "2015-12-31": -410, "2015-09-30": -260, "2015-06-30": -540, "2015-03-31": "-100.00000", "2014-12-31": -279, "2014-09-30": -267, "2014-06-30": -397, "2014-03-31": "-84.00000", "2013-12-31": -468, "2013-09-30": -342, "2013-06-30": 108, "2013-03-31": "1030.00000", "2012-12-31": -77, "2012-09-30": -147, "2012-06-30": -123, "2012-03-31": "44.00000", "2011-12-31": -101, "2011-09-30": -194, "2011-06-30": -75, "2011-03-31": "-10.00000", "2010-12-31": 132, "2010-09-30": -166, "2010-06-30": -535, "2010-03-31": "150.00000", "2009-12-31": -383, "2009-09-30": -75, "2009-06-30": -217, "2009-03-31": "-36.00000", "2008-12-31": -128, "2008-09-30": -191, "2008-06-30": -5, "2008-03-31": "-9.00000", "2007-12-31": -74, "2007-09-30": -221, "2007-06-30": -144, "2007-03-31": "269.00000", "2006-12-31": -258, "2006-09-30": -378, "2006-06-30": -138, "2006-03-31": "-131.00000", "2005-12-31": 86, "2005-09-30": -204, "2005-06-30": -187, "2005-03-31": "-133.00000"}, "Net Cash Flow": {"2020-12-31": -1445, "2020-09-30": 258, "2020-06-30": 927, "2020-03-31": "1314.00000", "2019-12-31": 567, "2019-09-30": -553, "2019-06-30": -3105, "2019-03-31": "1325.00000", "2018-12-31": 3866, "2018-09-30": 121, "2018-06-30": -66, "2018-03-31": "-72.00000", "2017-12-31": 10, "2017-09-30": 72, "2017-06-30": 16, "2017-03-31": "-5.00000", "2016-12-31": -103, "2016-09-30": 60, "2016-06-30": 346, "2016-03-31": "74.00000", "2015-12-31": 11, "2015-09-30": 0, "2015-06-30": 19, "2015-03-31": "-9.00000", "2014-12-31": -42, "2014-09-30": -5, "2014-06-30": 29, "2014-03-31": "6.00000", "2013-12-31": 4, "2013-09-30": 32, "2013-06-30": -11, "2013-03-31": "-44.00000", "2012-12-31": 49, "2012-09-30": 4, "2012-06-30": -3, "2012-03-31": "17.00000", "2011-12-31": -35, "2011-09-30": 45, "2011-06-30": -6, "2011-03-31": "47.00000", "2010-12-31": -32, "2010-09-30": 23, "2010-06-30": -328, "2010-03-31": "331.00000", "2009-12-31": -20, "2009-09-30": 32, "2009-06-30": -21, "2009-03-31": "22.00000", "2008-12-31": 8, "2008-09-30": -3, "2008-06-30": 6, "2008-03-31": "4.00000", "2007-12-31": -9, "2007-09-30": 4, "2007-06-30": -4, "2007-03-31": "-10.00000", "2006-12-31": 14, "2006-09-30": 1, "2006-06-30": -11, "2006-03-31": "-141.00000", "2005-12-31": 154, "2005-09-30": -9, "2005-06-30": 2, "2005-03-31": "1.00000"}, "Stock-Based Compensation": {"2020-12-31": -104, "2020-09-30": 29, "2020-06-30": 32, "2020-03-31": "43.00000", "2019-12-31": 31, "2019-09-30": 26, "2019-06-30": 22, "2019-03-31": "16.00000", "2018-12-31": 22, "2018-09-30": 19, "2018-06-30": 17, "2018-03-31": "4.00000", "2017-12-31": 15, "2017-09-30": 16, "2017-06-30": 16, "2017-03-31": "12.00000", "2016-12-31": 3, "2016-09-30": 14, "2016-06-30": 14, "2016-03-31": "8.00000", "2015-12-31": 5, "2015-09-30": 8, "2015-06-30": 10, "2015-03-31": "7.00000", "2014-12-31": 9, "2014-09-30": 14, "2014-06-30": 13, "2014-03-31": "15.00000", "2013-12-31": 18, "2013-09-30": 18, "2013-06-30": 17, "2013-03-31": "17.00000", "2012-12-31": 18, "2012-09-30": 17, "2012-06-30": 18, "2012-03-31": "17.00000", "2011-12-31": 16, "2011-09-30": 16, "2011-06-30": 16, "2011-03-31": "14.00000", "2010-12-31": 12, "2010-09-30": 12, "2010-06-30": 13, "2010-03-31": "10.00000", "2009-12-31": 9, "2009-09-30": 11, "2009-06-30": 10, "2009-03-31": "9.00000", "2008-12-31": 11, "2008-09-30": 12, "2008-06-30": 11, "2008-03-31": "11.00000", "2007-12-31": 11, "2007-09-30": 10, "2007-06-30": 10, "2007-03-31": "11.00000", "2006-12-31": 10, "2006-09-30": 10, "2006-06-30": 11, "2006-03-31": "11.00000", "2005-12-31": 0, "2005-09-30": 0, "2005-06-30": 0, "2005-03-31": ""}, "Common Stock Dividends Paid": {"2020-12-31": -505, "2020-09-30": -506, "2020-06-30": -506, "2020-03-31": "-511.00000", "2019-12-31": -469, "2019-09-30": -471, "2019-06-30": -474, "2019-03-31": "-477.00000", "2018-12-31": -454, "2018-09-30": -238, "2018-06-30": -237, "2018-03-31": "-237.00000", "2017-12-31": -226, "2017-09-30": -225, "2017-06-30": -225, "2017-03-31": "-225.00000", "2016-12-31": -214, "2016-09-30": -214, "2016-06-30": -214, "2016-03-31": "-214.00000", "2015-12-31": -204, "2015-09-30": -203, "2015-06-30": -205, "2015-03-31": "-207.00000", "2014-12-31": -189, "2014-09-30": -189, "2014-06-30": -190, "2014-03-31": "-191.00000", "2013-12-31": -177, "2013-09-30": -176, "2013-06-30": -177, "2013-03-31": "-178.00000", "2012-12-31": -163, "2012-09-30": -164, "2012-06-30": -164, "2012-03-31": "-164.00000", "2011-12-31": -149, "2011-09-30": -150, "2011-06-30": -151, "2011-03-31": "-152.00000", "2010-12-31": -137, "2010-09-30": -139, "2010-06-30": -137, "2010-03-31": "-138.00000", "2009-12-31": -123, "2009-09-30": -122, "2009-06-30": -123, "2009-03-31": "-123.00000", "2008-12-31": -115, "2008-09-30": -117, "2008-06-30": -119, "2008-03-31": "-117.00000", "2007-12-31": -94, "2007-09-30": -95, "2007-06-30": -96, "2007-03-31": "-96.00000", "2006-12-31": -81, "2006-09-30": -81, "2006-06-30": -80, "2006-03-31": "-81.00000", "2005-12-31": -59, "2005-09-30": -58, "2005-06-30": -58, "2005-03-31": "-58.00000"}}, "financial ratios": {"Current Ratio": {"2019-12-31": "0.85130", "2018-12-31": "1.33310", "2017-12-31": "0.99330", "2016-12-31": "1.16220", "2015-12-31": "1.38720", "2014-12-31": "1.14020", "2013-12-31": "1.09460", "2012-12-31": "1.12630", "2011-12-31": "1.02840", "2010-12-31": "1.12700", "2009-12-31": "1.22610", "2008-12-31": "0.77240", "2007-12-31": "0.90870", "2006-12-31": "1.17120", "2005-12-31": "1.06600"}, "Long-term Debt / Capital": {"2019-12-31": "0.17190", "2018-12-31": "0.17710", "2017-12-31": "0.54450", "2016-12-31": "0.62100", "2015-12-31": "0.65190", "2014-12-31": "0.58960", "2013-12-31": "0.53400", "2012-12-31": "0.51010", "2011-12-31": "0.50180", "2010-12-31": "0.45620", "2009-12-31": "0.45720", "2008-12-31": "0.46250", "2007-12-31": "0.39550", "2006-12-31": "0.39560", "2005-12-31": "0.42850"}, "Debt/Equity Ratio": {"2019-12-31": "0.27090", "2018-12-31": "0.26800", "2017-12-31": "1.38230", "2016-12-31": "1.74880", "2015-12-31": "1.92590", "2014-12-31": "1.53490", "2013-12-31": "1.25820", "2012-12-31": "1.14660", "2011-12-31": "1.13200", "2010-12-31": "0.90430", "2009-12-31": "0.89500", "2008-12-31": "1.16560", "2007-12-31": "0.81520", "2006-12-31": "0.69540", "2005-12-31": "0.88340"}, "Gross Margin": {"2019-12-31": "41.03730", "2018-12-31": "39.20190", "2017-12-31": "43.81050", "2016-12-31": "44.41810", "2015-12-31": "44.69190", "2014-12-31": "43.27390", "2013-12-31": "43.44650", "2012-12-31": "43.01500", "2011-12-31": "42.60580", "2010-12-31": "43.11980", "2009-12-31": "43.81420", "2008-12-31": "39.83880", "2007-12-31": "40.89560", "2006-12-31": "40.31720", "2005-12-31": "39.38090"}, "Operating Margin": {"2019-12-31": "10.39040", "2018-12-31": "35.36670", "2017-12-31": "21.51790", "2016-12-31": "21.33090", "2015-12-31": "21.53860", "2014-12-31": "21.24990", "2013-12-31": "22.01260", "2012-12-31": "21.71240", "2011-12-31": "21.93390", "2010-12-31": "20.58130", "2009-12-31": "17.58600", "2008-12-31": "17.44160", "2007-12-31": "18.99600", "2006-12-31": "18.24840", "2005-12-31": "16.88870"}, "EBIT Margin": {"2019-12-31": "10.39040", "2018-12-31": "35.36670", "2017-12-31": "21.51790", "2016-12-31": "21.33090", "2015-12-31": "21.53860", "2014-12-31": "21.24990", "2013-12-31": "22.01260", "2012-12-31": "21.71240", "2011-12-31": "21.93390", "2010-12-31": "20.58130", "2009-12-31": "17.58600", "2008-12-31": "17.44160", "2007-12-31": "18.99600", "2006-12-31": "18.24840", "2005-12-31": "16.88870"}, "EBITDA Margin": {"2019-12-31": "26.99450", "2018-12-31": "50.18200", "2017-12-31": "31.94220", "2016-12-31": "31.98220", "2015-12-31": "31.80220", "2014-12-31": "30.78300", "2013-12-31": "31.31240", "2012-12-31": "30.63080", "2011-12-31": "30.84790", "2010-12-31": "29.72520", "2009-12-31": "27.03220", "2008-12-31": "25.31490", "2007-12-31": "27.22830", "2006-12-31": "26.60980", "2005-12-31": "25.57470"}, "Pre-Tax Profit Margin": {"2019-12-31": "10.36910", "2018-12-31": "34.03210", "2017-12-31": "20.13560", "2016-12-31": "19.44180", "2015-12-31": "20.04450", "2014-12-31": "19.51440", "2013-12-31": "20.51990", "2012-12-31": "20.45620", "2011-12-31": "20.64520", "2010-12-31": "19.41480", "2009-12-31": "16.10090", "2008-12-31": "15.60760", "2007-12-31": "17.15590", "2006-12-31": "16.38640", "2005-12-31": "14.75970"}, "Net Profit Margin": {"2019-12-31": "8.09480", "2018-12-31": "29.52950", "2017-12-31": "10.97910", "2016-12-31": "14.23960", "2015-12-31": "14.35600", "2014-12-31": "13.80270", "2013-12-31": "14.71700", "2012-12-31": "15.07480", "2011-12-31": "14.85960", "2010-12-31": "11.81300", "2009-12-31": "14.00180", "2008-12-31": "11.21710", "2007-12-31": "12.51860", "2006-12-31": "11.86930", "2005-12-31": "9.48280"}, "Asset Turnover": {"2019-12-31": "0.32590", "2018-12-31": "0.15890", "2017-12-31": "0.55580", "2016-12-31": "0.54490", "2015-12-31": "0.58820", "2014-12-31": "0.62080", "2013-12-31": "0.58870", "2012-12-31": "0.62050", "2011-12-31": "0.68790", "2010-12-31": "0.66230", "2009-12-31": "0.62560", "2008-12-31": "0.82700", "2007-12-31": "0.70260", "2006-12-31": "0.74980", "2005-12-31": "0.72980"}, "Inventory Turnover Ratio": {"2019-12-31": "9.80790", "2018-12-31": "5.46340", "2017-12-31": "10.39410", "2016-12-31": "10.64550", "2015-12-31": "11.22410", "2014-12-31": "12.63520", "2013-12-31": "13.32810", "2012-12-31": "13.43700", "2011-12-31": "14.16230", "2010-12-31": "14.42110", "2009-12-31": "13.34750", "2008-12-31": "14.59550", "2007-12-31": "11.72360", "2006-12-31": "13.03940", "2005-12-31": "12.44240"}, "Receiveable Turnover": {"2019-12-31": "6.53120", "2018-12-31": "3.45260", "2017-12-31": "6.64210", "2016-12-31": "6.41930", "2015-12-31": "6.73080", "2014-12-31": "6.83350", "2013-12-31": "6.30290", "2012-12-31": "6.12000", "2011-12-31": "6.26850", "2010-12-31": "6.07930", "2009-12-31": "5.67190", "2008-12-31": "6.73070", "2007-12-31": "5.45680", "2006-12-31": "5.71700", "2005-12-31": "5.52380"}, "Days Sales In Receivables": {"2019-12-31": "55.88530", "2018-12-31": "105.71620", "2017-12-31": "54.95250", "2016-12-31": "56.86020", "2015-12-31": "54.22840", "2014-12-31": "53.41320", "2013-12-31": "57.91030", "2012-12-31": "59.64100", "2011-12-31": "58.22740", "2010-12-31": "60.03950", "2009-12-31": "64.35180", "2008-12-31": "54.22930", "2007-12-31": "66.88950", "2006-12-31": "63.84430", "2005-12-31": "66.07760"}, "ROE - Return On Equity": {"2019-12-31": "4.40980", "2018-12-31": "7.51230", "2017-12-31": "20.08910", "2016-12-31": "28.26690", "2015-12-31": "33.19420", "2014-12-31": "29.05160", "2013-12-31": "26.21730", "2012-12-31": "27.16090", "2011-12-31": "29.70500", "2010-12-31": "20.08140", "2009-12-31": "22.96390", "2008-12-31": "29.13480", "2007-12-31": "23.72620", "2006-12-31": "21.69520", "2005-12-31": "18.75960"}, "Return On Tangible Equity": {"2019-12-31": "27.15750", "2018-12-31": "30.66580", "2017-12-31": "52.46690", "2016-12-31": "88.34000", "2015-12-31": "128.41000", "2014-12-31": "76.37800", "2013-12-31": "57.14290", "2012-12-31": "46.61860", "2011-12-31": "52.85450", "2010-12-31": "31.26430", "2009-12-31": "37.74740", "2008-12-31": "55.06360", "2007-12-31": "40.11840", "2006-12-31": "34.42510", "2005-12-31": "32.16170"}, "ROA - Return On Assets": {"2019-12-31": "2.62320", "2018-12-31": "4.59170", "2017-12-31": "6.40050", "2016-12-31": "7.95570", "2015-12-31": "8.68500", "2014-12-31": "8.83200", "2013-12-31": "9.06440", "2012-12-31": "9.64070", "2011-12-31": "10.52830", "2010-12-31": "8.07910", "2009-12-31": "9.05920", "2008-12-31": "9.62160", "2007-12-31": "9.11670", "2006-12-31": "8.89930", "2005-12-31": "6.97740"}, "ROI - Return On Investment": {"2019-12-31": "3.65190", "2018-12-31": "6.18150", "2017-12-31": "9.15070", "2016-12-31": "10.71180", "2015-12-31": "11.55580", "2014-12-31": "11.92130", "2013-12-31": "12.21640", "2012-12-31": "13.30690", "2011-12-31": "14.80020", "2010-12-31": "10.92040", "2009-12-31": "12.46520", "2008-12-31": "15.66090", "2007-12-31": "14.34280", "2006-12-31": "13.11210", "2005-12-31": "10.72060"}, "Book Value Per Share": {"2019-12-31": "96.41450", "2018-12-31": "104.30490", "2017-12-31": "22.70410", "2016-12-31": "19.09790", "2015-12-31": "16.82470", "2014-12-31": "20.77700", "2013-12-31": "23.80890", "2012-12-31": "21.67580", "2011-12-31": "19.41850", "2010-12-31": "20.21400", "2009-12-31": "18.42870", "2008-12-31": "14.04870", "2007-12-31": "16.29860", "2006-12-31": "14.19310", "2005-12-31": "12.10530"}, "Operating Cash Flow Per Share": {"2019-12-31": 0.288, "2018-12-31": 0.4177, "2017-12-31": 0.8261, "2016-12-31": 0.3687, "2015-12-31": -0.4428, "2014-12-31": 0.0093, "2013-12-31": 0.6397, "2012-12-31": 1.1133, "2011-12-31": 1.8864, "2010-12-31": -0.8226, "2009-12-31": 0.5375, "2008-12-31": 0.3752, "2007-12-31": 0.707, "2006-12-31": 0.8465, "2005-12-31": 4.474}, "Free Cash Flow Per Share": {"2019-12-31": -0.8302, "2018-12-31": -0.6834, "2017-12-31": 1.3827, "2016-12-31": 0.6088, "2015-12-31": -0.0604, "2014-12-31": 1.0523, "2013-12-31": 1.1054, "2012-12-31": -0.2503, "2011-12-31": 0.485, "2010-12-31": -0.9519, "2009-12-31": 1.2707, "2008-12-31": -0.4501, "2007-12-31": -0.1884, "2006-12-31": 0.1661, "2005-12-31": 1.8139}}, "financial ratios, quarterly": {"Current Ratio": {"2020-09-30": "0.82920", "2020-06-30": "0.79980", "2020-03-31": "0.74330", "2019-12-31": "0.85130", "2019-09-30": "0.90160", "2019-06-30": "1.01520", "2019-03-31": "1.35440", "2018-12-31": "1.33310", "2018-09-30": "0.85620", "2018-06-30": "0.96490", "2018-03-31": "0.94200", "2017-12-31": "0.99330", "2017-09-30": "1.10990", "2017-06-30": "1.02500", "2017-03-31": "1.34020", "2016-12-31": "1.16220", "2016-09-30": "1.34020", "2016-06-30": "1.32750", "2016-03-31": "1.59530", "2015-12-31": "1.38720", "2015-09-30": "1.28460", "2015-06-30": "1.25560", "2015-03-31": "1.16750", "2014-12-31": "1.14020", "2014-09-30": "1.03310", "2014-06-30": "1.24080", "2014-03-31": "1.25270", "2013-12-31": "1.09460", "2013-09-30": "1.01640", "2013-06-30": "1.00770", "2013-03-31": "1.09050", "2012-12-31": "1.12630", "2012-09-30": "1.11970", "2012-06-30": "0.97210", "2012-03-31": "1.28230", "2011-12-31": "1.02840", "2011-09-30": "1.24670", "2011-06-30": "1.38180", "2011-03-31": "1.35240", "2010-12-31": "1.12700", "2010-09-30": "1.31600", "2010-06-30": "1.29330", "2010-03-31": "1.19780", "2009-12-31": "1.22610", "2009-09-30": "1.12970", "2009-06-30": "0.88530", "2009-03-31": "0.81950", "2008-12-31": "0.77240", "2008-09-30": "0.83670", "2008-06-30": "1.01030", "2008-03-31": "0.91550", "2007-12-31": "0.90870", "2007-09-30": "0.95370", "2007-06-30": "1.21220", "2007-03-31": "1.18590", "2006-12-31": "1.17120", "2006-09-30": "1.11150", "2006-06-30": "0.89410", "2006-03-31": "0.98990", "2005-12-31": "1.06600", "2005-09-30": "1.02280", "2005-06-30": "1.06140", "2005-03-31": "0.97040"}, "Long-term Debt / Capital": {"2020-09-30": "0.19750", "2020-06-30": "0.18780", "2020-03-31": "0.17530", "2019-12-31": "0.17190", "2019-09-30": "0.17080", "2019-06-30": "0.18820", "2019-03-31": "0.17710", "2018-12-31": "0.17710", "2018-09-30": "0.49550", "2018-06-30": "0.52550", "2018-03-31": "0.51590", "2017-12-31": "0.54450", "2017-09-30": "0.55050", "2017-06-30": "0.56640", "2017-03-31": "0.60000", "2016-12-31": "0.62100", "2016-09-30": "0.62070", "2016-06-30": "0.62360", "2016-03-31": "0.63480", "2015-12-31": "0.65190", "2015-09-30": "0.66100", "2015-06-30": "0.62250", "2015-03-31": "0.61920", "2014-12-31": "0.58960", "2014-09-30": "0.53820", "2014-06-30": "0.53970", "2014-03-31": "0.55030", "2013-12-31": "0.53400", "2013-09-30": "0.54520", "2013-06-30": "0.55580", "2013-03-31": "0.54360", "2012-12-31": "0.51010", "2012-09-30": "0.50170", "2012-06-30": "0.50280", "2012-03-31": "0.50600", "2011-12-31": "0.50180", "2011-09-30": "0.48690", "2011-06-30": "0.45640", "2011-03-31": "0.45610", "2010-12-31": "0.45620", "2010-09-30": "0.43200", "2010-06-30": "0.45340", "2010-03-31": "0.45230", "2009-12-31": "0.45720", "2009-09-30": "0.46640", "2009-06-30": "0.44850", "2009-03-31": "0.46290", "2008-12-31": "0.46250", "2008-09-30": "0.42680", "2008-06-30": "0.39320", "2008-03-31": "0.40750", "2007-12-31": "0.39550", "2007-09-30": "0.40740", "2007-06-30": "0.41260", "2007-03-31": "0.43210", "2006-12-31": "0.39560", "2006-09-30": "0.38590", "2006-06-30": "0.37660", "2006-03-31": "0.40230", "2005-12-31": "0.42850", "2005-09-30": "0.42090", "2005-06-30": "0.42380", "2005-03-31": "0.43760"}, "Debt/Equity Ratio": {"2020-09-30": "0.36650", "2020-06-30": "0.36470", "2020-03-31": "0.35790", "2019-12-31": "0.27090", "2019-09-30": "0.25740", "2019-06-30": "0.26390", "2019-03-31": "0.24980", "2018-12-31": "0.26800", "2018-09-30": "1.23420", "2018-06-30": "1.29570", "2018-03-31": "1.28440", "2017-12-31": "1.38230", "2017-09-30": "1.37230", "2017-06-30": "1.49630", "2017-03-31": "1.57050", "2016-12-31": "1.74880", "2016-09-30": "1.74570", "2016-06-30": "1.79480", "2016-03-31": "1.77270", "2015-12-31": "1.92590", "2015-09-30": "2.04930", "2015-06-30": "1.74910", "2015-03-31": "1.74230", "2014-12-31": "1.53490", "2014-09-30": "1.31430", "2014-06-30": "1.25440", "2014-03-31": "1.32470", "2013-12-31": "1.25820", "2013-09-30": "1.37280", "2013-06-30": "1.44880", "2013-03-31": "1.32950", "2012-12-31": "1.14660", "2012-09-30": "1.12450", "2012-06-30": "1.18680", "2012-03-31": "1.09400", "2011-12-31": "1.13200", "2011-09-30": "1.03090", "2011-06-30": "0.90380", "2011-03-31": "0.89310", "2010-12-31": "0.90430", "2010-09-30": "0.80210", "2010-06-30": "0.87150", "2010-03-31": "0.94310", "2009-12-31": "0.89500", "2009-09-30": "0.96820", "2009-06-30": "1.03260", "2009-03-31": "1.15310", "2008-12-31": "1.16560", "2008-09-30": "1.01080", "2008-06-30": "0.81040", "2008-03-31": "0.87810", "2007-12-31": "0.81520", "2007-09-30": "0.82330", "2007-06-30": "0.76290", "2007-03-31": "0.83640", "2006-12-31": "0.69540", "2006-09-30": "0.70630", "2006-06-30": "0.80910", "2006-03-31": "0.82620", "2005-12-31": "0.88340", "2005-09-30": "0.84480", "2005-06-30": "0.87070", "2005-03-31": "0.94470"}, "Gross Margin": {"2020-09-30": "44.05540", "2020-06-30": "43.24920", "2020-03-31": "42.97370", "2019-12-31": "40.86160", "2019-09-30": "41.98570", "2019-06-30": "40.58860", "2019-03-31": "40.72580", "2018-12-31": "31.82210", "2018-09-30": "43.55050", "2018-06-30": "43.95530", "2018-03-31": "44.31780", "2017-12-31": "44.95480", "2017-09-30": "43.46340", "2017-06-30": "43.57800", "2017-03-31": "43.21850", "2016-12-31": "44.28900", "2016-09-30": "43.55670", "2016-06-30": "44.91560", "2016-03-31": "44.95820", "2015-12-31": "45.04820", "2015-09-30": "44.60160", "2015-06-30": "44.63110", "2015-03-31": "44.50490", "2014-12-31": "43.51170", "2014-09-30": "43.38420", "2014-06-30": "43.23800", "2014-03-31": "42.96100", "2013-12-31": "43.55480", "2013-09-30": "43.67740", "2013-06-30": "43.26480", "2013-03-31": "43.28260", "2012-12-31": "43.44410", "2012-09-30": "42.50180", "2012-06-30": "43.00960", "2012-03-31": "43.09860", "2011-12-31": "42.84690", "2011-09-30": "41.85080", "2011-06-30": "42.61720", "2011-03-31": "43.15320", "2010-12-31": "43.11860", "2010-09-30": "43.10480", "2010-06-30": "43.13420", "2010-03-31": "43.12190", "2009-12-31": "43.08270", "2009-09-30": "44.18710", "2009-06-30": "44.34050", "2009-03-31": "43.71170", "2008-12-31": "40.99040", "2008-09-30": "39.20060", "2008-06-30": "39.26340", "2008-03-31": "40.10510", "2007-12-31": "40.82440", "2007-09-30": "41.23100", "2007-06-30": "40.48030", "2007-03-31": "41.05750", "2006-12-31": "40.46160", "2006-09-30": "40.01910", "2006-06-30": "40.36610", "2006-03-31": "40.42450", "2005-12-31": "39.55450", "2005-09-30": "39.47090", "2005-06-30": "39.18710", "2005-03-31": "39.29940"}, "Operating Margin": {"2020-09-30": "14.13570", "2020-06-30": "9.26770", "2020-03-31": "10.87700", "2019-12-31": "9.25140", "2019-09-30": "14.28570", "2019-06-30": "9.28650", "2019-03-31": "8.77020", "2018-12-31": "55.78350", "2018-09-30": "22.24070", "2018-06-30": "22.63470", "2018-03-31": "21.89070", "2017-12-31": "22.23380", "2017-09-30": "21.62900", "2017-06-30": "21.38320", "2017-03-31": "20.78450", "2016-12-31": "22.99550", "2016-09-30": "18.29900", "2016-06-30": "22.06380", "2016-03-31": "22.08050", "2015-12-31": "24.04620", "2015-09-30": "22.11470", "2015-06-30": "17.53100", "2015-03-31": "22.59700", "2014-12-31": "17.55850", "2014-09-30": "22.61450", "2014-06-30": "22.39000", "2014-03-31": "22.30670", "2013-12-31": "22.92360", "2013-09-30": "22.23700", "2013-06-30": "22.06370", "2013-03-31": "20.77560", "2012-12-31": "22.00790", "2012-09-30": "20.11540", "2012-06-30": "22.62540", "2012-03-31": "22.07750", "2011-12-31": "22.10300", "2011-09-30": "21.82320", "2011-06-30": "21.93840", "2011-03-31": "21.87270", "2010-12-31": "19.25280", "2010-09-30": "21.71000", "2010-06-30": "21.64620", "2010-03-31": "19.72820", "2009-12-31": "21.27130", "2009-09-30": "7.60490", "2009-06-30": "20.90740", "2009-03-31": "20.81960", "2008-12-31": "13.06700", "2008-09-30": "19.07430", "2008-06-30": "18.86730", "2008-03-31": "18.09990", "2007-12-31": "19.18350", "2007-09-30": "19.39290", "2007-06-30": "18.82500", "2007-03-31": "18.52870", "2006-12-31": "18.51150", "2006-09-30": "18.67560", "2006-06-30": "18.40080", "2006-03-31": "17.37410", "2005-12-31": "17.07920", "2005-09-30": "16.77250", "2005-06-30": "16.77960", "2005-03-31": "16.91300"}, "EBIT Margin": {"2020-09-30": "14.13570", "2020-06-30": "9.26770", "2020-03-31": "10.87700", "2019-12-31": "9.25140", "2019-09-30": "14.28570", "2019-06-30": "9.28650", "2019-03-31": "8.77020", "2018-12-31": "55.78350", "2018-09-30": "22.24070", "2018-06-30": "22.63470", "2018-03-31": "21.89070", "2017-12-31": "22.23380", "2017-09-30": "21.62900", "2017-06-30": "21.38320", "2017-03-31": "20.78450", "2016-12-31": "22.99550", "2016-09-30": "18.29900", "2016-06-30": "22.06380", "2016-03-31": "22.08050", "2015-12-31": "24.04620", "2015-09-30": "22.11470", "2015-06-30": "17.53100", "2015-03-31": "22.59700", "2014-12-31": "17.55850", "2014-09-30": "22.61450", "2014-06-30": "22.39000", "2014-03-31": "22.30670", "2013-12-31": "22.92360", "2013-09-30": "22.23700", "2013-06-30": "22.06370", "2013-03-31": "20.77560", "2012-12-31": "22.00790", "2012-09-30": "20.11540", "2012-06-30": "22.62540", "2012-03-31": "22.07750", "2011-12-31": "22.10300", "2011-09-30": "21.82320", "2011-06-30": "21.93840", "2011-03-31": "21.87270", "2010-12-31": "19.25280", "2010-09-30": "21.71000", "2010-06-30": "21.64620", "2010-03-31": "19.72820", "2009-12-31": "21.27130", "2009-09-30": "7.60490", "2009-06-30": "20.90740", "2009-03-31": "20.81960", "2008-12-31": "13.06700", "2008-09-30": "19.07430", "2008-06-30": "18.86730", "2008-03-31": "18.09990", "2007-12-31": "19.18350", "2007-09-30": "19.39290", "2007-06-30": "18.82500", "2007-03-31": "18.52870", "2006-12-31": "18.51150", "2006-09-30": "18.67560", "2006-06-30": "18.40080", "2006-03-31": "17.37410", "2005-12-31": "17.07920", "2005-09-30": "16.77250", "2005-06-30": "16.77960", "2005-03-31": "16.91300"}, "EBITDA Margin": {"2020-09-30": "", "2020-06-30": "", "2020-03-31": "", "2019-12-31": "", "2019-09-30": "", "2019-06-30": "", "2019-03-31": "", "2018-12-31": "", "2018-09-30": "", "2018-06-30": "", "2018-03-31": "", "2017-12-31": "", "2017-09-30": "", "2017-06-30": "", "2017-03-31": "", "2016-12-31": "", "2016-09-30": "", "2016-06-30": "", "2016-03-31": "", "2015-12-31": "", "2015-09-30": "", "2015-06-30": "", "2015-03-31": "", "2014-12-31": "", "2014-09-30": "", "2014-06-30": "", "2014-03-31": "", "2013-12-31": "", "2013-09-30": "", "2013-06-30": "", "2013-03-31": "", "2012-12-31": "", "2012-09-30": "", "2012-06-30": "", "2012-03-31": "", "2011-12-31": "", "2011-09-30": "", "2011-06-30": "", "2011-03-31": "", "2010-12-31": "", "2010-09-30": "", "2010-06-30": "", "2010-03-31": "", "2009-12-31": "", "2009-09-30": "", "2009-06-30": "", "2009-03-31": "", "2008-12-31": "", "2008-09-30": "", "2008-06-30": "", "2008-03-31": "", "2007-12-31": "", "2007-09-30": "", "2007-06-30": "", "2007-03-31": "", "2006-12-31": "", "2006-09-30": "", "2006-06-30": "", "2006-03-31": "", "2005-12-31": "", "2005-09-30": "", "2005-06-30": "", "2005-03-31": ""}, "Pre-Tax Profit Margin": {"2020-09-30": "14.17940", "2020-06-30": "9.69110", "2020-03-31": "11.18860", "2019-12-31": "9.49150", "2019-09-30": "14.30000", "2019-06-30": "9.48080", "2019-03-31": "8.22290", "2018-12-31": "54.78370", "2018-09-30": "20.71140", "2018-06-30": "21.12350", "2018-03-31": "20.28160", "2017-12-31": "20.70290", "2017-09-30": "20.02050", "2017-06-30": "19.97180", "2017-03-31": "19.83140", "2016-12-31": "21.21790", "2016-09-30": "16.71580", "2016-06-30": "20.41280", "2016-03-31": "19.48980", "2015-12-31": "22.42780", "2015-09-30": "20.81160", "2015-06-30": "16.07010", "2015-03-31": "21.00110", "2014-12-31": "14.91640", "2014-09-30": "21.18320", "2014-06-30": "21.00870", "2014-03-31": "20.78650", "2013-12-31": "21.06310", "2013-09-30": "20.87620", "2013-06-30": "20.70340", "2013-03-31": "19.39060", "2012-12-31": "20.75740", "2012-09-30": "18.81760", "2012-06-30": "21.45140", "2012-03-31": "20.77470", "2011-12-31": "20.74390", "2011-09-30": "20.58010", "2011-06-30": "20.67880", "2011-03-31": "20.57740", "2010-12-31": "18.18530", "2010-09-30": "20.56740", "2010-06-30": "20.49860", "2010-03-31": "18.41020", "2009-12-31": "19.90030", "2009-09-30": "6.20630", "2009-06-30": "19.36390", "2009-03-31": "19.17100", "2008-12-31": "11.02790", "2008-09-30": "17.32120", "2008-06-30": "17.06050", "2008-03-31": "16.33500", "2007-12-31": "17.20170", "2007-09-30": "17.53790", "2007-06-30": "17.06690", "2007-03-31": "16.78160", "2006-12-31": "16.72160", "2006-09-30": "16.86520", "2006-06-30": "16.42580", "2006-03-31": "15.49850", "2005-12-31": "15.09900", "2005-09-30": "14.65610", "2005-06-30": "14.64300", "2005-03-31": "14.61410"}, "Net Profit Margin": {"2020-09-30": "10.21150", "2020-06-30": "7.18210", "2020-03-31": "8.50270", "2019-12-31": "7.21750", "2019-09-30": "10.50000", "2019-06-30": "7.24600", "2019-03-31": "7.44530", "2018-12-31": "51.33600", "2018-09-30": "15.32580", "2018-06-30": "15.76870", "2018-03-31": "15.48780", "2017-12-31": "1.14820", "2017-09-30": "14.33950", "2017-06-30": "14.32600", "2017-03-31": "14.25950", "2016-12-31": "15.35550", "2016-09-30": "12.48160", "2016-06-30": "14.97190", "2016-03-31": "14.18890", "2015-12-31": "16.26200", "2015-09-30": "14.92930", "2015-06-30": "11.24910", "2015-03-31": "15.08890", "2014-12-31": "10.10030", "2014-09-30": "15.17180", "2014-06-30": "15.00160", "2014-03-31": "14.80500", "2013-12-31": "15.74750", "2013-09-30": "14.76930", "2013-06-30": "14.76440", "2013-03-31": "13.53880", "2012-12-31": "14.79100", "2012-09-30": "15.50110", "2012-06-30": "15.26150", "2012-03-31": "14.75350", "2011-12-31": "15.02150", "2011-09-30": "14.81350", "2011-06-30": "14.87050", "2011-03-31": "14.72980", "2010-12-31": "5.07050", "2010-09-30": "14.85420", "2010-06-30": "14.68140", "2010-03-31": "12.93250", "2009-12-31": "14.12550", "2009-09-30": "14.20460", "2009-06-30": "13.98500", "2009-03-31": "13.65990", "2008-12-31": "8.32290", "2008-09-30": "12.44740", "2008-06-30": "12.12650", "2008-03-31": "11.52840", "2007-12-31": "12.52480", "2007-09-30": "12.85840", "2007-06-30": "12.47860", "2007-03-31": "12.18390", "2006-12-31": "12.67080", "2006-09-30": "11.76750", "2006-06-30": "11.89790", "2006-03-31": "11.10560", "2005-12-31": "10.59410", "2005-09-30": "5.71430", "2005-06-30": "10.89110", "2005-03-31": "10.67320"}, "Asset Turnover": {"2020-09-30": "0.07860", "2020-06-30": "0.07430", "2020-03-31": "0.07990", "2019-12-31": "0.08170", "2019-09-30": "0.08290", "2019-06-30": "0.08260", "2019-03-31": "0.07580", "2018-12-31": "0.06210", "2018-09-30": "0.15060", "2018-06-30": "0.15350", "2018-03-31": "0.14490", "2017-12-31": "0.14060", "2017-09-30": "0.14340", "2017-06-30": "0.14190", "2017-03-31": "0.13870", "2016-12-31": "0.13680", "2016-09-30": "0.13660", "2016-06-30": "0.13450", "2016-03-31": "0.13190", "2015-12-31": "0.14170", "2015-09-30": "0.14550", "2015-06-30": "0.14360", "2015-03-31": "0.14420", "2014-12-31": "0.15120", "2014-09-30": "0.15420", "2014-06-30": "0.14880", "2014-03-31": "0.14730", "2013-12-31": "0.14860", "2013-09-30": "0.15020", "2013-06-30": "0.15240", "2013-03-31": "0.14750", "2012-12-31": "0.15470", "2012-09-30": "0.15730", "2012-06-30": "0.16840", "2012-03-31": "0.16720", "2011-12-31": "0.17090", "2011-09-30": "0.18210", "2011-06-30": "0.17420", "2011-03-31": "0.17060", "2010-12-31": "0.17170", "2010-09-30": "0.16860", "2010-06-30": "0.17680", "2010-03-31": "0.16490", "2009-12-31": "0.16810", "2009-09-30": "0.16150", "2009-06-30": "0.15740", "2009-03-31": "0.16510", "2008-12-31": "0.18410", "2008-09-30": "0.20550", "2008-06-30": "0.19950", "2008-03-31": "0.19020", "2007-12-31": "0.18850", "2007-09-30": "0.18600", "2007-06-30": "0.19040", "2007-03-31": "0.18510", "2006-12-31": "0.19120", "2006-09-30": "0.19210", "2006-06-30": "0.19150", "2006-03-31": "0.19080", "2005-12-31": "0.19250", "2005-09-30": "0.18560", "2005-06-30": "0.19310", "2005-03-31": "0.18580"}, "Inventory Turnover Ratio": {"2020-09-30": "2.21290", "2020-06-30": "2.11020", "2020-03-31": "2.27530", "2019-12-31": "2.46730", "2019-09-30": "2.45670", "2019-06-30": "2.50590", "2019-03-31": "2.46910", "2018-12-31": "2.39550", "2018-09-30": "2.72990", "2018-06-30": "2.81520", "2018-03-31": "2.68340", "2017-12-31": "2.57650", "2017-09-30": "2.81430", "2017-06-30": "2.81510", "2017-03-31": "2.76110", "2016-12-31": "2.67820", "2016-09-30": "2.84940", "2016-06-30": "2.62610", "2016-03-31": "2.49730", "2015-12-31": "2.68550", "2015-09-30": "2.82890", "2015-06-30": "2.76640", "2015-03-31": "2.85980", "2014-12-31": "3.06530", "2014-09-30": "3.26610", "2014-06-30": "3.26010", "2014-03-31": "3.31920", "2013-12-31": "3.35770", "2013-09-30": "3.26970", "2013-06-30": "3.56250", "2013-03-31": "3.43400", "2012-12-31": "3.32560", "2012-09-30": "3.30230", "2012-06-30": "3.41580", "2012-03-31": "3.35270", "2011-12-31": "3.50440", "2011-09-30": "3.78430", "2011-06-30": "3.64440", "2011-03-31": "3.69230", "2010-12-31": "3.73930", "2010-09-30": "3.58310", "2010-06-30": "3.84220", "2010-03-31": "3.66310", "2009-12-31": "3.63400", "2009-09-30": "3.20850", "2009-06-30": "2.81320", "2009-03-31": "2.81840", "2008-12-31": "3.18650", "2008-09-30": "3.50300", "2008-06-30": "3.44770", "2008-03-31": "3.30230", "2007-12-31": "3.14980", "2007-09-30": "3.11160", "2007-06-30": "3.23540", "2007-03-31": "3.14990", "2006-12-31": "3.31760", "2006-09-30": "3.14750", "2006-06-30": "3.12630", "2006-03-31": "3.08700", "2005-12-31": "3.27350", "2005-09-30": "3.10030", "2005-06-30": "3.32480", "2005-03-31": "3.26180"}, "Receiveable Turnover": {"2020-09-30": "1.69970", "2020-06-30": "1.59660", "2020-03-31": "1.65010", "2019-12-31": "1.63810", "2019-09-30": "1.65170", "2019-06-30": "1.60700", "2019-03-31": "1.58180", "2018-12-31": "1.35000", "2018-09-30": "1.62420", "2018-06-30": "1.62170", "2018-03-31": "1.57000", "2017-12-31": "1.68070", "2017-09-30": "1.61530", "2017-06-30": "1.58240", "2017-03-31": "1.57690", "2016-12-31": "1.61120", "2016-09-30": "1.59860", "2016-06-30": "1.53070", "2016-03-31": "1.48900", "2015-12-31": "1.62090", "2015-09-30": "1.58930", "2015-06-30": "1.55570", "2015-03-31": "1.57450", "2014-12-31": "1.66480", "2014-09-30": "1.60490", "2014-06-30": "1.50020", "2014-03-31": "1.49280", "2013-12-31": "1.59090", "2013-09-30": "1.53960", "2013-06-30": "1.53700", "2013-03-31": "1.44830", "2012-12-31": "1.52620", "2012-09-30": "1.45920", "2012-06-30": "1.52520", "2012-03-31": "1.46850", "2011-12-31": "1.55770", "2011-09-30": "1.55700", "2011-06-30": "1.48470", "2011-03-31": "1.47330", "2010-12-31": "1.57630", "2010-09-30": "1.48330", "2010-06-30": "1.56280", "2010-03-31": "1.47600", "2009-12-31": "1.52440", "2009-09-30": "1.40450", "2009-06-30": "1.37490", "2009-03-31": "1.40320", "2008-12-31": "1.49810", "2008-09-30": "1.55680", "2008-06-30": "1.45210", "2008-03-31": "1.39640", "2007-12-31": "1.46430", "2007-09-30": "1.38960", "2007-06-30": "1.42110", "2007-03-31": "1.40500", "2006-12-31": "1.45810", "2006-09-30": "1.42890", "2006-06-30": "1.42880", "2006-03-31": "1.44200", "2005-12-31": "1.45740", "2005-09-30": "1.41680", "2005-06-30": "1.49340", "2005-03-31": "1.44540"}, "Days Sales In Receivables": {"2020-09-30": "52.94970", "2020-06-30": "56.36820", "2020-03-31": "54.54220", "2019-12-31": "54.94070", "2019-09-30": "54.48860", "2019-06-30": "56.00640", "2019-03-31": "56.89800", "2018-12-31": "66.66610", "2018-09-30": "55.41220", "2018-06-30": "55.49610", "2018-03-31": "57.32480", "2017-12-31": "53.54910", "2017-09-30": "55.71870", "2017-06-30": "56.87720", "2017-03-31": "57.07480", "2016-12-31": "55.85860", "2016-09-30": "56.29970", "2016-06-30": "58.79550", "2016-03-31": "60.44240", "2015-12-31": "55.52600", "2015-09-30": "56.62700", "2015-06-30": "57.85250", "2015-03-31": "57.16000", "2014-12-31": "54.06020", "2014-09-30": "56.07820", "2014-06-30": "59.99040", "2014-03-31": "60.28750", "2013-12-31": "56.57140", "2013-09-30": "58.45670", "2013-06-30": "58.55670", "2013-03-31": "62.13990", "2012-12-31": "58.97110", "2012-09-30": "61.67630", "2012-06-30": "59.00750", "2012-03-31": "61.28870", "2011-12-31": "57.77900", "2011-09-30": "57.80390", "2011-06-30": "60.61930", "2011-03-31": "61.08810", "2010-12-31": "57.09490", "2010-09-30": "60.67380", "2010-06-30": "57.59000", "2010-03-31": "60.97610", "2009-12-31": "59.04030", "2009-09-30": "64.07780", "2009-06-30": "65.45840", "2009-03-31": "64.14040", "2008-12-31": "60.07490", "2008-09-30": "57.81210", "2008-06-30": "61.98060", "2008-03-31": "64.44990", "2007-12-31": "61.46250", "2007-09-30": "64.76810", "2007-06-30": "63.33190", "2007-03-31": "64.05520", "2006-12-31": "61.72400", "2006-09-30": "62.98710", "2006-06-30": "62.99130", "2006-03-31": "62.41360", "2005-12-31": "61.75250", "2005-09-30": "63.52380", "2005-06-30": "60.26580", "2005-03-31": "62.26600"}, "ROE - Return On Equity": {"2020-09-30": "1.50270", "2020-06-30": "1.00780", "2020-03-31": "1.28520", "2019-12-31": "1.03650", "2019-09-30": "1.42510", "2019-06-30": "1.02500", "2019-03-31": "0.82110", "2018-12-31": "4.97020", "2018-09-30": "7.12690", "2018-06-30": "7.64400", "2018-03-31": "6.85650", "2017-12-31": "0.75260", "2017-09-30": "6.46260", "2017-06-30": "6.70930", "2017-03-31": "6.77280", "2016-12-31": "7.70080", "2016-09-30": "6.10150", "2016-06-30": "7.37340", "2016-03-31": "6.89920", "2015-12-31": "8.99230", "2015-09-30": "8.89320", "2015-06-30": "5.96930", "2015-03-31": "7.93620", "2014-12-31": "5.20800", "2014-09-30": "7.06050", "2014-06-30": "6.58360", "2014-03-31": "6.60190", "2013-12-31": "7.23980", "2013-09-30": "7.02660", "2013-06-30": "7.33490", "2013-03-31": "6.22130", "2012-12-31": "6.66560", "2012-09-30": "6.93350", "2012-06-30": "7.53310", "2012-03-31": "6.89330", "2011-12-31": "7.43490", "2011-09-30": "7.23740", "2011-06-30": "6.48450", "2011-03-31": "6.25670", "2010-12-31": "2.31080", "2010-09-30": "6.12950", "2010-06-30": "6.60660", "2010-03-31": "5.63700", "2009-12-31": "6.23230", "2009-09-30": "6.21420", "2009-06-30": "6.28790", "2009-03-31": "6.81140", "2008-12-31": "4.77850", "2008-09-30": "7.48310", "2008-06-30": "6.38340", "2008-03-31": "6.18160", "2007-12-31": "6.98170", "2007-09-30": "6.27310", "2007-06-30": "6.00000", "2007-03-31": "5.93240", "2006-12-31": "5.90690", "2006-09-30": "5.49620", "2006-06-30": "5.78590", "2006-03-31": "5.45450", "2005-12-31": "5.63810", "2005-09-30": "2.78850", "2005-06-30": "5.46980", "2005-03-31": "5.34100"}, "Return On Tangible Equity": {"2020-09-30": "13.01480", "2020-06-30": "8.27050", "2020-03-31": "10.55930", "2019-12-31": "6.38300", "2019-09-30": "7.94820", "2019-06-30": "5.35150", "2019-03-31": "3.35300", "2018-12-31": "20.28890", "2018-09-30": "15.88880", "2018-06-30": "17.80240", "2018-03-31": "15.40970", "2017-12-31": "1.96550", "2017-09-30": "14.82620", "2017-06-30": "16.73310", "2017-03-31": "17.95560", "2016-12-31": "24.06660", "2016-09-30": "18.29790", "2016-06-30": "22.90030", "2016-03-31": "22.07480", "2015-12-31": "34.78610", "2015-09-30": "38.24070", "2015-06-30": "18.79790", "2015-03-31": "23.84400", "2014-12-31": "13.69200", "2014-09-30": "15.60010", "2014-06-30": "14.07670", "2014-03-31": "14.69930", "2013-12-31": "15.77970", "2013-09-30": "16.66070", "2013-06-30": "18.07840", "2013-03-31": "14.07770", "2012-12-31": "11.44080", "2012-09-30": "11.52130", "2012-06-30": "13.10120", "2012-03-31": "11.71050", "2011-12-31": "13.22900", "2011-09-30": "11.22660", "2011-06-30": "9.72750", "2011-03-31": "9.50720", "2010-12-31": "3.59770", "2010-09-30": "9.40380", "2010-06-30": "10.53070", "2010-03-31": "9.11140", "2009-12-31": "10.24450", "2009-09-30": "10.48040", "2009-06-30": "10.82120", "2009-03-31": "12.50000", "2008-12-31": "9.03110", "2008-09-30": "13.29460", "2008-06-30": "10.47760", "2008-03-31": "10.63060", "2007-12-31": "11.80530", "2007-09-30": "10.63090", "2007-06-30": "10.01030", "2007-03-31": "10.33140", "2006-12-31": "9.37280", "2006-09-30": "8.74340", "2006-06-30": "9.48180", "2006-03-31": "9.07260", "2005-12-31": "9.66610", "2005-09-30": "4.79360", "2005-06-30": "9.43570", "2005-03-31": "9.57290"}, "ROA - Return On Assets": {"2020-09-30": "0.83710", "2020-06-30": "0.56260", "2020-03-31": "0.71830", "2019-12-31": "0.61650", "2019-09-30": "0.86620", "2019-06-30": "0.62160", "2019-03-31": "0.50740", "2018-12-31": "3.03790", "2018-09-30": "2.40250", "2018-06-30": "2.51560", "2018-03-31": "2.29220", "2017-12-31": "0.23980", "2017-09-30": "2.13500", "2017-06-30": "2.10370", "2017-03-31": "2.05440", "2016-12-31": "2.16740", "2016-09-30": "1.72990", "2016-06-30": "2.06450", "2016-03-31": "1.92380", "2015-12-31": "2.35270", "2015-09-30": "2.23780", "2015-06-30": "1.67300", "2015-03-31": "2.23810", "2014-12-31": "1.58330", "2014-09-30": "2.40380", "2014-06-30": "2.29870", "2014-03-31": "2.24950", "2013-12-31": "2.50310", "2013-09-30": "2.30290", "2013-06-30": "2.33170", "2013-03-31": "2.07290", "2012-12-31": "2.36590", "2012-09-30": "2.49450", "2012-06-30": "2.66060", "2012-03-31": "2.54310", "2011-12-31": "2.63510", "2011-09-30": "2.78580", "2011-06-30": "2.67520", "2011-03-31": "2.58300", "2010-12-31": "0.92970", "2010-09-30": "2.57690", "2010-06-30": "2.66580", "2010-03-31": "2.19330", "2009-12-31": "2.45860", "2009-09-30": "2.37100", "2009-06-30": "2.28910", "2009-03-31": "2.31780", "2008-12-31": "1.57810", "2008-09-30": "2.63730", "2008-06-30": "2.50900", "2008-03-31": "2.30000", "2007-12-31": "2.68270", "2007-09-30": "2.39200", "2007-06-30": "2.37530", "2007-03-31": "2.25570", "2006-12-31": "2.42300", "2006-09-30": "2.26090", "2006-06-30": "2.27880", "2006-03-31": "2.11940", "2005-12-31": "2.09700", "2005-09-30": "1.06070", "2005-06-30": "2.10330", "2005-03-31": "1.98330"}, "ROI - Return On Investment": {"2020-09-30": "1.20590", "2020-06-30": "0.81860", "2020-03-31": "1.06000", "2019-12-31": "0.85830", "2019-09-30": "1.18170", "2019-06-30": "0.83210", "2019-03-31": "0.67570", "2018-12-31": "4.08980", "2018-09-30": "3.59550", "2018-06-30": "3.62720", "2018-03-31": "3.31930", "2017-12-31": "0.34280", "2017-09-30": "2.90500", "2017-06-30": "2.90920", "2017-03-31": "2.70920", "2016-12-31": "2.91820", "2016-09-30": "2.31450", "2016-06-30": "2.77530", "2016-03-31": "2.51940", "2015-12-31": "3.13040", "2015-09-30": "3.01440", "2015-06-30": "2.25330", "2015-03-31": "3.02170", "2014-12-31": "2.13710", "2014-09-30": "3.26040", "2014-06-30": "3.03070", "2014-03-31": "2.96880", "2013-12-31": "3.37350", "2013-09-30": "3.19550", "2013-06-30": "3.25840", "2013-03-31": "2.83960", "2012-12-31": "3.26570", "2012-09-30": "3.45500", "2012-06-30": "3.74530", "2012-03-31": "3.40510", "2011-12-31": "3.70430", "2011-09-30": "3.71330", "2011-06-30": "3.52470", "2011-03-31": "3.40320", "2010-12-31": "1.25660", "2010-09-30": "3.48140", "2010-06-30": "3.61140", "2010-03-31": "3.08740", "2009-12-31": "3.38300", "2009-09-30": "3.31560", "2009-06-30": "3.46790", "2009-03-31": "3.65870", "2008-12-31": "2.56860", "2008-09-30": "4.28920", "2008-06-30": "3.87370", "2008-03-31": "3.66280", "2007-12-31": "4.22060", "2007-09-30": "3.71770", "2007-06-30": "3.52430", "2007-03-31": "3.36890", "2006-12-31": "3.57000", "2006-09-30": "3.37520", "2006-06-30": "3.60690", "2006-03-31": "3.25990", "2005-12-31": "3.22200", "2005-09-30": "1.61480", "2005-06-30": "3.15190", "2005-03-31": "3.00370"}, "Book Value Per Share": {"2020-09-30": "92.55660", "2020-06-30": "91.22130", "2020-03-31": "89.78270", "2019-12-31": "96.41450", "2019-09-30": "95.36740", "2019-06-30": "97.67920", "2019-03-31": "104.16310", "2018-12-31": "104.30490", "2018-09-30": "23.39710", "2018-06-30": "22.70010", "2018-03-31": "23.95530", "2017-12-31": "22.70410", "2017-09-30": "23.50990", "2017-06-30": "21.88630", "2017-03-31": "20.90390", "2016-12-31": "19.09790", "2016-09-30": "19.75550", "2016-06-30": "19.44730", "2016-03-31": "18.59670", "2015-12-31": "16.82470", "2015-09-30": "16.30360", "2015-06-30": "18.65450", "2015-03-31": "18.70560", "2014-12-31": "20.77700", "2014-09-30": "23.81830", "2014-06-30": "25.01780", "2014-03-31": "23.88930", "2013-12-31": "23.80890", "2013-09-30": "22.33640", "2013-06-30": "21.31570", "2013-03-31": "22.06590", "2012-12-31": "21.67580", "2012-09-30": "21.35790", "2012-06-30": "19.76710", "2012-03-31": "20.98170", "2011-12-31": "19.41850", "2011-09-30": "20.41970", "2011-06-30": "22.40550", "2011-03-31": "21.54720", "2010-12-31": "20.21400", "2010-09-30": "20.66060", "2010-06-30": "18.84240", "2010-03-31": "18.72870", "2009-12-31": "18.42870", "2009-09-30": "17.62330", "2009-06-30": "16.12140", "2009-03-31": "14.22920", "2008-12-31": "14.04870", "2008-09-30": "15.85940", "2008-06-30": "18.00400", "2008-03-31": "16.63600", "2007-12-31": "16.29860", "2007-09-30": "15.39040", "2007-06-30": "15.16310", "2007-03-31": "14.01620", "2006-12-31": "14.19310", "2006-09-30": "13.91770", "2006-06-30": "13.24300", "2006-03-31": "12.76630", "2005-12-31": "12.10530", "2005-09-30": "12.01660", "2005-06-30": "11.81810", "2005-03-31": "11.28660"}, "Operating Cash Flow Per Share": {"2020-09-30": 3.5369, "2020-06-30": 3.3623, "2020-03-31": "2.51800", "2019-12-31": 3.967, "2019-09-30": 3.4637, "2019-06-30": 1.8485, "2019-03-31": "1.94480", "2018-12-31": 2.878, "2018-09-30": 2.9774, "2018-06-30": 2.7148, "2018-03-31": "2.36580", "2017-12-31": 2.8942, "2017-09-30": 2.7339, "2017-06-30": 2.4196, "2017-03-31": "2.47060", "2016-12-31": 2.5894, "2016-09-30": 2.7271, "2016-06-30": 2.4466, "2016-03-31": "1.92910", "2015-12-31": 2.6965, "2015-09-30": 2.394, "2015-06-30": 2.4912, "2015-03-31": "1.74180", "2014-12-31": 2.667, "2014-09-30": 2.4266, "2014-06-30": 2.8695, "2014-03-31": "1.80320", "2013-12-31": 3.2112, "2013-09-30": 3.0334, "2013-06-30": 1.9375, "2013-03-31": "1.57490", "2012-12-31": 2.9098, "2012-09-30": 2.4818, "2012-06-30": 2.3984, "2012-03-31": "1.32730", "2011-12-31": 2.5594, "2011-09-30": 2.4211, "2011-06-30": 1.8602, "2011-03-31": "1.16330", "2010-12-31": 0.9348, "2010-09-30": 1.9074, "2010-06-30": 1.7231, "2010-03-31": "1.55230", "2009-12-31": 2.2666, "2009-09-30": 1.7545, "2009-06-30": 1.798, "2009-03-31": "1.12110", "2008-12-31": 2.0272, "2008-09-30": 1.9911, "2008-06-30": 1.2015, "2008-03-31": "1.18290", "2007-12-31": 1.808, "2007-09-30": 1.8321, "2007-06-30": 1.4755, "2007-03-31": "0.91190", "2006-12-31": 1.712, "2006-09-30": 1.6836, "2006-06-30": 1.1886, "2006-03-31": "0.73630", "2005-12-31": 1.1436, "2005-09-30": 1.2717, "2005-06-30": 1.1821, "2005-03-31": "0.87660"}, "Free Cash Flow Per Share": {"2020-09-30": 2.0608, "2020-06-30": 1.8656, "2020-03-31": "1.01690", "2019-12-31": 2.1193, "2019-09-30": 1.683, "2019-06-30": 0.2582, "2019-03-31": "0.40970", "2018-12-31": 0.8649, "2018-09-30": 1.6786, "2018-06-30": 1.5087, "2018-03-31": "1.24820", "2017-12-31": 1.7206, "2017-09-30": 1.6327, "2017-06-30": 1.2978, "2017-03-31": "1.33270", "2016-12-31": 1.1625, "2016-09-30": 1.4263, "2016-06-30": 1.21, "2016-03-31": "0.80230", "2015-12-31": 1.3819, "2015-09-30": 0.9593, "2015-06-30": 1.2705, "2015-03-31": "0.38060", "2014-12-31": 1.0416, "2014-09-30": 0.9636, "2014-06-30": 1.5664, "2014-03-31": "0.48110", "2013-12-31": 1.4955, "2013-09-30": 1.3007, "2013-06-30": 0.1842, "2013-03-31": "0.02000", "2012-12-31": 0.9703, "2012-09-30": 0.6602, "2012-06-30": 0.5319, "2012-03-31": "-0.26740", "2011-12-31": 0.7089, "2011-09-30": 0.9011, "2011-06-30": 0.4543, "2011-03-31": "0.08100", "2010-12-31": -0.5155, "2010-09-30": 0.8708, "2010-06-30": 0.6783, "2010-03-31": "0.62670", "2009-12-31": 1.1323, "2009-09-30": 0.6829, "2009-06-30": 0.6171, "2009-03-31": "0.17990", "2008-12-31": 0.4996, "2008-09-30": 0.7053, "2008-06-30": 0.0274, "2008-03-31": "0.10920", "2007-12-31": 0.5698, "2007-09-30": 0.7161, "2007-06-30": 0.4659, "2007-03-31": "0.03980", "2006-12-31": 0.7994, "2006-09-30": 0.8502, "2006-06-30": 0.3698, "2006-03-31": "-0.03940", "2005-12-31": 0.2957, "2005-09-30": 0.5601, "2005-06-30": 0.582, "2005-03-31": "0.37610"}}, "revenue": {"Linde Annual Revenue (Millions of US $)": {"2020": "$27,243", "2019": "$28,228", "2018": "$14,836", "2017": "$11,358", "2016": "$10,534", "2015": "$10,776", "2014": "$12,273", "2013": "$11,925", "2012": "$11,224", "2011": "$11,252", "2010": "$10,116", "2009": "$8,956", "2008": "$10,796", "2007": "$9,402", "2006": "$8,324", "2005": "$7,656"}, "Linde Quarterly Revenue (Millions of US $)": {"2020-12-31": "$7,272", "2020-09-30": "$6,855", "2020-06-30": "$6,377", "2020-03-31": "$6,739", "2019-12-31": "$7,080", "2019-09-30": "$7,000", "2019-06-30": "$7,204", "2019-03-31": "$6,944", "2018-12-31": "$5,801", "2018-09-30": "$3,008", "2018-06-30": "$3,044", "2018-03-31": "$2,983", "2017-12-31": "$2,874", "2017-09-30": "$2,922", "2017-06-30": "$2,834", "2017-03-31": "$2,728", "2016-12-31": "$2,644", "2016-09-30": "$2,716", "2016-06-30": "$2,665", "2016-03-31": "$2,509", "2015-12-31": "$2,595", "2015-09-30": "$2,686", "2015-06-30": "$2,738", "2015-03-31": "$2,757", "2014-12-31": "$2,990", "2014-09-30": "$3,144", "2014-06-30": "$3,113", "2014-03-31": "$3,026", "2013-12-31": "$3,010", "2013-09-30": "$3,013", "2013-06-30": "$3,014", "2013-03-31": "$2,888", "2012-12-31": "$2,799", "2012-09-30": "$2,774", "2012-06-30": "$2,811", "2012-03-31": "$2,840", "2011-12-31": "$2,796", "2011-09-30": "$2,896", "2011-06-30": "$2,858", "2011-03-31": "$2,702", "2010-12-31": "$2,623", "2010-09-30": "$2,538", "2010-06-30": "$2,527", "2010-03-31": "$2,428", "2009-12-31": "$2,407", "2009-09-30": "$2,288", "2009-06-30": "$2,138", "2009-03-31": "$2,123", "2008-12-31": "$2,403", "2008-09-30": "$2,852", "2008-06-30": "$2,878", "2008-03-31": "$2,663", "2007-12-31": "$2,523", "2007-09-30": "$2,372", "2007-06-30": "$2,332", "2007-03-31": "$2,175", "2006-12-31": "$2,123", "2006-09-30": "$2,099", "2006-06-30": "$2,076", "2006-03-31": "$2,026", "2005-12-31": "$2,020", "2005-09-30": "$1,890", "2005-06-30": "$1,919", "2005-03-31": "$1,827"}}, "gross-profit": {"Linde Annual Gross Profit (Millions of US $)": {"2020": "$11,860", "2019": "$11,584", "2018": "$5,816", "2017": "$4,976", "2016": "$4,679", "2015": "$4,816", "2014": "$5,311", "2013": "$5,181", "2012": "$4,828", "2011": "$4,794", "2010": "$4,362", "2009": "$3,924", "2008": "$4,301", "2007": "$3,845", "2006": "$3,356", "2005": "$3,015"}, "Linde Quarterly Gross Profit (Millions of US $)": {"2020-12-31": "$3,186", "2020-09-30": "$3,020", "2020-06-30": "$2,758", "2020-03-31": "$2,896", "2019-12-31": "$2,893", "2019-09-30": "$2,939", "2019-06-30": "$2,924", "2019-03-31": "$2,828", "2018-12-31": "$1,846", "2018-09-30": "$1,310", "2018-06-30": "$1,338", "2018-03-31": "$1,322", "2017-12-31": "$1,292", "2017-09-30": "$1,270", "2017-06-30": "$1,235", "2017-03-31": "$1,179", "2016-12-31": "$1,171", "2016-09-30": "$1,183", "2016-06-30": "$1,197", "2016-03-31": "$1,128", "2015-12-31": "$1,169", "2015-09-30": "$1,198", "2015-06-30": "$1,222", "2015-03-31": "$1,227", "2014-12-31": "$1,301", "2014-09-30": "$1,364", "2014-06-30": "$1,346", "2014-03-31": "$1,300", "2013-12-31": "$1,311", "2013-09-30": "$1,316", "2013-06-30": "$1,304", "2013-03-31": "$1,250", "2012-12-31": "$1,216", "2012-09-30": "$1,179", "2012-06-30": "$1,209", "2012-03-31": "$1,224", "2011-12-31": "$1,198", "2011-09-30": "$1,212", "2011-06-30": "$1,218", "2011-03-31": "$1,166", "2010-12-31": "$1,131", "2010-09-30": "$1,094", "2010-06-30": "$1,090", "2010-03-31": "$1,047", "2009-12-31": "$1,037", "2009-09-30": "$1,011", "2009-06-30": "$948", "2009-03-31": "$928", "2008-12-31": "$985", "2008-09-30": "$1,118", "2008-06-30": "$1,130", "2008-03-31": "$1,068", "2007-12-31": "$1,030", "2007-09-30": "$978", "2007-06-30": "$944", "2007-03-31": "$893", "2006-12-31": "$859", "2006-09-30": "$840", "2006-06-30": "$838", "2006-03-31": "$819", "2005-12-31": "$799", "2005-09-30": "$746", "2005-06-30": "$752", "2005-03-31": "$718"}}, "operating-income": {"Linde Annual Operating Income (Millions of US $)": {"2020": "$3,322", "2019": "$2,933", "2018": "$5,247", "2017": "$2,444", "2016": "$2,247", "2015": "$2,321", "2014": "$2,608", "2013": "$2,625", "2012": "$2,437", "2011": "$2,468", "2010": "$2,082", "2009": "$1,575", "2008": "$1,883", "2007": "$1,786", "2006": "$1,519", "2005": "$1,293"}, "Linde Quarterly Operating Income (Millions of US $)": {"2020-12-31": "$1,029", "2020-09-30": "$969", "2020-06-30": "$591", "2020-03-31": "$733", "2019-12-31": "$655", "2019-09-30": "$1,000", "2019-06-30": "$669", "2019-03-31": "$609", "2018-12-31": "$3,236", "2018-09-30": "$669", "2018-06-30": "$689", "2018-03-31": "$653", "2017-12-31": "$639", "2017-09-30": "$632", "2017-06-30": "$606", "2017-03-31": "$567", "2016-12-31": "$608", "2016-09-30": "$497", "2016-06-30": "$588", "2016-03-31": "$554", "2015-12-31": "$624", "2015-09-30": "$594", "2015-06-30": "$480", "2015-03-31": "$623", "2014-12-31": "$525", "2014-09-30": "$711", "2014-06-30": "$697", "2014-03-31": "$675", "2013-12-31": "$690", "2013-09-30": "$670", "2013-06-30": "$665", "2013-03-31": "$600", "2012-12-31": "$616", "2012-09-30": "$558", "2012-06-30": "$636", "2012-03-31": "$627", "2011-12-31": "$618", "2011-09-30": "$632", "2011-06-30": "$627", "2011-03-31": "$591", "2010-12-31": "$505", "2010-09-30": "$551", "2010-06-30": "$547", "2010-03-31": "$479", "2009-12-31": "$512", "2009-09-30": "$174", "2009-06-30": "$447", "2009-03-31": "$442", "2008-12-31": "$314", "2008-09-30": "$544", "2008-06-30": "$543", "2008-03-31": "$482", "2007-12-31": "$484", "2007-09-30": "$460", "2007-06-30": "$439", "2007-03-31": "$403", "2006-12-31": "$393", "2006-09-30": "$392", "2006-06-30": "$382", "2006-03-31": "$352", "2005-12-31": "$345", "2005-09-30": "$317", "2005-06-30": "$322", "2005-03-31": "$309"}}, "ebitda": {"Linde Annual EBITDA (Millions of US $)": {"2019": "$7,620", "2018": "$7,445", "2017": "$3,628", "2016": "$3,369", "2015": "$3,427", "2014": "$3,778", "2013": "$3,734", "2012": "$3,438", "2011": "$3,471", "2010": "$3,007", "2009": "$2,421", "2008": "$2,733", "2007": "$2,560", "2006": "$2,215", "2005": "$1,958"}, "Linde Quarterly EBITDA (Millions of US $)": {"2020-09-30": "$2,137", "2020-06-30": "$1,715", "2020-03-31": "$1,875", "2019-12-31": "$1,817", "2019-09-30": "$2,097", "2019-06-30": "$1,864", "2019-03-31": "$1,842", "2018-12-31": "$4,506", "2018-09-30": "$975", "2018-06-30": "$1,000", "2018-03-31": "$964", "2017-12-31": "$946", "2017-09-30": "$930", "2017-06-30": "$898", "2017-03-31": "$854", "2016-12-31": "$893", "2016-09-30": "$781", "2016-06-30": "$869", "2016-03-31": "$826", "2015-12-31": "$899", "2015-09-30": "$870", "2015-06-30": "$758", "2015-03-31": "$900", "2014-12-31": "$816", "2014-09-30": "$1,012", "2014-06-30": "$990", "2014-03-31": "$960", "2013-12-31": "$977", "2013-09-30": "$951", "2013-06-30": "$940", "2013-03-31": "$866", "2012-12-31": "$870", "2012-09-30": "$806", "2012-06-30": "$883", "2012-03-31": "$879", "2011-12-31": "$867", "2011-09-30": "$888", "2011-06-30": "$881", "2011-03-31": "$835", "2010-12-31": "$745", "2010-09-30": "$778", "2010-06-30": "$777", "2010-03-31": "$707", "2009-12-31": "$735", "2009-09-30": "$391", "2009-06-30": "$654", "2009-03-31": "$641", "2008-12-31": "$520", "2008-09-30": "$762", "2008-06-30": "$759", "2008-03-31": "$692", "2007-12-31": "$691", "2007-09-30": "$656", "2007-06-30": "$628", "2007-03-31": "$585", "2006-12-31": "$571", "2006-09-30": "$565", "2006-06-30": "$556", "2006-03-31": "$523", "2005-12-31": "$520", "2005-09-30": "$482", "2005-06-30": "$485", "2005-03-31": "$471"}}, "net-income": {"Linde Annual Net Income (Millions of US $)": {"2020": "$2,501", "2019": "$2,285", "2018": "$4,381", "2017": "$1,247", "2016": "$1,500", "2015": "$1,547", "2014": "$1,694", "2013": "$1,755", "2012": "$1,692", "2011": "$1,672", "2010": "$1,195", "2009": "$1,254", "2008": "$1,211", "2007": "$1,177", "2006": "$988", "2005": "$726"}, "Linde Quarterly Net Income (Millions of US $)": {"2020-12-31": "$770", "2020-09-30": "$700", "2020-06-30": "$458", "2020-03-31": "$573", "2019-12-31": "$511", "2019-09-30": "$735", "2019-06-30": "$522", "2019-03-31": "$517", "2018-12-31": "$2,978", "2018-09-30": "$461", "2018-06-30": "$480", "2018-03-31": "$462", "2017-12-31": "$33", "2017-09-30": "$419", "2017-06-30": "$406", "2017-03-31": "$389", "2016-12-31": "$406", "2016-09-30": "$339", "2016-06-30": "$399", "2016-03-31": "$356", "2015-12-31": "$422", "2015-09-30": "$401", "2015-06-30": "$308", "2015-03-31": "$416", "2014-12-31": "$302", "2014-09-30": "$477", "2014-06-30": "$467", "2014-03-31": "$448", "2013-12-31": "$474", "2013-09-30": "$445", "2013-06-30": "$445", "2013-03-31": "$391", "2012-12-31": "$414", "2012-09-30": "$430", "2012-06-30": "$429", "2012-03-31": "$419", "2011-12-31": "$420", "2011-09-30": "$429", "2011-06-30": "$425", "2011-03-31": "$398", "2010-12-31": "$133", "2010-09-30": "$377", "2010-06-30": "$371", "2010-03-31": "$314", "2009-12-31": "$340", "2009-09-30": "$325", "2009-06-30": "$299", "2009-03-31": "$290", "2008-12-31": "$200", "2008-09-30": "$355", "2008-06-30": "$349", "2008-03-31": "$307", "2007-12-31": "$316", "2007-09-30": "$305", "2007-06-30": "$291", "2007-03-31": "$265", "2006-12-31": "$269", "2006-09-30": "$247", "2006-06-30": "$247", "2006-03-31": "$225", "2005-12-31": "$214", "2005-09-30": "$108", "2005-06-30": "$209", "2005-03-31": "$195"}}, "eps-earnings-per-share-diluted": {"Linde Annual EPS": {"2020": "$4.71", "2019": "$4.19", "2018": "$13.11", "2017": "$4.32", "2016": "$5.21", "2015": "$5.35", "2014": "$5.73", "2013": "$5.87", "2012": "$5.61", "2011": "$5.45", "2010": "$3.84", "2009": "$4.01", "2008": "$3.80", "2007": "$3.62", "2006": "$3.00", "2005": "$2.20"}, "Linde Quarterly EPS": {"2020-12-31": "$1.45", "2020-09-30": "$1.32", "2020-06-30": "$0.87", "2020-03-31": "$1.07", "2019-12-31": "$0.94", "2019-09-30": "$1.35", "2019-06-30": "$0.96", "2019-03-31": "$0.94", "2018-12-31": "$8.29", "2018-09-30": "$1.58", "2018-06-30": "$1.65", "2018-03-31": "$1.59", "2017-12-31": "$0.11", "2017-09-30": "$1.45", "2017-06-30": "$1.41", "2017-03-31": "$1.35", "2016-12-31": "$1.40", "2016-09-30": "$1.18", "2016-06-30": "$1.39", "2016-03-31": "$1.24", "2015-12-31": "$1.46", "2015-09-30": "$1.40", "2015-06-30": "$1.06", "2015-03-31": "$1.43", "2014-12-31": "$1.02", "2014-09-30": "$1.62", "2014-06-30": "$1.58", "2014-03-31": "$1.51", "2013-12-31": "$1.59", "2013-09-30": "$1.49", "2013-06-30": "$1.49", "2013-03-31": "$1.30", "2012-12-31": "$1.38", "2012-09-30": "$1.43", "2012-06-30": "$1.42", "2012-03-31": "$1.38", "2011-12-31": "$1.38", "2011-09-30": "$1.40", "2011-06-30": "$1.38", "2011-03-31": "$1.29", "2010-12-31": "$0.43", "2010-09-30": "$1.21", "2010-06-30": "$1.19", "2010-03-31": "$1.01", "2009-12-31": "$1.08", "2009-09-30": "$1.04", "2009-06-30": "$0.96", "2009-03-31": "$0.93", "2008-12-31": "$0.65", "2008-09-30": "$1.11", "2008-06-30": "$1.08", "2008-03-31": "$0.96", "2007-12-31": "$0.98", "2007-09-30": "$0.94", "2007-06-30": "$0.89", "2007-03-31": "$0.81", "2006-12-31": "$0.82", "2006-09-30": "$0.75", "2006-06-30": "$0.75", "2006-03-31": "$0.68", "2005-12-31": "$0.65", "2005-09-30": "$0.33", "2005-06-30": "$0.63", "2005-03-31": "$0.59"}}, "shares-outstanding": {"Linde Annual Shares Outstanding (Millions of Shares)": {"2020": "531", "2019": "545", "2018": "334", "2017": "289", "2016": "288", "2015": "289", "2014": "296", "2013": "299", "2012": "302", "2011": "307", "2010": "311", "2009": "312", "2008": "318", "2007": "325", "2006": "329", "2005": "330"}, "Linde Quarterly Shares Outstanding (Millions of Shares)": {"2020-12-31": "529", "2020-09-30": "530", "2020-06-30": "529", "2020-03-31": "535", "2019-12-31": "545", "2019-09-30": "544", "2019-06-30": "546", "2019-03-31": "549", "2018-12-31": "334", "2018-09-30": "292", "2018-06-30": "291", "2018-03-31": "291", "2017-12-31": "289", "2017-09-30": "289", "2017-06-30": "289", "2017-03-31": "287", "2016-12-31": "288", "2016-09-30": "288", "2016-06-30": "288", "2016-03-31": "287", "2015-12-31": "289", "2015-09-30": "287", "2015-06-30": "290", "2015-03-31": "292", "2014-12-31": "296", "2014-09-30": "295", "2014-06-30": "296", "2014-03-31": "297", "2013-12-31": "299", "2013-09-30": "298", "2013-06-30": "299", "2013-03-31": "300", "2012-12-31": "302", "2012-09-30": "302", "2012-06-30": "302", "2012-03-31": "303", "2011-12-31": "307", "2011-09-30": "306", "2011-06-30": "308", "2011-03-31": "309", "2010-12-31": "311", "2010-09-30": "312", "2010-06-30": "311", "2010-03-31": "311", "2009-12-31": "312", "2009-09-30": "312", "2009-06-30": "312", "2009-03-31": "311", "2008-12-31": "318", "2008-09-30": "320", "2008-06-30": "322", "2008-03-31": "320", "2007-12-31": "325", "2007-09-30": "325", "2007-06-30": "326", "2007-03-31": "327", "2006-12-31": "329", "2006-09-30": "329", "2006-06-30": "330", "2006-03-31": "330", "2005-12-31": "330", "2005-09-30": "330", "2005-06-30": "330", "2005-03-31": "330"}}, "total-assets": {"Linde Annual Total Assets (Millions of US $)": {"2019": "$86,612", "2018": "$93,386", "2017": "$20,436", "2016": "$19,332", "2015": "$18,319", "2014": "$19,769", "2013": "$20,255", "2012": "$18,090", "2011": "$16,356", "2010": "$15,274", "2009": "$14,317", "2008": "$13,054", "2007": "$13,382", "2006": "$11,102", "2005": "$10,491"}, "Linde Quarterly Total Assets (Millions of US $)": {"2020-09-30": "$87,209", "2020-06-30": "$85,856", "2020-03-31": "$84,369", "2019-12-31": "$86,612", "2019-09-30": "$84,394", "2019-06-30": "$87,189", "2019-03-31": "$91,641", "2018-12-31": "$93,386", "2018-09-30": "$19,979", "2018-06-30": "$19,836", "2018-03-31": "$20,592", "2017-12-31": "$20,436", "2017-09-30": "$20,375", "2017-06-30": "$19,965", "2017-03-31": "$19,665", "2016-12-31": "$19,332", "2016-09-30": "$19,886", "2016-06-30": "$19,811", "2016-03-31": "$19,025", "2015-12-31": "$18,319", "2015-09-30": "$18,456", "2015-06-30": "$19,067", "2015-03-31": "$19,123", "2014-12-31": "$19,769", "2014-09-30": "$20,384", "2014-06-30": "$20,925", "2014-03-31": "$20,538", "2013-12-31": "$20,255", "2013-09-30": "$20,062", "2013-06-30": "$19,771", "2013-03-31": "$19,586", "2012-12-31": "$18,090", "2012-09-30": "$17,639", "2012-06-30": "$16,688", "2012-03-31": "$16,987", "2011-12-31": "$16,356", "2011-09-30": "$15,902", "2011-06-30": "$16,410", "2011-03-31": "$15,834", "2010-12-31": "$15,274", "2010-09-30": "$15,057", "2010-06-30": "$14,292", "2010-03-31": "$14,727", "2009-12-31": "$14,317", "2009-09-30": "$14,171", "2009-06-30": "$13,586", "2009-03-31": "$12,857", "2008-12-31": "$13,054", "2008-09-30": "$13,878", "2008-06-30": "$14,428", "2008-03-31": "$14,000", "2007-12-31": "$13,382", "2007-09-30": "$12,751", "2007-06-30": "$12,251", "2007-03-31": "$11,748", "2006-12-31": "$11,102", "2006-09-30": "$10,925", "2006-06-30": "$10,839", "2006-03-31": "$10,616", "2005-12-31": "$10,491", "2005-09-30": "$10,182", "2005-06-30": "$9,937", "2005-03-31": "$9,832"}}, "cash-on-hand": {"Linde Annual Cash on Hand (Millions of US $)": {"2019": "$2,700", "2018": "$4,466", "2017": "$617", "2016": "$524", "2015": "$147", "2014": "$126", "2013": "$138", "2012": "$157", "2011": "$90", "2010": "$39", "2009": "$45", "2008": "$32", "2007": "$17", "2006": "$36", "2005": "$173"}, "Linde Quarterly Cash on Hand (Millions of US $)": {"2020-09-30": "$5,199", "2020-06-30": "$4,941", "2020-03-31": "$4,014", "2019-12-31": "$2,700", "2019-09-30": "$2,120", "2019-06-30": "$2,686", "2019-03-31": "$5,791", "2018-12-31": "$4,466", "2018-09-30": "$600", "2018-06-30": "$479", "2018-03-31": "$545", "2017-12-31": "$617", "2017-09-30": "$607", "2017-06-30": "$535", "2017-03-31": "$519", "2016-12-31": "$524", "2016-09-30": "$627", "2016-06-30": "$567", "2016-03-31": "$221", "2015-12-31": "$147", "2015-09-30": "$136", "2015-06-30": "$136", "2015-03-31": "$117", "2014-12-31": "$126", "2014-09-30": "$168", "2014-06-30": "$173", "2014-03-31": "$144", "2013-12-31": "$138", "2013-09-30": "$134", "2013-06-30": "$102", "2013-03-31": "$113", "2012-12-31": "$157", "2012-09-30": "$108", "2012-06-30": "$104", "2012-03-31": "$107", "2011-12-31": "$90", "2011-09-30": "$125", "2011-06-30": "$80", "2011-03-31": "$86", "2010-12-31": "$39", "2010-09-30": "$71", "2010-06-30": "$48", "2010-03-31": "$376", "2009-12-31": "$45", "2009-09-30": "$65", "2009-06-30": "$33", "2009-03-31": "$54", "2008-12-31": "$32", "2008-09-30": "$24", "2008-06-30": "$27", "2008-03-31": "$21", "2007-12-31": "$17", "2007-09-30": "$26", "2007-06-30": "$22", "2007-03-31": "$26", "2006-12-31": "$36", "2006-09-30": "$22", "2006-06-30": "$21", "2006-03-31": "$32", "2005-12-31": "$173", "2005-09-30": "$19", "2005-06-30": "$28", "2005-03-31": "$26"}}, "long-term-debt": {"Linde Annual Long Term Debt (Millions of US $)": {"2019": "$10,693", "2018": "$12,288", "2017": "$7,783", "2016": "$8,917", "2015": "$8,975", "2014": "$8,636", "2013": "$8,026", "2012": "$6,685", "2011": "$5,838", "2010": "$5,155", "2009": "$4,757", "2008": "$3,709", "2007": "$3,364", "2006": "$2,981", "2005": "$2,926"}, "Linde Quarterly Long Term Debt (Millions of US $)": {"2020-09-30": "$11,959", "2020-06-30": "$11,078", "2020-03-31": "$10,021", "2019-12-31": "$10,693", "2019-09-30": "$10,567", "2019-06-30": "$12,255", "2019-03-31": "$12,190", "2018-12-31": "$12,288", "2018-09-30": "$6,615", "2018-06-30": "$7,229", "2018-03-31": "$7,336", "2017-12-31": "$7,783", "2017-09-30": "$8,243", "2017-06-30": "$8,177", "2017-03-31": "$8,947", "2016-12-31": "$8,917", "2016-09-30": "$9,225", "2016-06-30": "$9,190", "2016-03-31": "$9,222", "2015-12-31": "$8,975", "2015-09-30": "$9,057", "2015-06-30": "$8,813", "2015-03-31": "$8,771", "2014-12-31": "$8,636", "2014-09-30": "$8,089", "2014-06-30": "$8,565", "2014-03-31": "$8,564", "2013-12-31": "$8,026", "2013-09-30": "$7,883", "2013-06-30": "$7,863", "2013-03-31": "$7,772", "2012-12-31": "$6,685", "2012-09-30": "$6,389", "2012-06-30": "$5,961", "2012-03-31": "$6,420", "2011-12-31": "$5,838", "2011-09-30": "$5,809", "2011-06-30": "$5,685", "2011-03-31": "$5,481", "2010-12-31": "$5,155", "2010-09-30": "$4,815", "2010-06-30": "$4,783", "2010-03-31": "$4,732", "2009-12-31": "$4,757", "2009-09-30": "$4,727", "2009-06-30": "$4,022", "2009-03-31": "$3,770", "2008-12-31": "$3,709", "2008-09-30": "$3,642", "2008-06-30": "$3,674", "2008-03-31": "$3,582", "2007-12-31": "$3,364", "2007-09-30": "$3,342", "2007-06-30": "$3,407", "2007-03-31": "$3,399", "2006-12-31": "$2,981", "2006-09-30": "$2,824", "2006-06-30": "$2,579", "2006-03-31": "$2,777", "2005-12-31": "$2,926", "2005-09-30": "$2,815", "2005-06-30": "$2,810", "2005-03-31": "$2,841"}}, "total-liabilities": {"Linde Annual Total Liabilities (Millions of US $)": {"2019": "$35,090", "2018": "$36,306", "2017": "$13,925", "2016": "$13,891", "2015": "$13,526", "2014": "$13,759", "2013": "$13,252", "2012": "$11,669", "2011": "$10,559", "2010": "$9,129", "2009": "$8,669", "2008": "$8,743", "2007": "$8,240", "2006": "$6,548", "2005": "$6,589"}, "Linde Quarterly Total Liabilities (Millions of US $)": {"2020-09-30": "$38,630", "2020-06-30": "$37,932", "2020-03-31": "$37,218", "2019-12-31": "$35,090", "2019-09-30": "$33,100", "2019-06-30": "$34,310", "2019-03-31": "$35,009", "2018-12-31": "$36,306", "2018-09-30": "$13,244", "2018-06-30": "$13,308", "2018-03-31": "$13,708", "2017-12-31": "$13,925", "2017-09-30": "$13,644", "2017-06-30": "$13,705", "2017-03-31": "$13,700", "2016-12-31": "$13,891", "2016-09-30": "$14,248", "2016-06-30": "$14,264", "2016-03-31": "$13,720", "2015-12-31": "$13,526", "2015-09-30": "$13,812", "2015-06-30": "$13,723", "2015-03-31": "$13,730", "2014-12-31": "$13,759", "2014-09-30": "$13,444", "2014-06-30": "$13,619", "2014-03-31": "$13,540", "2013-12-31": "$13,252", "2013-09-30": "$13,487", "2013-06-30": "$13,486", "2013-03-31": "$13,060", "2012-12-31": "$11,669", "2012-09-30": "$11,293", "2012-06-30": "$10,794", "2012-03-31": "$10,720", "2011-12-31": "$10,559", "2011-09-30": "$9,781", "2011-06-30": "$9,640", "2011-03-31": "$9,297", "2010-12-31": "$9,129", "2010-09-30": "$8,727", "2010-06-30": "$8,525", "2010-03-31": "$8,997", "2009-12-31": "$8,669", "2009-09-30": "$8,764", "2009-06-30": "$8,640", "2009-03-31": "$8,482", "2008-12-31": "$8,743", "2008-09-30": "$8,987", "2008-06-30": "$8,757", "2008-03-31": "$8,791", "2007-12-31": "$8,240", "2007-09-30": "$7,889", "2007-06-30": "$7,401", "2007-03-31": "$7,281", "2006-12-31": "$6,548", "2006-09-30": "$6,431", "2006-06-30": "$6,570", "2006-03-31": "$6,491", "2005-12-31": "$6,589", "2005-09-30": "$6,309", "2005-06-30": "$6,116", "2005-03-31": "$6,181"}}, "total-share-holder-equity": {"Linde Annual Share Holder Equity (Millions of US $)": {"2019": "$51,522", "2018": "$57,080", "2017": "$6,511", "2016": "$5,441", "2015": "$4,793", "2014": "$6,010", "2013": "$7,003", "2012": "$6,421", "2011": "$5,797", "2010": "$6,145", "2009": "$5,648", "2008": "$4,311", "2007": "$5,142", "2006": "$4,554", "2005": "$3,902"}, "Linde Quarterly Share Holder Equity (Millions of US $)": {"2020-09-30": "$48,579", "2020-06-30": "$47,924", "2020-03-31": "$47,151", "2019-12-31": "$51,522", "2019-09-30": "$51,294", "2019-06-30": "$52,879", "2019-03-31": "$56,632", "2018-12-31": "$57,080", "2018-09-30": "$6,735", "2018-06-30": "$6,528", "2018-03-31": "$6,884", "2017-12-31": "$6,511", "2017-09-30": "$6,731", "2017-06-30": "$6,260", "2017-03-31": "$5,965", "2016-12-31": "$5,441", "2016-09-30": "$5,638", "2016-06-30": "$5,547", "2016-03-31": "$5,305", "2015-12-31": "$4,793", "2015-09-30": "$4,644", "2015-06-30": "$5,344", "2015-03-31": "$5,393", "2014-12-31": "$6,010", "2014-09-30": "$6,940", "2014-06-30": "$7,306", "2014-03-31": "$6,998", "2013-12-31": "$7,003", "2013-09-30": "$6,575", "2013-06-30": "$6,285", "2013-03-31": "$6,526", "2012-12-31": "$6,421", "2012-09-30": "$6,346", "2012-06-30": "$5,894", "2012-03-31": "$6,267", "2011-12-31": "$5,797", "2011-09-30": "$6,121", "2011-06-30": "$6,770", "2011-03-31": "$6,537", "2010-12-31": "$6,145", "2010-09-30": "$6,330", "2010-06-30": "$5,767", "2010-03-31": "$5,730", "2009-12-31": "$5,648", "2009-09-30": "$5,407", "2009-06-30": "$4,946", "2009-03-31": "$4,375", "2008-12-31": "$4,311", "2008-09-30": "$4,891", "2008-06-30": "$5,671", "2008-03-31": "$5,209", "2007-12-31": "$5,142", "2007-09-30": "$4,862", "2007-06-30": "$4,850", "2007-03-31": "$4,467", "2006-12-31": "$4,554", "2006-09-30": "$4,494", "2006-06-30": "$4,269", "2006-03-31": "$4,125", "2005-12-31": "$3,902", "2005-09-30": "$3,873", "2005-06-30": "$3,821", "2005-03-31": "$3,651"}}, "profit-margins": {"current": "9.18%"}, "gross margin": {"2020-12-31": "43.53%", "2020-09-30": "42.76%", "2020-06-30": "42.23%", "2020-03-31": "41.58%", "2019-12-31": "41.04%", "2019-09-30": "39.10%", "2019-06-30": "38.80%", "2019-03-31": "38.95%", "2018-12-31": "39.20%", "2018-09-30": "44.19%", "2018-06-30": "44.17%", "2018-03-31": "44.08%", "2017-12-31": "43.81%", "2017-09-30": "43.63%", "2017-06-30": "43.66%", "2017-03-31": "43.99%", "2016-12-31": "44.42%", "2016-09-30": "44.61%", "2016-06-30": "44.88%", "2016-03-31": "44.80%", "2015-12-31": "44.69%", "2015-09-30": "44.29%", "2015-06-30": "43.98%", "2015-03-31": "43.64%", "2014-12-31": "43.27%", "2014-09-30": "43.28%", "2014-06-30": "43.36%", "2014-03-31": "43.36%", "2013-12-31": "43.45%", "2013-09-30": "43.42%", "2013-06-30": "43.13%", "2013-03-31": "43.06%", "2012-12-31": "43.01%", "2012-09-30": "42.87%", "2012-06-30": "42.70%", "2012-03-31": "42.60%", "2011-12-31": "42.61%", "2011-09-30": "42.67%", "2011-06-30": "42.99%", "2011-03-31": "43.13%", "2010-12-31": "43.12%", "2010-09-30": "43.11%", "2010-06-30": "43.37%", "2010-03-31": "43.66%", "2009-12-31": "43.81%", "2009-09-30": "43.25%", "2009-06-30": "41.81%", "2009-03-31": "40.57%", "2008-12-31": "39.84%", "2008-09-30": "39.81%", "2008-06-30": "40.30%", "2008-03-31": "40.65%", "2007-12-31": "40.90%", "2007-09-30": "40.81%", "2007-06-30": "40.51%", "2007-03-31": "40.48%", "2006-12-31": "40.32%", "2006-09-30": "40.09%", "2006-06-30": "39.97%", "2006-03-31": "39.67%", "2005-12-31": "39.38%"}, "operating margin": {"2020-12-31": "12.19%", "2020-09-30": "10.90%", "2020-06-30": "10.95%", "2020-03-31": "10.91%", "2019-12-31": "10.39%", "2019-09-30": "20.46%", "2019-06-30": "22.58%", "2019-03-31": "27.68%", "2018-12-31": "35.37%", "2018-09-30": "22.25%", "2018-06-30": "22.10%", "2018-03-31": "21.79%", "2017-12-31": "21.52%", "2017-09-30": "21.68%", "2017-06-30": "20.86%", "2017-03-31": "21.02%", "2016-12-31": "21.33%", "2016-09-30": "21.58%", "2016-06-30": "22.57%", "2016-03-31": "21.39%", "2015-12-31": "21.54%", "2015-09-30": "19.89%", "2015-06-30": "20.11%", "2015-03-31": "21.29%", "2014-12-31": "21.25%", "2014-09-30": "22.56%", "2014-06-30": "22.46%", "2014-03-31": "22.38%", "2013-12-31": "22.01%", "2013-09-30": "21.78%", "2013-06-30": "21.25%", "2013-03-31": "21.38%", "2012-12-31": "21.71%", "2012-09-30": "21.74%", "2012-06-30": "22.15%", "2012-03-31": "21.98%", "2011-12-31": "21.93%", "2011-09-30": "21.26%", "2011-06-30": "21.21%", "2011-03-31": "21.12%", "2010-12-31": "20.58%", "2010-09-30": "21.10%", "2010-06-30": "17.74%", "2010-03-31": "17.41%", "2009-12-31": "17.59%", "2009-09-30": "15.38%", "2009-06-30": "18.36%", "2009-03-31": "17.97%", "2008-12-31": "17.44%", "2008-09-30": "18.81%", "2008-06-30": "18.87%", "2008-03-31": "18.86%", "2007-12-31": "19.00%", "2007-09-30": "18.83%", "2007-06-30": "18.64%", "2007-03-31": "18.53%", "2006-12-31": "18.25%", "2006-09-30": "17.89%", "2006-06-30": "17.42%", "2006-03-31": "17.01%", "2005-12-31": "16.89%"}, "ebitda margin": {"2020-09-30": "27.89%", "2020-06-30": "27.59%", "2020-03-31": "27.31%", "2019-12-31": "26.99%", "2019-09-30": "38.25%", "2019-06-30": "40.02%", "2019-03-31": "44.28%", "2018-12-31": "50.18%", "2018-09-30": "32.62%", "2018-06-30": "32.48%", "2018-03-31": "32.19%", "2017-12-31": "31.94%", "2017-09-30": "32.13%", "2017-06-30": "31.37%", "2017-03-31": "31.59%", "2016-12-31": "31.98%", "2016-09-30": "32.19%", "2016-06-30": "33.13%", "2016-03-31": "31.85%", "2015-12-31": "31.80%", "2015-09-30": "29.93%", "2015-06-30": "29.98%", "2015-03-31": "30.97%", "2014-12-31": "30.78%", "2014-09-30": "32.04%", "2014-06-30": "31.89%", "2014-03-31": "31.73%", "2013-12-31": "31.31%", "2013-09-30": "30.96%", "2013-06-30": "30.34%", "2013-03-31": "30.39%", "2012-12-31": "30.63%", "2012-09-30": "30.61%", "2012-06-30": "31.01%", "2012-03-31": "30.86%", "2011-12-31": "30.85%", "2011-09-30": "30.23%", "2011-06-30": "30.21%", "2011-03-31": "30.17%", "2010-12-31": "29.73%", "2010-09-30": "30.27%", "2010-06-30": "27.05%", "2010-03-31": "26.85%", "2009-12-31": "27.03%", "2009-09-30": "24.64%", "2009-06-30": "27.08%", "2009-03-31": "26.15%", "2008-12-31": "25.31%", "2008-09-30": "26.60%", "2008-06-30": "26.81%", "2008-03-31": "26.97%", "2007-12-31": "27.23%", "2007-09-30": "27.11%", "2007-06-30": "26.91%", "2007-03-31": "26.87%", "2006-12-31": "26.61%", "2006-09-30": "26.32%", "2006-06-30": "25.97%", "2006-03-31": "25.59%", "2005-12-31": "25.57%"}, "pre tax profit margin": {"2020-12-31": "12.42%", "2020-09-30": "11.15%", "2020-06-30": "11.20%", "2020-03-31": "11.10%", "2019-12-31": "10.37%", "2019-09-30": "20.16%", "2019-06-30": "22.02%", "2019-03-31": "26.68%", "2018-12-31": "34.03%", "2018-09-30": "20.71%", "2018-06-30": "20.54%", "2018-03-31": "20.24%", "2017-12-31": "20.14%", "2017-09-30": "20.25%", "2017-06-30": "19.43%", "2017-03-31": "19.53%", "2016-12-31": "19.44%", "2016-09-30": "19.73%", "2016-06-30": "20.79%", "2016-03-31": "19.66%", "2015-12-31": "20.04%", "2015-09-30": "18.12%", "2015-06-30": "18.32%", "2015-03-31": "19.54%", "2014-12-31": "19.51%", "2014-09-30": "21.01%", "2014-06-30": "20.93%", "2014-03-31": "20.86%", "2013-12-31": "20.52%", "2013-09-30": "20.44%", "2013-06-30": "19.93%", "2013-03-31": "20.10%", "2012-12-31": "20.46%", "2012-09-30": "20.45%", "2012-06-30": "20.89%", "2012-03-31": "20.69%", "2011-12-31": "20.65%", "2011-09-30": "20.04%", "2011-06-30": "20.02%", "2011-03-31": "19.95%", "2010-12-31": "19.41%", "2010-09-30": "19.86%", "2010-06-30": "16.44%", "2010-03-31": "16.00%", "2009-12-31": "16.10%", "2009-09-30": "13.72%", "2009-06-30": "16.60%", "2009-03-31": "16.16%", "2008-12-31": "15.61%", "2008-09-30": "16.98%", "2008-06-30": "17.02%", "2008-03-31": "17.02%", "2007-12-31": "17.16%", "2007-09-30": "17.04%", "2007-06-30": "16.86%", "2007-03-31": "16.70%", "2006-12-31": "16.39%", "2006-09-30": "15.98%", "2006-06-30": "15.44%", "2006-03-31": "14.98%", "2005-12-31": "14.76%"}, "net profit margin": {"2020-12-31": "9.18%", "2020-09-30": "8.29%", "2020-06-30": "8.37%", "2020-03-31": "8.35%", "2019-12-31": "8.09%", "2019-09-30": "17.63%", "2019-06-30": "19.51%", "2019-03-31": "23.60%", "2018-12-31": "29.53%", "2018-09-30": "12.06%", "2018-06-30": "11.79%", "2018-03-31": "11.37%", "2017-12-31": "10.98%", "2017-09-30": "14.56%", "2017-06-30": "14.10%", "2017-03-31": "14.26%", "2016-12-31": "14.24%", "2016-09-30": "14.46%", "2016-06-30": "15.09%", "2016-03-31": "14.12%", "2015-12-31": "14.36%", "2015-09-30": "12.77%", "2015-06-30": "12.92%", "2015-03-31": "13.85%", "2014-12-31": "13.80%", "2014-09-30": "15.18%", "2014-06-30": "15.08%", "2014-03-31": "15.02%", "2013-12-31": "14.72%", "2013-09-30": "14.47%", "2013-06-30": "14.64%", "2013-03-31": "14.76%", "2012-12-31": "15.07%", "2012-09-30": "15.13%", "2012-06-30": "14.96%", "2012-03-31": "14.86%", "2011-12-31": "14.86%", "2011-09-30": "12.50%", "2011-06-30": "12.43%", "2011-03-31": "12.31%", "2010-12-31": "11.81%", "2010-09-30": "14.16%", "2010-06-30": "13.99%", "2010-03-31": "13.80%", "2009-12-31": "14.00%", "2009-09-30": "12.44%", "2009-06-30": "12.02%", "2009-03-31": "11.64%", "2008-12-31": "11.22%", "2008-09-30": "12.16%", "2008-06-30": "12.24%", "2008-03-31": "12.33%", "2007-12-31": "12.52%", "2007-09-30": "12.55%", "2007-06-30": "12.28%", "2007-03-31": "12.13%", "2006-12-31": "11.87%", "2006-09-30": "11.35%", "2006-06-30": "9.91%", "2006-03-31": "9.62%", "2005-12-31": "9.48%"}, "pe ratio": {"current": "31.02", "2021-02-11": "77.64", "2020-12-31": "80.83", "2020-09-30": "56.35", "2020-06-30": "49.65", "2020-03-31": "39.47", "2019-12-31": "50.08", "2019-09-30": "58.63", "2019-06-30": "103.47", "2019-03-31": "66.18", "2018-12-31": "46.68", "2018-09-30": "46.26", "2018-06-30": "31.61", "2018-03-31": "30.21", "2017-12-31": "34.00", "2017-09-30": "23.49", "2017-06-30": "23.26", "2017-03-31": "20.77", "2016-12-31": "20.82", "2016-09-30": "21.09", "2016-06-30": "18.71", "2016-03-31": "20.14", "2015-12-31": "17.26", "2015-09-30": "18.58", "2015-06-30": "20.73", "2015-03-31": "18.90", "2014-12-31": "19.89", "2014-09-30": "17.95", "2014-06-30": "18.78", "2014-03-31": "18.70", "2013-12-31": "19.13", "2013-09-30": "18.26", "2013-06-30": "17.59", "2013-03-31": "17.16", "2012-12-31": "16.51", "2012-09-30": "15.59", "2012-06-30": "16.32", "2012-03-31": "17.24", "2011-12-31": "16.26", "2011-09-30": "17.13", "2011-06-30": "20.64", "2011-03-31": "20.14", "2010-12-31": "20.20", "2010-09-30": "16.22", "2010-06-30": "14.12", "2010-03-31": "16.19", "2009-12-31": "15.88", "2009-09-30": "18.10", "2009-06-30": "15.36", "2009-03-31": "14.01", "2008-12-31": "12.17", "2008-09-30": "13.41", "2008-06-30": "18.29", "2008-03-31": "17.11", "2007-12-31": "18.68", "2007-09-30": "18.39", "2007-06-30": "16.65", "2007-03-31": "15.15", "2006-12-31": "14.82"}, "price sales": {"2021-02-11": "4.93", "2020-12-31": "5.13", "2020-09-30": "4.69", "2020-06-30": "4.17", "2020-03-31": "3.31", "2019-12-31": "4.07", "2019-09-30": "3.40", "2019-06-30": "3.67", "2019-03-31": "3.38", "2018-12-31": "3.12", "2018-09-30": "3.78", "2018-06-30": "3.72", "2018-03-31": "3.43", "2017-12-31": "3.73", "2017-09-30": "3.42", "2017-06-30": "3.28", "2017-03-31": "2.96", "2016-12-31": "2.97", "2016-09-30": "3.06", "2016-06-30": "2.83", "2016-03-31": "2.85", "2015-12-31": "2.49", "2015-09-30": "2.38", "2015-06-30": "2.69", "2015-03-31": "2.63", "2014-12-31": "2.75", "2014-09-30": "2.73", "2014-06-30": "2.84", "2014-03-31": "2.81", "2013-12-31": "2.82", "2013-09-30": "2.64", "2013-06-30": "2.58", "2013-03-31": "2.54", "2012-12-31": "2.49", "2012-09-30": "2.37", "2012-06-30": "2.44", "2012-03-31": "2.56", "2011-12-31": "2.42", "2011-09-30": "2.15", "2011-06-30": "2.57", "2011-03-31": "2.48", "2010-12-31": "2.39", "2010-09-30": "2.30", "2010-06-30": "1.97", "2010-03-31": "2.24", "2009-12-31": "2.22", "2009-09-30": "2.26", "2009-06-30": "1.86", "2009-03-31": "1.63", "2008-12-31": "1.37", "2008-09-30": "1.63", "2008-06-30": "2.24", "2008-03-31": "2.11", "2007-12-31": "2.34", "2007-09-30": "2.31", "2007-06-30": "2.05", "2007-03-31": "1.84", "2006-12-31": "1.76"}, "price book": {"current": "2.71", "2021-02-11": "2.73", "2020-09-30": "2.56", "2020-06-30": "2.31", "2020-03-31": "1.90", "2019-12-31": "2.18", "2019-09-30": "2.00", "2019-06-30": "2.01", "2019-03-31": "1.65", "2018-12-31": "1.45", "2018-09-30": "6.62", "2018-06-30": "6.68", "2018-03-31": "5.75", "2017-12-31": "6.47", "2017-09-30": "5.61", "2017-06-30": "5.69", "2017-03-31": "5.30", "2016-12-31": "5.69", "2016-09-30": "5.64", "2016-06-30": "5.29", "2016-03-31": "5.60", "2015-12-31": "5.50", "2015-09-30": "5.61", "2015-06-30": "5.71", "2015-03-31": "5.72", "2014-12-31": "5.49", "2014-09-30": "4.75", "2014-06-30": "4.63", "2014-03-31": "4.76", "2013-12-31": "4.72", "2013-09-30": "4.63", "2013-06-30": "4.62", "2013-03-31": "4.30", "2012-12-31": "4.27", "2012-09-30": "4.10", "2012-06-30": "4.61", "2012-03-31": "4.55", "2011-12-31": "4.56", "2011-09-30": "3.78", "2011-06-30": "3.97", "2011-03-31": "3.85", "2010-12-31": "3.84", "2010-09-30": "3.53", "2010-06-30": "3.24", "2010-03-31": "3.54", "2009-12-31": "3.46", "2009-09-30": "3.67", "2009-06-30": "3.47", "2009-03-31": "3.70", "2008-12-31": "3.28", "2008-09-30": "3.49", "2008-06-30": "4.02", "2008-03-31": "3.88", "2007-12-31": "4.15", "2007-09-30": "4.13", "2007-06-30": "3.59", "2007-03-31": "3.38", "2006-12-31": "3.13", "2006-09-30": "3.17", "2006-06-30": "3.03", "2006-03-31": "3.20"}, "price fcf": {"2021-02-11": "", "2020-09-30": "$7.06", "2020-06-30": "$6.68", "2020-03-31": "$5.08", "2019-12-31": "$4.47", "2019-09-30": "$3.22", "2019-06-30": "$3.21", "2019-03-31": "$4.46", "2018-12-31": "$5.30", "2018-09-30": "$6.16", "2018-06-30": "$6.11", "2018-03-31": "$5.90", "2017-12-31": "$5.98", "2017-09-30": "$5.43", "2017-06-30": "$5.22", "2017-03-31": "$5.13", "2016-12-31": "$4.60", "2016-09-30": "$4.82", "2016-06-30": "$4.35", "2016-03-31": "$4.41", "2015-12-31": "$3.99", "2015-09-30": "$3.65", "2015-06-30": "$3.66", "2015-03-31": "$3.95", "2014-12-31": "$4.05", "2014-09-30": "$4.51", "2014-06-30": "$4.84", "2014-03-31": "$3.46", "2013-12-31": "$3.00", "2013-09-30": "$2.48", "2013-06-30": "$1.83", "2013-03-31": "$2.18", "2012-12-31": "$1.90", "2012-09-30": "$1.63", "2012-06-30": "$1.87", "2012-03-31": "$1.80", "2011-12-31": "$2.15", "2011-09-30": "$0.92", "2011-06-30": "$0.89", "2011-03-31": "$1.11", "2010-12-31": "$1.66", "2010-09-30": "$3.31", "2010-06-30": "$3.12", "2010-03-31": "$3.06", "2009-12-31": "$2.61", "2009-09-30": "$1.98", "2009-06-30": "$2.00", "2009-03-31": "$1.41", "2008-12-31": "$1.34", "2008-09-30": "$1.41", "2008-06-30": "$1.42", "2008-03-31": "$1.86", "2007-12-31": "$1.79", "2007-09-30": "$2.02", "2007-06-30": "$2.16", "2007-03-31": "$2.06", "2006-12-31": "$1.98"}, "net worth": {"value": "$134.16B"}, "current ratio": {"2020-12-31": "0.80", "2020-09-30": "0.83", "2020-06-30": "0.80", "2020-03-31": "0.74", "2019-12-31": "0.85", "2019-09-30": "0.90", "2019-06-30": "1.02", "2019-03-31": "1.35", "2018-12-31": "1.33", "2018-09-30": "0.86", "2018-06-30": "0.97", "2018-03-31": "0.94", "2017-12-31": "0.99", "2017-09-30": "1.11", "2017-06-30": "1.03", "2017-03-31": "1.34", "2016-12-31": "1.16", "2016-09-30": "1.34", "2016-06-30": "1.33", "2016-03-31": "1.60", "2015-12-31": "1.39", "2015-09-30": "1.29", "2015-06-30": "1.26", "2015-03-31": "1.17", "2014-12-31": "1.14", "2014-09-30": "1.03", "2014-06-30": "1.24", "2014-03-31": "1.25", "2013-12-31": "1.10", "2013-09-30": "1.02", "2013-06-30": "1.01", "2013-03-31": "1.09", "2012-12-31": "1.13", "2012-09-30": "1.12", "2012-06-30": "0.97", "2012-03-31": "1.28", "2011-12-31": "1.03", "2011-09-30": "1.25", "2011-06-30": "1.38", "2011-03-31": "1.35", "2010-12-31": "1.13", "2010-09-30": "1.32", "2010-06-30": "1.29", "2010-03-31": "1.20", "2009-12-31": "1.23", "2009-09-30": "1.13", "2009-06-30": "0.89", "2009-03-31": "0.82", "2008-12-31": "0.77", "2008-09-30": "0.84", "2008-06-30": "1.01", "2008-03-31": "0.92", "2007-12-31": "0.91", "2007-09-30": "0.95", "2007-06-30": "1.21", "2007-03-31": "1.19", "2006-12-31": "1.17", "2006-09-30": "1.11", "2006-06-30": "0.89", "2006-03-31": "0.99", "2005-12-31": "1.07", "2005-09-30": "1.02", "2005-06-30": "1.06", "2005-03-31": "0.97"}, "quick ratio": {"2020-12-31": "0.67", "2020-09-30": "0.71", "2020-06-30": "0.69", "2020-03-31": "0.63", "2019-12-31": "0.71", "2019-09-30": "0.75", "2019-06-30": "0.85", "2019-03-31": "1.21", "2018-12-31": "1.21", "2018-09-30": "0.70", "2018-06-30": "0.78", "2018-03-31": "0.77", "2017-12-31": "0.81", "2017-09-30": "0.91", "2017-06-30": "0.84", "2017-03-31": "1.09", "2016-12-31": "0.94", "2016-09-30": "1.12", "2016-06-30": "1.10", "2016-03-31": "1.29", "2015-12-31": "1.11", "2015-09-30": "1.04", "2015-06-30": "1.01", "2015-03-31": "0.94", "2014-12-31": "0.92", "2014-09-30": "0.85", "2014-06-30": "1.03", "2014-03-31": "1.04", "2013-12-31": "0.91", "2013-09-30": "0.84", "2013-06-30": "0.85", "2013-03-31": "0.91", "2012-12-31": "0.93", "2012-09-30": "0.93", "2012-06-30": "0.80", "2012-03-31": "1.06", "2011-12-31": "0.85", "2011-09-30": "1.04", "2011-06-30": "1.16", "2011-03-31": "1.14", "2010-12-31": "0.94", "2010-09-30": "1.10", "2010-06-30": "1.08", "2010-03-31": "1.03", "2009-12-31": "1.02", "2009-09-30": "0.93", "2009-06-30": "0.71", "2009-03-31": "0.66", "2008-12-31": "0.62", "2008-09-30": "0.68", "2008-06-30": "0.82", "2008-03-31": "0.75", "2007-12-31": "0.73", "2007-09-30": "0.78", "2007-06-30": "0.99", "2007-03-31": "0.97", "2006-12-31": "0.95", "2006-09-30": "0.90", "2006-06-30": "0.72", "2006-03-31": "0.80", "2005-12-31": "0.88", "2005-09-30": "0.82", "2005-06-30": "0.86", "2005-03-31": "0.78"}, "debt equity ratio": {"current": "0.25", "2020-12-31": "0.78", "2020-09-30": "0.80", "2020-06-30": "0.79", "2020-03-31": "0.79", "2019-12-31": "0.68", "2019-09-30": "0.65", "2019-06-30": "0.65", "2019-03-31": "0.62", "2018-12-31": "0.64", "2018-09-30": "1.97", "2018-06-30": "2.04", "2018-03-31": "1.99", "2017-12-31": "2.14", "2017-09-30": "2.03", "2017-06-30": "2.19", "2017-03-31": "2.30", "2016-12-31": "2.55", "2016-09-30": "2.53", "2016-06-30": "2.57", "2016-03-31": "2.59", "2015-12-31": "2.82", "2015-09-30": "2.97", "2015-06-30": "2.57", "2015-03-31": "2.55", "2014-12-31": "2.29", "2014-09-30": "1.94", "2014-06-30": "1.86", "2014-03-31": "1.94", "2013-12-31": "1.89", "2013-09-30": "2.05", "2013-06-30": "2.15", "2013-03-31": "2.00", "2012-12-31": "1.82", "2012-09-30": "1.78", "2012-06-30": "1.83", "2012-03-31": "1.71", "2011-12-31": "1.82", "2011-09-30": "1.60", "2011-06-30": "1.42", "2011-03-31": "1.42", "2010-12-31": "1.49", "2010-09-30": "1.38", "2010-06-30": "1.48", "2010-03-31": "1.57", "2009-12-31": "1.54", "2009-09-30": "1.62", "2009-06-30": "1.75", "2009-03-31": "1.94", "2008-12-31": "2.03", "2008-09-30": "1.84", "2008-06-30": "1.54", "2008-03-31": "1.69", "2007-12-31": "1.60", "2007-09-30": "1.62", "2007-06-30": "1.53", "2007-03-31": "1.63", "2006-12-31": "1.44", "2006-09-30": "1.43", "2006-06-30": "1.54", "2006-03-31": "1.57", "2005-12-31": "1.69", "2005-09-30": "1.63", "2005-06-30": "1.60", "2005-03-31": "1.69"}, "return on equity": {"2020-12-31": "5.18%", "2020-09-30": "4.59%", "2020-06-30": "4.60%", "2020-03-31": "4.62%", "2019-12-31": "4.30%", "2019-09-30": "8.72%", "2019-06-30": "10.33%", "2019-03-31": "13.97%", "2018-12-31": "22.69%", "2018-09-30": "21.55%", "2018-06-30": "20.92%", "2018-03-31": "20.01%", "2017-12-31": "19.59%", "2017-09-30": "26.56%", "2017-06-30": "26.43%", "2017-03-31": "27.14%", "2016-12-31": "27.36%", "2016-09-30": "28.49%", "2016-06-30": "31.11%", "2016-03-31": "29.61%", "2015-12-31": "30.67%", "2015-09-30": "26.68%", "2015-06-30": "25.38%", "2015-03-31": "25.92%", "2014-12-31": "24.86%", "2014-09-30": "26.42%", "2014-06-30": "26.31%", "2014-03-31": "26.98%", "2013-12-31": "26.60%", "2013-09-30": "26.27%", "2013-06-30": "26.27%", "2013-03-31": "26.43%", "2012-12-31": "27.15%", "2012-09-30": "27.95%", "2012-06-30": "28.19%", "2012-03-31": "27.14%", "2011-12-31": "26.51%", "2011-09-30": "21.66%", "2011-06-30": "20.68%", "2011-03-31": "20.65%", "2010-12-31": "19.94%", "2010-09-30": "23.89%", "2010-06-30": "23.94%", "2010-03-31": "23.52%", "2009-12-31": "24.62%", "2009-09-30": "23.40%", "2009-06-30": "24.70%", "2009-03-31": "24.81%", "2008-12-31": "24.12%", "2008-09-30": "25.38%", "2008-06-30": "24.46%", "2008-03-31": "24.30%", "2007-12-31": "24.37%", "2007-09-30": "24.13%", "2007-06-30": "23.35%", "2007-03-31": "23.12%", "2006-12-31": "22.66%", "2006-09-30": "22.23%", "2006-06-30": "19.64%", "2006-03-31": "19.24%", "2005-12-31": "19.05%"}, "return on assets": {"2020-12-31": "2.89%", "2020-09-30": "2.61%", "2020-06-30": "2.67%", "2020-03-31": "2.73%", "2019-12-31": "2.61%", "2019-09-30": "5.33%", "2019-06-30": "6.13%", "2019-03-31": "7.89%", "2018-12-31": "11.39%", "2018-09-30": "7.11%", "2018-06-30": "6.86%", "2018-03-31": "6.49%", "2017-12-31": "6.20%", "2017-09-30": "8.17%", "2017-06-30": "7.81%", "2017-03-31": "7.79%", "2016-12-31": "7.69%", "2016-09-30": "7.87%", "2016-06-30": "8.35%", "2016-03-31": "7.94%", "2015-12-31": "8.25%", "2015-09-30": "7.47%", "2015-06-30": "7.67%", "2015-03-31": "8.29%", "2014-12-31": "8.30%", "2014-09-30": "9.09%", "2014-06-30": "8.97%", "2014-03-31": "8.99%", "2013-12-31": "8.81%", "2013-09-30": "8.75%", "2013-06-30": "8.95%", "2013-03-31": "9.24%", "2012-12-31": "9.75%", "2012-09-30": "10.04%", "2012-06-30": "10.30%", "2012-03-31": "10.31%", "2011-12-31": "10.37%", "2011-09-30": "8.74%", "2011-06-30": "8.52%", "2011-03-31": "8.46%", "2010-12-31": "8.05%", "2010-09-30": "9.60%", "2010-06-30": "9.39%", "2010-03-31": "9.00%", "2009-12-31": "9.13%", "2009-09-30": "8.30%", "2009-06-30": "8.57%", "2009-03-31": "8.81%", "2008-12-31": "8.75%", "2008-09-30": "9.53%", "2008-06-30": "9.36%", "2008-03-31": "9.31%", "2007-12-31": "9.39%", "2007-09-30": "9.45%", "2007-06-30": "9.32%", "2007-03-31": "9.22%", "2006-12-31": "9.09%", "2006-09-30": "8.71%", "2006-06-30": "7.54%", "2006-03-31": "7.34%", "2005-12-31": "7.18%"}, "return on investments": {"2020-12-31": "5.57%", "2020-09-30": "4.94%", "2020-06-30": "4.96%", "2020-03-31": "4.96%", "2019-12-31": "4.55%", "2019-09-30": "8.32%", "2019-06-30": "9.57%", "2019-03-31": "12.59%", "2018-12-31": "18.96%", "2018-09-30": "19.06%", "2018-06-30": "18.26%", "2018-03-31": "17.47%", "2017-12-31": "16.68%", "2017-09-30": "16.45%", "2017-06-30": "15.56%", "2017-03-31": "15.36%", "2016-12-31": "15.37%", "2016-09-30": "15.64%", "2016-06-30": "16.64%", "2016-03-31": "16.04%", "2015-12-31": "16.64%", "2015-09-30": "15.68%", "2015-06-30": "16.13%", "2015-03-31": "17.12%", "2014-12-31": "17.07%", "2014-09-30": "18.04%", "2014-06-30": "17.94%", "2014-03-31": "18.24%", "2013-12-31": "18.12%", "2013-09-30": "18.22%", "2013-06-30": "17.97%", "2013-03-31": "18.54%", "2012-12-31": "19.35%", "2012-09-30": "19.95%", "2012-06-30": "20.90%", "2012-03-31": "20.56%", "2011-12-31": "20.55%", "2011-09-30": "19.75%", "2011-06-30": "19.39%", "2011-03-31": "19.50%", "2010-12-31": "19.16%", "2010-09-30": "19.63%", "2010-06-30": "16.48%", "2010-03-31": "16.13%", "2009-12-31": "16.73%", "2009-09-30": "15.62%", "2009-06-30": "20.76%", "2009-03-31": "21.65%", "2008-12-31": "21.71%", "2008-09-30": "23.35%", "2008-06-30": "22.60%", "2008-03-31": "22.10%", "2007-12-31": "21.76%", "2007-09-30": "21.28%", "2007-06-30": "21.01%", "2007-03-31": "21.24%", "2006-12-31": "21.24%", "2006-09-30": "21.09%", "2006-06-30": "20.48%", "2006-03-31": "19.76%", "2005-12-31": "19.42%"}, "return on tangible equity": {"2020-09-30": "35.09%", "2020-06-30": "31.25%", "2020-03-31": "28.01%", "2019-12-31": "21.99%", "2019-09-30": "40.29%", "2019-06-30": "43.69%", "2019-03-31": "52.69%", "2018-12-31": "76.62%", "2018-09-30": "50.47%", "2018-06-30": "49.38%", "2018-03-31": "48.00%", "2017-12-31": "48.96%", "2017-09-30": "68.68%", "2017-06-30": "73.50%", "2017-03-31": "80.08%", "2016-12-31": "84.93%", "2016-09-30": "92.40%", "2016-06-30": "109.53%", "2016-03-31": "104.83%", "2015-12-31": "106.49%", "2015-09-30": "83.23%", "2015-06-30": "67.41%", "2015-03-31": "62.49%", "2014-12-31": "56.53%", "2014-09-30": "57.80%", "2014-06-30": "58.47%", "2014-03-31": "62.06%", "2013-12-31": "61.47%", "2013-09-30": "56.75%", "2013-06-30": "51.72%", "2013-03-31": "48.12%", "2012-12-31": "46.24%", "2012-09-30": "47.98%", "2012-06-30": "47.53%", "2012-03-31": "43.96%", "2011-12-31": "41.75%", "2011-09-30": "33.16%", "2011-06-30": "31.57%", "2011-03-31": "31.99%", "2010-12-31": "31.37%", "2010-09-30": "38.08%", "2010-06-30": "39.12%", "2010-03-31": "39.14%", "2009-12-31": "42.15%", "2009-09-30": "41.47%", "2009-06-30": "44.46%", "2009-03-31": "43.93%", "2008-12-31": "42.06%", "2008-09-30": "43.23%", "2008-06-30": "41.21%", "2008-03-31": "41.16%", "2007-12-31": "41.36%", "2007-09-30": "40.32%", "2007-06-30": "38.40%", "2007-03-31": "37.85%", "2006-12-31": "36.66%", "2006-09-30": "36.64%", "2006-06-30": "33.04%", "2006-03-31": "32.78%", "2005-12-31": "33.07%"}, "dividend yield history": {"last payout": "$3.85", "last yield": "1.51%"}}