{"ticker": "LECO", "price": {"title": "Lincoln Electric Holdings Historical Annual Stock Price Data", "value": 115.21, "historical": {"2021": {"Average Stock Price": "118.6279", "Year Open": "113.7300", "Year High": "123.4000", "Year Low": "113.7300", "Year Close": "115.2100", "Annual % Change": "-0.89%"}, "2020": {"Average Stock Price": "91.7174", "Year Open": "98.1600", "Year High": "120.7100", "Year Low": "59.9900", "Year Close": "116.2500", "Annual % Change": "20.18%"}, "2019": {"Average Stock Price": "85.8102", "Year Open": "78.2900", "Year High": "97.8000", "Year Low": "75.7400", "Year Close": "96.7300", "Annual % Change": "22.68%"}, "2018": {"Average Stock Price": "89.3897", "Year Open": "92.1600", "Year High": "100.1300", "Year Low": "72.8800", "Year Close": "78.8500", "Annual % Change": "-13.90%"}, "2017": {"Average Stock Price": "88.6516", "Year Open": "77.9100", "Year High": "98.6800", "Year Low": "77.8500", "Year Close": "91.5800", "Annual % Change": "19.45%"}, "2016": {"Average Stock Price": "62.1908", "Year Open": "51.9400", "Year High": "80.3600", "Year Low": "46.3900", "Year Close": "76.6700", "Annual % Change": "47.75%"}, "2015": {"Average Stock Price": "61.9879", "Year Open": "69.0000", "Year High": "72.2300", "Year Low": "50.3300", "Year Close": "51.8900", "Annual % Change": "-24.90%"}, "2014": {"Average Stock Price": "69.7162", "Year Open": "70.3600", "Year High": "75.4600", "Year Low": "61.6100", "Year Close": "69.0900", "Annual % Change": "-3.15%"}, "2013": {"Average Stock Price": "60.8726", "Year Open": "49.9100", "Year High": "72.3000", "Year Low": "49.9100", "Year Close": "71.3400", "Annual % Change": "46.55%"}, "2012": {"Average Stock Price": "44.1548", "Year Open": "39.4800", "Year High": "49.9900", "Year Low": "38.1000", "Year Close": "48.6800", "Annual % Change": "24.44%"}, "2011": {"Average Stock Price": "35.3230", "Year Open": "33.3650", "Year High": "39.7600", "Year Low": "27.3000", "Year Close": "39.1200", "Annual % Change": "19.87%"}, "2010": {"Average Stock Price": "28.0282", "Year Open": "26.9000", "Year High": "33.4450", "Year Low": "23.5950", "Year Close": "32.6350", "Annual % Change": "22.09%"}, "2009": {"Average Stock Price": "21.5729", "Year Open": "26.7400", "Year High": "28.0700", "Year Low": "13.2550", "Year Close": "26.7300", "Annual % Change": "4.97%"}, "2008": {"Average Stock Price": "32.7912", "Year Open": "34.6150", "Year High": "43.1450", "Year Low": "17.3250", "Year Close": "25.4650", "Annual % Change": "-28.45%"}, "2007": {"Average Stock Price": "34.2947", "Year Open": "30.8450", "Year High": "40.0150", "Year Low": "29.5850", "Year Close": "35.5900", "Annual % Change": "17.81%"}, "2006": {"Average Stock Price": "27.2366", "Year Open": "20.3100", "Year High": "31.3700", "Year Low": "20.3100", "Year Close": "30.2100", "Annual % Change": "52.34%"}, "2005": {"Average Stock Price": "17.4695", "Year Open": "17.3400", "Year High": "20.9700", "Year Low": "14.4800", "Year Close": "19.8300", "Annual % Change": "14.82%"}, "2004": {"Average Stock Price": "15.4476", "Year Open": "12.5400", "Year High": "17.9450", "Year Low": "11.6450", "Year Close": "17.2700", "Annual % Change": "39.61%"}, "2003": {"Average Stock Price": "11.0334", "Year Open": "12.0000", "Year High": "13.0000", "Year Low": "8.1300", "Year Close": "12.3700", "Annual % Change": "6.87%"}, "2002": {"Average Stock Price": "12.7809", "Year Open": "11.7550", "Year High": "15.4900", "Year Low": "10.2900", "Year Close": "11.5750", "Annual % Change": "-5.28%"}, "2001": {"Average Stock Price": "11.0866", "Year Open": "9.5000", "Year High": "13.1500", "Year Low": "9.2200", "Year Close": "12.2200", "Annual % Change": "24.50%"}, "2000": {"Average Stock Price": "8.4561", "Year Open": "10.0000", "Year High": "12.0950", "Year Low": "6.4700", "Year Close": "9.8150", "Annual % Change": "-4.85%"}, "1999": {"Average Stock Price": "10.4196", "Year Open": "11.3750", "Year High": "11.8750", "Year Low": "8.9400", "Year Close": "10.3150", "Annual % Change": "-7.28%"}, "1998": {"Average Stock Price": "10.7395", "Year Open": "9.5000", "Year High": "12.4400", "Year Low": "8.5000", "Year Close": "11.1250", "Annual % Change": "14.10%"}, "1997": {"Average Stock Price": "9.4810", "Year Open": "8.0000", "Year High": "10.5300", "Year Low": "7.8750", "Year Close": "9.7500", "Annual % Change": "18.61%"}, "1996": {"Average Stock Price": "7.1677", "Year Open": "6.2500", "Year High": "8.8125", "Year Low": "5.8125", "Year Close": "8.2200", "Annual % Change": "31.52%"}}}, "market cap": {"value": "$6.85B"}, "income statement": {"Revenue": {"2019-12-31": "3003.27200", "2018-12-31": "3028.67400", "2017-12-31": "2624.43100", "2016-12-31": "2274.61400", "2015-12-31": "2535.79100", "2014-12-31": "2813.32400", "2013-12-31": "2852.67100", "2012-12-31": "2853.36700", "2011-12-31": "2694.60900", "2010-12-31": "2070.17200", "2009-12-31": "1729.28500", "2008-12-31": "2479.13100", "2007-12-31": "2280.78400", "2006-12-31": "1971.91500", "2005-12-31": "1601.19000"}, "Cost Of Goods Sold": {"2019-12-31": "1995.68500", "2018-12-31": "2000.15300", "2017-12-31": "1749.32400", "2016-12-31": "1488.05500", "2015-12-31": "1694.64700", "2014-12-31": "1864.02700", "2013-12-31": "1910.01700", "2012-12-31": "1986.71100", "2011-12-31": "1957.87200", "2010-12-31": "1506.35300", "2009-12-31": "1273.01700", "2008-12-31": "1758.98000", "2007-12-31": "1633.21800", "2006-12-31": "1419.63800", "2005-12-31": "1164.27500"}, "Gross Profit": {"2019-12-31": "1007.58700", "2018-12-31": "1028.52100", "2017-12-31": "875.10690", "2016-12-31": "786.55900", "2015-12-31": "841.14400", "2014-12-31": "949.29700", "2013-12-31": "942.65390", "2012-12-31": "866.65590", "2011-12-31": "736.73690", "2010-12-31": "563.81910", "2009-12-31": "456.26810", "2008-12-31": "720.15110", "2007-12-31": "647.56590", "2006-12-31": "552.27710", "2005-12-31": "436.91490"}, "Research And Development Expenses": {"2019-12-31": "", "2018-12-31": "", "2017-12-31": "", "2016-12-31": "", "2015-12-31": "", "2014-12-31": "", "2013-12-31": "", "2012-12-31": "", "2011-12-31": "", "2010-12-31": "", "2009-12-31": "", "2008-12-31": "", "2007-12-31": "", "2006-12-31": "", "2005-12-31": ""}, "SG&A Expenses": {"2019-12-31": "621.48900", "2018-12-31": "627.69700", "2017-12-31": "541.22500", "2016-12-31": "468.59700", "2015-12-31": "496.74800", "2014-12-31": "545.49700", "2013-12-31": "527.20600", "2012-12-31": "495.22100", "2011-12-31": "439.77500", "2010-12-31": "377.77300", "2009-12-31": "333.13800", "2008-12-31": "405.12000", "2007-12-31": "370.12200", "2006-12-31": "315.82900", "2005-12-31": "285.30900"}, "Other Operating Income Or Expenses": {"2019-12-31": "-15.18800", "2018-12-31": "-25.28500", "2017-12-31": "43.06000", "2016-12-31": "-34.34800", "2015-12-31": "-19.95800", "2014-12-31": "-30.05300", "2013-12-31": "-8.46300", "2012-12-31": "-9.35400", "2011-12-31": "-0.28200", "2010-12-31": "0.38400", "2009-12-31": "-29.89700", "2008-12-31": "-19.37100", "2007-12-31": "0.18800", "2006-12-31": "-3.47800", "2005-12-31": "-1.76100"}, "Operating Expenses": {"2019-12-31": "2632.36200", "2018-12-31": "2653.13500", "2017-12-31": "2247.48900", "2016-12-31": "1991.00000", "2015-12-31": "2354.09100", "2014-12-31": "2439.57700", "2013-12-31": "2445.68600", "2012-12-31": "2491.28600", "2011-12-31": "2397.92900", "2010-12-31": "1883.74200", "2009-12-31": "1636.05200", "2008-12-31": "2183.47100", "2007-12-31": "2003.15200", "2006-12-31": "1738.94500", "2005-12-31": "1451.34500"}, "Operating Income": {"2019-12-31": "370.90990", "2018-12-31": "375.53910", "2017-12-31": "376.94210", "2016-12-31": "283.61390", "2015-12-31": "181.70000", "2014-12-31": "373.74710", "2013-12-31": "406.98510", "2012-12-31": "362.08080", "2011-12-31": "296.67990", "2010-12-31": "186.43020", "2009-12-31": "93.23300", "2008-12-31": "295.65990", "2007-12-31": "277.63180", "2006-12-31": "232.97010", "2005-12-31": "149.84500"}, "Total Non-Operating Income/Expense": {"2019-12-31": "-2.41700", "2018-12-31": "-6.87900", "2017-12-31": "-10.70600", "2016-12-31": "-6.22600", "2015-12-31": "-11.91300", "2014-12-31": "2.06600", "2013-12-31": "9.45600", "2012-12-31": "7.48900", "2011-12-31": "4.65100", "2010-12-31": "0.67800", "2009-12-31": "-6.49500", "2008-12-31": "4.40500", "2007-12-31": "9.52500", "2006-12-31": "5.20200", "2005-12-31": "4.05400"}, "Pre-Tax Income": {"2019-12-31": "368.49300", "2018-12-31": "368.66000", "2017-12-31": "366.23600", "2016-12-31": "277.38800", "2015-12-31": "169.78700", "2014-12-31": "375.81300", "2013-12-31": "416.44100", "2012-12-31": "369.57000", "2011-12-31": "301.33100", "2010-12-31": "187.10800", "2009-12-31": "86.73800", "2008-12-31": "300.06500", "2007-12-31": "287.15700", "2006-12-31": "238.17200", "2005-12-31": "153.89900"}, "Income Taxes": {"2019-12-31": "75.41000", "2018-12-31": "81.66700", "2017-12-31": "118.76100", "2016-12-31": "79.01500", "2015-12-31": "42.37500", "2014-12-31": "121.93300", "2013-12-31": "124.75400", "2012-12-31": "112.35400", "2011-12-31": "84.31800", "2010-12-31": "54.89800", "2009-12-31": "37.90500", "2008-12-31": "87.52300", "2007-12-31": "84.42100", "2006-12-31": "63.16400", "2005-12-31": "31.59300"}, "Income After Taxes": {"2019-12-31": "293.08300", "2018-12-31": "286.99300", "2017-12-31": "247.47500", "2016-12-31": "198.37300", "2015-12-31": "127.41200", "2014-12-31": "253.88000", "2013-12-31": "291.68700", "2012-12-31": "257.21600", "2011-12-31": "217.01300", "2010-12-31": "132.21000", "2009-12-31": "48.83300", "2008-12-31": "212.54200", "2007-12-31": "202.73600", "2006-12-31": "175.00800", "2005-12-31": "122.30600"}, "Other Income": {"2019-12-31": "", "2018-12-31": "", "2017-12-31": "", "2016-12-31": "", "2015-12-31": "", "2014-12-31": "", "2013-12-31": "", "2012-12-31": "", "2011-12-31": "", "2010-12-31": "", "2009-12-31": "", "2008-12-31": "", "2007-12-31": "", "2006-12-31": "", "2005-12-31": ""}, "Income From Continuous Operations": {"2019-12-31": "293.08300", "2018-12-31": "286.99300", "2017-12-31": "247.47500", "2016-12-31": "198.37300", "2015-12-31": "127.41200", "2014-12-31": "253.88000", "2013-12-31": "291.68700", "2012-12-31": "257.21600", "2011-12-31": "217.01300", "2010-12-31": "132.21000", "2009-12-31": "48.83300", "2008-12-31": "212.54200", "2007-12-31": "202.73600", "2006-12-31": "175.00800", "2005-12-31": "122.30600"}, "Income From Discontinued Operations": {"2019-12-31": "", "2018-12-31": "", "2017-12-31": "", "2016-12-31": "", "2015-12-31": "", "2014-12-31": "", "2013-12-31": "", "2012-12-31": "", "2011-12-31": "", "2010-12-31": "", "2009-12-31": "", "2008-12-31": "", "2007-12-31": "", "2006-12-31": "", "2005-12-31": ""}, "Net Income": {"2019-12-31": "293.10900", "2018-12-31": "287.06600", "2017-12-31": "247.50300", "2016-12-31": "198.39900", "2015-12-31": "127.47800", "2014-12-31": "254.68600", "2013-12-31": "293.78000", "2012-12-31": "257.41100", "2011-12-31": "217.18600", "2010-12-31": "130.24400", "2009-12-31": "48.57600", "2008-12-31": "212.28600", "2007-12-31": "202.73600", "2006-12-31": "175.00800", "2005-12-31": "122.30600"}, "EBITDA": {"2019-12-31": "452.39690", "2018-12-31": "447.88510", "2017-12-31": "445.05710", "2016-12-31": "348.68690", "2015-12-31": "245.70700", "2014-12-31": "443.35410", "2013-12-31": "475.86810", "2012-12-31": "427.41480", "2011-12-31": "358.73090", "2010-12-31": "241.92020", "2009-12-31": "173.15300", "2008-12-31": "353.33290", "2007-12-31": "333.81090", "2006-12-31": "278.67810", "2005-12-31": "191.71000"}, "EBIT": {"2019-12-31": "370.90990", "2018-12-31": "375.53910", "2017-12-31": "376.94210", "2016-12-31": "283.61390", "2015-12-31": "181.70000", "2014-12-31": "373.74710", "2013-12-31": "406.98510", "2012-12-31": "362.08080", "2011-12-31": "296.67990", "2010-12-31": "186.43020", "2009-12-31": "93.23300", "2008-12-31": "295.65990", "2007-12-31": "277.63180", "2006-12-31": "232.97010", "2005-12-31": "149.84500"}, "Basic Shares Outstanding": {"2019-12-31": "61.96000", "2018-12-31": "64.88600", "2017-12-31": "65.73900", "2016-12-31": "67.46200", "2015-12-31": "74.11100", "2014-12-31": "79.18500", "2013-12-31": "81.97800", "2012-12-31": "83.08700", "2011-12-31": "83.68100", "2010-12-31": "84.40700", "2009-12-31": "84.78200", "2008-12-31": "85.29600", "2007-12-31": "85.79800", "2006-12-31": "85.06400", "2005-12-31": "83.62600"}, "Shares Outstanding": {"2019-12-31": "62.65800", "2018-12-31": "65.68200", "2017-12-31": "66.64300", "2016-12-31": "68.15600", "2015-12-31": "74.85400", "2014-12-31": "80.09600", "2013-12-31": "83.04200", "2012-12-31": "84.17500", "2011-12-31": "84.70800", "2010-12-31": "85.22300", "2009-12-31": "85.26800", "2008-12-31": "86.10800", "2007-12-31": "86.78400", "2006-12-31": "86.06400", "2005-12-31": "84.46000"}, "Basic EPS": {"2019-12-31": "4.73000", "2018-12-31": "4.42000", "2017-12-31": "3.76000", "2016-12-31": "2.94000", "2015-12-31": "1.72000", "2014-12-31": "3.22000", "2013-12-31": "3.58000", "2012-12-31": "3.10000", "2011-12-31": "2.60000", "2010-12-31": "1.54000", "2009-12-31": "0.57000", "2008-12-31": "2.49000", "2007-12-31": "2.36500", "2006-12-31": "2.05500", "2005-12-31": "1.46500"}, "EPS - Earnings Per Share": {"2019-12-31": "4.68000", "2018-12-31": "4.37000", "2017-12-31": "3.71000", "2016-12-31": "2.91000", "2015-12-31": "1.70000", "2014-12-31": "3.18000", "2013-12-31": "3.54000", "2012-12-31": "3.06000", "2011-12-31": "2.56000", "2010-12-31": "1.53000", "2009-12-31": "0.57000", "2008-12-31": "2.46500", "2007-12-31": "2.33500", "2006-12-31": "2.03500", "2005-12-31": "1.45000"}}, "income statement, quarterly": {"Revenue": {"2020-09-30": "668.88800", "2020-06-30": "590.72700", "2020-03-31": "701.99100", "2019-12-31": "736.30690", "2019-09-30": "730.78300", "2019-06-30": "777.00800", "2019-03-31": "759.17400", "2018-12-31": "743.82720", "2018-09-30": "737.09900", "2018-06-30": "790.05200", "2018-03-31": "757.69600", "2017-12-31": "747.18510", "2017-09-30": "669.49100", "2017-06-30": "626.85800", "2017-03-31": "580.89700", "2016-12-31": "563.82810", "2016-09-30": "567.64600", "2016-06-30": "592.41800", "2016-03-31": "550.72200", "2015-12-31": "567.98500", "2015-09-30": "645.16600", "2015-06-30": "664.74000", "2015-03-31": "657.90000", "2014-12-31": "683.95390", "2014-09-30": "715.77700", "2014-06-30": "728.53100", "2014-03-31": "685.06200", "2013-12-31": "714.79090", "2013-09-30": "691.87500", "2013-06-30": "727.43200", "2013-03-31": "718.57300", "2012-12-31": "684.64800", "2012-09-30": "697.55200", "2012-06-30": "744.04500", "2012-03-31": "727.12200", "2011-12-31": "694.51290", "2011-09-30": "701.62400", "2011-06-30": "699.29300", "2011-03-31": "599.17900", "2010-12-31": "564.29210", "2010-09-30": "519.33800", "2010-06-30": "515.58400", "2010-03-31": "470.95800", "2009-12-31": "462.44910", "2009-09-30": "441.80200", "2009-06-30": "413.28300", "2009-03-31": "411.75100", "2008-12-31": "526.18610", "2008-09-30": "632.89200", "2008-06-30": "699.82600", "2008-03-31": "620.22700", "2007-12-31": "580.27900", "2007-09-30": "564.82400", "2007-06-30": "586.63800", "2007-03-31": "549.04300", "2006-12-31": "505.87410", "2006-09-30": "495.13700", "2006-06-30": "502.51000", "2006-03-31": "468.39400", "2005-12-31": "420.37200", "2005-09-30": "412.01300", "2005-06-30": "405.90200", "2005-03-31": "362.90300"}, "Cost Of Goods Sold": {"2020-09-30": "453.50100", "2020-06-30": "401.34900", "2020-03-31": "464.66900", "2019-12-31": "495.37300", "2019-09-30": "492.43200", "2019-06-30": "507.12700", "2019-03-31": "500.75300", "2018-12-31": "493.52800", "2018-09-30": "485.54700", "2018-06-30": "519.93600", "2018-03-31": "501.14200", "2017-12-31": "508.93300", "2017-09-30": "451.61000", "2017-06-30": "410.54700", "2017-03-31": "378.23400", "2016-12-31": "369.11010", "2016-09-30": "367.83400", "2016-06-30": "389.49100", "2016-03-31": "361.62000", "2015-12-31": "371.90600", "2015-09-30": "446.27200", "2015-06-30": "438.95900", "2015-03-31": "437.51000", "2014-12-31": "452.86900", "2014-09-30": "474.16800", "2014-06-30": "478.26400", "2014-03-31": "458.72600", "2013-12-31": "471.74400", "2013-09-30": "459.17800", "2013-06-30": "487.09400", "2013-03-31": "492.00100", "2012-12-31": "471.61600", "2012-09-30": "484.19000", "2012-06-30": "519.04800", "2012-03-31": "511.85700", "2011-12-31": "500.17000", "2011-09-30": "516.17200", "2011-06-30": "503.78900", "2011-03-31": "437.74100", "2010-12-31": "416.46010", "2010-09-30": "375.26700", "2010-06-30": "367.00100", "2010-03-31": "347.62500", "2009-12-31": "327.95100", "2009-09-30": "316.67100", "2009-06-30": "306.89200", "2009-03-31": "321.50300", "2008-12-31": "385.07790", "2008-09-30": "436.01400", "2008-06-30": "495.11200", "2008-03-31": "442.77600", "2007-12-31": "419.33800", "2007-09-30": "405.08300", "2007-06-30": "417.97000", "2007-03-31": "390.82700", "2006-12-31": "371.46690", "2006-09-30": "353.80000", "2006-06-30": "356.04300", "2006-03-31": "338.32800", "2005-12-31": "306.87800", "2005-09-30": "300.82100", "2005-06-30": "291.95100", "2005-03-31": "264.62500"}, "Gross Profit": {"2020-09-30": "215.38700", "2020-06-30": "189.37800", "2020-03-31": "237.32200", "2019-12-31": "240.93390", "2019-09-30": "238.35100", "2019-06-30": "269.88100", "2019-03-31": "258.42100", "2018-12-31": "250.29920", "2018-09-30": "251.55200", "2018-06-30": "270.11600", "2018-03-31": "256.55400", "2017-12-31": "238.25210", "2017-09-30": "217.88100", "2017-06-30": "216.31100", "2017-03-31": "202.66300", "2016-12-31": "194.71800", "2016-09-30": "199.81200", "2016-06-30": "202.92700", "2016-03-31": "189.10200", "2015-12-31": "196.07900", "2015-09-30": "198.89400", "2015-06-30": "225.78100", "2015-03-31": "220.39000", "2014-12-31": "231.08490", "2014-09-30": "241.60900", "2014-06-30": "250.26700", "2014-03-31": "226.33600", "2013-12-31": "243.04690", "2013-09-30": "232.69700", "2013-06-30": "240.33800", "2013-03-31": "226.57200", "2012-12-31": "213.03200", "2012-09-30": "213.36200", "2012-06-30": "224.99700", "2012-03-31": "215.26500", "2011-12-31": "194.34290", "2011-09-30": "185.45200", "2011-06-30": "195.50400", "2011-03-31": "161.43800", "2010-12-31": "147.83200", "2010-09-30": "144.07100", "2010-06-30": "148.58300", "2010-03-31": "123.33300", "2009-12-31": "134.49810", "2009-09-30": "125.13100", "2009-06-30": "106.39100", "2009-03-31": "90.24800", "2008-12-31": "141.10820", "2008-09-30": "196.87800", "2008-06-30": "204.71400", "2008-03-31": "177.45100", "2007-12-31": "160.94090", "2007-09-30": "159.74100", "2007-06-30": "168.66800", "2007-03-31": "158.21600", "2006-12-31": "134.40710", "2006-09-30": "141.33700", "2006-06-30": "146.46700", "2006-03-31": "130.06600", "2005-12-31": "113.49400", "2005-09-30": "111.19200", "2005-06-30": "113.95100", "2005-03-31": "98.27800"}, "Research And Development Expenses": {"2020-09-30": "", "2020-06-30": "", "2020-03-31": "", "2019-12-31": "", "2019-09-30": "", "2019-06-30": "", "2019-03-31": "", "2018-12-31": "", "2018-09-30": "", "2018-06-30": "", "2018-03-31": "", "2017-12-31": "", "2017-09-30": "", "2017-06-30": "", "2017-03-31": "", "2016-12-31": "", "2016-09-30": "", "2016-06-30": "", "2016-03-31": "", "2015-12-31": "", "2015-09-30": "", "2015-06-30": "", "2015-03-31": "", "2014-12-31": "", "2014-09-30": "", "2014-06-30": "", "2014-03-31": "", "2013-12-31": "", "2013-09-30": "", "2013-06-30": "", "2013-03-31": "", "2012-12-31": "", "2012-09-30": "", "2012-06-30": "", "2012-03-31": "", "2011-12-31": "", "2011-09-30": "", "2011-06-30": "", "2011-03-31": "", "2010-12-31": "", "2010-09-30": "", "2010-06-30": "", "2010-03-31": "", "2009-12-31": "", "2009-09-30": "", "2009-06-30": "", "2009-03-31": "", "2008-12-31": "", "2008-09-30": "", "2008-06-30": "", "2008-03-31": "", "2007-12-31": "", "2007-09-30": "", "2007-06-30": "", "2007-03-31": "", "2006-12-31": "", "2006-09-30": "", "2006-06-30": "", "2006-03-31": "", "2005-12-31": "", "2005-09-30": "", "2005-06-30": "", "2005-03-31": ""}, "SG&A Expenses": {"2020-09-30": "131.33700", "2020-06-30": "126.37600", "2020-03-31": "149.72700", "2019-12-31": "149.38100", "2019-09-30": "148.31200", "2019-06-30": "163.38800", "2019-03-31": "160.40800", "2018-12-31": "154.43700", "2018-09-30": "148.12900", "2018-06-30": "163.94000", "2018-03-31": "161.19100", "2017-12-31": "153.40500", "2017-09-30": "133.82600", "2017-06-30": "130.73800", "2017-03-31": "123.25600", "2016-12-31": "116.30700", "2016-09-30": "117.98300", "2016-06-30": "120.49700", "2016-03-31": "113.81000", "2015-12-31": "110.80300", "2015-09-30": "128.29900", "2015-06-30": "127.75500", "2015-03-31": "129.89100", "2014-12-31": "126.00200", "2014-09-30": "136.42400", "2014-06-30": "137.15600", "2014-03-31": "145.91500", "2013-12-31": "123.88300", "2013-09-30": "131.21700", "2013-06-30": "135.21500", "2013-03-31": "136.89100", "2012-12-31": "122.29000", "2012-09-30": "121.60200", "2012-06-30": "127.71400", "2012-03-31": "123.61500", "2011-12-31": "111.98100", "2011-09-30": "110.62900", "2011-06-30": "115.54600", "2011-03-31": "101.61900", "2010-12-31": "93.32100", "2010-09-30": "95.61200", "2010-06-30": "101.06500", "2010-03-31": "87.77500", "2009-12-31": "91.49200", "2009-09-30": "84.64800", "2009-06-30": "79.48200", "2009-03-31": "77.51600", "2008-12-31": "85.94400", "2008-09-30": "107.09700", "2008-06-30": "113.11800", "2008-03-31": "98.96100", "2007-12-31": "95.14500", "2007-09-30": "92.14000", "2007-06-30": "93.31700", "2007-03-31": "89.52000", "2006-12-31": "74.70300", "2006-09-30": "81.01900", "2006-06-30": "83.43600", "2006-03-31": "76.67100", "2005-12-31": "75.01700", "2005-09-30": "71.47100", "2005-06-30": "71.91900", "2005-03-31": "66.90200"}, "Other Operating Income Or Expenses": {"2020-09-30": "-6.25700", "2020-06-30": "-23.23800", "2020-03-31": "-6.52100", "2019-12-31": "-8.85100", "2019-09-30": "-1.49500", "2019-06-30": "-1.30700", "2019-03-31": "-3.53500", "2018-12-31": "-0.93200", "2018-09-30": "-2.63600", "2018-06-30": "-11.54200", "2018-03-31": "-10.17500", "2017-12-31": "-8.52500", "2017-09-30": "51.58500", "2017-06-30": "0.00000", "2017-03-31": "0.00000", "2016-12-31": "", "2016-09-30": "0.00000", "2016-06-30": "-34.34800", "2016-03-31": "", "2015-12-31": "-0.43400", "2015-09-30": "-18.28500", "2015-06-30": "-1.23900", "2015-03-31": "", "2014-12-31": "-0.16600", "2014-09-30": "-29.06800", "2014-06-30": "-0.83600", "2014-03-31": "0.01700", "2013-12-31": "-0.25900", "2013-09-30": "-6.30200", "2013-06-30": "-0.85100", "2013-03-31": "-1.05100", "2012-12-31": "-5.03700", "2012-09-30": "-3.05900", "2012-06-30": "-1.25800", "2012-03-31": "0.00000", "2011-12-31": "", "2011-09-30": "", "2011-06-30": "0.07500", "2011-03-31": "-0.35700", "2010-12-31": "-2.17500", "2010-09-30": "-0.26900", "2010-06-30": "3.62900", "2010-03-31": "-0.80100", "2009-12-31": "-4.17700", "2009-09-30": "-7.14400", "2009-06-30": "-6.87700", "2009-03-31": "-11.69900", "2008-12-31": "", "2008-09-30": "", "2008-06-30": "", "2008-03-31": "", "2007-12-31": "0.58400", "2007-09-30": "", "2007-06-30": "", "2007-03-31": "-0.39600", "2006-12-31": "-0.47200", "2006-09-30": "-0.66500", "2006-06-30": "-1.29200", "2006-03-31": "-1.04900", "2005-12-31": "-0.51100", "2005-09-30": "", "2005-06-30": "", "2005-03-31": "-1.25000"}, "Operating Expenses": {"2020-09-30": "591.09500", "2020-06-30": "550.96300", "2020-03-31": "620.91700", "2019-12-31": "653.60500", "2019-09-30": "642.23900", "2019-06-30": "671.82200", "2019-03-31": "664.69600", "2018-12-31": "648.89700", "2018-09-30": "636.31200", "2018-06-30": "695.41800", "2018-03-31": "672.50800", "2017-12-31": "670.86280", "2017-09-30": "533.85100", "2017-06-30": "541.28500", "2017-03-31": "501.49000", "2016-12-31": "485.41710", "2016-09-30": "485.81700", "2016-06-30": "544.33600", "2016-03-31": "475.43000", "2015-12-31": "489.55000", "2015-09-30": "729.18700", "2015-06-30": "567.95300", "2015-03-31": "567.40100", "2014-12-31": "579.03690", "2014-09-30": "639.66000", "2014-06-30": "616.25600", "2014-03-31": "604.62400", "2013-12-31": "595.88580", "2013-09-30": "596.69700", "2013-06-30": "623.16000", "2013-03-31": "629.94310", "2012-12-31": "598.94310", "2012-09-30": "608.85100", "2012-06-30": "648.02000", "2012-03-31": "635.47200", "2011-12-31": "612.15090", "2011-09-30": "626.80100", "2011-06-30": "619.26000", "2011-03-31": "539.71700", "2010-12-31": "511.95600", "2010-09-30": "471.14800", "2010-06-30": "464.43700", "2010-03-31": "436.20100", "2009-12-31": "423.62000", "2009-09-30": "408.46300", "2009-06-30": "393.25100", "2009-03-31": "410.71800", "2008-12-31": "490.39310", "2008-09-30": "543.11100", "2008-06-30": "608.23000", "2008-03-31": "541.73700", "2007-12-31": "513.89910", "2007-09-30": "497.22300", "2007-06-30": "511.28700", "2007-03-31": "480.74300", "2006-12-31": "446.64190", "2006-09-30": "435.48400", "2006-06-30": "440.77100", "2006-03-31": "416.04800", "2005-12-31": "382.40600", "2005-09-30": "372.29200", "2005-06-30": "363.87000", "2005-03-31": "332.77700"}, "Operating Income": {"2020-09-30": "77.79300", "2020-06-30": "39.76400", "2020-03-31": "81.07400", "2019-12-31": "82.70190", "2019-09-30": "88.54400", "2019-06-30": "105.18600", "2019-03-31": "94.47800", "2018-12-31": "94.93020", "2018-09-30": "100.78700", "2018-06-30": "94.63400", "2018-03-31": "85.18800", "2017-12-31": "76.32230", "2017-09-30": "135.64010", "2017-06-30": "85.57290", "2017-03-31": "79.40700", "2016-12-31": "78.41100", "2016-09-30": "81.82900", "2016-06-30": "48.08200", "2016-03-31": "75.29200", "2015-12-31": "78.43490", "2015-09-30": "-84.02090", "2015-06-30": "96.78700", "2015-03-31": "90.49900", "2014-12-31": "104.91690", "2014-09-30": "76.11700", "2014-06-30": "112.27500", "2014-03-31": "80.43810", "2013-12-31": "118.90510", "2013-09-30": "95.17800", "2013-06-30": "104.27200", "2013-03-31": "88.62990", "2012-12-31": "85.70500", "2012-09-30": "88.70100", "2012-06-30": "96.02500", "2012-03-31": "91.65000", "2011-12-31": "82.36190", "2011-09-30": "74.82300", "2011-06-30": "80.03300", "2011-03-31": "59.46200", "2010-12-31": "52.33610", "2010-09-30": "48.19000", "2010-06-30": "51.14700", "2010-03-31": "34.75700", "2009-12-31": "38.82900", "2009-09-30": "33.33900", "2009-06-30": "20.03200", "2009-03-31": "1.03300", "2008-12-31": "35.79300", "2008-09-30": "89.78100", "2008-06-30": "91.59600", "2008-03-31": "78.49000", "2007-12-31": "66.37990", "2007-09-30": "67.60100", "2007-06-30": "75.35100", "2007-03-31": "68.30010", "2006-12-31": "59.23210", "2006-09-30": "59.65300", "2006-06-30": "61.73900", "2006-03-31": "52.34600", "2005-12-31": "37.96600", "2005-09-30": "39.72100", "2005-06-30": "42.03200", "2005-03-31": "30.12600"}, "Total Non-Operating Income/Expense": {"2020-09-30": "-4.49000", "2020-06-30": "-6.08400", "2020-03-31": "-5.14900", "2019-12-31": "-2.40800", "2019-09-30": "3.25300", "2019-06-30": "-1.70200", "2019-03-31": "-1.56000", "2018-12-31": "-0.47500", "2018-09-30": "-5.04300", "2018-06-30": "-0.37100", "2018-03-31": "-0.99000", "2017-12-31": "-2.59400", "2017-09-30": "-4.99800", "2017-06-30": "-1.60700", "2017-03-31": "-1.50700", "2016-12-31": "-0.25900", "2016-09-30": "-1.53300", "2016-06-30": "-2.32400", "2016-03-31": "-2.11000", "2015-12-31": "-7.26300", "2015-09-30": "-4.50500", "2015-06-30": "-2.35300", "2015-03-31": "2.20800", "2014-12-31": "-4.18100", "2014-09-30": "1.66800", "2014-06-30": "2.59100", "2014-03-31": "1.98800", "2013-12-31": "2.48300", "2013-09-30": "2.66200", "2013-06-30": "2.26200", "2013-03-31": "2.04900", "2012-12-31": "1.90000", "2012-09-30": "2.18800", "2012-06-30": "2.13200", "2012-03-31": "1.26900", "2011-12-31": "1.06500", "2011-09-30": "1.05000", "2011-06-30": "1.46100", "2011-03-31": "1.07500", "2010-12-31": "-0.36000", "2010-09-30": "0.62900", "2010-06-30": "0.42500", "2010-03-31": "-0.01600", "2009-12-31": "1.05400", "2009-09-30": "-8.97800", "2009-06-30": "4.47200", "2009-03-31": "-3.04300", "2008-12-31": "-2.70100", "2008-09-30": "3.10100", "2008-06-30": "3.50400", "2008-03-31": "0.50100", "2007-12-31": "3.18400", "2007-09-30": "2.50600", "2007-06-30": "3.17000", "2007-03-31": "0.66500", "2006-12-31": "2.38500", "2006-09-30": "1.98900", "2006-06-30": "1.29800", "2006-03-31": "-0.47000", "2005-12-31": "0.10400", "2005-09-30": "3.12900", "2005-06-30": "0.73000", "2005-03-31": "0.09100"}, "Pre-Tax Income": {"2020-09-30": "73.30300", "2020-06-30": "33.68000", "2020-03-31": "75.92500", "2019-12-31": "80.29400", "2019-09-30": "91.79700", "2019-06-30": "103.48400", "2019-03-31": "92.91800", "2018-12-31": "94.45500", "2018-09-30": "95.74400", "2018-06-30": "94.26300", "2018-03-31": "84.19800", "2017-12-31": "73.72800", "2017-09-30": "130.64200", "2017-06-30": "83.96600", "2017-03-31": "77.90000", "2016-12-31": "78.15200", "2016-09-30": "80.29600", "2016-06-30": "45.75800", "2016-03-31": "73.18200", "2015-12-31": "71.17200", "2015-09-30": "-88.52600", "2015-06-30": "94.43400", "2015-03-31": "92.70700", "2014-12-31": "100.73600", "2014-09-30": "77.78500", "2014-06-30": "114.86600", "2014-03-31": "82.42600", "2013-12-31": "121.38800", "2013-09-30": "97.84000", "2013-06-30": "106.53400", "2013-03-31": "90.67900", "2012-12-31": "87.60500", "2012-09-30": "90.88900", "2012-06-30": "98.15700", "2012-03-31": "92.91900", "2011-12-31": "83.42700", "2011-09-30": "75.87300", "2011-06-30": "81.49400", "2011-03-31": "60.53700", "2010-12-31": "51.97600", "2010-09-30": "48.81900", "2010-06-30": "51.57200", "2010-03-31": "34.74100", "2009-12-31": "39.88300", "2009-09-30": "24.36100", "2009-06-30": "24.50400", "2009-03-31": "-2.01000", "2008-12-31": "33.09200", "2008-09-30": "92.88200", "2008-06-30": "95.10000", "2008-03-31": "78.99100", "2007-12-31": "69.56400", "2007-09-30": "70.10700", "2007-06-30": "78.52100", "2007-03-31": "68.96500", "2006-12-31": "61.61700", "2006-09-30": "61.64200", "2006-06-30": "63.03700", "2006-03-31": "51.87600", "2005-12-31": "38.07000", "2005-09-30": "42.85000", "2005-06-30": "42.76200", "2005-03-31": "30.21700"}, "Income Taxes": {"2020-09-30": "14.79700", "2020-06-30": "6.66700", "2020-03-31": "20.37000", "2019-12-31": "16.57800", "2019-09-30": "19.34000", "2019-06-30": "18.04000", "2019-03-31": "21.45200", "2018-12-31": "7.67600", "2018-09-30": "25.20900", "2018-06-30": "25.40400", "2018-03-31": "23.37800", "2017-12-31": "49.54300", "2017-09-30": "24.53100", "2017-06-30": "22.63500", "2017-03-31": "22.05200", "2016-12-31": "24.75100", "2016-09-30": "20.25700", "2016-06-30": "14.44900", "2016-03-31": "19.55800", "2015-12-31": "22.47300", "2015-09-30": "-28.04500", "2015-06-30": "23.55800", "2015-03-31": "24.38900", "2014-12-31": "25.40100", "2014-09-30": "32.95300", "2014-06-30": "37.57700", "2014-03-31": "26.00200", "2013-12-31": "33.32300", "2013-09-30": "33.58800", "2013-06-30": "34.00700", "2013-03-31": "23.83600", "2012-12-31": "25.63900", "2012-09-30": "26.15300", "2012-06-30": "31.79200", "2012-03-31": "28.77000", "2011-12-31": "25.73600", "2011-09-30": "20.51500", "2011-06-30": "24.47200", "2011-03-31": "13.59500", "2010-12-31": "10.46700", "2010-09-30": "16.19100", "2010-06-30": "17.26500", "2010-03-31": "10.97500", "2009-12-31": "16.05000", "2009-09-30": "11.47400", "2009-06-30": "8.79700", "2009-03-31": "1.58400", "2008-12-31": "13.36600", "2008-09-30": "23.67100", "2008-06-30": "24.97200", "2008-03-31": "25.51400", "2007-12-31": "20.05500", "2007-09-30": "20.12900", "2007-06-30": "23.27200", "2007-03-31": "20.96500", "2006-12-31": "9.83200", "2006-09-30": "17.78700", "2006-06-30": "20.41800", "2006-03-31": "15.12700", "2005-12-31": "8.30400", "2005-09-30": "4.66200", "2005-06-30": "10.65000", "2005-03-31": "7.97700"}, "Income After Taxes": {"2020-09-30": "58.50600", "2020-06-30": "27.01300", "2020-03-31": "55.55500", "2019-12-31": "63.71600", "2019-09-30": "72.45700", "2019-06-30": "85.44400", "2019-03-31": "71.46600", "2018-12-31": "86.77900", "2018-09-30": "70.53500", "2018-06-30": "68.85900", "2018-03-31": "60.82000", "2017-12-31": "24.18500", "2017-09-30": "106.11100", "2017-06-30": "61.33100", "2017-03-31": "55.84800", "2016-12-31": "53.40100", "2016-09-30": "60.03900", "2016-06-30": "31.30900", "2016-03-31": "53.62400", "2015-12-31": "48.69900", "2015-09-30": "-60.48100", "2015-06-30": "70.87600", "2015-03-31": "68.31800", "2014-12-31": "75.33500", "2014-09-30": "44.83200", "2014-06-30": "77.28900", "2014-03-31": "56.42400", "2013-12-31": "88.06500", "2013-09-30": "64.25200", "2013-06-30": "72.52700", "2013-03-31": "66.84300", "2012-12-31": "61.96600", "2012-09-30": "64.73600", "2012-06-30": "66.36500", "2012-03-31": "64.14900", "2011-12-31": "57.69100", "2011-09-30": "55.35800", "2011-06-30": "57.02200", "2011-03-31": "46.94200", "2010-12-31": "41.50900", "2010-09-30": "32.62800", "2010-06-30": "34.30700", "2010-03-31": "23.76600", "2009-12-31": "23.83300", "2009-09-30": "12.88700", "2009-06-30": "15.70700", "2009-03-31": "-3.59400", "2008-12-31": "19.72600", "2008-09-30": "69.21100", "2008-06-30": "70.12800", "2008-03-31": "53.47700", "2007-12-31": "49.50900", "2007-09-30": "49.97800", "2007-06-30": "55.24900", "2007-03-31": "48.00000", "2006-12-31": "51.78500", "2006-09-30": "43.85500", "2006-06-30": "42.61900", "2006-03-31": "36.74900", "2005-12-31": "29.76600", "2005-09-30": "38.18800", "2005-06-30": "32.11200", "2005-03-31": "22.24000"}, "Other Income": {"2020-09-30": "", "2020-06-30": "", "2020-03-31": "", "2019-12-31": "", "2019-09-30": "", "2019-06-30": "", "2019-03-31": "", "2018-12-31": "", "2018-09-30": "", "2018-06-30": "", "2018-03-31": "", "2017-12-31": "", "2017-09-30": "", "2017-06-30": "", "2017-03-31": "", "2016-12-31": "", "2016-09-30": "", "2016-06-30": "", "2016-03-31": "", "2015-12-31": "", "2015-09-30": "", "2015-06-30": "", "2015-03-31": "", "2014-12-31": "", "2014-09-30": "", "2014-06-30": "", "2014-03-31": "", "2013-12-31": "", "2013-09-30": "", "2013-06-30": "", "2013-03-31": "", "2012-12-31": "", "2012-09-30": "", "2012-06-30": "", "2012-03-31": "", "2011-12-31": "", "2011-09-30": "", "2011-06-30": "", "2011-03-31": "", "2010-12-31": "", "2010-09-30": "", "2010-06-30": "", "2010-03-31": "", "2009-12-31": "", "2009-09-30": "", "2009-06-30": "", "2009-03-31": "", "2008-12-31": "", "2008-09-30": "", "2008-06-30": "", "2008-03-31": "", "2007-12-31": "", "2007-09-30": "", "2007-06-30": "", "2007-03-31": "", "2006-12-31": "", "2006-09-30": "", "2006-06-30": "", "2006-03-31": "", "2005-12-31": "", "2005-09-30": "", "2005-06-30": "", "2005-03-31": ""}, "Income From Continuous Operations": {"2020-09-30": "58.50600", "2020-06-30": "27.01300", "2020-03-31": "55.55500", "2019-12-31": "63.71600", "2019-09-30": "72.45700", "2019-06-30": "85.44400", "2019-03-31": "71.46600", "2018-12-31": "86.77900", "2018-09-30": "70.53500", "2018-06-30": "68.85900", "2018-03-31": "60.82000", "2017-12-31": "24.18500", "2017-09-30": "106.11100", "2017-06-30": "61.33100", "2017-03-31": "55.84800", "2016-12-31": "53.40100", "2016-09-30": "60.03900", "2016-06-30": "31.30900", "2016-03-31": "53.62400", "2015-12-31": "48.69900", "2015-09-30": "-60.48100", "2015-06-30": "70.87600", "2015-03-31": "68.31800", "2014-12-31": "75.33500", "2014-09-30": "44.83200", "2014-06-30": "77.28900", "2014-03-31": "56.42400", "2013-12-31": "88.06500", "2013-09-30": "64.25200", "2013-06-30": "72.52700", "2013-03-31": "66.84300", "2012-12-31": "61.96600", "2012-09-30": "64.73600", "2012-06-30": "66.36500", "2012-03-31": "64.14900", "2011-12-31": "57.69100", "2011-09-30": "55.35800", "2011-06-30": "57.02200", "2011-03-31": "46.94200", "2010-12-31": "41.50900", "2010-09-30": "32.62800", "2010-06-30": "34.30700", "2010-03-31": "23.76600", "2009-12-31": "23.83300", "2009-09-30": "12.88700", "2009-06-30": "15.70700", "2009-03-31": "-3.59400", "2008-12-31": "19.72600", "2008-09-30": "69.21100", "2008-06-30": "70.12800", "2008-03-31": "53.47700", "2007-12-31": "49.50900", "2007-09-30": "49.97800", "2007-06-30": "55.24900", "2007-03-31": "48.00000", "2006-12-31": "51.78500", "2006-09-30": "43.85500", "2006-06-30": "42.61900", "2006-03-31": "36.74900", "2005-12-31": "29.76600", "2005-09-30": "38.18800", "2005-06-30": "32.11200", "2005-03-31": "22.24000"}, "Income From Discontinued Operations": {"2020-09-30": "", "2020-06-30": "", "2020-03-31": "", "2019-12-31": "", "2019-09-30": "", "2019-06-30": "", "2019-03-31": "", "2018-12-31": "", "2018-09-30": "", "2018-06-30": "", "2018-03-31": "", "2017-12-31": "", "2017-09-30": "", "2017-06-30": "", "2017-03-31": "", "2016-12-31": "", "2016-09-30": "", "2016-06-30": "", "2016-03-31": "", "2015-12-31": "", "2015-09-30": "", "2015-06-30": "", "2015-03-31": "", "2014-12-31": "", "2014-09-30": "", "2014-06-30": "", "2014-03-31": "", "2013-12-31": "", "2013-09-30": "", "2013-06-30": "", "2013-03-31": "", "2012-12-31": "", "2012-09-30": "", "2012-06-30": "", "2012-03-31": "", "2011-12-31": "", "2011-09-30": "", "2011-06-30": "", "2011-03-31": "", "2010-12-31": "", "2010-09-30": "", "2010-06-30": "", "2010-03-31": "", "2009-12-31": "", "2009-09-30": "", "2009-06-30": "", "2009-03-31": "", "2008-12-31": "", "2008-09-30": "", "2008-06-30": "", "2008-03-31": "", "2007-12-31": "", "2007-09-30": "", "2007-06-30": "", "2007-03-31": "", "2006-12-31": "", "2006-09-30": "", "2006-06-30": "", "2006-03-31": "", "2005-12-31": "", "2005-09-30": "", "2005-06-30": "", "2005-03-31": ""}, "Net Income": {"2020-09-30": "58.47900", "2020-06-30": "26.99600", "2020-03-31": "55.56200", "2019-12-31": "63.71600", "2019-09-30": "72.46100", "2019-06-30": "85.45200", "2019-03-31": "71.48000", "2018-12-31": "86.83900", "2018-09-30": "70.53900", "2018-06-30": "68.86400", "2018-03-31": "60.82400", "2017-12-31": "24.18100", "2017-09-30": "106.12600", "2017-06-30": "61.35200", "2017-03-31": "55.84400", "2016-12-31": "53.39500", "2016-09-30": "60.04900", "2016-06-30": "31.31700", "2016-03-31": "53.63800", "2015-12-31": "48.69200", "2015-09-30": "-60.46600", "2015-06-30": "70.89800", "2015-03-31": "68.35400", "2014-12-31": "75.21200", "2014-09-30": "45.68900", "2014-06-30": "77.33200", "2014-03-31": "56.45300", "2013-12-31": "88.32400", "2013-09-30": "66.04400", "2013-06-30": "72.60600", "2013-03-31": "66.80600", "2012-12-31": "62.08400", "2012-09-30": "64.76500", "2012-06-30": "66.31900", "2012-03-31": "64.24300", "2011-12-31": "57.73300", "2011-09-30": "55.53000", "2011-06-30": "57.01300", "2011-03-31": "46.91000", "2010-12-31": "41.50300", "2010-09-30": "32.47300", "2010-06-30": "32.54000", "2010-03-31": "23.72800", "2009-12-31": "24.34500", "2009-09-30": "12.75700", "2009-06-30": "15.06800", "2009-03-31": "-3.59400", "2008-12-31": "19.47000", "2008-09-30": "69.21100", "2008-06-30": "70.12800", "2008-03-31": "53.47700", "2007-12-31": "49.50900", "2007-09-30": "49.97800", "2007-06-30": "55.24900", "2007-03-31": "48.00000", "2006-12-31": "51.78500", "2006-09-30": "43.85500", "2006-06-30": "42.61900", "2006-03-31": "36.74900", "2005-12-31": "29.76600", "2005-09-30": "38.18800", "2005-06-30": "32.11200", "2005-03-31": "22.24000"}, "EBITDA": {"2020-09-30": "97.28100", "2020-06-30": "59.81400", "2020-03-31": "102.10200", "2019-12-31": "103.78890", "2019-09-30": "109.69200", "2019-06-30": "125.53700", "2019-03-31": "113.37900", "2018-12-31": "113.33020", "2018-09-30": "118.41000", "2018-06-30": "112.82300", "2018-03-31": "103.32200", "2017-12-31": "93.98030", "2017-09-30": "154.09110", "2017-06-30": "101.41290", "2017-03-31": "95.57300", "2016-12-31": "94.98900", "2016-09-30": "98.09200", "2016-06-30": "64.68900", "2016-03-31": "90.91700", "2015-12-31": "94.54490", "2015-09-30": "-67.84190", "2015-06-30": "112.47300", "2015-03-31": "106.53100", "2014-12-31": "121.50690", "2014-09-30": "93.23400", "2014-06-30": "130.24400", "2014-03-31": "98.36910", "2013-12-31": "135.90710", "2013-09-30": "112.50400", "2013-06-30": "121.43000", "2013-03-31": "106.02690", "2012-12-31": "102.81900", "2012-09-30": "105.56600", "2012-06-30": "112.23100", "2012-03-31": "106.79900", "2011-12-31": "82.37490", "2011-09-30": "95.52100", "2011-06-30": "101.17000", "2011-03-31": "79.66500", "2010-12-31": "51.23710", "2010-09-30": "66.97100", "2010-06-30": "69.86700", "2010-03-31": "53.84500", "2009-12-31": "63.59500", "2009-09-30": "51.44000", "2009-06-30": "39.58200", "2009-03-31": "18.53600", "2008-12-31": "50.31000", "2008-09-30": "104.38700", "2008-06-30": "106.47200", "2008-03-31": "92.16400", "2007-12-31": "84.34290", "2007-09-30": "80.62300", "2007-06-30": "88.43500", "2007-03-31": "80.41010", "2006-12-31": "70.70710", "2006-09-30": "71.95100", "2006-06-30": "72.74900", "2006-03-31": "63.27100", "2005-12-31": "49.30800", "2005-09-30": "50.42800", "2005-06-30": "52.05400", "2005-03-31": "39.92000"}, "EBIT": {"2020-09-30": "77.79300", "2020-06-30": "39.76400", "2020-03-31": "81.07400", "2019-12-31": "82.70190", "2019-09-30": "88.54400", "2019-06-30": "105.18600", "2019-03-31": "94.47800", "2018-12-31": "94.93010", "2018-09-30": "100.78700", "2018-06-30": "94.63400", "2018-03-31": "85.18800", "2017-12-31": "76.32210", "2017-09-30": "135.64010", "2017-06-30": "85.57290", "2017-03-31": "79.40700", "2016-12-31": "78.41090", "2016-09-30": "81.82900", "2016-06-30": "48.08200", "2016-03-31": "75.29200", "2015-12-31": "78.43490", "2015-09-30": "-84.02090", "2015-06-30": "96.78700", "2015-03-31": "90.49900", "2014-12-31": "104.91710", "2014-09-30": "76.11700", "2014-06-30": "112.27500", "2014-03-31": "80.43810", "2013-12-31": "118.90520", "2013-09-30": "95.17800", "2013-06-30": "104.27200", "2013-03-31": "88.62990", "2012-12-31": "85.70480", "2012-09-30": "88.70100", "2012-06-30": "96.02500", "2012-03-31": "91.65000", "2011-12-31": "82.36190", "2011-09-30": "74.82300", "2011-06-30": "80.03300", "2011-03-31": "59.46200", "2010-12-31": "52.33620", "2010-09-30": "48.19000", "2010-06-30": "51.14700", "2010-03-31": "34.75700", "2009-12-31": "38.82900", "2009-09-30": "33.33900", "2009-06-30": "20.03200", "2009-03-31": "1.03300", "2008-12-31": "35.79290", "2008-09-30": "89.78100", "2008-06-30": "91.59600", "2008-03-31": "78.49000", "2007-12-31": "66.37980", "2007-09-30": "67.60100", "2007-06-30": "75.35100", "2007-03-31": "68.30010", "2006-12-31": "59.23210", "2006-09-30": "59.65300", "2006-06-30": "61.73900", "2006-03-31": "52.34600", "2005-12-31": "37.96600", "2005-09-30": "39.72100", "2005-06-30": "42.03200", "2005-03-31": "30.12600"}, "Basic Shares Outstanding": {"2020-09-30": "59.42600", "2020-06-30": "59.35400", "2020-03-31": "60.18400", "2019-12-31": "61.96000", "2019-09-30": "61.38000", "2019-06-30": "62.30500", "2019-03-31": "63.16000", "2018-12-31": "64.88600", "2018-09-30": "64.82100", "2018-06-30": "65.33700", "2018-03-31": "65.57900", "2017-12-31": "65.73900", "2017-09-30": "65.80600", "2017-06-30": "65.81100", "2017-03-31": "65.68800", "2016-12-31": "67.46200", "2016-09-30": "66.47700", "2016-06-30": "68.18100", "2016-03-31": "69.58500", "2015-12-31": "74.11100", "2015-09-30": "73.75400", "2015-06-30": "75.00000", "2015-03-31": "76.24200", "2014-12-31": "79.18500", "2014-09-30": "78.81700", "2014-06-30": "79.87300", "2014-03-31": "80.64800", "2013-12-31": "81.97800", "2013-09-30": "81.64400", "2013-06-30": "82.41900", "2013-03-31": "82.71900", "2012-12-31": "83.08700", "2012-09-30": "82.91800", "2012-06-30": "83.32800", "2012-03-31": "83.45200", "2011-12-31": "83.68100", "2011-09-30": "83.61300", "2011-06-30": "83.03700", "2011-03-31": "83.79100", "2010-12-31": "84.40700", "2010-09-30": "84.26800", "2010-06-30": "84.61200", "2010-03-31": "84.80800", "2009-12-31": "84.78200", "2009-09-30": "84.79200", "2009-06-30": "84.77800", "2009-03-31": "84.74400", "2008-12-31": "85.29600", "2008-09-30": "85.55800", "2008-06-30": "85.41800", "2008-03-31": "85.35000", "2007-12-31": "85.79800", "2007-09-30": "85.93800", "2007-06-30": "85.89400", "2007-03-31": "85.68600", "2006-12-31": "85.06400", "2006-09-30": "85.21600", "2006-06-30": "85.02800", "2006-03-31": "84.56000", "2005-12-31": "83.62600", "2005-09-30": "83.86400", "2005-06-30": "82.95400", "2005-03-31": "83.35200"}, "Shares Outstanding": {"2020-09-30": "60.01800", "2020-06-30": "59.83100", "2020-03-31": "60.79900", "2019-12-31": "62.65800", "2019-09-30": "62.06100", "2019-06-30": "62.97000", "2019-03-31": "63.89900", "2018-12-31": "65.68200", "2018-09-30": "65.65200", "2018-06-30": "66.12100", "2018-03-31": "66.44300", "2017-12-31": "66.64300", "2017-09-30": "66.70200", "2017-06-30": "66.74300", "2017-03-31": "66.58300", "2016-12-31": "68.15600", "2016-09-30": "67.18200", "2016-06-30": "68.89000", "2016-03-31": "70.24600", "2015-12-31": "74.85400", "2015-09-30": "73.75400", "2015-06-30": "75.77300", "2015-03-31": "77.05900", "2014-12-31": "80.09600", "2014-09-30": "79.72500", "2014-06-30": "80.77300", "2014-03-31": "81.61600", "2013-12-31": "83.04200", "2013-09-30": "82.70700", "2013-06-30": "83.41100", "2013-03-31": "83.78600", "2012-12-31": "84.17500", "2012-09-30": "83.91600", "2012-06-30": "84.44800", "2012-03-31": "84.60800", "2011-12-31": "84.70800", "2011-09-30": "84.54900", "2011-06-30": "84.10500", "2011-03-31": "84.87800", "2010-12-31": "85.22300", "2010-09-30": "85.07100", "2010-06-30": "85.41600", "2010-03-31": "85.52800", "2009-12-31": "85.26800", "2009-09-30": "85.28400", "2009-06-30": "85.18400", "2009-03-31": "84.74400", "2008-12-31": "86.10800", "2008-09-30": "86.41800", "2008-06-30": "86.34600", "2008-03-31": "86.18000", "2007-12-31": "86.78400", "2007-09-30": "86.93400", "2007-06-30": "86.92200", "2007-03-31": "86.69800", "2006-12-31": "86.06400", "2006-09-30": "86.23800", "2006-06-30": "86.01600", "2006-03-31": "85.43600", "2005-12-31": "84.46000", "2005-09-30": "84.67200", "2005-06-30": "83.69000", "2005-03-31": "84.17600"}, "Basic EPS": {"2020-09-30": "0.98000", "2020-06-30": "0.45000", "2020-03-31": "0.92000", "2019-12-31": "1.05000", "2019-09-30": "1.18000", "2019-06-30": "1.37000", "2019-03-31": "1.13000", "2018-12-31": "1.35000", "2018-09-30": "1.09000", "2018-06-30": "1.05000", "2018-03-31": "0.93000", "2017-12-31": "0.37000", "2017-09-30": "1.61000", "2017-06-30": "0.93000", "2017-03-31": "0.85000", "2016-12-31": "0.81000", "2016-09-30": "0.90000", "2016-06-30": "0.46000", "2016-03-31": "0.77000", "2015-12-31": "0.69000", "2015-09-30": "-0.82000", "2015-06-30": "0.95000", "2015-03-31": "0.90000", "2014-12-31": "0.97000", "2014-09-30": "0.58000", "2014-06-30": "0.97000", "2014-03-31": "0.70000", "2013-12-31": "1.08000", "2013-09-30": "0.81000", "2013-06-30": "0.88000", "2013-03-31": "0.81000", "2012-12-31": "0.75000", "2012-09-30": "0.78000", "2012-06-30": "0.80000", "2012-03-31": "0.77000", "2011-12-31": "0.69000", "2011-09-30": "0.66000", "2011-06-30": "0.69000", "2011-03-31": "0.56000", "2010-12-31": "0.49000", "2010-09-30": "0.39000", "2010-06-30": "0.38000", "2010-03-31": "0.28000", "2009-12-31": "0.28000", "2009-09-30": "0.15000", "2009-06-30": "0.18000", "2009-03-31": "-0.04000", "2008-12-31": "0.23500", "2008-09-30": "0.81000", "2008-06-30": "0.82000", "2008-03-31": "0.62500", "2007-12-31": "0.58000", "2007-09-30": "0.58000", "2007-06-30": "0.64500", "2007-03-31": "0.56000", "2006-12-31": "0.60500", "2006-09-30": "0.51500", "2006-06-30": "0.50000", "2006-03-31": "0.43500", "2005-12-31": "0.36000", "2005-09-30": "0.45500", "2005-06-30": "0.38500", "2005-03-31": "0.26500"}, "EPS - Earnings Per Share": {"2020-09-30": "0.97000", "2020-06-30": "0.45000", "2020-03-31": "0.91000", "2019-12-31": "1.03000", "2019-09-30": "1.17000", "2019-06-30": "1.36000", "2019-03-31": "1.12000", "2018-12-31": "1.34000", "2018-09-30": "1.07000", "2018-06-30": "1.04000", "2018-03-31": "0.92000", "2017-12-31": "0.36000", "2017-09-30": "1.59000", "2017-06-30": "0.92000", "2017-03-31": "0.84000", "2016-12-31": "0.81000", "2016-09-30": "0.89000", "2016-06-30": "0.45000", "2016-03-31": "0.76000", "2015-12-31": "0.69000", "2015-09-30": "-0.82000", "2015-06-30": "0.94000", "2015-03-31": "0.89000", "2014-12-31": "0.96000", "2014-09-30": "0.57000", "2014-06-30": "0.96000", "2014-03-31": "0.69000", "2013-12-31": "1.07000", "2013-09-30": "0.80000", "2013-06-30": "0.87000", "2013-03-31": "0.80000", "2012-12-31": "0.74000", "2012-09-30": "0.77000", "2012-06-30": "0.79000", "2012-03-31": "0.76000", "2011-12-31": "0.67000", "2011-09-30": "0.66000", "2011-06-30": "0.68000", "2011-03-31": "0.55000", "2010-12-31": "0.49500", "2010-09-30": "0.38000", "2010-06-30": "0.38000", "2010-03-31": "0.27500", "2009-12-31": "0.28500", "2009-09-30": "0.15000", "2009-06-30": "0.17500", "2009-03-31": "-0.04000", "2008-12-31": "0.23500", "2008-09-30": "0.80000", "2008-06-30": "0.81000", "2008-03-31": "0.62000", "2007-12-31": "0.57000", "2007-09-30": "0.57500", "2007-06-30": "0.63500", "2007-03-31": "0.55500", "2006-12-31": "0.60000", "2006-09-30": "0.51000", "2006-06-30": "0.49500", "2006-03-31": "0.43000", "2005-12-31": "0.35000", "2005-09-30": "0.45000", "2005-06-30": "0.38500", "2005-03-31": "0.26500"}}, "balance sheet": {"Cash On Hand": {"2019-12-31": "199.56300", "2018-12-31": "358.84900", "2017-12-31": "505.82600", "2016-12-31": "418.10100", "2015-12-31": "304.18300", "2014-12-31": "278.37900", "2013-12-31": "299.82500", "2012-12-31": "286.46400", "2011-12-31": "361.10100", "2010-12-31": "366.19300", "2009-12-31": "388.13600", "2008-12-31": "284.33200", "2007-12-31": "217.38200", "2006-12-31": "120.21200", "2005-12-31": "108.00700"}, "Receivables": {"2019-12-31": "374.64900", "2018-12-31": "396.88500", "2017-12-31": "395.27900", "2016-12-31": "273.99300", "2015-12-31": "264.71500", "2014-12-31": "337.66400", "2013-12-31": "367.13400", "2012-12-31": "360.66200", "2011-12-31": "386.19700", "2010-12-31": "321.94800", "2009-12-31": "273.70000", "2008-12-31": "299.17100", "2007-12-31": "344.05800", "2006-12-31": "298.99300", "2005-12-31": "242.09300"}, "Inventory": {"2019-12-31": "393.74800", "2018-12-31": "361.82900", "2017-12-31": "348.66700", "2016-12-31": "255.40600", "2015-12-31": "275.93000", "2014-12-31": "341.05700", "2013-12-31": "349.96300", "2012-12-31": "364.89000", "2011-12-31": "373.23800", "2010-12-31": "291.73000", "2009-12-31": "255.74300", "2008-12-31": "346.93200", "2007-12-31": "343.84900", "2006-12-31": "351.14400", "2005-12-31": "275.74500"}, "Pre-Paid Expenses": {"2019-12-31": "", "2018-12-31": "", "2017-12-31": "", "2016-12-31": "", "2015-12-31": "", "2014-12-31": "", "2013-12-31": "", "2012-12-31": "", "2011-12-31": "", "2010-12-31": "", "2009-12-31": "", "2008-12-31": "", "2007-12-31": "", "2006-12-31": "", "2005-12-31": ""}, "Other Current Assets": {"2019-12-31": "107.62100", "2018-12-31": "120.23600", "2017-12-31": "123.83600", "2016-12-31": "96.21300", "2015-12-31": "91.16700", "2014-12-31": "129.93800", "2013-12-31": "102.93100", "2012-12-31": "104.13000", "2011-12-31": "83.63200", "2010-12-31": "75.88700", "2009-12-31": "82.18800", "2008-12-31": "77.56600", "2007-12-31": "54.07300", "2006-12-31": "53.52700", "2005-12-31": "41.72000"}, "Total Current Assets": {"2019-12-31": "1075.58100", "2018-12-31": "1237.79900", "2017-12-31": "1373.60800", "2016-12-31": "1043.71300", "2015-12-31": "935.99500", "2014-12-31": "1096.20200", "2013-12-31": "1130.77500", "2012-12-31": "1132.81600", "2011-12-31": "1219.27000", "2010-12-31": "1082.51200", "2009-12-31": "1023.54600", "2008-12-31": "1024.72600", "2007-12-31": "969.64800", "2006-12-31": "829.41000", "2005-12-31": "676.63400"}, "Property, Plant, And Equipment": {"2019-12-31": "529.34400", "2018-12-31": "478.80100", "2017-12-31": "477.03100", "2016-12-31": "372.37700", "2015-12-31": "411.32300", "2014-12-31": "438.74600", "2013-12-31": "484.00500", "2012-12-31": "486.23600", "2011-12-31": "470.45100", "2010-12-31": "478.56600", "2009-12-31": "460.06100", "2008-12-31": "427.90200", "2007-12-31": "429.94400", "2006-12-31": "389.51800", "2005-12-31": "340.53300"}, "Long-Term Investments": {"2019-12-31": "", "2018-12-31": "", "2017-12-31": "", "2016-12-31": "", "2015-12-31": "", "2014-12-31": "58.60000", "2013-12-31": "59.38100", "2012-12-31": "55.79300", "2011-12-31": "54.79400", "2010-12-31": "52.71200", "2009-12-31": "51.97600", "2008-12-31": "92.20100", "2007-12-31": "89.89300", "2006-12-31": "77.84800", "2005-12-31": "67.57800"}, "Goodwill And Intangible Assets": {"2019-12-31": "514.90500", "2018-12-31": "429.24000", "2017-12-31": "362.03400", "2016-12-31": "362.00700", "2015-12-31": "308.22300", "2014-12-31": "312.81600", "2013-12-31": "321.72700", "2012-12-31": "265.80500", "2011-12-31": "159.57200", "2010-12-31": "127.21000", "2009-12-31": "121.32800", "2008-12-31": "101.44900", "2007-12-31": "93.92100", "2006-12-31": "76.71200", "2005-12-31": "68.98800"}, "Other Long-Term Assets": {"2019-12-31": "237.10800", "2018-12-31": "183.59000", "2017-12-31": "177.93700", "2016-12-31": "156.91600", "2015-12-31": "119.94700", "2014-12-31": "28.67100", "2013-12-31": "116.30700", "2012-12-31": "104.57400", "2011-12-31": "15.12100", "2010-12-31": "20.03900", "2009-12-31": "20.13400", "2008-12-31": "22.41400", "2007-12-31": "12.99300", "2006-12-31": "4.31800", "2005-12-31": "5.47200"}, "Total Long-Term Assets": {"2019-12-31": "1295.63200", "2018-12-31": "1112.02600", "2017-12-31": "1032.93900", "2016-12-31": "899.72410", "2015-12-31": "848.17600", "2014-12-31": "843.01300", "2013-12-31": "1021.09200", "2012-12-31": "957.04690", "2011-12-31": "757.50600", "2010-12-31": "701.27610", "2009-12-31": "681.74600", "2008-12-31": "694.07900", "2007-12-31": "675.64790", "2006-12-31": "565.16900", "2005-12-31": "484.52700"}, "Total Assets": {"2019-12-31": "2371.21300", "2018-12-31": "2349.82500", "2017-12-31": "2406.54700", "2016-12-31": "1943.43700", "2015-12-31": "1784.17100", "2014-12-31": "1939.21500", "2013-12-31": "2151.86700", "2012-12-31": "2089.86300", "2011-12-31": "1976.77600", "2010-12-31": "1783.78800", "2009-12-31": "1705.29200", "2008-12-31": "1718.80500", "2007-12-31": "1645.29600", "2006-12-31": "1394.57900", "2005-12-31": "1161.16100"}, "Total Current Liabilities": {"2019-12-31": "563.13500", "2018-12-31": "538.18200", "2017-12-31": "528.74200", "2016-12-31": "388.10700", "2015-12-31": "370.12200", "2014-12-31": "492.39500", "2013-12-31": "456.91700", "2012-12-31": "440.26700", "2011-12-31": "471.04200", "2010-12-31": "335.59200", "2009-12-31": "297.97100", "2008-12-31": "356.64200", "2007-12-31": "311.92100", "2006-12-31": "338.28800", "2005-12-31": "293.64200"}, "Long Term Debt": {"2019-12-31": "712.30200", "2018-12-31": "702.54900", "2017-12-31": "704.13600", "2016-12-31": "703.70400", "2015-12-31": "350.34700", "2014-12-31": "2.48800", "2013-12-31": "3.79100", "2012-12-31": "1.59900", "2011-12-31": "1.96000", "2010-12-31": "84.62700", "2009-12-31": "87.85000", "2008-12-31": "91.53700", "2007-12-31": "117.32900", "2006-12-31": "113.96500", "2005-12-31": "157.85300"}, "Other Non-Current Liabilities": {"2019-12-31": "212.41300", "2018-12-31": "175.51700", "2017-12-31": "200.50000", "2016-12-31": "97.80300", "2015-12-31": "84.59200", "2014-12-31": "84.98700", "2013-12-31": "85.36900", "2012-12-31": "65.13800", "2011-12-31": "60.75100", "2010-12-31": "72.33100", "2009-12-31": "77.44700", "2008-12-31": "63.94000", "2007-12-31": "62.78800", "2006-12-31": "28.87200", "2005-12-31": "24.83400"}, "Total Long Term Liabilities": {"2019-12-31": "989.00100", "2018-12-31": "924.05100", "2017-12-31": "945.35200", "2016-12-31": "843.12400", "2015-12-31": "481.60100", "2014-12-31": "161.03900", "2013-12-31": "164.26200", "2012-12-31": "291.27500", "2011-12-31": "312.49200", "2010-12-31": "298.71800", "2009-12-31": "321.64600", "2008-12-31": "352.19000", "2007-12-31": "246.15500", "2006-12-31": "203.31500", "2005-12-31": "215.22500"}, "Total Liabilities": {"2019-12-31": "1552.13600", "2018-12-31": "1462.23300", "2017-12-31": "1474.09400", "2016-12-31": "1231.23100", "2015-12-31": "851.72300", "2014-12-31": "653.43400", "2013-12-31": "621.17900", "2012-12-31": "731.54200", "2011-12-31": "783.53400", "2010-12-31": "634.31000", "2009-12-31": "619.61700", "2008-12-31": "708.83200", "2007-12-31": "558.07600", "2006-12-31": "541.60300", "2005-12-31": "508.86700"}, "Common Stock Net": {"2019-12-31": "9.85800", "2018-12-31": "9.85800", "2017-12-31": "9.85800", "2016-12-31": "9.85800", "2015-12-31": "9.85800", "2014-12-31": "9.85800", "2013-12-31": "9.85800", "2012-12-31": "9.85800", "2011-12-31": "9.85800", "2010-12-31": "9.85800", "2009-12-31": "4.92900", "2008-12-31": "4.92900", "2007-12-31": "4.92900", "2006-12-31": "4.92900", "2005-12-31": "4.92800"}, "Retained Earnings (Accumulated Deficit)": {"2019-12-31": "2736.48100", "2018-12-31": "2564.44000", "2017-12-31": "2388.21900", "2016-12-31": "2236.07100", "2015-12-31": "2125.83800", "2014-12-31": "2086.17400", "2013-12-31": "1908.46200", "2012-12-31": "1682.66800", "2011-12-31": "1484.39300", "2010-12-31": "1320.55200", "2009-12-31": "1239.00400", "2008-12-31": "1236.81000", "2007-12-31": "1068.10000", "2006-12-31": "906.07400", "2005-12-31": "764.74800"}, "Comprehensive Income": {"2019-12-31": "-275.85000", "2018-12-31": "-293.73900", "2017-12-31": "-247.18600", "2016-12-31": "-329.03700", "2015-12-31": "-296.26700", "2014-12-31": "-288.62200", "2013-12-31": "-151.94100", "2012-12-31": "-235.40000", "2011-12-31": "-247.88100", "2010-12-31": "-141.94800", "2009-12-31": "-149.40400", "2008-12-31": "-218.25400", "2007-12-31": "15.84100", "2006-12-31": "-54.65300", "2005-12-31": "-91.27600"}, "Other Share Holders Equity": {"2019-12-31": "", "2018-12-31": "", "2017-12-31": "", "2016-12-31": "", "2015-12-31": "", "2014-12-31": "", "2013-12-31": "", "2012-12-31": "", "2011-12-31": "", "2010-12-31": "", "2009-12-31": "", "2008-12-31": "", "2007-12-31": "", "2006-12-31": "", "2005-12-31": ""}, "Share Holder Equity": {"2019-12-31": "819.07700", "2018-12-31": "887.59200", "2017-12-31": "932.45300", "2016-12-31": "712.20600", "2015-12-31": "932.44800", "2014-12-31": "1285.78100", "2013-12-31": "1530.68800", "2012-12-31": "1358.32100", "2011-12-31": "1193.24200", "2010-12-31": "1149.47800", "2009-12-31": "1085.67500", "2008-12-31": "1009.97300", "2007-12-31": "1087.22000", "2006-12-31": "852.97600", "2005-12-31": "652.29400"}, "Total Liabilities And Share Holders Equity": {"2019-12-31": "2371.21300", "2018-12-31": "2349.82500", "2017-12-31": "2406.54700", "2016-12-31": "1943.43700", "2015-12-31": "1784.17100", "2014-12-31": "1939.21500", "2013-12-31": "2151.86700", "2012-12-31": "2089.86300", "2011-12-31": "1976.77600", "2010-12-31": "1783.78800", "2009-12-31": "1705.29200", "2008-12-31": "1718.80500", "2007-12-31": "1645.29600", "2006-12-31": "1394.57900", "2005-12-31": "1161.16100"}}, "balance sheet, quarterly": {"Cash On Hand": {"2020-09-30": "152.47900", "2020-06-30": "143.05500", "2020-03-31": "163.37500", "2019-12-31": "199.56300", "2019-09-30": "156.61200", "2019-06-30": "189.86100", "2019-03-31": "267.13400", "2018-12-31": "358.84900", "2018-09-30": "497.48200", "2018-06-30": "496.15300", "2018-03-31": "505.76000", "2017-12-31": "505.82600", "2017-09-30": "478.73700", "2017-06-30": "395.73500", "2017-03-31": "401.44000", "2016-12-31": "418.10100", "2016-09-30": "256.92800", "2016-06-30": "237.01900", "2016-03-31": "220.99600", "2015-12-31": "304.18300", "2015-09-30": "364.34500", "2015-06-30": "312.73700", "2015-03-31": "289.01700", "2014-12-31": "278.37900", "2014-09-30": "279.52300", "2014-06-30": "204.28500", "2014-03-31": "205.38700", "2013-12-31": "299.82500", "2013-09-30": "330.30900", "2013-06-30": "256.38900", "2013-03-31": "248.45500", "2012-12-31": "286.46400", "2012-09-30": "340.67500", "2012-06-30": "307.96300", "2012-03-31": "300.83800", "2011-12-31": "361.10100", "2011-09-30": "321.46000", "2011-06-30": "337.91500", "2011-03-31": "341.41500", "2010-12-31": "366.19300", "2010-09-30": "382.53700", "2010-06-30": "373.90100", "2010-03-31": "376.60800", "2009-12-31": "388.13600", "2009-09-30": "405.96700", "2009-06-30": "346.89900", "2009-03-31": "300.45200", "2008-12-31": "284.33200", "2008-09-30": "312.59000", "2008-06-30": "268.35700", "2008-03-31": "237.85300", "2007-12-31": "217.38200", "2007-09-30": "223.22000", "2007-06-30": "147.98100", "2007-03-31": "94.53600", "2006-12-31": "120.21200", "2006-09-30": "145.91100", "2006-06-30": "125.42700", "2006-03-31": "116.05600", "2005-12-31": "108.00700", "2005-09-30": "106.18100", "2005-06-30": "80.38400", "2005-03-31": "142.69000"}, "Receivables": {"2020-09-30": "373.04400", "2020-06-30": "339.10200", "2020-03-31": "385.67300", "2019-12-31": "374.64900", "2019-09-30": "395.35500", "2019-06-30": "428.35300", "2019-03-31": "423.18700", "2018-12-31": "396.88500", "2018-09-30": "409.59400", "2018-06-30": "425.80600", "2018-03-31": "442.74000", "2017-12-31": "395.27900", "2017-09-30": "401.23100", "2017-06-30": "323.18500", "2017-03-31": "302.59900", "2016-12-31": "273.99300", "2016-09-30": "281.03900", "2016-06-30": "291.64500", "2016-03-31": "286.12000", "2015-12-31": "264.71500", "2015-09-30": "310.82400", "2015-06-30": "329.22300", "2015-03-31": "334.92800", "2014-12-31": "337.66400", "2014-09-30": "354.37600", "2014-06-30": "407.22300", "2014-03-31": "405.67500", "2013-12-31": "367.13400", "2013-09-30": "375.22400", "2013-06-30": "396.38300", "2013-03-31": "423.76700", "2012-12-31": "360.66200", "2012-09-30": "391.36000", "2012-06-30": "422.53200", "2012-03-31": "430.44800", "2011-12-31": "386.19700", "2011-09-30": "392.56800", "2011-06-30": "414.23600", "2011-03-31": "376.85700", "2010-12-31": "321.94800", "2010-09-30": "319.53000", "2010-06-30": "306.70300", "2010-03-31": "307.84100", "2009-12-31": "273.70000", "2009-09-30": "276.57100", "2009-06-30": "263.61300", "2009-03-31": "260.53100", "2008-12-31": "299.17100", "2008-09-30": "378.67200", "2008-06-30": "432.45500", "2008-03-31": "390.65600", "2007-12-31": "344.05800", "2007-09-30": "353.31600", "2007-06-30": "360.94500", "2007-03-31": "337.56000", "2006-12-31": "298.99300", "2006-09-30": "297.12500", "2006-06-30": "304.16100", "2006-03-31": "279.55900", "2005-12-31": "242.09300", "2005-09-30": "255.86900", "2005-06-30": "249.81100", "2005-03-31": "237.33400"}, "Inventory": {"2020-09-30": "396.21400", "2020-06-30": "417.52500", "2020-03-31": "398.24800", "2019-12-31": "393.74800", "2019-09-30": "411.12000", "2019-06-30": "397.75200", "2019-03-31": "375.73700", "2018-12-31": "361.82900", "2018-09-30": "377.43100", "2018-06-30": "365.63400", "2018-03-31": "381.53000", "2017-12-31": "348.66700", "2017-09-30": "389.72200", "2017-06-30": "289.63500", "2017-03-31": "281.25000", "2016-12-31": "255.40600", "2016-09-30": "285.19900", "2016-06-30": "292.58700", "2016-03-31": "292.70900", "2015-12-31": "275.93000", "2015-09-30": "308.62500", "2015-06-30": "321.72300", "2015-03-31": "332.89200", "2014-12-31": "341.05700", "2014-09-30": "337.19700", "2014-06-30": "368.02700", "2014-03-31": "363.55400", "2013-12-31": "349.96300", "2013-09-30": "369.86300", "2013-06-30": "367.63100", "2013-03-31": "377.26000", "2012-12-31": "364.89000", "2012-09-30": "390.94800", "2012-06-30": "400.56200", "2012-03-31": "401.37400", "2011-12-31": "373.23800", "2011-09-30": "421.25300", "2011-06-30": "424.48000", "2011-03-31": "368.95400", "2010-12-31": "291.73000", "2010-09-30": "315.45500", "2010-06-30": "288.38600", "2010-03-31": "276.48300", "2009-12-31": "255.74300", "2009-09-30": "276.67600", "2009-06-30": "267.55000", "2009-03-31": "300.64500", "2008-12-31": "346.93200", "2008-09-30": "419.64600", "2008-06-30": "403.83300", "2008-03-31": "381.80000", "2007-12-31": "343.84900", "2007-09-30": "355.97700", "2007-06-30": "375.12700", "2007-03-31": "373.07500", "2006-12-31": "351.14400", "2006-09-30": "336.90500", "2006-06-30": "331.04300", "2006-03-31": "301.74200", "2005-12-31": "275.74500", "2005-09-30": "269.05400", "2005-06-30": "271.20300", "2005-03-31": "248.97800"}, "Pre-Paid Expenses": {"2020-09-30": "", "2020-06-30": "", "2020-03-31": "", "2019-12-31": "", "2019-09-30": "", "2019-06-30": "", "2019-03-31": "", "2018-12-31": "", "2018-09-30": "", "2018-06-30": "", "2018-03-31": "", "2017-12-31": "", "2017-09-30": "", "2017-06-30": "", "2017-03-31": "", "2016-12-31": "", "2016-09-30": "", "2016-06-30": "", "2016-03-31": "", "2015-12-31": "", "2015-09-30": "", "2015-06-30": "", "2015-03-31": "", "2014-12-31": "", "2014-09-30": "", "2014-06-30": "", "2014-03-31": "", "2013-12-31": "", "2013-09-30": "", "2013-06-30": "", "2013-03-31": "", "2012-12-31": "", "2012-09-30": "", "2012-06-30": "", "2012-03-31": "", "2011-12-31": "", "2011-09-30": "", "2011-06-30": "", "2011-03-31": "", "2010-12-31": "", "2010-09-30": "", "2010-06-30": "", "2010-03-31": "", "2009-12-31": "", "2009-09-30": "", "2009-06-30": "", "2009-03-31": "", "2008-12-31": "", "2008-09-30": "", "2008-06-30": "", "2008-03-31": "", "2007-12-31": "", "2007-09-30": "", "2007-06-30": "", "2007-03-31": "", "2006-12-31": "", "2006-09-30": "", "2006-06-30": "", "2006-03-31": "", "2005-12-31": "", "2005-09-30": "", "2005-06-30": "", "2005-03-31": ""}, "Other Current Assets": {"2020-09-30": "104.47400", "2020-06-30": "108.09700", "2020-03-31": "112.04800", "2019-12-31": "107.62100", "2019-09-30": "119.34700", "2019-06-30": "111.89700", "2019-03-31": "127.11200", "2018-12-31": "120.23600", "2018-09-30": "121.06500", "2018-06-30": "123.97400", "2018-03-31": "115.81500", "2017-12-31": "123.83600", "2017-09-30": "108.99100", "2017-06-30": "199.27700", "2017-03-31": "162.78100", "2016-12-31": "96.21300", "2016-09-30": "97.31200", "2016-06-30": "100.36700", "2016-03-31": "102.52200", "2015-12-31": "91.16700", "2015-09-30": "85.06400", "2015-06-30": "125.55300", "2015-03-31": "138.16500", "2014-12-31": "129.93800", "2014-09-30": "238.74000", "2014-06-30": "126.20400", "2014-03-31": "110.32900", "2013-12-31": "102.93100", "2013-09-30": "107.25300", "2013-06-30": "113.82100", "2013-03-31": "115.17800", "2012-12-31": "104.13000", "2012-09-30": "116.64800", "2012-06-30": "105.28300", "2012-03-31": "103.34200", "2011-12-31": "83.63200", "2011-09-30": "109.31000", "2011-06-30": "101.83700", "2011-03-31": "107.97900", "2010-12-31": "75.88700", "2010-09-30": "102.58900", "2010-06-30": "107.28600", "2010-03-31": "107.62000", "2009-12-31": "82.18800", "2009-09-30": "100.01600", "2009-06-30": "81.63200", "2009-03-31": "66.93700", "2008-12-31": "77.56600", "2008-09-30": "76.64400", "2008-06-30": "78.73700", "2008-03-31": "60.88700", "2007-12-31": "54.07300", "2007-09-30": "51.11100", "2007-06-30": "49.47400", "2007-03-31": "52.73800", "2006-12-31": "53.52700", "2006-09-30": "50.19700", "2006-06-30": "50.86400", "2006-03-31": "45.19100", "2005-12-31": "41.72000", "2005-09-30": "37.18700", "2005-06-30": "32.14800", "2005-03-31": "33.51100"}, "Total Current Assets": {"2020-09-30": "1026.21100", "2020-06-30": "1007.77900", "2020-03-31": "1059.34400", "2019-12-31": "1075.58100", "2019-09-30": "1082.43400", "2019-06-30": "1127.86300", "2019-03-31": "1193.17000", "2018-12-31": "1237.79900", "2018-09-30": "1405.57200", "2018-06-30": "1411.56700", "2018-03-31": "1445.84500", "2017-12-31": "1373.60800", "2017-09-30": "1378.68100", "2017-06-30": "1207.83200", "2017-03-31": "1148.07000", "2016-12-31": "1043.71300", "2016-09-30": "920.47800", "2016-06-30": "921.61800", "2016-03-31": "902.34700", "2015-12-31": "935.99500", "2015-09-30": "1068.85800", "2015-06-30": "1089.23600", "2015-03-31": "1095.00200", "2014-12-31": "1096.20200", "2014-09-30": "1209.83600", "2014-06-30": "1105.73900", "2014-03-31": "1084.94500", "2013-12-31": "1130.77500", "2013-09-30": "1182.64900", "2013-06-30": "1134.22400", "2013-03-31": "1164.66000", "2012-12-31": "1132.81600", "2012-09-30": "1239.63100", "2012-06-30": "1236.34000", "2012-03-31": "1236.00200", "2011-12-31": "1219.27000", "2011-09-30": "1244.59100", "2011-06-30": "1278.46800", "2011-03-31": "1195.20500", "2010-12-31": "1082.51200", "2010-09-30": "1120.11100", "2010-06-30": "1076.27600", "2010-03-31": "1068.55200", "2009-12-31": "1023.54600", "2009-09-30": "1059.23000", "2009-06-30": "959.69400", "2009-03-31": "951.70800", "2008-12-31": "1024.72600", "2008-09-30": "1201.68400", "2008-06-30": "1194.86100", "2008-03-31": "1082.64200", "2007-12-31": "969.64800", "2007-09-30": "997.86700", "2007-06-30": "945.26000", "2007-03-31": "864.38300", "2006-12-31": "829.41000", "2006-09-30": "839.93100", "2006-06-30": "821.11800", "2006-03-31": "752.68100", "2005-12-31": "676.63400", "2005-09-30": "674.10100", "2005-06-30": "636.23400", "2005-03-31": "669.32700"}, "Property, Plant, And Equipment": {"2020-09-30": "504.52000", "2020-06-30": "502.24900", "2020-03-31": "503.17900", "2019-12-31": "529.34400", "2019-09-30": "523.22900", "2019-06-30": "512.36400", "2019-03-31": "476.87600", "2018-12-31": "478.80100", "2018-09-30": "461.82800", "2018-06-30": "468.20500", "2018-03-31": "482.80500", "2017-12-31": "477.03100", "2017-09-30": "475.07100", "2017-06-30": "384.94700", "2017-03-31": "376.12000", "2016-12-31": "372.37700", "2016-09-30": "384.81700", "2016-06-30": "383.86700", "2016-03-31": "413.82600", "2015-12-31": "411.32300", "2015-09-30": "421.94000", "2015-06-30": "429.32900", "2015-03-31": "423.02000", "2014-12-31": "438.74600", "2014-09-30": "450.01600", "2014-06-30": "481.86100", "2014-03-31": "479.28700", "2013-12-31": "484.00500", "2013-09-30": "478.67300", "2013-06-30": "476.15200", "2013-03-31": "481.07400", "2012-12-31": "486.23600", "2012-09-30": "479.02400", "2012-06-30": "476.47800", "2012-03-31": "486.87200", "2011-12-31": "470.45100", "2011-09-30": "476.25600", "2011-06-30": "492.81100", "2011-03-31": "489.82000", "2010-12-31": "478.56600", "2010-09-30": "459.79300", "2010-06-30": "436.44300", "2010-03-31": "454.70300", "2009-12-31": "460.06100", "2009-09-30": "461.40600", "2009-06-30": "429.81900", "2009-03-31": "418.06600", "2008-12-31": "427.90200", "2008-09-30": "446.39000", "2008-06-30": "462.83500", "2008-03-31": "443.03600", "2007-12-31": "429.94400", "2007-09-30": "420.56300", "2007-06-30": "404.06200", "2007-03-31": "395.74500", "2006-12-31": "389.51800", "2006-09-30": "363.99300", "2006-06-30": "354.38500", "2006-03-31": "347.85900", "2005-12-31": "340.53300", "2005-09-30": "339.17200", "2005-06-30": "336.43600", "2005-03-31": "311.63400"}, "Long-Term Investments": {"2020-09-30": "", "2020-06-30": "", "2020-03-31": "", "2019-12-31": "", "2019-09-30": "", "2019-06-30": "", "2019-03-31": "", "2018-12-31": "", "2018-09-30": "", "2018-06-30": "", "2018-03-31": "", "2017-12-31": "", "2017-09-30": "", "2017-06-30": "", "2017-03-31": "", "2016-12-31": "", "2016-09-30": "", "2016-06-30": "", "2016-03-31": "", "2015-12-31": "", "2015-09-30": "", "2015-06-30": "", "2015-03-31": "", "2014-12-31": "58.60000", "2014-09-30": "", "2014-06-30": "", "2014-03-31": "", "2013-12-31": "59.38100", "2013-09-30": "", "2013-06-30": "", "2013-03-31": "", "2012-12-31": "55.79300", "2012-09-30": "", "2012-06-30": "", "2012-03-31": "", "2011-12-31": "54.79400", "2011-09-30": "", "2011-06-30": "", "2011-03-31": "", "2010-12-31": "52.71200", "2010-09-30": "", "2010-06-30": "", "2010-03-31": "", "2009-12-31": "51.97600", "2009-09-30": "", "2009-06-30": "", "2009-03-31": "86.22100", "2008-12-31": "92.20100", "2008-09-30": "95.41300", "2008-06-30": "96.14200", "2008-03-31": "92.38000", "2007-12-31": "89.89300", "2007-09-30": "86.44500", "2007-06-30": "82.86600", "2007-03-31": "79.89600", "2006-12-31": "77.84800", "2006-09-30": "73.94100", "2006-06-30": "71.36900", "2006-03-31": "68.68600", "2005-12-31": "67.57800", "2005-09-30": "66.91600", "2005-06-30": "65.16200", "2005-03-31": "37.81300"}, "Goodwill And Intangible Assets": {"2020-09-30": "331.47300", "2020-06-30": "328.62200", "2020-03-31": "326.58400", "2019-12-31": "337.10700", "2019-09-30": "331.31100", "2019-06-30": "323.01600", "2019-03-31": "282.51200", "2018-12-31": "429.24000", "2018-09-30": "233.74100", "2018-06-30": "233.98200", "2018-03-31": "236.56900", "2017-12-31": "362.03400", "2017-09-30": "235.89900", "2017-06-30": "234.10900", "2017-03-31": "233.47400", "2016-12-31": "362.00700", "2016-09-30": "236.58800", "2016-06-30": "237.45700", "2016-03-31": "190.59600", "2015-12-31": "308.22300", "2015-09-30": "", "2015-06-30": "", "2015-03-31": "", "2014-12-31": "312.81600", "2014-09-30": "", "2014-06-30": "", "2014-03-31": "", "2013-12-31": "321.72700", "2013-09-30": "", "2013-06-30": "", "2013-03-31": "", "2012-12-31": "265.80500", "2012-09-30": "", "2012-06-30": "", "2012-03-31": "", "2011-12-31": "159.57200", "2011-09-30": "", "2011-06-30": "", "2011-03-31": "", "2010-12-31": "127.21000", "2010-09-30": "", "2010-06-30": "", "2010-03-31": "", "2009-12-31": "121.32800", "2009-09-30": "", "2009-06-30": "", "2009-03-31": "99.93500", "2008-12-31": "101.44900", "2008-09-30": "104.07400", "2008-06-30": "108.03400", "2008-03-31": "106.28100", "2007-12-31": "93.92100", "2007-09-30": "82.27500", "2007-06-30": "81.34100", "2007-03-31": "80.54400", "2006-12-31": "76.71200", "2006-09-30": "67.61800", "2006-06-30": "67.03200", "2006-03-31": "65.91000", "2005-12-31": "68.98800", "2005-09-30": "58.04600", "2005-06-30": "52.07600", "2005-03-31": "28.72500"}, "Other Long-Term Assets": {"2020-09-30": "355.29500", "2020-06-30": "360.38900", "2020-03-31": "416.79300", "2019-12-31": "429.18100", "2019-09-30": "424.18600", "2019-06-30": "431.09000", "2019-03-31": "402.29300", "2018-12-31": "183.59000", "2018-09-30": "318.50400", "2018-06-30": "319.97700", "2018-03-31": "323.28100", "2017-12-31": "177.93700", "2017-09-30": "321.45200", "2017-06-30": "294.78500", "2017-03-31": "295.01300", "2016-12-31": "156.91600", "2016-09-30": "291.93800", "2016-06-30": "294.45900", "2016-03-31": "270.32600", "2015-12-31": "119.94700", "2015-09-30": "437.29300", "2015-06-30": "431.60100", "2015-03-31": "403.48600", "2014-12-31": "28.67100", "2014-09-30": "452.66700", "2014-06-30": "557.23900", "2014-03-31": "549.74400", "2013-12-31": "116.30700", "2013-09-30": "458.31900", "2013-06-30": "449.74100", "2013-03-31": "457.79300", "2012-12-31": "104.57400", "2012-09-30": "372.86700", "2012-06-30": "309.17000", "2012-03-31": "299.43700", "2011-12-31": "15.12100", "2011-09-30": "242.03000", "2011-06-30": "229.78700", "2011-03-31": "228.54500", "2010-12-31": "20.03900", "2010-09-30": "218.78800", "2010-06-30": "218.68900", "2010-03-31": "234.00800", "2009-12-31": "20.13400", "2009-09-30": "231.34200", "2009-06-30": "262.86900", "2009-03-31": "16.56600", "2008-12-31": "22.41400", "2008-09-30": "16.16700", "2008-06-30": "16.27100", "2008-03-31": "17.88300", "2007-12-31": "12.99300", "2007-09-30": "10.45900", "2007-06-30": "10.19600", "2007-03-31": "9.68500", "2006-12-31": "4.31800", "2006-09-30": "8.20600", "2006-06-30": "7.99100", "2006-03-31": "9.63900", "2005-12-31": "5.47200", "2005-09-30": "12.49200", "2005-06-30": "14.76200", "2005-03-31": "35.62200"}, "Total Long-Term Assets": {"2020-09-30": "1191.28800", "2020-06-30": "1191.26000", "2020-03-31": "1246.55600", "2019-12-31": "1295.63200", "2019-09-30": "1278.72600", "2019-06-30": "1266.47000", "2019-03-31": "1161.68100", "2018-12-31": "1112.02600", "2018-09-30": "1014.07300", "2018-06-30": "1022.16400", "2018-03-31": "1042.65500", "2017-12-31": "1032.93900", "2017-09-30": "1032.42200", "2017-06-30": "913.84090", "2017-03-31": "904.60700", "2016-12-31": "899.72410", "2016-09-30": "913.34300", "2016-06-30": "915.78300", "2016-03-31": "874.74800", "2015-12-31": "848.17600", "2015-09-30": "859.23300", "2015-06-30": "860.93010", "2015-03-31": "826.50600", "2014-12-31": "843.01300", "2014-09-30": "902.68300", "2014-06-30": "1039.10000", "2014-03-31": "1029.03100", "2013-12-31": "1021.09200", "2013-09-30": "936.99200", "2013-06-30": "925.89300", "2013-03-31": "938.86700", "2012-12-31": "957.04690", "2012-09-30": "851.89100", "2012-06-30": "785.64800", "2012-03-31": "786.30900", "2011-12-31": "757.50600", "2011-09-30": "718.28600", "2011-06-30": "722.59800", "2011-03-31": "718.36500", "2010-12-31": "701.27610", "2010-09-30": "678.58100", "2010-06-30": "655.13200", "2010-03-31": "688.71100", "2009-12-31": "681.74600", "2009-09-30": "692.74800", "2009-06-30": "692.68800", "2009-03-31": "676.94100", "2008-12-31": "694.07900", "2008-09-30": "725.44300", "2008-06-30": "742.78000", "2008-03-31": "713.00900", "2007-12-31": "675.64790", "2007-09-30": "628.56500", "2007-06-30": "605.16400", "2007-03-31": "587.57500", "2006-12-31": "565.16900", "2006-09-30": "515.68700", "2006-06-30": "502.69000", "2006-03-31": "494.01300", "2005-12-31": "484.52700", "2005-09-30": "478.41800", "2005-06-30": "471.77500", "2005-03-31": "417.21900"}, "Total Assets": {"2020-09-30": "2217.49900", "2020-06-30": "2199.03900", "2020-03-31": "2305.90000", "2019-12-31": "2371.21300", "2019-09-30": "2361.16000", "2019-06-30": "2394.33300", "2019-03-31": "2354.85100", "2018-12-31": "2349.82500", "2018-09-30": "2419.64500", "2018-06-30": "2433.73100", "2018-03-31": "2488.50000", "2017-12-31": "2406.54700", "2017-09-30": "2411.10300", "2017-06-30": "2121.67300", "2017-03-31": "2052.67700", "2016-12-31": "1943.43700", "2016-09-30": "1833.82100", "2016-06-30": "1837.40100", "2016-03-31": "1777.09500", "2015-12-31": "1784.17100", "2015-09-30": "1928.09100", "2015-06-30": "1950.16600", "2015-03-31": "1921.50800", "2014-12-31": "1939.21500", "2014-09-30": "2112.51900", "2014-06-30": "2144.83900", "2014-03-31": "2113.97600", "2013-12-31": "2151.86700", "2013-09-30": "2119.64100", "2013-06-30": "2060.11700", "2013-03-31": "2103.52700", "2012-12-31": "2089.86300", "2012-09-30": "2091.52200", "2012-06-30": "2021.98800", "2012-03-31": "2022.31100", "2011-12-31": "1976.77600", "2011-09-30": "1962.87700", "2011-06-30": "2001.06600", "2011-03-31": "1913.57000", "2010-12-31": "1783.78800", "2010-09-30": "1798.69200", "2010-06-30": "1731.40800", "2010-03-31": "1757.26300", "2009-12-31": "1705.29200", "2009-09-30": "1751.97800", "2009-06-30": "1652.38200", "2009-03-31": "1628.64900", "2008-12-31": "1718.80500", "2008-09-30": "1927.12700", "2008-06-30": "1937.64100", "2008-03-31": "1795.65100", "2007-12-31": "1645.29600", "2007-09-30": "1626.43200", "2007-06-30": "1550.42400", "2007-03-31": "1451.95800", "2006-12-31": "1394.57900", "2006-09-30": "1355.61800", "2006-06-30": "1323.80800", "2006-03-31": "1246.69400", "2005-12-31": "1161.16100", "2005-09-30": "1152.51900", "2005-06-30": "1108.00900", "2005-03-31": "1086.54600"}, "Total Current Liabilities": {"2020-09-30": "533.16100", "2020-06-30": "568.57100", "2020-03-31": "654.82200", "2019-12-31": "563.13500", "2019-09-30": "572.43700", "2019-06-30": "571.01100", "2019-03-31": "525.52700", "2018-12-31": "538.18200", "2018-09-30": "545.55100", "2018-06-30": "539.75800", "2018-03-31": "550.20000", "2017-12-31": "528.74200", "2017-09-30": "539.85600", "2017-06-30": "415.64300", "2017-03-31": "422.26300", "2016-12-31": "388.10700", "2016-09-30": "596.05900", "2016-06-30": "559.79000", "2016-03-31": "401.45500", "2015-12-31": "370.12200", "2015-09-30": "437.42900", "2015-06-30": "470.55600", "2015-03-31": "608.42500", "2014-12-31": "492.39500", "2014-09-30": "571.70100", "2014-06-30": "464.48900", "2014-03-31": "431.91200", "2013-12-31": "456.91700", "2013-09-30": "481.19500", "2013-06-30": "452.68500", "2013-03-31": "458.98100", "2012-12-31": "440.26700", "2012-09-30": "492.70200", "2012-06-30": "459.42000", "2012-03-31": "453.92200", "2011-12-31": "471.04200", "2011-09-30": "549.14800", "2011-06-30": "539.34000", "2011-03-31": "494.86900", "2010-12-31": "335.59200", "2010-09-30": "372.28300", "2010-06-30": "349.47800", "2010-03-31": "346.72300", "2009-12-31": "297.97100", "2009-09-30": "355.26000", "2009-06-30": "287.80400", "2009-03-31": "310.40900", "2008-12-31": "356.64200", "2008-09-30": "480.60400", "2008-06-30": "479.69500", "2008-03-31": "418.33900", "2007-12-31": "311.92100", "2007-09-30": "356.61000", "2007-06-30": "352.41200", "2007-03-31": "320.84000", "2006-12-31": "338.28800", "2006-09-30": "392.33700", "2006-06-30": "404.70900", "2006-03-31": "336.59500", "2005-12-31": "293.64200", "2005-09-30": "283.70400", "2005-06-30": "295.33600", "2005-03-31": "283.14900"}, "Long Term Debt": {"2020-09-30": "715.68700", "2020-06-30": "715.81700", "2020-03-31": "715.95000", "2019-12-31": "712.30200", "2019-09-30": "713.88400", "2019-06-30": "710.45800", "2019-03-31": "705.72500", "2018-12-31": "702.54900", "2018-09-30": "698.46800", "2018-06-30": "700.19400", "2018-03-31": "700.86900", "2017-12-31": "704.13600", "2017-09-30": "704.80400", "2017-06-30": "704.73200", "2017-03-31": "703.37800", "2016-12-31": "703.70400", "2016-09-30": "359.83100", "2016-06-30": "360.93100", "2016-03-31": "350.10600", "2015-12-31": "350.34700", "2015-09-30": "350.89900", "2015-06-30": "151.56300", "2015-03-31": "3.88200", "2014-12-31": "2.48800", "2014-09-30": "1.04100", "2014-06-30": "1.15900", "2014-03-31": "2.67800", "2013-12-31": "3.79100", "2013-09-30": "1.25100", "2013-06-30": "1.38800", "2013-03-31": "1.44800", "2012-12-31": "1.59900", "2012-09-30": "1.68000", "2012-06-30": "2.39600", "2012-03-31": "2.49400", "2011-12-31": "1.96000", "2011-09-30": "1.56200", "2011-06-30": "1.71000", "2011-03-31": "1.81800", "2010-12-31": "84.62700", "2010-09-30": "85.45800", "2010-06-30": "86.03300", "2010-03-31": "87.00100", "2009-12-31": "87.85000", "2009-09-30": "88.86800", "2009-06-30": "89.53300", "2009-03-31": "89.96400", "2008-12-31": "91.53700", "2008-09-30": "87.52500", "2008-06-30": "87.70100", "2008-03-31": "89.64600", "2007-12-31": "117.32900", "2007-09-30": "114.58600", "2007-06-30": "112.42200", "2007-03-31": "114.36800", "2006-12-31": "113.96500", "2006-09-30": "115.73000", "2006-06-30": "111.94000", "2006-03-31": "155.19500", "2005-12-31": "157.85300", "2005-09-30": "159.73100", "2005-06-30": "163.09500", "2005-03-31": "160.40200"}, "Other Non-Current Liabilities": {"2020-09-30": "257.90700", "2020-06-30": "254.54000", "2020-03-31": "267.16800", "2019-12-31": "276.69900", "2019-09-30": "261.03100", "2019-06-30": "266.80600", "2019-03-31": "258.93400", "2018-12-31": "175.51700", "2018-09-30": "247.75800", "2018-06-30": "250.27100", "2018-03-31": "256.75900", "2017-12-31": "200.50000", "2017-09-30": "220.51500", "2017-06-30": "149.52200", "2017-03-31": "142.91200", "2016-12-31": "97.80300", "2016-09-30": "125.01400", "2016-06-30": "124.26600", "2016-03-31": "132.86500", "2015-12-31": "84.59200", "2015-09-30": "109.49000", "2015-06-30": "107.35700", "2015-03-31": "103.55200", "2014-12-31": "84.98700", "2014-09-30": "140.13200", "2014-06-30": "134.81700", "2014-03-31": "143.01300", "2013-12-31": "85.36900", "2013-09-30": "81.29100", "2013-06-30": "80.60700", "2013-03-31": "81.24200", "2012-12-31": "65.13800", "2012-09-30": "82.71100", "2012-06-30": "83.68500", "2012-03-31": "86.36400", "2011-12-31": "60.75100", "2011-09-30": "80.80100", "2011-06-30": "89.45700", "2011-03-31": "91.52100", "2010-12-31": "72.33100", "2010-09-30": "93.34600", "2010-06-30": "92.33300", "2010-03-31": "98.25200", "2009-12-31": "77.44700", "2009-09-30": "91.18000", "2009-06-30": "71.71600", "2009-03-31": "62.12600", "2008-12-31": "63.94000", "2008-09-30": "76.40400", "2008-06-30": "79.79000", "2008-03-31": "75.53200", "2007-12-31": "62.78800", "2007-09-30": "65.41300", "2007-06-30": "67.71500", "2007-03-31": "62.64500", "2006-12-31": "28.87200", "2006-09-30": "27.91600", "2006-06-30": "30.17000", "2006-03-31": "28.07500", "2005-12-31": "24.83400", "2005-09-30": "25.35100", "2005-06-30": "22.47100", "2005-03-31": "24.24700"}, "Total Long Term Liabilities": {"2020-09-30": "973.59400", "2020-06-30": "970.35700", "2020-03-31": "983.11800", "2019-12-31": "989.00100", "2019-09-30": "974.91500", "2019-06-30": "977.26400", "2019-03-31": "964.65890", "2018-12-31": "924.05100", "2018-09-30": "946.22600", "2018-06-30": "950.46500", "2018-03-31": "957.62810", "2017-12-31": "945.35200", "2017-09-30": "925.31900", "2017-06-30": "854.25400", "2017-03-31": "846.29000", "2016-12-31": "843.12400", "2016-09-30": "484.84500", "2016-06-30": "485.19700", "2016-03-31": "482.97100", "2015-12-31": "481.60100", "2015-09-30": "478.69300", "2015-06-30": "282.95200", "2015-03-31": "133.12800", "2014-12-31": "161.03900", "2014-09-30": "164.33900", "2014-06-30": "158.87700", "2014-03-31": "169.95100", "2013-12-31": "164.26200", "2013-09-30": "209.62700", "2013-06-30": "212.97700", "2013-03-31": "241.00100", "2012-12-31": "291.27500", "2012-09-30": "262.62900", "2012-06-30": "281.56000", "2012-03-31": "302.76000", "2011-12-31": "312.49200", "2011-09-30": "168.65900", "2011-06-30": "193.66700", "2011-03-31": "206.71000", "2010-12-31": "298.71800", "2010-09-30": "279.77800", "2010-06-30": "290.39100", "2010-03-31": "316.79600", "2009-12-31": "321.64600", "2009-09-30": "336.93100", "2009-06-30": "329.81100", "2009-03-31": "341.85100", "2008-12-31": "352.19000", "2008-09-30": "230.85400", "2008-06-30": "234.78400", "2008-03-31": "234.78600", "2007-12-31": "246.15500", "2007-09-30": "236.30300", "2007-06-30": "233.76700", "2007-03-31": "232.07200", "2006-12-31": "203.31500", "2006-09-30": "179.54600", "2006-06-30": "175.27700", "2006-03-31": "217.67100", "2005-12-31": "215.22500", "2005-09-30": "225.80800", "2005-06-30": "216.89900", "2005-03-31": "221.04600"}, "Total Liabilities": {"2020-09-30": "1506.75500", "2020-06-30": "1538.92800", "2020-03-31": "1637.94000", "2019-12-31": "1552.13600", "2019-09-30": "1547.35200", "2019-06-30": "1548.27500", "2019-03-31": "1490.18600", "2018-12-31": "1462.23300", "2018-09-30": "1491.77700", "2018-06-30": "1490.22300", "2018-03-31": "1507.82800", "2017-12-31": "1474.09400", "2017-09-30": "1465.17500", "2017-06-30": "1269.89700", "2017-03-31": "1268.55300", "2016-12-31": "1231.23100", "2016-09-30": "1080.90400", "2016-06-30": "1044.98700", "2016-03-31": "884.42600", "2015-12-31": "851.72300", "2015-09-30": "916.12200", "2015-06-30": "753.50800", "2015-03-31": "741.55300", "2014-12-31": "653.43400", "2014-09-30": "736.04000", "2014-06-30": "623.36600", "2014-03-31": "601.86300", "2013-12-31": "621.17900", "2013-09-30": "690.82200", "2013-06-30": "665.66200", "2013-03-31": "699.98200", "2012-12-31": "731.54200", "2012-09-30": "755.33100", "2012-06-30": "740.98000", "2012-03-31": "756.68200", "2011-12-31": "783.53400", "2011-09-30": "717.80700", "2011-06-30": "733.00700", "2011-03-31": "701.57900", "2010-12-31": "634.31000", "2010-09-30": "652.06100", "2010-06-30": "639.86900", "2010-03-31": "663.51900", "2009-12-31": "619.61700", "2009-09-30": "692.19100", "2009-06-30": "617.61500", "2009-03-31": "652.26000", "2008-12-31": "708.83200", "2008-09-30": "711.45800", "2008-06-30": "714.47900", "2008-03-31": "653.12500", "2007-12-31": "558.07600", "2007-09-30": "592.91300", "2007-06-30": "586.17900", "2007-03-31": "552.91200", "2006-12-31": "541.60300", "2006-09-30": "571.88300", "2006-06-30": "579.98600", "2006-03-31": "554.26600", "2005-12-31": "508.86700", "2005-09-30": "509.51200", "2005-06-30": "512.23500", "2005-03-31": "504.19500"}, "Common Stock Net": {"2020-09-30": "9.85800", "2020-06-30": "9.85800", "2020-03-31": "9.85800", "2019-12-31": "9.85800", "2019-09-30": "9.85800", "2019-06-30": "9.85800", "2019-03-31": "9.85800", "2018-12-31": "9.85800", "2018-09-30": "9.85800", "2018-06-30": "9.85800", "2018-03-31": "9.85800", "2017-12-31": "9.85800", "2017-09-30": "9.85800", "2017-06-30": "9.85800", "2017-03-31": "9.85800", "2016-12-31": "9.85800", "2016-09-30": "9.85800", "2016-06-30": "9.85800", "2016-03-31": "9.85800", "2015-12-31": "9.85800", "2015-09-30": "9.85800", "2015-06-30": "9.85800", "2015-03-31": "9.85800", "2014-12-31": "9.85800", "2014-09-30": "9.85800", "2014-06-30": "9.85800", "2014-03-31": "9.85800", "2013-12-31": "9.85800", "2013-09-30": "9.85800", "2013-06-30": "9.85800", "2013-03-31": "9.85800", "2012-12-31": "9.85800", "2012-09-30": "9.85800", "2012-06-30": "9.85800", "2012-03-31": "9.85800", "2011-12-31": "9.85800", "2011-09-30": "9.85800", "2011-06-30": "9.85800", "2011-03-31": "4.92900", "2010-12-31": "9.85800", "2010-09-30": "4.92900", "2010-06-30": "4.92900", "2010-03-31": "4.92900", "2009-12-31": "4.92900", "2009-09-30": "4.92900", "2009-06-30": "4.92900", "2009-03-31": "4.92900", "2008-12-31": "4.92900", "2008-09-30": "4.92900", "2008-06-30": "4.92900", "2008-03-31": "4.92900", "2007-12-31": "4.92900", "2007-09-30": "4.92900", "2007-06-30": "4.92900", "2007-03-31": "4.92900", "2006-12-31": "4.92900", "2006-09-30": "4.92900", "2006-06-30": "4.92800", "2006-03-31": "4.92800", "2005-12-31": "4.92800", "2005-09-30": "4.92800", "2005-06-30": "4.92800", "2005-03-31": "4.92800"}, "Retained Earnings (Accumulated Deficit)": {"2020-09-30": "2790.57900", "2020-06-30": "2762.83300", "2020-03-31": "2767.93900", "2019-12-31": "2736.48100", "2019-09-30": "2704.48600", "2019-06-30": "2661.72000", "2019-03-31": "2605.26500", "2018-12-31": "2564.44000", "2018-09-30": "2505.39600", "2018-06-30": "2461.13000", "2018-03-31": "2417.77300", "2017-12-31": "2388.21900", "2017-09-30": "2389.77100", "2017-06-30": "2306.81400", "2017-03-31": "2268.70700", "2016-12-31": "2236.07100", "2016-09-30": "2205.79800", "2016-06-30": "2167.00000", "2016-03-31": "2157.33000", "2015-12-31": "2125.83800", "2015-09-30": "2100.33400", "2015-06-30": "2181.81300", "2015-03-31": "2132.60800", "2014-12-31": "2086.17400", "2014-09-30": "2033.29000", "2014-06-30": "2005.46800", "2014-03-31": "1946.41400", "2013-12-31": "1908.46200", "2013-09-30": "1838.77000", "2013-06-30": "1789.04900", "2013-03-31": "1732.88400", "2012-12-31": "1682.66800", "2012-09-30": "1637.16900", "2012-06-30": "1586.52700", "2012-03-31": "1534.40600", "2011-12-31": "1484.39300", "2011-09-30": "1440.89500", "2011-06-30": "1398.34800", "2011-03-31": "1354.38700", "2010-12-31": "1320.55200", "2010-09-30": "1292.10600", "2010-06-30": "1271.46700", "2010-03-31": "1250.80800", "2009-12-31": "1239.00400", "2009-09-30": "1226.59800", "2009-06-30": "1225.32300", "2009-03-31": "1221.73700", "2008-12-31": "1236.81000", "2008-09-30": "1228.82100", "2008-06-30": "1170.30600", "2008-03-31": "1110.89600", "2007-12-31": "1068.10000", "2007-09-30": "1029.33100", "2007-06-30": "988.83900", "2007-03-31": "943.05000", "2006-12-31": "906.07400", "2006-09-30": "863.70800", "2006-06-30": "827.95400", "2006-03-31": "793.42700", "2005-12-31": "764.74800", "2005-09-30": "743.81700", "2005-06-30": "712.26100", "2005-03-31": "687.65400"}, "Comprehensive Income": {"2020-09-30": "-343.28100", "2020-06-30": "-355.62000", "2020-03-31": "-348.17700", "2019-12-31": "-275.85000", "2019-09-30": "-305.86800", "2019-06-30": "-281.85000", "2019-03-31": "-287.52400", "2018-12-31": "-293.73900", "2018-09-30": "-271.61400", "2018-06-30": "-276.47900", "2018-03-31": "-225.71600", "2017-12-31": "-247.18600", "2017-09-30": "-250.34900", "2017-06-30": "-272.52300", "2017-03-31": "-298.28800", "2016-12-31": "-329.03700", "2016-09-30": "-288.44000", "2016-06-30": "-286.55400", "2016-03-31": "-269.57900", "2015-12-31": "-296.26700", "2015-09-30": "-288.47300", "2015-06-30": "-321.88000", "2015-03-31": "-339.99500", "2014-12-31": "-288.62200", "2014-09-30": "-194.77900", "2014-06-30": "-148.39100", "2014-03-31": "-162.85700", "2013-12-31": "-151.94100", "2013-09-30": "-236.43000", "2013-06-30": "-259.78700", "2013-03-31": "-244.04500", "2012-12-31": "-235.40000", "2012-09-30": "-222.16600", "2012-06-30": "-243.67500", "2012-03-31": "-218.03900", "2011-12-31": "-247.88100", "2011-09-30": "-154.64000", "2011-06-30": "-101.01100", "2011-03-31": "-118.35200", "2010-12-31": "-141.94800", "2010-09-30": "-128.31600", "2010-06-30": "-170.48200", "2010-03-31": "-152.55600", "2009-12-31": "-149.40400", "2009-09-30": "-160.42900", "2009-06-30": "-185.75000", "2009-03-31": "-237.52900", "2008-12-31": "-218.25400", "2008-09-30": "-8.05200", "2008-06-30": "56.93700", "2008-03-31": "42.87300", "2007-12-31": "15.84100", "2007-09-30": "-12.80200", "2007-06-30": "-35.06100", "2007-03-31": "-49.13700", "2006-12-31": "-54.65300", "2006-09-30": "-75.61600", "2006-06-30": "-76.86200", "2006-03-31": "-88.58000", "2005-12-31": "-91.27600", "2005-09-30": "-74.01300", "2005-06-30": "-77.72400", "2005-03-31": "-67.76900"}, "Other Share Holders Equity": {"2020-09-30": "", "2020-06-30": "", "2020-03-31": "", "2019-12-31": "", "2019-09-30": "", "2019-06-30": "", "2019-03-31": "", "2018-12-31": "", "2018-09-30": "", "2018-06-30": "", "2018-03-31": "", "2017-12-31": "", "2017-09-30": "", "2017-06-30": "", "2017-03-31": "", "2016-12-31": "", "2016-09-30": "", "2016-06-30": "", "2016-03-31": "", "2015-12-31": "", "2015-09-30": "", "2015-06-30": "", "2015-03-31": "", "2014-12-31": "", "2014-09-30": "", "2014-06-30": "", "2014-03-31": "", "2013-12-31": "", "2013-09-30": "", "2013-06-30": "", "2013-03-31": "", "2012-12-31": "", "2012-09-30": "", "2012-06-30": "", "2012-03-31": "", "2011-12-31": "", "2011-09-30": "", "2011-06-30": "", "2011-03-31": "", "2010-12-31": "", "2010-09-30": "", "2010-06-30": "", "2010-03-31": "", "2009-12-31": "", "2009-09-30": "", "2009-06-30": "", "2009-03-31": "", "2008-12-31": "", "2008-09-30": "", "2008-06-30": "", "2008-03-31": "", "2007-12-31": "", "2007-09-30": "", "2007-06-30": "", "2007-03-31": "", "2006-12-31": "", "2006-09-30": "", "2006-06-30": "", "2006-03-31": "", "2005-12-31": "", "2005-09-30": "", "2005-06-30": "", "2005-03-31": ""}, "Share Holder Equity": {"2020-09-30": "710.74400", "2020-06-30": "660.11100", "2020-03-31": "667.96000", "2019-12-31": "819.07700", "2019-09-30": "813.80800", "2019-06-30": "846.05800", "2019-03-31": "864.66500", "2018-12-31": "887.59200", "2018-09-30": "927.86800", "2018-06-30": "943.50800", "2018-03-31": "980.67200", "2017-12-31": "932.45300", "2017-09-30": "945.92800", "2017-06-30": "851.77600", "2017-03-31": "784.12400", "2016-12-31": "712.20600", "2016-09-30": "752.91700", "2016-06-30": "792.41400", "2016-03-31": "892.66900", "2015-12-31": "932.44800", "2015-09-30": "1011.96900", "2015-06-30": "1196.65800", "2015-03-31": "1179.95500", "2014-12-31": "1285.78100", "2014-09-30": "1376.47900", "2014-06-30": "1521.47300", "2014-03-31": "1512.11300", "2013-12-31": "1530.68800", "2013-09-30": "1428.81900", "2013-06-30": "1394.45500", "2013-03-31": "1403.54500", "2012-12-31": "1358.32100", "2012-09-30": "1336.19100", "2012-06-30": "1281.00800", "2012-03-31": "1265.62900", "2011-12-31": "1193.24200", "2011-09-30": "1245.07000", "2011-06-30": "1268.05900", "2011-03-31": "1211.99100", "2010-12-31": "1149.47800", "2010-09-30": "1146.63100", "2010-06-30": "1091.53900", "2010-03-31": "1093.74400", "2009-12-31": "1085.67500", "2009-09-30": "1059.78700", "2009-06-30": "1034.76700", "2009-03-31": "976.38900", "2008-12-31": "1009.97300", "2008-09-30": "1215.66900", "2008-06-30": "1223.16200", "2008-03-31": "1142.52600", "2007-12-31": "1087.22000", "2007-09-30": "1033.51900", "2007-06-30": "964.24500", "2007-03-31": "899.04600", "2006-12-31": "852.97600", "2006-09-30": "783.73500", "2006-06-30": "743.82200", "2006-03-31": "692.42800", "2005-12-31": "652.29400", "2005-09-30": "643.00700", "2005-06-30": "595.77400", "2005-03-31": "582.35100"}, "Total Liabilities And Share Holders Equity": {"2020-09-30": "2217.49900", "2020-06-30": "2199.03900", "2020-03-31": "2305.90000", "2019-12-31": "2371.21300", "2019-09-30": "2361.16000", "2019-06-30": "2394.33300", "2019-03-31": "2354.85100", "2018-12-31": "2349.82500", "2018-09-30": "2419.64500", "2018-06-30": "2433.73100", "2018-03-31": "2488.50000", "2017-12-31": "2406.54700", "2017-09-30": "2411.10300", "2017-06-30": "2121.67300", "2017-03-31": "2052.67700", "2016-12-31": "1943.43700", "2016-09-30": "1833.82100", "2016-06-30": "1837.40100", "2016-03-31": "1777.09500", "2015-12-31": "1784.17100", "2015-09-30": "1928.09100", "2015-06-30": "1950.16600", "2015-03-31": "1921.50800", "2014-12-31": "1939.21500", "2014-09-30": "2112.51900", "2014-06-30": "2144.83900", "2014-03-31": "2113.97600", "2013-12-31": "2151.86700", "2013-09-30": "2119.64100", "2013-06-30": "2060.11700", "2013-03-31": "2103.52700", "2012-12-31": "2089.86300", "2012-09-30": "2091.52200", "2012-06-30": "2021.98800", "2012-03-31": "2022.31100", "2011-12-31": "1976.77600", "2011-09-30": "1962.87700", "2011-06-30": "2001.06600", "2011-03-31": "1913.57000", "2010-12-31": "1783.78800", "2010-09-30": "1798.69200", "2010-06-30": "1731.40800", "2010-03-31": "1757.26300", "2009-12-31": "1705.29200", "2009-09-30": "1751.97800", "2009-06-30": "1652.38200", "2009-03-31": "1628.64900", "2008-12-31": "1718.80500", "2008-09-30": "1927.12700", "2008-06-30": "1937.64100", "2008-03-31": "1795.65100", "2007-12-31": "1645.29600", "2007-09-30": "1626.43200", "2007-06-30": "1550.42400", "2007-03-31": "1451.95800", "2006-12-31": "1394.57900", "2006-09-30": "1355.61800", "2006-06-30": "1323.80800", "2006-03-31": "1246.69400", "2005-12-31": "1161.16100", "2005-09-30": "1152.51900", "2005-06-30": "1108.00900", "2005-03-31": "1086.54600"}}, "cash flow statement": {"Net Income/Loss": {"2019-12-31": "293.10900", "2018-12-31": "287.06600", "2017-12-31": "247.50300", "2016-12-31": "198.39900", "2015-12-31": "127.47800", "2014-12-31": "254.68600", "2013-12-31": "293.78000", "2012-12-31": "257.41100", "2011-12-31": "217.18600", "2010-12-31": "130.24400", "2009-12-31": "48.57600", "2008-12-31": "212.28600", "2007-12-31": "202.73600", "2006-12-31": "175.00800", "2005-12-31": "122.30600"}, "Total Depreciation And Amortization - Cash Flow": {"2019-12-31": "81.48700", "2018-12-31": "72.34600", "2017-12-31": "68.11500", "2016-12-31": "65.07300", "2015-12-31": "64.00700", "2014-12-31": "69.60700", "2013-12-31": "68.88300", "2012-12-31": "65.33400", "2011-12-31": "62.05100", "2010-12-31": "55.49000", "2009-12-31": "79.92000", "2008-12-31": "57.67300", "2007-12-31": "56.17900", "2006-12-31": "45.70800", "2005-12-31": "41.86500"}, "Other Non-Cash Items": {"2019-12-31": "15.93400", "2018-12-31": "3.42400", "2017-12-31": "0.71700", "2016-12-31": "48.57600", "2015-12-31": "121.65000", "2014-12-31": "83.71300", "2013-12-31": "58.66400", "2012-12-31": "12.03500", "2011-12-31": "19.62800", "2010-12-31": "9.57500", "2009-12-31": "11.86300", "2008-12-31": "32.99900", "2007-12-31": "-11.57400", "2006-12-31": "-1.09000", "2005-12-31": "-1.45300"}, "Total Non-Cash Items": {"2019-12-31": "97.42100", "2018-12-31": "75.77000", "2017-12-31": "68.83200", "2016-12-31": "113.64900", "2015-12-31": "185.65700", "2014-12-31": "153.32000", "2013-12-31": "127.54700", "2012-12-31": "77.36900", "2011-12-31": "81.67900", "2010-12-31": "65.06500", "2009-12-31": "91.78300", "2008-12-31": "90.67200", "2007-12-31": "44.60500", "2006-12-31": "44.61800", "2005-12-31": "40.41200"}, "Change In Accounts Receivable": {"2019-12-31": "50.39400", "2018-12-31": "-4.06100", "2017-12-31": "-16.81100", "2016-12-31": "-12.31400", "2015-12-31": "56.74100", "2014-12-31": "5.87600", "2013-12-31": "-5.43700", "2012-12-31": "57.75900", "2011-12-31": "-67.51800", "2010-12-31": "-47.95800", "2009-12-31": "60.91300", "2008-12-31": "30.13000", "2007-12-31": "-20.72300", "2006-12-31": "-39.71900", "2005-12-31": "-17.27400"}, "Change In Inventories": {"2019-12-31": "-12.02300", "2018-12-31": "-23.90400", "2017-12-31": "19.44800", "2016-12-31": "14.60100", "2015-12-31": "56.06700", "2014-12-31": "-5.71800", "2013-12-31": "13.31000", "2012-12-31": "28.28600", "2011-12-31": "-51.67900", "2010-12-31": "-28.91200", "2009-12-31": "127.73900", "2008-12-31": "-27.84500", "2007-12-31": "36.01100", "2006-12-31": "-57.29900", "2005-12-31": "-32.13300"}, "Change In Accounts Payable": {"2019-12-31": "-8.33900", "2018-12-31": "3.63600", "2017-12-31": "17.87100", "2016-12-31": "29.62700", "2015-12-31": "-46.91100", "2014-12-31": "2.13500", "2013-12-31": "0.79400", "2012-12-31": "16.11000", "2011-12-31": "8.67200", "2010-12-31": "47.32300", "2009-12-31": "-30.36400", "2008-12-31": "-26.76800", "2007-12-31": "-3.33300", "2006-12-31": "12.91400", "2005-12-31": "14.14100"}, "Change In Assets/Liabilities": {"2019-12-31": "-17.37700", "2018-12-31": "-9.35500", "2017-12-31": "-1.99800", "2016-12-31": "-31.40500", "2015-12-31": "-66.20000", "2014-12-31": "-8.59700", "2013-12-31": "-91.10000", "2012-12-31": "-144.96600", "2011-12-31": "-21.19200", "2010-12-31": "-37.90700", "2009-12-31": "-9.11200", "2008-12-31": "4.94900", "2007-12-31": "0.33000", "2006-12-31": "-33.09000", "2005-12-31": "-33.50200"}, "Total Change In Assets/Liabilities": {"2019-12-31": "12.65500", "2018-12-31": "-33.68400", "2017-12-31": "18.51000", "2016-12-31": "0.50900", "2015-12-31": "-0.30300", "2014-12-31": "-6.30400", "2013-12-31": "-82.43300", "2012-12-31": "-7.29600", "2011-12-31": "-105.34700", "2010-12-31": "-38.33100", "2009-12-31": "109.99100", "2008-12-31": "-45.50900", "2007-12-31": "2.49100", "2006-12-31": "-100.94600", "2005-12-31": "-49.22100"}, "Cash Flow From Operating Activities": {"2019-12-31": "403.18500", "2018-12-31": "329.15200", "2017-12-31": "334.84500", "2016-12-31": "312.55700", "2015-12-31": "312.83200", "2014-12-31": "401.70200", "2013-12-31": "338.89400", "2012-12-31": "327.48400", "2011-12-31": "193.51800", "2010-12-31": "156.97800", "2009-12-31": "250.35000", "2008-12-31": "257.44900", "2007-12-31": "249.83200", "2006-12-31": "118.68000", "2005-12-31": "117.02400"}, "Net Change In Property, Plant, And Equipment": {"2019-12-31": "-60.10600", "2018-12-31": "-54.49100", "2017-12-31": "-59.35500", "2016-12-31": "-48.75000", "2015-12-31": "-48.19700", "2014-12-31": "-55.53300", "2013-12-31": "-74.62200", "2012-12-31": "-51.32800", "2011-12-31": "-64.56700", "2010-12-31": "-50.54400", "2009-12-31": "-37.64400", "2008-12-31": "-71.76400", "2007-12-31": "-60.93200", "2006-12-31": "-64.21100", "2005-12-31": "-46.74000"}, "Net Change In Intangible Assets": {"2019-12-31": "", "2018-12-31": "", "2017-12-31": "", "2016-12-31": "", "2015-12-31": "", "2014-12-31": "", "2013-12-31": "", "2012-12-31": "", "2011-12-31": "", "2010-12-31": "", "2009-12-31": "", "2008-12-31": "", "2007-12-31": "", "2006-12-31": "", "2005-12-31": ""}, "Net Acquisitions/Divestitures": {"2019-12-31": "-134.71700", "2018-12-31": "-101.79200", "2017-12-31": "-72.46800", "2016-12-31": "-71.56700", "2015-12-31": "-37.07600", "2014-12-31": "-24.23000", "2013-12-31": "-53.16100", "2012-12-31": "-134.60200", "2011-12-31": "-66.22900", "2010-12-31": "-18.85600", "2009-12-31": "-25.44900", "2008-12-31": "-44.03600", "2007-12-31": "-18.77300", "2006-12-31": "-25.50400", "2005-12-31": "-78.17400"}, "Net Change In Short-term Investments": {"2019-12-31": "0.00000", "2018-12-31": "179.12400", "2017-12-31": "-140.20400", "2016-12-31": "-38.92000", "2015-12-31": "", "2014-12-31": "0.00000", "2013-12-31": "", "2012-12-31": "", "2011-12-31": "", "2010-12-31": "", "2009-12-31": "", "2008-12-31": "", "2007-12-31": "", "2006-12-31": "", "2005-12-31": "55.44100"}, "Net Change In Long-Term Investments": {"2019-12-31": "", "2018-12-31": "", "2017-12-31": "", "2016-12-31": "", "2015-12-31": "", "2014-12-31": "", "2013-12-31": "", "2012-12-31": "", "2011-12-31": "", "2010-12-31": "", "2009-12-31": "-0.48800", "2008-12-31": "", "2007-12-31": "", "2006-12-31": "", "2005-12-31": ""}, "Net Change In Investments - Total": {"2019-12-31": "", "2018-12-31": "179.12400", "2017-12-31": "-140.20400", "2016-12-31": "-38.92000", "2015-12-31": "", "2014-12-31": "", "2013-12-31": "", "2012-12-31": "", "2011-12-31": "", "2010-12-31": "", "2009-12-31": "-0.48800", "2008-12-31": "", "2007-12-31": "", "2006-12-31": "", "2005-12-31": "55.44100"}, "Investing Activities - Other": {"2019-12-31": "2.00000", "2018-12-31": "-2.00000", "2017-12-31": "", "2016-12-31": "-0.70900", "2015-12-31": "-0.07900", "2014-12-31": "0.77800", "2013-12-31": "-1.71700", "2012-12-31": "-1.54100", "2011-12-31": "", "2010-12-31": "", "2009-12-31": "", "2008-12-31": "", "2007-12-31": "", "2006-12-31": "", "2005-12-31": ""}, "Cash Flow From Investing Activities": {"2019-12-31": "-192.82300", "2018-12-31": "20.84100", "2017-12-31": "-272.02700", "2016-12-31": "-159.94600", "2015-12-31": "-85.35200", "2014-12-31": "-78.98500", "2013-12-31": "-129.50000", "2012-12-31": "-187.47100", "2011-12-31": "-130.79600", "2010-12-31": "-69.40000", "2009-12-31": "-63.58100", "2008-12-31": "-115.80000", "2007-12-31": "-79.70500", "2006-12-31": "-89.71500", "2005-12-31": "-69.47300"}, "Net Long-Term Debt": {"2019-12-31": "-0.10700", "2018-12-31": "-0.10700", "2017-12-31": "-0.00500", "2016-12-31": "349.78000", "2015-12-31": "350.83500", "2014-12-31": "5.45500", "2013-12-31": "-0.38900", "2012-12-31": "-84.77000", "2011-12-31": "-1.03200", "2010-12-31": "-8.58000", "2009-12-31": "-30.87400", "2008-12-31": "0.31900", "2007-12-31": "-40.14200", "2006-12-31": "-3.14700", "2005-12-31": "-15.47100"}, "Net Current Debt": {"2019-12-31": "24.42900", "2018-12-31": "-0.83500", "2017-12-31": "-0.49100", "2016-12-31": "1.53900", "2015-12-31": "-34.22900", "2014-12-31": "47.87600", "2013-12-31": "-1.45100", "2012-12-31": "-4.53300", "2011-12-31": "8.98100", "2010-12-31": "-18.59900", "2009-12-31": "-12.95400", "2008-12-31": "6.10400", "2007-12-31": "2.82600", "2006-12-31": "-1.04200", "2005-12-31": "5.08900"}, "Debt Issuance/Retirement Net - Total": {"2019-12-31": "24.32200", "2018-12-31": "-0.94200", "2017-12-31": "-0.49600", "2016-12-31": "351.31900", "2015-12-31": "316.60600", "2014-12-31": "53.33100", "2013-12-31": "-1.84000", "2012-12-31": "-89.30300", "2011-12-31": "7.94900", "2010-12-31": "-27.17900", "2009-12-31": "-43.82800", "2008-12-31": "6.42300", "2007-12-31": "-37.31600", "2006-12-31": "-4.18900", "2005-12-31": "-10.38200"}, "Net Common Equity Issued/Repurchased": {"2019-12-31": "-278.34600", "2018-12-31": "-196.96000", "2017-12-31": "-26.53700", "2016-12-31": "-316.95400", "2015-12-31": "-393.49800", "2014-12-31": "-298.06200", "2013-12-31": "-147.58200", "2012-12-31": "-62.24200", "2011-12-31": "-25.64600", "2010-12-31": "-36.17400", "2009-12-31": "0.36200", "2008-12-31": "-35.13600", "2007-12-31": "-6.81500", "2006-12-31": "13.49200", "2005-12-31": "8.42700"}, "Net Total Equity Issued/Repurchased": {"2019-12-31": "-278.34600", "2018-12-31": "-196.96000", "2017-12-31": "-26.53700", "2016-12-31": "-316.95400", "2015-12-31": "-393.49800", "2014-12-31": "-298.06200", "2013-12-31": "-147.58200", "2012-12-31": "-62.24200", "2011-12-31": "-25.64600", "2010-12-31": "-36.17400", "2009-12-31": "0.36200", "2008-12-31": "-35.13600", "2007-12-31": "-6.81500", "2006-12-31": "13.49200", "2005-12-31": "8.42700"}, "Total Common And Preferred Stock Dividends Paid": {"2019-12-31": "-117.92000", "2018-12-31": "-102.05800", "2017-12-31": "-92.45200", "2016-12-31": "-87.33000", "2015-12-31": "-86.96800", "2014-12-31": "-73.26100", "2013-12-31": "-49.27700", "2012-12-31": "-73.11200", "2011-12-31": "-51.93500", "2010-12-31": "-47.36400", "2009-12-31": "-45.80100", "2008-12-31": "-42.75600", "2007-12-31": "-37.74400", "2006-12-31": "-32.27500", "2005-12-31": "-30.03700"}, "Financial Activities - Other": {"2019-12-31": "", "2018-12-31": "-2.17000", "2017-12-31": "-15.55200", "2016-12-31": "-19.04300", "2015-12-31": "-8.02200", "2014-12-31": "3.63700", "2013-12-31": "4.51500", "2012-12-31": "7.81900", "2011-12-31": "6.26200", "2010-12-31": "1.21000", "2009-12-31": "0.19500", "2008-12-31": "3.72800", "2007-12-31": "4.28900", "2006-12-31": "5.24300", "2005-12-31": ""}, "Cash Flow From Financial Activities": {"2019-12-31": "-371.94400", "2018-12-31": "-302.13000", "2017-12-31": "-135.03700", "2016-12-31": "-72.00800", "2015-12-31": "-171.88200", "2014-12-31": "-314.35500", "2013-12-31": "-194.18400", "2012-12-31": "-216.83800", "2011-12-31": "-63.37000", "2010-12-31": "-109.50700", "2009-12-31": "-89.07200", "2008-12-31": "-67.74100", "2007-12-31": "-77.58600", "2006-12-31": "-17.72900", "2005-12-31": "-31.99200"}, "Net Cash Flow": {"2019-12-31": "-159.28600", "2018-12-31": "32.14800", "2017-12-31": "-52.47800", "2016-12-31": "74.99600", "2015-12-31": "25.80400", "2014-12-31": "-21.44600", "2013-12-31": "13.36100", "2012-12-31": "-74.63700", "2011-12-31": "-5.09200", "2010-12-31": "-21.94300", "2009-12-31": "103.80400", "2008-12-31": "66.95000", "2007-12-31": "97.17000", "2006-12-31": "12.20500", "2005-12-31": "15.18800"}, "Stock-Based Compensation": {"2019-12-31": "16.62400", "2018-12-31": "18.55400", "2017-12-31": "12.69800", "2016-12-31": "10.33200", "2015-12-31": "7.93200", "2014-12-31": "8.41600", "2013-12-31": "9.73400", "2012-12-31": "8.96100", "2011-12-31": "6.61000", "2010-12-31": "8.21300", "2009-12-31": "5.43200", "2008-12-31": "4.73800", "2007-12-31": "4.67900", "2006-12-31": "4.21700", "2005-12-31": "3.52700"}, "Common Stock Dividends Paid": {"2019-12-31": "-117.92000", "2018-12-31": "-102.05800", "2017-12-31": "-92.45200", "2016-12-31": "-87.33000", "2015-12-31": "-86.96800", "2014-12-31": "-73.26100", "2013-12-31": "-49.27700", "2012-12-31": "-73.11200", "2011-12-31": "-51.93500", "2010-12-31": "-47.36400", "2009-12-31": "-45.80100", "2008-12-31": "-42.75600", "2007-12-31": "-37.74400", "2006-12-31": "-32.27500", "2005-12-31": "-30.03700"}}, "cash flow statement, quarterly": {"Net Income/Loss": {"2020-09-30": 58.479, "2020-06-30": 26.996, "2020-03-31": "55.56200", "2019-12-31": 63.716, "2019-09-30": 72.461, "2019-06-30": 85.452, "2019-03-31": "71.48000", "2018-12-31": 86.839, "2018-09-30": 70.539, "2018-06-30": 68.864, "2018-03-31": "60.82400", "2017-12-31": 24.181, "2017-09-30": 106.126, "2017-06-30": 61.352, "2017-03-31": "55.84400", "2016-12-31": 53.395, "2016-09-30": 60.049, "2016-06-30": 31.317, "2016-03-31": "53.63800", "2015-12-31": 48.692, "2015-09-30": -60.466, "2015-06-30": 70.898, "2015-03-31": "68.35400", "2014-12-31": 75.212, "2014-09-30": 45.689, "2014-06-30": 77.332, "2014-03-31": "56.45300", "2013-12-31": 88.324, "2013-09-30": 66.044, "2013-06-30": 72.606, "2013-03-31": "66.80600", "2012-12-31": 62.084, "2012-09-30": 64.765, "2012-06-30": 66.319, "2012-03-31": "64.24300", "2011-12-31": 57.733, "2011-09-30": 55.53, "2011-06-30": 57.013, "2011-03-31": "46.91000", "2010-12-31": 41.503, "2010-09-30": 32.473, "2010-06-30": 32.54, "2010-03-31": "23.72800", "2009-12-31": 24.345, "2009-09-30": 12.757, "2009-06-30": 15.068, "2009-03-31": "-3.59400", "2008-12-31": 19.47, "2008-09-30": 69.211, "2008-06-30": 70.128, "2008-03-31": "53.47700", "2007-12-31": 49.509, "2007-09-30": 49.978, "2007-06-30": 55.249, "2007-03-31": "48.00000", "2006-12-31": 51.785, "2006-09-30": 43.855, "2006-06-30": 42.619, "2006-03-31": "36.74900", "2005-12-31": 29.765, "2005-09-30": 38.189, "2005-06-30": 32.112, "2005-03-31": "22.24000"}, "Total Depreciation And Amortization - Cash Flow": {"2020-09-30": 19.488, "2020-06-30": 20.05, "2020-03-31": "21.02800", "2019-12-31": 21.087, "2019-09-30": 21.148, "2019-06-30": 20.351, "2019-03-31": "18.90100", "2018-12-31": 18.4, "2018-09-30": 17.623, "2018-06-30": 18.189, "2018-03-31": "18.13400", "2017-12-31": 17.658, "2017-09-30": 18.451, "2017-06-30": 15.84, "2017-03-31": "16.16600", "2016-12-31": 16.578, "2016-09-30": 16.263, "2016-06-30": 16.607, "2016-03-31": "15.62500", "2015-12-31": 16.11, "2015-09-30": 16.179, "2015-06-30": 15.686, "2015-03-31": "16.03200", "2014-12-31": 16.59, "2014-09-30": 17.117, "2014-06-30": 17.969, "2014-03-31": "17.93100", "2013-12-31": 17.002, "2013-09-30": 17.326, "2013-06-30": 17.158, "2013-03-31": "17.39700", "2012-12-31": 17.114, "2012-09-30": 16.865, "2012-06-30": 16.206, "2012-03-31": "15.14900", "2011-12-31": 0.013, "2011-09-30": 20.698, "2011-06-30": 21.137, "2011-03-31": "20.20300", "2010-12-31": -1.099, "2010-09-30": 18.781, "2010-06-30": 18.72, "2010-03-31": "19.08800", "2009-12-31": 24.766, "2009-09-30": 18.101, "2009-06-30": 19.55, "2009-03-31": "17.50300", "2008-12-31": 14.517, "2008-09-30": 14.606, "2008-06-30": 14.876, "2008-03-31": "13.67400", "2007-12-31": 17.963, "2007-09-30": 13.022, "2007-06-30": 13.084, "2007-03-31": "12.11000", "2006-12-31": 11.475, "2006-09-30": 12.298, "2006-06-30": 11.01, "2006-03-31": "10.92500", "2005-12-31": 11.342, "2005-09-30": 10.707, "2005-06-30": 10.022, "2005-03-31": "9.79400"}, "Other Non-Cash Items": {"2020-09-30": 6.77, "2020-06-30": 16.783, "2020-03-31": "-0.39900", "2019-12-31": 7.111, "2019-09-30": 3.274, "2019-06-30": -0.879, "2019-03-31": "6.42800", "2018-12-31": -5.81, "2018-09-30": 3.346, "2018-06-30": -1.548, "2018-03-31": "7.43600", "2017-12-31": 38.969, "2017-09-30": -49.945, "2017-06-30": 9.214, "2017-03-31": "2.47900", "2016-12-31": 7.149, "2016-09-30": 3.298, "2016-06-30": 36.085, "2016-03-31": "2.04400", "2015-12-31": 16.314, "2015-09-30": 101.038, "2015-06-30": 17.403, "2015-03-31": "-13.10500", "2014-12-31": 15.071, "2014-09-30": 48.693, "2014-06-30": -3.36, "2014-03-31": "23.30900", "2013-12-31": 32.08, "2013-09-30": 3.833, "2013-06-30": 8.493, "2013-03-31": "14.25800", "2012-12-31": 6.781, "2012-09-30": -15.924, "2012-06-30": 13.214, "2012-03-31": "7.96400", "2011-12-31": 7.945, "2011-09-30": -2.264, "2011-06-30": 0.207, "2011-03-31": "13.74000", "2010-12-31": 3.86, "2010-09-30": 6.54, "2010-06-30": 7.781, "2010-03-31": "-8.60600", "2009-12-31": -4.335, "2009-09-30": 16.452, "2009-06-30": 7.248, "2009-03-31": "-7.50200", "2008-12-31": 34.51, "2008-09-30": -3.414, "2008-06-30": -2.15, "2008-03-31": "4.05300", "2007-12-31": 2.957, "2007-09-30": -0.889, "2007-06-30": -10.628, "2007-03-31": "-3.01400", "2006-12-31": -4.852, "2006-09-30": 1.422, "2006-06-30": 0.923, "2006-03-31": "1.41700", "2005-12-31": -3.096, "2005-09-30": 0.141, "2005-06-30": -1.322, "2005-03-31": "2.82400"}, "Total Non-Cash Items": {"2020-09-30": 26.258, "2020-06-30": 36.833, "2020-03-31": "20.62900", "2019-12-31": 28.198, "2019-09-30": 24.422, "2019-06-30": 19.472, "2019-03-31": "25.32900", "2018-12-31": 12.59, "2018-09-30": 20.969, "2018-06-30": 16.641, "2018-03-31": "25.57000", "2017-12-31": 56.627, "2017-09-30": -31.494, "2017-06-30": 25.054, "2017-03-31": "18.64500", "2016-12-31": 23.727, "2016-09-30": 19.561, "2016-06-30": 52.692, "2016-03-31": "17.66900", "2015-12-31": 32.424, "2015-09-30": 117.217, "2015-06-30": 33.089, "2015-03-31": "2.92700", "2014-12-31": 31.661, "2014-09-30": 65.81, "2014-06-30": 14.609, "2014-03-31": "41.24000", "2013-12-31": 49.082, "2013-09-30": 21.159, "2013-06-30": 25.651, "2013-03-31": "31.65500", "2012-12-31": 23.895, "2012-09-30": 0.941, "2012-06-30": 29.42, "2012-03-31": "23.11300", "2011-12-31": 7.958, "2011-09-30": 18.434, "2011-06-30": 21.344, "2011-03-31": "33.94300", "2010-12-31": 2.761, "2010-09-30": 25.321, "2010-06-30": 26.501, "2010-03-31": "10.48200", "2009-12-31": 20.431, "2009-09-30": 34.553, "2009-06-30": 26.798, "2009-03-31": "10.00100", "2008-12-31": 49.027, "2008-09-30": 11.192, "2008-06-30": 12.726, "2008-03-31": "17.72700", "2007-12-31": 20.92, "2007-09-30": 12.133, "2007-06-30": 2.456, "2007-03-31": "9.09600", "2006-12-31": 6.623, "2006-09-30": 13.72, "2006-06-30": 11.933, "2006-03-31": "12.34200", "2005-12-31": 8.246, "2005-09-30": 10.848, "2005-06-30": 8.7, "2005-03-31": "12.61800"}, "Change In Accounts Receivable": {"2020-09-30": -30.517, "2020-06-30": 49.364, "2020-03-31": "-25.69800", "2019-12-31": 26.291, "2019-09-30": 45.374, "2019-06-30": 5.629, "2019-03-31": "-26.90000", "2018-12-31": 21.431, "2018-09-30": 14.415, "2018-06-30": 0.561, "2018-03-31": "-40.46800", "2017-12-31": 7.489, "2017-09-30": 15.706, "2017-06-30": -15.811, "2017-03-31": "-24.19500", "2016-12-31": -0.358, "2016-09-30": 10.437, "2016-06-30": -5.801, "2016-03-31": "-16.59200", "2015-12-31": 42.08, "2015-09-30": 28.343, "2015-06-30": 11.695, "2015-03-31": "-25.37700", "2014-12-31": 28.264, "2014-09-30": 20.953, "2014-06-30": 0.544, "2014-03-31": "-43.88500", "2013-12-31": 12.545, "2013-09-30": 25.385, "2013-06-30": 23.218, "2013-03-31": "-66.58500", "2012-12-31": 44.009, "2012-09-30": 35.299, "2012-06-30": 8.203, "2012-03-31": "-29.75200", "2011-12-31": 4.769, "2011-09-30": 3.436, "2011-06-30": -32.399, "2011-03-31": "-43.32400", "2010-12-31": 0.64, "2010-09-30": 1.274, "2010-06-30": -9.593, "2010-03-31": "-40.27900", "2009-12-31": 3.33, "2009-09-30": 17.05, "2009-06-30": 9.116, "2009-03-31": "31.41700", "2008-12-31": 63.084, "2008-09-30": 28.749, "2008-06-30": -24.529, "2008-03-31": "-37.17400", "2007-12-31": 14.462, "2007-09-30": 18.574, "2007-06-30": -18.025, "2007-03-31": "-35.73400", "2006-12-31": 8.703, "2006-09-30": 7.378, "2006-06-30": -19.523, "2006-03-31": "-36.27700", "2005-12-31": 10.266, "2005-09-30": -5.001, "2005-06-30": -0.906, "2005-03-31": "-21.63300"}, "Change In Inventories": {"2020-09-30": 26.948, "2020-06-30": -12.977, "2020-03-31": "-17.40100", "2019-12-31": 24.453, "2019-09-30": -8.709, "2019-06-30": -13.129, "2019-03-31": "-14.63800", "2018-12-31": 17.629, "2018-09-30": -13.634, "2018-06-30": 0.153, "2018-03-31": "-28.05200", "2017-12-31": 41.974, "2017-09-30": 2.231, "2017-06-30": -3.811, "2017-03-31": "-20.94600", "2016-12-31": 22.274, "2016-09-30": 7.819, "2016-06-30": -4.712, "2016-03-31": "-10.78000", "2015-12-31": 28.243, "2015-09-30": 26.284, "2015-06-30": 17.773, "2015-03-31": "-16.23300", "2014-12-31": 5.435, "2014-09-30": 6.302, "2014-06-30": -2.298, "2014-03-31": "-15.15700", "2013-12-31": 23.199, "2013-09-30": 2.419, "2013-06-30": 4.026, "2013-03-31": "-16.33400", "2012-12-31": 35.118, "2012-09-30": 13.87, "2012-06-30": -6.24, "2012-03-31": "-14.46200", "2011-12-31": 47.048, "2011-09-30": 13, "2011-06-30": -49.663, "2011-03-31": "-62.06400", "2010-12-31": 28.299, "2010-09-30": -11.139, "2010-06-30": -23.055, "2010-03-31": "-23.01700", "2009-12-31": 21.863, "2009-09-30": 17.628, "2009-06-30": 51.085, "2009-03-31": "37.16300", "2008-12-31": 52.048, "2008-09-30": -42.969, "2008-06-30": -9.954, "2008-03-31": "-26.97000", "2007-12-31": 18.17, "2007-09-30": 30.077, "2007-06-30": 5.88, "2007-03-31": "-18.11600", "2006-12-31": -2.317, "2006-09-30": -5.554, "2006-06-30": -24.331, "2006-03-31": "-25.09700", "2005-12-31": -10.524, "2005-09-30": 3.446, "2005-06-30": -7.829, "2005-03-31": "-17.22600"}, "Change In Accounts Payable": {"2020-09-30": -2.218, "2020-06-30": -23.439, "2020-03-31": "-16.67600", "2019-12-31": 25.863, "2019-09-30": -18.733, "2019-06-30": -0.362, "2019-03-31": "-15.10700", "2018-12-31": 21.159, "2018-09-30": -22.384, "2018-06-30": 1.67, "2018-03-31": "3.19100", "2017-12-31": 26.803, "2017-09-30": -21.551, "2017-06-30": 5.455, "2017-03-31": "7.16400", "2016-12-31": 15.705, "2016-09-30": -8.306, "2016-06-30": 17.571, "2016-03-31": "4.65700", "2015-12-31": -12.282, "2015-09-30": -3.412, "2015-06-30": -18.301, "2015-03-31": "-12.91600", "2014-12-31": 13.669, "2014-09-30": 3.915, "2014-06-30": -3.341, "2014-03-31": "-12.10800", "2013-12-31": 33.497, "2013-09-30": -20.863, "2013-06-30": -20.108, "2013-03-31": "8.26800", "2012-12-31": 17.292, "2012-09-30": -17.565, "2012-06-30": -6.958, "2012-03-31": "23.34100", "2011-12-31": -26.316, "2011-09-30": -31.049, "2011-06-30": 10.484, "2011-03-31": "55.55300", "2010-12-31": -6.992, "2010-09-30": 5.85, "2010-06-30": 10.149, "2010-03-31": "38.31600", "2009-12-31": -13.975, "2009-09-30": 8.554, "2009-06-30": -20.561, "2009-03-31": "-4.38200", "2008-12-31": -55.205, "2008-09-30": -9.12, "2008-06-30": 6.385, "2008-03-31": "31.17200", "2007-12-31": 9.999, "2007-09-30": -27.861, "2007-06-30": -0.752, "2007-03-31": "15.28100", "2006-12-31": 6.071, "2006-09-30": -20.981, "2006-06-30": -3.1, "2006-03-31": "30.92400", "2005-12-31": 11.595, "2005-09-30": -13.029, "2005-06-30": -1.268, "2005-03-31": "16.84300"}, "Change In Assets/Liabilities": {"2020-09-30": 10.598, "2020-06-30": 27.264, "2020-03-31": "5.55600", "2019-12-31": -46.002, "2019-09-30": 13.866, "2019-06-30": 29.045, "2019-03-31": "-14.28600", "2018-12-31": -60.273, "2018-09-30": 36.314, "2018-06-30": -8.108, "2018-03-31": "22.71200", "2017-12-31": -67.583, "2017-09-30": 22.649, "2017-06-30": 3.208, "2017-03-31": "39.72800", "2016-12-31": -42.366, "2016-09-30": 23.741, "2016-06-30": 11.094, "2016-03-31": "-23.87400", "2015-12-31": -61.761, "2015-09-30": -2.6, "2015-06-30": -37.868, "2015-03-31": "36.02900", "2014-12-31": -20.592, "2014-09-30": 12.255, "2014-06-30": 15.452, "2014-03-31": "-15.71200", "2013-12-31": -87.583, "2013-09-30": 53.57, "2013-06-30": -5.514, "2013-03-31": "-51.57300", "2012-12-31": -107.18, "2012-09-30": -23.755, "2012-06-30": -18.217, "2012-03-31": "4.18600", "2011-12-31": -84.912, "2011-09-30": 55.941, "2011-06-30": 14.655, "2011-03-31": "-6.87600", "2010-12-31": -71.311, "2010-09-30": 13.293, "2010-06-30": 6.163, "2010-03-31": "13.94800", "2009-12-31": -28.26, "2009-09-30": 18.083, "2009-06-30": -6.497, "2009-03-31": "7.56200", "2008-12-31": -79.315, "2008-09-30": 43.809, "2008-06-30": 4.524, "2008-03-31": "35.93100", "2007-12-31": -57.541, "2007-09-30": 13.754, "2007-06-30": 15.413, "2007-03-31": "28.70400", "2006-12-31": -58.091, "2006-09-30": 4.485, "2006-06-30": 14.876, "2006-03-31": "5.64000", "2005-12-31": -37.951, "2005-09-30": -4.525, "2005-06-30": 8.778, "2005-03-31": "0.19600"}, "Total Change In Assets/Liabilities": {"2020-09-30": 4.811, "2020-06-30": 40.212, "2020-03-31": "-54.21900", "2019-12-31": 30.605, "2019-09-30": 31.798, "2019-06-30": 21.183, "2019-03-31": "-70.93100", "2018-12-31": -0.054, "2018-09-30": 14.711, "2018-06-30": -5.724, "2018-03-31": "-42.61700", "2017-12-31": 8.683, "2017-09-30": 19.035, "2017-06-30": -10.959, "2017-03-31": "1.75100", "2016-12-31": -4.745, "2016-09-30": 33.691, "2016-06-30": 18.152, "2016-03-31": "-46.58900", "2015-12-31": -3.72, "2015-09-30": 48.615, "2015-06-30": -26.701, "2015-03-31": "-18.49700", "2014-12-31": 26.776, "2014-09-30": 37.949, "2014-06-30": 13.033, "2014-03-31": "-84.06200", "2013-12-31": -40.603, "2013-09-30": 67.837, "2013-06-30": 8.942, "2013-03-31": "-118.60900", "2012-12-31": -1.836, "2012-09-30": 16.749, "2012-06-30": -14.017, "2012-03-31": "-8.19200", "2011-12-31": -2.551, "2011-09-30": 10.838, "2011-06-30": -49.519, "2011-03-31": "-64.11500", "2010-12-31": 9, "2010-09-30": -1.823, "2010-06-30": -26.894, "2010-03-31": "-18.61400", "2009-12-31": -25.739, "2009-09-30": 49.778, "2009-06-30": 20.696, "2009-03-31": "65.25600", "2008-12-31": -27.791, "2008-09-30": 15.655, "2008-06-30": -29.692, "2008-03-31": "-3.68100", "2007-12-31": -24.704, "2007-09-30": 34.544, "2007-06-30": 7.404, "2007-03-31": "-14.75300", "2006-12-31": -41.781, "2006-09-30": -10.914, "2006-06-30": -27.867, "2006-03-31": "-20.38400", "2005-12-31": -21.453, "2005-09-30": -12.042, "2005-06-30": 2.473, "2005-03-31": "-18.19900"}, "Cash Flow From Operating Activities": {"2020-09-30": 89.548, "2020-06-30": 104.041, "2020-03-31": "21.97200", "2019-12-31": 122.519, "2019-09-30": 128.681, "2019-06-30": 126.107, "2019-03-31": "25.87800", "2018-12-31": 99.375, "2018-09-30": 106.219, "2018-06-30": 79.781, "2018-03-31": "43.77700", "2017-12-31": 89.491, "2017-09-30": 93.667, "2017-06-30": 75.447, "2017-03-31": "76.24000", "2016-12-31": 72.377, "2016-09-30": 113.301, "2016-06-30": 102.161, "2016-03-31": "24.71800", "2015-12-31": 77.396, "2015-09-30": 105.366, "2015-06-30": 77.286, "2015-03-31": "52.78400", "2014-12-31": 133.649, "2014-09-30": 149.448, "2014-06-30": 104.974, "2014-03-31": "13.63100", "2013-12-31": 96.803, "2013-09-30": 155.04, "2013-06-30": 107.199, "2013-03-31": "-20.14800", "2012-12-31": 84.143, "2012-09-30": 82.455, "2012-06-30": 81.722, "2012-03-31": "79.16400", "2011-12-31": 63.14, "2011-09-30": 84.802, "2011-06-30": 28.838, "2011-03-31": "16.73800", "2010-12-31": 53.264, "2010-09-30": 55.971, "2010-06-30": 32.147, "2010-03-31": "15.59600", "2009-12-31": 19.037, "2009-09-30": 97.088, "2009-06-30": 62.562, "2009-03-31": "71.66300", "2008-12-31": 40.706, "2008-09-30": 96.058, "2008-06-30": 53.162, "2008-03-31": "67.52300", "2007-12-31": 45.725, "2007-09-30": 96.655, "2007-06-30": 65.109, "2007-03-31": "42.34300", "2006-12-31": 13.589, "2006-09-30": 47.761, "2006-06-30": 27.704, "2006-03-31": "29.62600", "2005-12-31": 17.553, "2005-09-30": 37.63, "2005-06-30": 43.928, "2005-03-31": "17.91300"}, "Net Change In Property, Plant, And Equipment": {"2020-09-30": -11.366, "2020-06-30": -13.065, "2020-03-31": "-5.72800", "2019-12-31": -16.046, "2019-09-30": -16.259, "2019-06-30": -11.852, "2019-03-31": "-15.94900", "2018-12-31": -16.33, "2018-09-30": -7.005, "2018-06-30": -16.617, "2018-03-31": "-14.53900", "2017-12-31": -22.39, "2017-09-30": -9.936, "2017-06-30": -15.195, "2017-03-31": "-11.83400", "2016-12-31": -10.309, "2016-09-30": -14.341, "2016-06-30": -15.673, "2016-03-31": "-8.42700", "2015-12-31": -10.183, "2015-09-30": -10.218, "2015-06-30": -16.527, "2015-03-31": "-11.26900", "2014-12-31": -17.149, "2014-09-30": -3.946, "2014-06-30": -20.998, "2014-03-31": "-13.44000", "2013-12-31": -15.727, "2013-09-30": -28.439, "2013-06-30": -15.423, "2013-03-31": "-15.03300", "2012-12-31": -12.559, "2012-09-30": -12.86, "2012-06-30": -13.552, "2012-03-31": "-12.35700", "2011-12-31": -14.82, "2011-09-30": -21.226, "2011-06-30": -13.16, "2011-03-31": "-15.36100", "2010-12-31": -17.082, "2010-09-30": -17.921, "2010-06-30": -5.812, "2010-03-31": "-9.72900", "2009-12-31": -11.997, "2009-09-30": -5.088, "2009-06-30": -7.186, "2009-03-31": "-13.37300", "2008-12-31": -18.874, "2008-09-30": -22.106, "2008-06-30": -18.244, "2008-03-31": "-12.54000", "2007-12-31": -15.762, "2007-09-30": -15.731, "2007-06-30": -13.788, "2007-03-31": "-15.65100", "2006-12-31": -11.752, "2006-09-30": -20.839, "2006-06-30": -14.218, "2006-03-31": "-17.40200", "2005-12-31": -14.385, "2005-09-30": -11.766, "2005-06-30": -10.928, "2005-03-31": "-9.66100"}, "Net Change In Intangible Assets": {"2020-09-30": 0, "2020-06-30": 0, "2020-03-31": "", "2019-12-31": 0, "2019-09-30": 0, "2019-06-30": 0, "2019-03-31": "", "2018-12-31": 0, "2018-09-30": 0, "2018-06-30": 0, "2018-03-31": "", "2017-12-31": 0, "2017-09-30": 0, "2017-06-30": 0, "2017-03-31": "", "2016-12-31": 0, "2016-09-30": 0, "2016-06-30": 0, "2016-03-31": "", "2015-12-31": 0, "2015-09-30": 0, "2015-06-30": 0, "2015-03-31": "", "2014-12-31": 0, "2014-09-30": 0, "2014-06-30": 0, "2014-03-31": "", "2013-12-31": 0, "2013-09-30": 0, "2013-06-30": 0, "2013-03-31": "", "2012-12-31": 0, "2012-09-30": 0, "2012-06-30": 0, "2012-03-31": "", "2011-12-31": 0, "2011-09-30": 0, "2011-06-30": 0, "2011-03-31": "", "2010-12-31": 0, "2010-09-30": 0, "2010-06-30": 0, "2010-03-31": "", "2009-12-31": 0, "2009-09-30": 0, "2009-06-30": 0, "2009-03-31": "", "2008-12-31": 0, "2008-09-30": 0, "2008-06-30": 0, "2008-03-31": "", "2007-12-31": 0, "2007-09-30": 0, "2007-06-30": 0, "2007-03-31": "", "2006-12-31": 0, "2006-09-30": 0, "2006-06-30": 0, "2006-03-31": "", "2005-12-31": 0, "2005-09-30": 0, "2005-06-30": 0, "2005-03-31": ""}, "Net Acquisitions/Divestitures": {"2020-09-30": 0, "2020-06-30": 0, "2020-03-31": "", "2019-12-31": 2.018, "2019-09-30": -28.892, "2019-06-30": -107.843, "2019-03-31": "", "2018-12-31": -108.383, "2018-09-30": 0, "2018-06-30": 0.356, "2018-03-31": "6.23500", "2017-12-31": 0, "2017-09-30": -72.468, "2017-06-30": 0, "2017-03-31": "", "2016-12-31": 0, "2016-09-30": 0, "2016-06-30": -71.567, "2016-03-31": "", "2015-12-31": -3.194, "2015-09-30": -33.882, "2015-06-30": 0, "2015-03-31": "", "2014-12-31": -23.338, "2014-09-30": 0, "2014-06-30": 0, "2014-03-31": "-0.89200", "2013-12-31": -48.225, "2013-09-30": -0.26, "2013-06-30": -4.127, "2013-03-31": "-0.54900", "2012-12-31": -81.751, "2012-09-30": -3.516, "2012-06-30": -27.439, "2012-03-31": "-21.89600", "2011-12-31": -3.889, "2011-09-30": -44.459, "2011-06-30": 0, "2011-03-31": "-17.88100", "2010-12-31": -17.674, "2010-09-30": -1, "2010-06-30": -0.182, "2010-03-31": "", "2009-12-31": -7.891, "2009-09-30": -17.558, "2009-06-30": 0, "2009-03-31": "", "2008-12-31": -16.015, "2008-09-30": -3.757, "2008-06-30": -15.589, "2008-03-31": "-8.67500", "2007-12-31": -12.671, "2007-09-30": -1.688, "2007-06-30": -0.052, "2007-03-31": "-4.36200", "2006-12-31": -25.002, "2006-09-30": -0.407, "2006-06-30": -0.095, "2006-03-31": "", "2005-12-31": -4.611, "2005-09-30": -2.859, "2005-06-30": -70.704, "2005-03-31": ""}, "Net Change In Short-term Investments": {"2020-09-30": 0, "2020-06-30": 0, "2020-03-31": "", "2019-12-31": 0, "2019-09-30": 0, "2019-06-30": 0, "2019-03-31": "", "2018-12-31": 99.281, "2018-09-30": 39.777, "2018-06-30": -2.355, "2018-03-31": "42.42100", "2017-12-31": 0.159, "2017-09-30": -75.419, "2017-06-30": -33.819, "2017-03-31": "-31.12500", "2016-12-31": -38.92, "2016-09-30": 0, "2016-06-30": 0, "2016-03-31": "0.00000", "2015-12-31": 0, "2015-09-30": 0, "2015-06-30": 0, "2015-03-31": "", "2014-12-31": 0, "2014-09-30": 0, "2014-06-30": 0, "2014-03-31": "", "2013-12-31": 0, "2013-09-30": 0, "2013-06-30": 0, "2013-03-31": "", "2012-12-31": 0, "2012-09-30": 0, "2012-06-30": 0, "2012-03-31": "", "2011-12-31": 0, "2011-09-30": 0, "2011-06-30": 0, "2011-03-31": "", "2010-12-31": 0, "2010-09-30": 0, "2010-06-30": 0, "2010-03-31": "", "2009-12-31": 0, "2009-09-30": 0, "2009-06-30": 0, "2009-03-31": "", "2008-12-31": 0, "2008-09-30": 0, "2008-06-30": 0, "2008-03-31": "", "2007-12-31": 0, "2007-09-30": 0, "2007-06-30": 0, "2007-03-31": "", "2006-12-31": 0, "2006-09-30": 0, "2006-06-30": 0, "2006-03-31": "", "2005-12-31": 4.941, "2005-09-30": 0, "2005-06-30": 0, "2005-03-31": "50.50000"}, "Net Change In Long-Term Investments": {"2020-09-30": 0, "2020-06-30": 0, "2020-03-31": "", "2019-12-31": 0, "2019-09-30": 0, "2019-06-30": 0, "2019-03-31": "", "2018-12-31": 0, "2018-09-30": 0, "2018-06-30": 0, "2018-03-31": "", "2017-12-31": 0, "2017-09-30": 0, "2017-06-30": 0, "2017-03-31": "", "2016-12-31": 0, "2016-09-30": 0, "2016-06-30": 0, "2016-03-31": "", "2015-12-31": 0, "2015-09-30": 0, "2015-06-30": 0, "2015-03-31": "", "2014-12-31": 0, "2014-09-30": 0, "2014-06-30": 0, "2014-03-31": "", "2013-12-31": 0, "2013-09-30": 0, "2013-06-30": 0, "2013-03-31": "", "2012-12-31": 0, "2012-09-30": 0, "2012-06-30": 0, "2012-03-31": "", "2011-12-31": 0, "2011-09-30": 0, "2011-06-30": 0, "2011-03-31": "", "2010-12-31": 0, "2010-09-30": 0, "2010-06-30": 0, "2010-03-31": "", "2009-12-31": 0, "2009-09-30": 0, "2009-06-30": -0.488, "2009-03-31": "", "2008-12-31": 0, "2008-09-30": 0, "2008-06-30": 0, "2008-03-31": "", "2007-12-31": 0, "2007-09-30": 0, "2007-06-30": 0, "2007-03-31": "", "2006-12-31": 0, "2006-09-30": 0, "2006-06-30": 0, "2006-03-31": "", "2005-12-31": 0, "2005-09-30": 0, "2005-06-30": 0, "2005-03-31": ""}, "Net Change In Investments - Total": {"2020-09-30": 0, "2020-06-30": 0, "2020-03-31": "", "2019-12-31": 0, "2019-09-30": 0, "2019-06-30": 0, "2019-03-31": "", "2018-12-31": 99.281, "2018-09-30": 39.777, "2018-06-30": -2.355, "2018-03-31": "42.42100", "2017-12-31": 0.159, "2017-09-30": -75.419, "2017-06-30": -33.819, "2017-03-31": "-31.12500", "2016-12-31": -38.92, "2016-09-30": 0, "2016-06-30": 0, "2016-03-31": "", "2015-12-31": 0, "2015-09-30": 0, "2015-06-30": 0, "2015-03-31": "", "2014-12-31": 0, "2014-09-30": 0, "2014-06-30": 0, "2014-03-31": "", "2013-12-31": 0, "2013-09-30": 0, "2013-06-30": 0, "2013-03-31": "", "2012-12-31": 0, "2012-09-30": 0, "2012-06-30": 0, "2012-03-31": "", "2011-12-31": 0, "2011-09-30": 0, "2011-06-30": 0, "2011-03-31": "", "2010-12-31": 0, "2010-09-30": 0, "2010-06-30": 0, "2010-03-31": "", "2009-12-31": 0, "2009-09-30": 0, "2009-06-30": -0.488, "2009-03-31": "", "2008-12-31": 0, "2008-09-30": 0, "2008-06-30": 0, "2008-03-31": "", "2007-12-31": 0, "2007-09-30": 0, "2007-06-30": 0, "2007-03-31": "", "2006-12-31": 0, "2006-09-30": 0, "2006-06-30": 0, "2006-03-31": "", "2005-12-31": 4.941, "2005-09-30": 0, "2005-06-30": 0, "2005-03-31": "50.50000"}, "Investing Activities - Other": {"2020-09-30": 0, "2020-06-30": 0, "2020-03-31": "", "2019-12-31": 0, "2019-09-30": 0, "2019-06-30": 0, "2019-03-31": "2.00000", "2018-12-31": -2, "2018-09-30": 0, "2018-06-30": 0, "2018-03-31": "", "2017-12-31": 0, "2017-09-30": 0, "2017-06-30": 0, "2017-03-31": "", "2016-12-31": -0.426, "2016-09-30": 0, "2016-06-30": -0.283, "2016-03-31": "", "2015-12-31": 0, "2015-09-30": -2.103, "2015-06-30": 0, "2015-03-31": "2.02400", "2014-12-31": 0, "2014-09-30": 0, "2014-06-30": 0.205, "2014-03-31": "0.57300", "2013-12-31": 2.5, "2013-09-30": 0, "2013-06-30": -4.217, "2013-03-31": "", "2012-12-31": 0, "2012-09-30": 0, "2012-06-30": -1.541, "2012-03-31": "", "2011-12-31": 0, "2011-09-30": 0, "2011-06-30": 0, "2011-03-31": "", "2010-12-31": 0, "2010-09-30": 0, "2010-06-30": 0, "2010-03-31": "", "2009-12-31": 0, "2009-09-30": 0, "2009-06-30": 0, "2009-03-31": "", "2008-12-31": 0, "2008-09-30": 0, "2008-06-30": 0, "2008-03-31": "", "2007-12-31": 0, "2007-09-30": 0, "2007-06-30": 0, "2007-03-31": "", "2006-12-31": 0, "2006-09-30": 0, "2006-06-30": 0, "2006-03-31": "", "2005-12-31": 0, "2005-09-30": 0, "2005-06-30": 0, "2005-03-31": ""}, "Cash Flow From Investing Activities": {"2020-09-30": -11.366, "2020-06-30": -13.065, "2020-03-31": "-5.72800", "2019-12-31": -14.028, "2019-09-30": -45.151, "2019-06-30": -119.695, "2019-03-31": "-13.94900", "2018-12-31": -27.432, "2018-09-30": 32.772, "2018-06-30": -18.616, "2018-03-31": "34.11700", "2017-12-31": -22.231, "2017-09-30": -157.823, "2017-06-30": -49.014, "2017-03-31": "-42.95900", "2016-12-31": -49.655, "2016-09-30": -14.341, "2016-06-30": -87.523, "2016-03-31": "-8.42700", "2015-12-31": -13.377, "2015-09-30": -46.203, "2015-06-30": -16.527, "2015-03-31": "-9.24500", "2014-12-31": -40.487, "2014-09-30": -3.946, "2014-06-30": -20.793, "2014-03-31": "-13.75900", "2013-12-31": -61.452, "2013-09-30": -28.699, "2013-06-30": -23.767, "2013-03-31": "-15.58200", "2012-12-31": -94.31, "2012-09-30": -16.376, "2012-06-30": -42.532, "2012-03-31": "-34.25300", "2011-12-31": -18.709, "2011-09-30": -65.685, "2011-06-30": -13.16, "2011-03-31": "-33.24200", "2010-12-31": -34.756, "2010-09-30": -18.921, "2010-06-30": -5.994, "2010-03-31": "-9.72900", "2009-12-31": -19.888, "2009-09-30": -22.646, "2009-06-30": -7.674, "2009-03-31": "-13.37300", "2008-12-31": -34.889, "2008-09-30": -25.863, "2008-06-30": -33.833, "2008-03-31": "-21.21500", "2007-12-31": -28.433, "2007-09-30": -17.419, "2007-06-30": -13.84, "2007-03-31": "-20.01300", "2006-12-31": -36.754, "2006-09-30": -21.246, "2006-06-30": -14.313, "2006-03-31": "-17.40200", "2005-12-31": -14.055, "2005-09-30": -14.625, "2005-06-30": -81.632, "2005-03-31": "40.83900"}, "Net Long-Term Debt": {"2020-09-30": -0.001, "2020-06-30": -0.009, "2020-03-31": "-0.00200", "2019-12-31": -0.101, "2019-09-30": -0.001, "2019-06-30": -0.002, "2019-03-31": "-0.00300", "2018-12-31": -0.1, "2018-09-30": -0.001, "2018-06-30": -0.003, "2018-03-31": "-0.00300", "2017-12-31": -0.002, "2017-09-30": 0.016, "2017-06-30": -0.022, "2017-03-31": "0.00300", "2016-12-31": 349.986, "2016-09-30": -0.016, "2016-06-30": -0.159, "2016-03-31": "-0.03100", "2015-12-31": 1.205, "2015-09-30": 202.792, "2015-06-30": 146.441, "2015-03-31": "0.39700", "2014-12-31": 6.971, "2014-09-30": -0.065, "2014-06-30": -0.016, "2014-03-31": "-1.43500", "2013-12-31": -0.092, "2013-09-30": -0.073, "2013-06-30": -0.077, "2013-03-31": "-0.14700", "2012-12-31": -0.149, "2012-09-30": -1.311, "2012-06-30": -1.193, "2012-03-31": "-82.11700", "2011-12-31": 0.566, "2011-09-30": -0.355, "2011-06-30": -0.349, "2011-03-31": "-0.89400", "2010-12-31": -7.604, "2010-09-30": -0.349, "2010-06-30": -0.236, "2010-03-31": "-0.39100", "2009-12-31": -0.422, "2009-09-30": -0.139, "2009-06-30": -0.086, "2009-03-31": "-30.22700", "2008-12-31": -0.227, "2008-09-30": -0.382, "2008-06-30": 1.068, "2008-03-31": "-0.14000", "2007-12-31": 0.317, "2007-09-30": -0.152, "2007-06-30": -0.199, "2007-03-31": "-40.10800", "2006-12-31": -1.586, "2006-09-30": -0.112, "2006-06-30": -1.242, "2006-03-31": "-0.20700", "2005-12-31": -0.268, "2005-09-30": -0.21, "2005-06-30": -14.792, "2005-03-31": "-0.20100"}, "Net Current Debt": {"2020-09-30": -48.229, "2020-06-30": -82.673, "2020-03-31": "97.77900", "2019-12-31": 21.99, "2019-09-30": -27.543, "2019-06-30": 29.982, "2019-03-31": "", "2018-12-31": -0.196, "2018-09-30": -0.855, "2018-06-30": 0.276, "2018-03-31": "-0.06000", "2017-12-31": 0.111, "2017-09-30": -0.41, "2017-06-30": -0.299, "2017-03-31": "0.10700", "2016-12-31": -181.926, "2016-09-30": 24.005, "2016-06-30": 137.673, "2016-03-31": "21.78700", "2015-12-31": 0.981, "2015-09-30": -32.422, "2015-06-30": -103.901, "2015-03-31": "101.11300", "2014-12-31": -24.754, "2014-09-30": 81.322, "2014-06-30": -2.071, "2014-03-31": "-6.62100", "2013-12-31": 0.603, "2013-09-30": 0.477, "2013-06-30": -1.186, "2013-03-31": "-1.34500", "2012-12-31": -1.153, "2012-09-30": -1.321, "2012-06-30": -0.178, "2012-03-31": "-1.88100", "2011-12-31": 10.261, "2011-09-30": -1.037, "2011-06-30": 0.182, "2011-03-31": "-0.42500", "2010-12-31": -1.97, "2010-09-30": -12.414, "2010-06-30": -2.606, "2010-03-31": "-1.60900", "2009-12-31": -6.054, "2009-09-30": -6.777, "2009-06-30": -1.491, "2009-03-31": "1.36800", "2008-12-31": 0.006, "2008-09-30": -7.052, "2008-06-30": 14.105, "2008-03-31": "-0.95500", "2007-12-31": -0.194, "2007-09-30": -1.315, "2007-06-30": 5.947, "2007-03-31": "-1.61200", "2006-12-31": 2.48, "2006-09-30": 0.002, "2006-06-30": 0.814, "2006-03-31": "-4.33800", "2005-12-31": 3.178, "2005-09-30": -2.073, "2005-06-30": 1.115, "2005-03-31": "2.86900"}, "Debt Issuance/Retirement Net - Total": {"2020-09-30": -48.23, "2020-06-30": -82.682, "2020-03-31": "97.77700", "2019-12-31": 21.889, "2019-09-30": -27.544, "2019-06-30": 29.98, "2019-03-31": "-0.00300", "2018-12-31": -0.296, "2018-09-30": -0.856, "2018-06-30": 0.273, "2018-03-31": "-0.06300", "2017-12-31": 0.109, "2017-09-30": -0.394, "2017-06-30": -0.321, "2017-03-31": "0.11000", "2016-12-31": 168.06, "2016-09-30": 23.989, "2016-06-30": 137.514, "2016-03-31": "21.75600", "2015-12-31": 2.186, "2015-09-30": 170.37, "2015-06-30": 42.54, "2015-03-31": "101.51000", "2014-12-31": -17.783, "2014-09-30": 81.257, "2014-06-30": -2.087, "2014-03-31": "-8.05600", "2013-12-31": 0.511, "2013-09-30": 0.404, "2013-06-30": -1.263, "2013-03-31": "-1.49200", "2012-12-31": -1.302, "2012-09-30": -2.632, "2012-06-30": -1.371, "2012-03-31": "-83.99800", "2011-12-31": 10.827, "2011-09-30": -1.392, "2011-06-30": -0.167, "2011-03-31": "-1.31900", "2010-12-31": -9.574, "2010-09-30": -12.763, "2010-06-30": -2.842, "2010-03-31": "-2.00000", "2009-12-31": -6.476, "2009-09-30": -6.916, "2009-06-30": -1.577, "2009-03-31": "-28.85900", "2008-12-31": -0.221, "2008-09-30": -7.434, "2008-06-30": 15.173, "2008-03-31": "-1.09500", "2007-12-31": 0.123, "2007-09-30": -1.467, "2007-06-30": 5.748, "2007-03-31": "-41.72000", "2006-12-31": 0.894, "2006-09-30": -0.11, "2006-06-30": -0.428, "2006-03-31": "-4.54500", "2005-12-31": 2.91, "2005-09-30": -2.283, "2005-06-30": -13.677, "2005-03-31": "2.66800"}, "Net Common Equity Issued/Repurchased": {"2020-09-30": 5.736, "2020-06-30": -2.258, "2020-03-31": "-108.71500", "2019-12-31": -62.614, "2019-09-30": -55.778, "2019-06-30": -85.007, "2019-03-31": "-74.94700", "2018-12-31": -79.931, "2018-09-30": -69.396, "2018-06-30": -34.871, "2018-03-31": "-12.76200", "2017-12-31": -17.858, "2017-09-30": -14.328, "2017-06-30": 0.409, "2017-03-31": "5.24000", "2016-12-31": -38.778, "2016-09-30": -80.958, "2016-06-30": -96.745, "2016-03-31": "-100.47300", "2015-12-31": -100.294, "2015-09-30": -138.772, "2015-06-30": -53.312, "2015-03-31": "-101.12000", "2014-12-31": -54.604, "2014-09-30": -128.135, "2014-06-30": -67.258, "2014-03-31": "-48.06500", "2013-12-31": -50.018, "2013-09-30": -41.091, "2013-06-30": -53.351, "2013-03-31": "-3.12200", "2012-12-31": -14.782, "2012-09-30": -19.534, "2012-06-30": -15.268, "2012-03-31": "-12.65800", "2011-12-31": -5.227, "2011-09-30": -13.309, "2011-06-30": -9.069, "2011-03-31": "1.95900", "2010-12-31": -14.533, "2010-09-30": -9.725, "2010-06-30": -9.243, "2010-03-31": "-2.67300", "2009-12-31": 0.4, "2009-09-30": 0.087, "2009-06-30": 0.202, "2009-03-31": "-0.32700", "2008-12-31": -19.135, "2008-09-30": -3.403, "2008-06-30": 3.844, "2008-03-31": "-16.44200", "2007-12-31": -14.404, "2007-09-30": 2.527, "2007-06-30": 2.636, "2007-03-31": "2.42600", "2006-12-31": 3.336, "2006-09-30": 1.204, "2006-06-30": 3.141, "2006-03-31": "5.81100", "2005-12-31": 2.987, "2005-09-30": 10.652, "2005-06-30": -2.972, "2005-03-31": "-2.24000"}, "Net Total Equity Issued/Repurchased": {"2020-09-30": 5.736, "2020-06-30": -2.258, "2020-03-31": "-108.71500", "2019-12-31": -62.614, "2019-09-30": -55.778, "2019-06-30": -85.007, "2019-03-31": "-74.94700", "2018-12-31": -79.931, "2018-09-30": -69.396, "2018-06-30": -34.871, "2018-03-31": "-12.76200", "2017-12-31": -17.858, "2017-09-30": -14.328, "2017-06-30": 0.409, "2017-03-31": "5.24000", "2016-12-31": -38.778, "2016-09-30": -80.958, "2016-06-30": -96.745, "2016-03-31": "-100.47300", "2015-12-31": -100.294, "2015-09-30": -138.772, "2015-06-30": -53.312, "2015-03-31": "-101.12000", "2014-12-31": -54.604, "2014-09-30": -128.135, "2014-06-30": -67.258, "2014-03-31": "-48.06500", "2013-12-31": -50.018, "2013-09-30": -41.091, "2013-06-30": -53.351, "2013-03-31": "-3.12200", "2012-12-31": -14.782, "2012-09-30": -19.534, "2012-06-30": -15.268, "2012-03-31": "-12.65800", "2011-12-31": -5.227, "2011-09-30": -13.309, "2011-06-30": -9.069, "2011-03-31": "1.95900", "2010-12-31": -14.533, "2010-09-30": -9.725, "2010-06-30": -9.243, "2010-03-31": "-2.67300", "2009-12-31": 0.4, "2009-09-30": 0.087, "2009-06-30": 0.202, "2009-03-31": "-0.32700", "2008-12-31": -19.135, "2008-09-30": -3.403, "2008-06-30": 3.844, "2008-03-31": "-16.44200", "2007-12-31": -14.404, "2007-09-30": 2.527, "2007-06-30": 2.636, "2007-03-31": "2.42600", "2006-12-31": 3.336, "2006-09-30": 1.204, "2006-06-30": 3.141, "2006-03-31": "5.81100", "2005-12-31": 2.987, "2005-09-30": 10.652, "2005-06-30": -2.972, "2005-03-31": "-2.24000"}, "Total Common And Preferred Stock Dividends Paid": {"2020-09-30": -29.131, "2020-06-30": -29.139, "2020-03-31": "-30.67500", "2019-12-31": -28.758, "2019-09-30": -29.061, "2019-06-30": -29.541, "2019-03-31": "-30.56000", "2018-12-31": -25.384, "2018-09-30": -25.424, "2018-06-30": -25.589, "2018-03-31": "-25.66100", "2017-12-31": -23.369, "2017-09-30": -23.067, "2017-06-30": -23.03, "2017-03-31": "-22.98600", "2016-12-31": -21.15, "2016-09-30": -21.533, "2016-06-30": -22.022, "2016-03-31": "-22.62500", "2015-12-31": -21.026, "2015-09-30": -21.694, "2015-06-30": -21.919, "2015-03-31": "-22.32900", "2014-12-31": -17.866, "2014-09-30": -18.276, "2014-06-30": -18.496, "2014-03-31": "-18.62300", "2013-12-31": -16.29, "2013-09-30": -16.407, "2013-06-30": -16.58, "2013-03-31": "", "2012-12-31": -30.602, "2012-09-30": -14.147, "2012-06-30": -14.177, "2012-03-31": "-14.18600", "2011-12-31": -12.934, "2011-09-30": -12.996, "2011-06-30": -13.018, "2011-03-31": "-12.98700", "2010-12-31": -11.78, "2010-09-30": -11.829, "2010-06-30": -11.87, "2010-03-31": "-11.88500", "2009-12-31": -11.454, "2009-09-30": -11.453, "2009-06-30": -11.45, "2009-03-31": "-11.44400", "2008-12-31": -10.685, "2008-09-30": -10.691, "2008-06-30": -10.66, "2008-03-31": "-10.72000", "2007-12-31": -9.473, "2007-09-30": -9.446, "2007-06-30": -9.422, "2007-03-31": "-9.40300", "2006-12-31": -8.097, "2006-09-30": -8.101, "2006-06-30": -8.063, "2006-03-31": "-8.01400", "2005-12-31": -7.567, "2005-09-30": -7.485, "2005-06-30": -7.489, "2005-03-31": "-7.49600"}, "Financial Activities - Other": {"2020-09-30": 0, "2020-06-30": 0, "2020-03-31": "", "2019-12-31": 0, "2019-09-30": 0, "2019-06-30": 0, "2019-03-31": "", "2018-12-31": 0, "2018-09-30": -2.17, "2018-06-30": 0, "2018-03-31": "", "2017-12-31": 0.009, "2017-09-30": -0.372, "2017-06-30": -15.182, "2017-03-31": "-0.00700", "2016-12-31": -0.799, "2016-09-30": 0, "2016-06-30": -14.438, "2016-03-31": "-3.80600", "2015-12-31": -1.469, "2015-09-30": 0.15, "2015-06-30": -7.22, "2015-03-31": "0.51700", "2014-12-31": 2.606, "2014-09-30": 0.883, "2014-06-30": 0.826, "2014-03-31": "-0.67800", "2013-12-31": 0.351, "2013-09-30": 1.508, "2013-06-30": -1.333, "2013-03-31": "3.98900", "2012-12-31": 2.225, "2012-09-30": 0.14, "2012-06-30": 2.471, "2012-03-31": "2.98300", "2011-12-31": 3.935, "2011-09-30": 0.3, "2011-06-30": 1.312, "2011-03-31": "0.71500", "2010-12-31": 0.741, "2010-09-30": 0.099, "2010-06-30": 0.292, "2010-03-31": "0.07800", "2009-12-31": 0.09, "2009-09-30": 0.031, "2009-06-30": 0.072, "2009-03-31": "0.00200", "2008-12-31": 0.312, "2008-09-30": 0.708, "2008-06-30": 1.889, "2008-03-31": "0.81900", "2007-12-31": -0.712, "2007-09-30": 2.265, "2007-06-30": 2.24, "2007-03-31": "0.49600", "2006-12-31": 1.396, "2006-09-30": 0.796, "2006-06-30": 0.989, "2006-03-31": "2.06200", "2005-12-31": 0, "2005-09-30": 0, "2005-06-30": 0, "2005-03-31": ""}, "Cash Flow From Financial Activities": {"2020-09-30": -71.625, "2020-06-30": -114.079, "2020-03-31": "-41.61300", "2019-12-31": -69.483, "2019-09-30": -112.383, "2019-06-30": -84.568, "2019-03-31": "-105.51000", "2018-12-31": -105.611, "2018-09-30": -97.846, "2018-06-30": -60.187, "2018-03-31": "-38.48600", "2017-12-31": -41.109, "2017-09-30": -38.161, "2017-06-30": -38.124, "2017-03-31": "-17.64300", "2016-12-31": 107.333, "2016-09-30": -78.502, "2016-06-30": 4.309, "2016-03-31": "-105.14800", "2015-12-31": -120.603, "2015-09-30": 10.054, "2015-06-30": -39.911, "2015-03-31": "-21.42200", "2014-12-31": -87.647, "2014-09-30": -64.271, "2014-06-30": -87.015, "2014-03-31": "-75.42200", "2013-12-31": -65.446, "2013-09-30": -55.586, "2013-06-30": -72.527, "2013-03-31": "-0.62500", "2012-12-31": -44.461, "2012-09-30": -36.173, "2012-06-30": -28.345, "2012-03-31": "-107.85900", "2011-12-31": -3.399, "2011-09-30": -27.397, "2011-06-30": -20.942, "2011-03-31": "-11.63200", "2010-12-31": -35.146, "2010-09-30": -34.218, "2010-06-30": -23.663, "2010-03-31": "-16.48000", "2009-12-31": -17.44, "2009-09-30": -18.251, "2009-06-30": -12.753, "2009-03-31": "-40.62800", "2008-12-31": -29.729, "2008-09-30": -20.82, "2008-06-30": 10.246, "2008-03-31": "-27.43800", "2007-12-31": -24.466, "2007-09-30": -6.121, "2007-06-30": 1.202, "2007-03-31": "-48.20100", "2006-12-31": -2.471, "2006-09-30": -6.211, "2006-06-30": -4.361, "2006-03-31": "-4.68600", "2005-12-31": -1.67, "2005-09-30": 0.884, "2005-06-30": -24.138, "2005-03-31": "-7.06800"}, "Net Cash Flow": {"2020-09-30": 9.424, "2020-06-30": -20.32, "2020-03-31": "-36.18800", "2019-12-31": 42.951, "2019-09-30": -33.249, "2019-06-30": -77.273, "2019-03-31": "-91.71500", "2018-12-31": -39.351, "2018-09-30": 41.106, "2018-06-30": -11.962, "2018-03-31": "42.35500", "2017-12-31": 27.248, "2017-09-30": -96.282, "2017-06-30": -5.705, "2017-03-31": "22.26100", "2016-12-31": 122.251, "2016-09-30": 19.909, "2016-06-30": 16.023, "2016-03-31": "-83.18700", "2015-12-31": -60.162, "2015-09-30": 51.608, "2015-06-30": 23.72, "2015-03-31": "10.63800", "2014-12-31": -1.144, "2014-09-30": 75.238, "2014-06-30": -1.102, "2014-03-31": "-94.43800", "2013-12-31": -30.484, "2013-09-30": 73.92, "2013-06-30": 7.934, "2013-03-31": "-38.00900", "2012-12-31": -54.211, "2012-09-30": 32.712, "2012-06-30": 7.125, "2012-03-31": "-60.26300", "2011-12-31": 39.641, "2011-09-30": -16.455, "2011-06-30": -3.5, "2011-03-31": "-24.77800", "2010-12-31": -16.344, "2010-09-30": 8.636, "2010-06-30": -2.707, "2010-03-31": "-11.52800", "2009-12-31": -17.831, "2009-09-30": 59.068, "2009-06-30": 46.447, "2009-03-31": "16.12000", "2008-12-31": -28.258, "2008-09-30": 44.233, "2008-06-30": 30.504, "2008-03-31": "20.47100", "2007-12-31": -5.838, "2007-09-30": 75.239, "2007-06-30": 53.445, "2007-03-31": "-25.67600", "2006-12-31": -25.699, "2006-09-30": 20.484, "2006-06-30": 9.371, "2006-03-31": "8.04900", "2005-12-31": 1.826, "2005-09-30": 25.797, "2005-06-30": -62.306, "2005-03-31": "49.87100"}, "Stock-Based Compensation": {"2020-09-30": 3.849, "2020-06-30": 4.116, "2020-03-31": "3.69100", "2019-12-31": 4.022, "2019-09-30": 3.857, "2019-06-30": 4.596, "2019-03-31": "4.14900", "2018-12-31": 4.971, "2018-09-30": 3.762, "2018-06-30": 5.402, "2018-03-31": "4.41900", "2017-12-31": 2.732, "2017-09-30": 3.334, "2017-06-30": 3.364, "2017-03-31": "3.26800", "2016-12-31": 2.816, "2016-09-30": 2.673, "2016-06-30": 2.689, "2016-03-31": "2.15400", "2015-12-31": 1.99, "2015-09-30": 2.053, "2015-06-30": 1.932, "2015-03-31": "1.95700", "2014-12-31": 2.148, "2014-09-30": 1.683, "2014-06-30": 2.292, "2014-03-31": "2.29300", "2013-12-31": 2.223, "2013-09-30": 2.532, "2013-06-30": 2.511, "2013-03-31": "2.46800", "2012-12-31": 2.25, "2012-09-30": 2.246, "2012-06-30": 2.235, "2012-03-31": "2.23000", "2011-12-31": 1.887, "2011-09-30": 1.786, "2011-06-30": 1.469, "2011-03-31": "1.46800", "2010-12-31": 1.643, "2010-09-30": 2.244, "2010-06-30": 2.35, "2010-03-31": "1.97600", "2009-12-31": 1.886, "2009-09-30": 1.172, "2009-06-30": 1.182, "2009-03-31": "1.19200", "2008-12-31": 1.386, "2008-09-30": 1.112, "2008-06-30": 1.139, "2008-03-31": "1.10100", "2007-12-31": 1.404, "2007-09-30": 1.046, "2007-06-30": 1.11, "2007-03-31": "1.11900", "2006-12-31": 1.179, "2006-09-30": 1.1, "2006-06-30": 1.019, "2006-03-31": "0.91900", "2005-12-31": 0.995, "2005-09-30": 0.635, "2005-06-30": 0.643, "2005-03-31": "1.25400"}, "Common Stock Dividends Paid": {"2020-09-30": -29.131, "2020-06-30": -29.139, "2020-03-31": "-30.67500", "2019-12-31": -28.758, "2019-09-30": -29.061, "2019-06-30": -29.541, "2019-03-31": "-30.56000", "2018-12-31": -25.384, "2018-09-30": -25.424, "2018-06-30": -25.589, "2018-03-31": "-25.66100", "2017-12-31": -23.369, "2017-09-30": -23.067, "2017-06-30": -23.03, "2017-03-31": "-22.98600", "2016-12-31": -21.15, "2016-09-30": -21.533, "2016-06-30": -22.022, "2016-03-31": "-22.62500", "2015-12-31": -21.026, "2015-09-30": -21.694, "2015-06-30": -21.919, "2015-03-31": "-22.32900", "2014-12-31": -17.866, "2014-09-30": -18.276, "2014-06-30": -18.496, "2014-03-31": "-18.62300", "2013-12-31": -16.29, "2013-09-30": -16.407, "2013-06-30": -16.58, "2013-03-31": "", "2012-12-31": -30.602, "2012-09-30": -14.147, "2012-06-30": -14.177, "2012-03-31": "-14.18600", "2011-12-31": -12.934, "2011-09-30": -12.996, "2011-06-30": -13.018, "2011-03-31": "-12.98700", "2010-12-31": -11.78, "2010-09-30": -11.829, "2010-06-30": -11.87, "2010-03-31": "-11.88500", "2009-12-31": -11.454, "2009-09-30": -11.453, "2009-06-30": -11.45, "2009-03-31": "-11.44400", "2008-12-31": -10.685, "2008-09-30": -10.691, "2008-06-30": -10.66, "2008-03-31": "-10.72000", "2007-12-31": -9.473, "2007-09-30": -9.446, "2007-06-30": -9.422, "2007-03-31": "-9.40300", "2006-12-31": -8.097, "2006-09-30": -8.101, "2006-06-30": -8.063, "2006-03-31": "-8.01400", "2005-12-31": -7.567, "2005-09-30": -7.485, "2005-06-30": -7.489, "2005-03-31": "-7.49600"}}, "financial ratios": {"Current Ratio": {"2019-12-31": "1.91000", "2018-12-31": "2.30000", "2017-12-31": "2.59790", "2016-12-31": "2.68920", "2015-12-31": "2.52890", "2014-12-31": "2.22630", "2013-12-31": "2.47480", "2012-12-31": "2.57300", "2011-12-31": "2.58850", "2010-12-31": "3.22570", "2009-12-31": "3.43510", "2008-12-31": "2.87330", "2007-12-31": "3.10860", "2006-12-31": "2.45180", "2005-12-31": "2.30430"}, "Long-term Debt / Capital": {"2019-12-31": "0.46510", "2018-12-31": "0.44180", "2017-12-31": "0.43020", "2016-12-31": "0.49700", "2015-12-31": "0.27310", "2014-12-31": "0.00190", "2013-12-31": "0.00250", "2012-12-31": "0.00120", "2011-12-31": "0.00160", "2010-12-31": "0.06860", "2009-12-31": "0.07490", "2008-12-31": "0.08310", "2007-12-31": "0.09740", "2006-12-31": "0.11790", "2005-12-31": "0.19480"}, "Debt/Equity Ratio": {"2019-12-31": "0.91230", "2018-12-31": "0.79160", "2017-12-31": "0.75740", "2016-12-31": "0.99070", "2015-12-31": "0.38030", "2014-12-31": "0.05500", "2013-12-31": "0.01250", "2012-12-31": "0.01490", "2011-12-31": "0.08660", "2010-12-31": "0.08500", "2009-12-31": "0.11400", "2008-12-31": "0.14080", "2007-12-31": "0.11940", "2006-12-31": "0.18890", "2005-12-31": "0.25450"}, "Gross Margin": {"2019-12-31": "33.54960", "2018-12-31": "33.95950", "2017-12-31": "33.34460", "2016-12-31": "34.57990", "2015-12-31": "33.17090", "2014-12-31": "33.74290", "2013-12-31": "33.04460", "2012-12-31": "30.37310", "2011-12-31": "27.34120", "2010-12-31": "27.23540", "2009-12-31": "26.38480", "2008-12-31": "29.04850", "2007-12-31": "28.39230", "2006-12-31": "28.00710", "2005-12-31": "27.28690"}, "Operating Margin": {"2019-12-31": "12.35020", "2018-12-31": "12.39950", "2017-12-31": "14.36280", "2016-12-31": "12.46870", "2015-12-31": "7.16540", "2014-12-31": "13.28490", "2013-12-31": "14.26680", "2012-12-31": "12.68960", "2011-12-31": "11.01010", "2010-12-31": "9.00550", "2009-12-31": "5.39140", "2008-12-31": "11.92600", "2007-12-31": "12.17270", "2006-12-31": "11.81440", "2005-12-31": "9.35840"}, "EBIT Margin": {"2019-12-31": "12.35020", "2018-12-31": "12.39950", "2017-12-31": "14.36280", "2016-12-31": "12.46870", "2015-12-31": "7.16540", "2014-12-31": "13.28490", "2013-12-31": "14.26680", "2012-12-31": "12.68960", "2011-12-31": "11.01010", "2010-12-31": "9.00550", "2009-12-31": "5.39140", "2008-12-31": "11.92600", "2007-12-31": "12.17270", "2006-12-31": "11.81440", "2005-12-31": "9.35840"}, "EBITDA Margin": {"2019-12-31": "15.06350", "2018-12-31": "14.78820", "2017-12-31": "16.95820", "2016-12-31": "15.32950", "2015-12-31": "9.68960", "2014-12-31": "15.75910", "2013-12-31": "16.68150", "2012-12-31": "14.97930", "2011-12-31": "13.31290", "2010-12-31": "11.68600", "2009-12-31": "10.01300", "2008-12-31": "14.25230", "2007-12-31": "14.63580", "2006-12-31": "14.13240", "2005-12-31": "11.97300"}, "Pre-Tax Profit Margin": {"2019-12-31": "12.26970", "2018-12-31": "12.17230", "2017-12-31": "13.95490", "2016-12-31": "12.19500", "2015-12-31": "6.69560", "2014-12-31": "13.35830", "2013-12-31": "14.59830", "2012-12-31": "12.95210", "2011-12-31": "11.18270", "2010-12-31": "9.03830", "2009-12-31": "5.01580", "2008-12-31": "12.10360", "2007-12-31": "12.59030", "2006-12-31": "12.07820", "2005-12-31": "9.61150"}, "Net Profit Margin": {"2019-12-31": "9.75970", "2018-12-31": "9.47830", "2017-12-31": "9.43070", "2016-12-31": "8.72230", "2015-12-31": "5.02710", "2014-12-31": "9.05290", "2013-12-31": "10.29840", "2012-12-31": "9.02130", "2011-12-31": "8.06000", "2010-12-31": "6.29150", "2009-12-31": "2.80900", "2008-12-31": "8.56290", "2007-12-31": "8.88890", "2006-12-31": "8.87500", "2005-12-31": "7.63840"}, "Asset Turnover": {"2019-12-31": "1.26660", "2018-12-31": "1.28890", "2017-12-31": "1.09050", "2016-12-31": "1.17040", "2015-12-31": "1.42130", "2014-12-31": "1.45080", "2013-12-31": "1.32570", "2012-12-31": "1.36530", "2011-12-31": "1.36310", "2010-12-31": "1.16050", "2009-12-31": "1.01410", "2008-12-31": "1.44240", "2007-12-31": "1.38620", "2006-12-31": "1.41400", "2005-12-31": "1.37900"}, "Inventory Turnover Ratio": {"2019-12-31": "5.06840", "2018-12-31": "5.52790", "2017-12-31": "5.01720", "2016-12-31": "5.82620", "2015-12-31": "6.14160", "2014-12-31": "5.46540", "2013-12-31": "5.45780", "2012-12-31": "5.44470", "2011-12-31": "5.24560", "2010-12-31": "5.16350", "2009-12-31": "4.97770", "2008-12-31": "5.07010", "2007-12-31": "4.74980", "2006-12-31": "4.04290", "2005-12-31": "4.22230"}, "Receiveable Turnover": {"2019-12-31": "8.01620", "2018-12-31": "7.63110", "2017-12-31": "6.63940", "2016-12-31": "8.30170", "2015-12-31": "9.57930", "2014-12-31": "8.33170", "2013-12-31": "7.77010", "2012-12-31": "7.91150", "2011-12-31": "6.97730", "2010-12-31": "6.43010", "2009-12-31": "6.31820", "2008-12-31": "8.28670", "2007-12-31": "6.62910", "2006-12-31": "6.59520", "2005-12-31": "6.61390"}, "Days Sales In Receivables": {"2019-12-31": "45.53260", "2018-12-31": "47.83050", "2017-12-31": "54.97450", "2016-12-31": "43.96680", "2015-12-31": "38.10290", "2014-12-31": "43.80850", "2013-12-31": "46.97490", "2012-12-31": "46.13550", "2011-12-31": "52.31260", "2010-12-31": "56.76390", "2009-12-31": "57.76980", "2008-12-31": "44.04670", "2007-12-31": "55.06050", "2006-12-31": "55.34340", "2005-12-31": "55.18640"}, "ROE - Return On Equity": {"2019-12-31": "35.78210", "2018-12-31": "32.33390", "2017-12-31": "26.54020", "2016-12-31": "27.85330", "2015-12-31": "13.66430", "2014-12-31": "19.74520", "2013-12-31": "19.05590", "2012-12-31": "18.93630", "2011-12-31": "18.18680", "2010-12-31": "11.50170", "2009-12-31": "4.49790", "2008-12-31": "21.04430", "2007-12-31": "18.64720", "2006-12-31": "20.51730", "2005-12-31": "18.75010"}, "Return On Tangible Equity": {"2019-12-31": "96.35440", "2018-12-31": "62.61410", "2017-12-31": "43.38480", "2016-12-31": "56.64580", "2015-12-31": "20.41120", "2014-12-31": "26.09340", "2013-12-31": "24.12710", "2012-12-31": "23.54350", "2011-12-31": "20.99440", "2010-12-31": "12.93300", "2009-12-31": "5.06380", "2008-12-31": "23.39420", "2007-12-31": "20.41040", "2006-12-31": "22.54490", "2005-12-31": "20.96770"}, "ROA - Return On Assets": {"2019-12-31": "12.36010", "2018-12-31": "12.21340", "2017-12-31": "10.28340", "2016-12-31": "10.20730", "2015-12-31": "7.14120", "2014-12-31": "13.09190", "2013-12-31": "13.55510", "2012-12-31": "12.30780", "2011-12-31": "10.97810", "2010-12-31": "7.41180", "2009-12-31": "2.86360", "2008-12-31": "12.36570", "2007-12-31": "12.32220", "2006-12-31": "12.54920", "2005-12-31": "10.53310"}, "ROI - Return On Investment": {"2019-12-31": "19.13850", "2018-12-31": "18.04830", "2017-12-31": "15.12140", "2016-12-31": "14.01030", "2015-12-31": "9.93240", "2014-12-31": "19.70710", "2013-12-31": "19.00890", "2012-12-31": "18.91410", "2011-12-31": "18.15700", "2010-12-31": "10.71300", "2009-12-31": "4.16120", "2008-12-31": "19.29550", "2007-12-31": "16.83090", "2006-12-31": "18.09910", "2005-12-31": "15.09680"}, "Book Value Per Share": {"2019-12-31": "13.51790", "2018-12-31": "13.96770", "2017-12-31": "14.20060", "2016-12-31": "10.84440", "2015-12-31": "13.19010", "2014-12-31": "16.69910", "2013-12-31": "18.89510", "2012-12-31": "16.37620", "2011-12-31": "14.24650", "2010-12-31": "13.64500", "2009-12-31": "12.73160", "2008-12-31": "11.87590", "2007-12-31": "12.65330", "2006-12-31": "9.96330", "2005-12-31": "7.73210"}, "Operating Cash Flow Per Share": {"2019-12-31": 1.4234, "2018-12-31": -0.0132, "2017-12-31": 0.4386, "2016-12-31": 0.4067, "2015-12-31": -0.8361, "2014-12-31": 0.9343, "2013-12-31": 0.1905, "2012-12-31": 1.606, "2011-12-31": 0.4425, "2010-12-31": -1.094, "2009-12-31": -0.0538, "2008-12-31": 0.111, "2007-12-31": 1.4998, "2006-12-31": -0.0066, "2005-12-31": 1.3856}, "Free Cash Flow Per Share": {"2019-12-31": 1.2937, "2018-12-31": 0.0479, "2017-12-31": 0.2632, "2016-12-31": 0.3353, "2015-12-31": -0.7866, "2014-12-31": 1.1395, "2013-12-31": -0.0983, "2012-12-31": 1.7584, "2011-12-31": 0.2734, "2010-12-31": -1.2457, "2009-12-31": 0.3382, "2008-12-31": -0.0203, "2007-12-31": 1.5438, "2006-12-31": -0.1993, "2005-12-31": 0.8322}}, "financial ratios, quarterly": {"Current Ratio": {"2020-09-30": "1.92480", "2020-06-30": "1.77250", "2020-03-31": "1.61780", "2019-12-31": "1.91000", "2019-09-30": "1.89090", "2019-06-30": "1.97520", "2019-03-31": "2.27040", "2018-12-31": "2.30000", "2018-09-30": "2.57640", "2018-06-30": "2.61520", "2018-03-31": "2.62790", "2017-12-31": "2.59790", "2017-09-30": "2.55380", "2017-06-30": "2.90590", "2017-03-31": "2.71890", "2016-12-31": "2.68920", "2016-09-30": "1.54430", "2016-06-30": "1.64640", "2016-03-31": "2.24770", "2015-12-31": "2.52890", "2015-09-30": "2.44350", "2015-06-30": "2.31480", "2015-03-31": "1.79970", "2014-12-31": "2.22630", "2014-09-30": "2.11620", "2014-06-30": "2.38050", "2014-03-31": "2.51200", "2013-12-31": "2.47480", "2013-09-30": "2.45770", "2013-06-30": "2.50550", "2013-03-31": "2.53750", "2012-12-31": "2.57300", "2012-09-30": "2.51600", "2012-06-30": "2.69110", "2012-03-31": "2.72290", "2011-12-31": "2.58850", "2011-09-30": "2.26640", "2011-06-30": "2.37040", "2011-03-31": "2.41520", "2010-12-31": "3.22570", "2010-09-30": "3.00880", "2010-06-30": "3.07970", "2010-03-31": "3.08190", "2009-12-31": "3.43510", "2009-09-30": "2.98160", "2009-06-30": "3.33450", "2009-03-31": "3.06600", "2008-12-31": "2.87330", "2008-09-30": "2.50040", "2008-06-30": "2.49090", "2008-03-31": "2.58800", "2007-12-31": "3.10860", "2007-09-30": "2.79820", "2007-06-30": "2.68230", "2007-03-31": "2.69410", "2006-12-31": "2.45180", "2006-09-30": "2.14080", "2006-06-30": "2.02890", "2006-03-31": "2.23620", "2005-12-31": "2.30430", "2005-09-30": "2.37610", "2005-06-30": "2.15430", "2005-03-31": "2.36390"}, "Long-term Debt / Capital": {"2020-09-30": "0.50170", "2020-06-30": "0.52020", "2020-03-31": "0.51730", "2019-12-31": "0.46510", "2019-09-30": "0.46730", "2019-06-30": "0.45640", "2019-03-31": "0.44940", "2018-12-31": "0.44180", "2018-09-30": "0.42950", "2018-06-30": "0.42600", "2018-03-31": "0.41680", "2017-12-31": "0.43020", "2017-09-30": "0.42700", "2017-06-30": "0.45280", "2017-03-31": "0.47290", "2016-12-31": "0.49700", "2016-09-30": "0.32340", "2016-06-30": "0.31290", "2016-03-31": "0.28170", "2015-12-31": "0.27310", "2015-09-30": "0.25750", "2015-06-30": "0.11240", "2015-03-31": "0.00330", "2014-12-31": "0.00190", "2014-09-30": "0.00080", "2014-06-30": "0.00080", "2014-03-31": "0.00180", "2013-12-31": "0.00250", "2013-09-30": "0.00090", "2013-06-30": "0.00100", "2013-03-31": "0.00100", "2012-12-31": "0.00120", "2012-09-30": "0.00130", "2012-06-30": "0.00190", "2012-03-31": "0.00200", "2011-12-31": "0.00160", "2011-09-30": "0.00130", "2011-06-30": "0.00130", "2011-03-31": "0.00150", "2010-12-31": "0.06860", "2010-09-30": "0.06940", "2010-06-30": "0.07310", "2010-03-31": "0.07370", "2009-12-31": "0.07490", "2009-09-30": "0.07740", "2009-06-30": "0.07960", "2009-03-31": "0.08440", "2008-12-31": "0.08310", "2008-09-30": "0.06720", "2008-06-30": "0.06690", "2008-03-31": "0.07280", "2007-12-31": "0.09740", "2007-09-30": "0.09980", "2007-06-30": "0.10440", "2007-03-31": "0.11290", "2006-12-31": "0.11790", "2006-09-30": "0.12870", "2006-06-30": "0.13080", "2006-03-31": "0.18310", "2005-12-31": "0.19480", "2005-09-30": "0.19900", "2005-06-30": "0.21490", "2005-03-31": "0.21600"}, "Debt/Equity Ratio": {"2020-09-30": "1.00860", "2020-06-30": "1.15950", "2020-03-31": "1.27000", "2019-12-31": "0.91230", "2019-09-30": "0.89350", "2019-06-30": "0.87530", "2019-03-31": "0.81630", "2018-12-31": "0.79160", "2018-09-30": "0.75360", "2018-06-30": "0.74410", "2018-03-31": "0.71670", "2017-12-31": "0.75740", "2017-09-30": "0.74730", "2017-06-30": "0.82970", "2017-03-31": "0.89970", "2016-12-31": "0.99070", "2016-09-30": "0.72210", "2016-06-30": "0.65730", "2016-03-31": "0.42000", "2015-12-31": "0.38030", "2015-09-30": "0.34920", "2015-06-30": "0.17900", "2015-03-31": "0.14570", "2014-12-31": "0.05500", "2014-09-30": "0.06430", "2014-06-30": "0.00530", "2014-03-31": "0.00660", "2013-12-31": "0.01250", "2013-09-30": "0.01130", "2013-06-30": "0.01160", "2013-03-31": "0.01320", "2012-12-31": "0.01490", "2012-09-30": "0.01580", "2012-06-30": "0.01810", "2012-03-31": "0.01980", "2011-12-31": "0.08660", "2011-09-30": "0.07590", "2011-06-30": "0.07670", "2011-03-31": "0.08020", "2010-12-31": "0.08500", "2010-09-30": "0.08750", "2010-06-30": "0.10110", "2010-03-31": "0.10620", "2009-12-31": "0.11400", "2009-09-30": "0.12330", "2009-06-30": "0.10450", "2009-03-31": "0.11170", "2008-12-31": "0.14080", "2008-09-30": "0.11550", "2008-06-30": "0.12340", "2008-03-31": "0.11660", "2007-12-31": "0.11940", "2007-09-30": "0.12250", "2007-06-30": "0.12940", "2007-03-31": "0.13390", "2006-12-31": "0.18890", "2006-09-30": "0.20500", "2006-06-30": "0.21110", "2006-03-31": "0.22970", "2005-12-31": "0.25450", "2005-09-30": "0.25660", "2005-06-30": "0.28030", "2005-03-31": "0.28360"}, "Gross Margin": {"2020-09-30": "32.20080", "2020-06-30": "32.05850", "2020-03-31": "33.80700", "2019-12-31": "32.72200", "2019-09-30": "32.61580", "2019-06-30": "34.73340", "2019-03-31": "34.03980", "2018-12-31": "33.65020", "2018-09-30": "34.12730", "2018-06-30": "34.18970", "2018-03-31": "33.85980", "2017-12-31": "31.88660", "2017-09-30": "32.54430", "2017-06-30": "34.50720", "2017-03-31": "34.88790", "2016-12-31": "34.53500", "2016-09-30": "35.20010", "2016-06-30": "34.25400", "2016-03-31": "34.33710", "2015-12-31": "34.52190", "2015-09-30": "30.82830", "2015-06-30": "33.96530", "2015-03-31": "33.49900", "2014-12-31": "33.78660", "2014-09-30": "33.75480", "2014-06-30": "34.35230", "2014-03-31": "33.03880", "2013-12-31": "34.00250", "2013-09-30": "33.63280", "2013-06-30": "33.03920", "2013-03-31": "31.53080", "2012-12-31": "31.11560", "2012-09-30": "30.58730", "2012-06-30": "30.23970", "2012-03-31": "29.60510", "2011-12-31": "27.98260", "2011-09-30": "26.43180", "2011-06-30": "27.95740", "2011-03-31": "26.94320", "2010-12-31": "26.19780", "2010-09-30": "27.74130", "2010-06-30": "28.81840", "2010-03-31": "26.18770", "2009-12-31": "29.08390", "2009-09-30": "28.32290", "2009-06-30": "25.74290", "2009-03-31": "21.91810", "2008-12-31": "26.81710", "2008-09-30": "31.10770", "2008-06-30": "29.25210", "2008-03-31": "28.61070", "2007-12-31": "27.73510", "2007-09-30": "28.28160", "2007-06-30": "28.75160", "2007-03-31": "28.81670", "2006-12-31": "26.56930", "2006-09-30": "28.54500", "2006-06-30": "29.14710", "2006-03-31": "27.76850", "2005-12-31": "26.99850", "2005-09-30": "26.98750", "2005-06-30": "28.07350", "2005-03-31": "27.08110"}, "Operating Margin": {"2020-09-30": "11.63020", "2020-06-30": "6.73140", "2020-03-31": "11.54920", "2019-12-31": "11.23200", "2019-09-30": "12.11630", "2019-06-30": "13.53730", "2019-03-31": "12.44490", "2018-12-31": "12.76240", "2018-09-30": "13.67350", "2018-06-30": "11.97820", "2018-03-31": "11.24300", "2017-12-31": "10.21460", "2017-09-30": "20.26020", "2017-06-30": "13.65110", "2017-03-31": "13.66970", "2016-12-31": "13.90690", "2016-09-30": "14.41550", "2016-06-30": "8.11620", "2016-03-31": "13.67150", "2015-12-31": "13.80930", "2015-09-30": "-13.02320", "2015-06-30": "14.56010", "2015-03-31": "13.75570", "2014-12-31": "15.33980", "2014-09-30": "10.63420", "2014-06-30": "15.41110", "2014-03-31": "11.74170", "2013-12-31": "16.63500", "2013-09-30": "13.75650", "2013-06-30": "14.33430", "2013-03-31": "12.33420", "2012-12-31": "12.51810", "2012-09-30": "12.71600", "2012-06-30": "12.90580", "2012-03-31": "12.60450", "2011-12-31": "11.85900", "2011-09-30": "10.66430", "2011-06-30": "11.44490", "2011-03-31": "9.92390", "2010-12-31": "9.27470", "2010-09-30": "9.27910", "2010-06-30": "9.92020", "2010-03-31": "7.38010", "2009-12-31": "8.39640", "2009-09-30": "7.54610", "2009-06-30": "4.84700", "2009-03-31": "0.25090", "2008-12-31": "6.80230", "2008-09-30": "14.18580", "2008-06-30": "13.08840", "2008-03-31": "12.65500", "2007-12-31": "11.43930", "2007-09-30": "11.96850", "2007-06-30": "12.84460", "2007-03-31": "12.43980", "2006-12-31": "11.70890", "2006-09-30": "12.04780", "2006-06-30": "12.28610", "2006-03-31": "11.17560", "2005-12-31": "9.03150", "2005-09-30": "9.64070", "2005-06-30": "10.35520", "2005-03-31": "8.30140"}, "EBIT Margin": {"2020-09-30": "11.63020", "2020-06-30": "6.73140", "2020-03-31": "11.54920", "2019-12-31": "11.23200", "2019-09-30": "12.11630", "2019-06-30": "13.53730", "2019-03-31": "12.44490", "2018-12-31": "12.76240", "2018-09-30": "13.67350", "2018-06-30": "11.97820", "2018-03-31": "11.24300", "2017-12-31": "10.21460", "2017-09-30": "20.26020", "2017-06-30": "13.65110", "2017-03-31": "13.66970", "2016-12-31": "13.90690", "2016-09-30": "14.41550", "2016-06-30": "8.11620", "2016-03-31": "13.67150", "2015-12-31": "13.80930", "2015-09-30": "-13.02320", "2015-06-30": "14.56010", "2015-03-31": "13.75570", "2014-12-31": "15.33980", "2014-09-30": "10.63420", "2014-06-30": "15.41110", "2014-03-31": "11.74170", "2013-12-31": "16.63500", "2013-09-30": "13.75650", "2013-06-30": "14.33430", "2013-03-31": "12.33420", "2012-12-31": "12.51810", "2012-09-30": "12.71600", "2012-06-30": "12.90580", "2012-03-31": "12.60450", "2011-12-31": "11.85890", "2011-09-30": "10.66430", "2011-06-30": "11.44490", "2011-03-31": "9.92390", "2010-12-31": "9.27470", "2010-09-30": "9.27910", "2010-06-30": "9.92020", "2010-03-31": "7.38010", "2009-12-31": "8.39640", "2009-09-30": "7.54610", "2009-06-30": "4.84700", "2009-03-31": "0.25090", "2008-12-31": "6.80230", "2008-09-30": "14.18580", "2008-06-30": "13.08840", "2008-03-31": "12.65500", "2007-12-31": "11.43930", "2007-09-30": "11.96850", "2007-06-30": "12.84460", "2007-03-31": "12.43980", "2006-12-31": "11.70890", "2006-09-30": "12.04780", "2006-06-30": "12.28610", "2006-03-31": "11.17560", "2005-12-31": "9.03150", "2005-09-30": "9.64070", "2005-06-30": "10.35520", "2005-03-31": "8.30140"}, "EBITDA Margin": {"2020-09-30": "", "2020-06-30": "", "2020-03-31": "", "2019-12-31": "", "2019-09-30": "", "2019-06-30": "", "2019-03-31": "", "2018-12-31": "", "2018-09-30": "", "2018-06-30": "", "2018-03-31": "", "2017-12-31": "", "2017-09-30": "", "2017-06-30": "", "2017-03-31": "", "2016-12-31": "", "2016-09-30": "", "2016-06-30": "", "2016-03-31": "", "2015-12-31": "", "2015-09-30": "", "2015-06-30": "", "2015-03-31": "", "2014-12-31": "", "2014-09-30": "", "2014-06-30": "", "2014-03-31": "", "2013-12-31": "", "2013-09-30": "", "2013-06-30": "", "2013-03-31": "", "2012-12-31": "", "2012-09-30": "", "2012-06-30": "", "2012-03-31": "", "2011-12-31": "", "2011-09-30": "", "2011-06-30": "", "2011-03-31": "", "2010-12-31": "", "2010-09-30": "", "2010-06-30": "", "2010-03-31": "", "2009-12-31": "", "2009-09-30": "", "2009-06-30": "", "2009-03-31": "", "2008-12-31": "", "2008-09-30": "", "2008-06-30": "", "2008-03-31": "", "2007-12-31": "", "2007-09-30": "", "2007-06-30": "", "2007-03-31": "", "2006-12-31": "", "2006-09-30": "", "2006-06-30": "", "2006-03-31": "", "2005-12-31": "", "2005-09-30": "", "2005-06-30": "", "2005-03-31": ""}, "Pre-Tax Profit Margin": {"2020-09-30": "10.95890", "2020-06-30": "5.70140", "2020-03-31": "10.81570", "2019-12-31": "10.90500", "2019-09-30": "12.56150", "2019-06-30": "13.31830", "2019-03-31": "12.23940", "2018-12-31": "12.69850", "2018-09-30": "12.98930", "2018-06-30": "11.93120", "2018-03-31": "11.11240", "2017-12-31": "9.86740", "2017-09-30": "19.51360", "2017-06-30": "13.39470", "2017-03-31": "13.41030", "2016-12-31": "13.86100", "2016-09-30": "14.14540", "2016-06-30": "7.72390", "2016-03-31": "13.28840", "2015-12-31": "12.53060", "2015-09-30": "-13.72140", "2015-06-30": "14.20620", "2015-03-31": "14.09140", "2014-12-31": "14.72850", "2014-09-30": "10.86720", "2014-06-30": "15.76680", "2014-03-31": "12.03190", "2013-12-31": "16.98230", "2013-09-30": "14.14130", "2013-06-30": "14.64520", "2013-03-31": "12.61930", "2012-12-31": "12.79560", "2012-09-30": "13.02970", "2012-06-30": "13.19240", "2012-03-31": "12.77900", "2011-12-31": "12.01230", "2011-09-30": "10.81390", "2011-06-30": "11.65380", "2011-03-31": "10.10330", "2010-12-31": "9.21080", "2010-09-30": "9.40020", "2010-06-30": "10.00260", "2010-03-31": "7.37670", "2009-12-31": "8.62430", "2009-09-30": "5.51400", "2009-06-30": "5.92910", "2009-03-31": "-0.48820", "2008-12-31": "6.28900", "2008-09-30": "14.67580", "2008-06-30": "13.58910", "2008-03-31": "12.73580", "2007-12-31": "11.98800", "2007-09-30": "12.41220", "2007-06-30": "13.38490", "2007-03-31": "12.56100", "2006-12-31": "12.18030", "2006-09-30": "12.44950", "2006-06-30": "12.54440", "2006-03-31": "11.07530", "2005-12-31": "9.05630", "2005-09-30": "10.40020", "2005-06-30": "10.53510", "2005-03-31": "8.32650"}, "Net Profit Margin": {"2020-09-30": "8.74270", "2020-06-30": "4.57000", "2020-03-31": "7.91490", "2019-12-31": "8.65350", "2019-09-30": "9.91550", "2019-06-30": "10.99760", "2019-03-31": "9.41550", "2018-12-31": "11.67460", "2018-09-30": "9.56980", "2018-06-30": "8.71640", "2018-03-31": "8.02750", "2017-12-31": "3.23630", "2017-09-30": "15.85170", "2017-06-30": "9.78720", "2017-03-31": "9.61340", "2016-12-31": "9.47010", "2016-09-30": "10.57860", "2016-06-30": "5.28630", "2016-03-31": "9.73960", "2015-12-31": "8.57280", "2015-09-30": "-9.37220", "2015-06-30": "10.66550", "2015-03-31": "10.38970", "2014-12-31": "10.99670", "2014-09-30": "6.38310", "2014-06-30": "10.61480", "2014-03-31": "8.24060", "2013-12-31": "12.35660", "2013-09-30": "9.54570", "2013-06-30": "9.98110", "2013-03-31": "9.29700", "2012-12-31": "9.06800", "2012-09-30": "9.28460", "2012-06-30": "8.91330", "2012-03-31": "8.83520", "2011-12-31": "8.31270", "2011-09-30": "7.91450", "2011-06-30": "8.15290", "2011-03-31": "7.82900", "2010-12-31": "7.35490", "2010-09-30": "6.25280", "2010-06-30": "6.31130", "2010-03-31": "5.03820", "2009-12-31": "5.26440", "2009-09-30": "2.88750", "2009-06-30": "3.64590", "2009-03-31": "-0.87290", "2008-12-31": "3.70020", "2008-09-30": "10.93570", "2008-06-30": "10.02080", "2008-03-31": "8.62220", "2007-12-31": "8.53190", "2007-09-30": "8.84840", "2007-06-30": "9.41790", "2007-03-31": "8.74250", "2006-12-31": "10.23670", "2006-09-30": "8.85710", "2006-06-30": "8.48120", "2006-03-31": "7.84570", "2005-12-31": "7.08090", "2005-09-30": "9.26860", "2005-06-30": "7.91130", "2005-03-31": "6.12840"}, "Asset Turnover": {"2020-09-30": "0.30160", "2020-06-30": "0.26860", "2020-03-31": "0.30440", "2019-12-31": "0.31050", "2019-09-30": "0.30950", "2019-06-30": "0.32450", "2019-03-31": "0.32240", "2018-12-31": "0.31650", "2018-09-30": "0.30460", "2018-06-30": "0.32460", "2018-03-31": "0.30450", "2017-12-31": "0.31050", "2017-09-30": "0.27770", "2017-06-30": "0.29550", "2017-03-31": "0.28300", "2016-12-31": "0.29010", "2016-09-30": "0.30950", "2016-06-30": "0.32240", "2016-03-31": "0.30990", "2015-12-31": "0.31830", "2015-09-30": "0.33460", "2015-06-30": "0.34090", "2015-03-31": "0.34240", "2014-12-31": "0.35270", "2014-09-30": "0.33880", "2014-06-30": "0.33970", "2014-03-31": "0.32410", "2013-12-31": "0.33220", "2013-09-30": "0.32640", "2013-06-30": "0.35310", "2013-03-31": "0.34160", "2012-12-31": "0.32760", "2012-09-30": "0.33350", "2012-06-30": "0.36800", "2012-03-31": "0.35960", "2011-12-31": "0.35130", "2011-09-30": "0.35740", "2011-06-30": "0.34950", "2011-03-31": "0.31310", "2010-12-31": "0.31630", "2010-09-30": "0.28870", "2010-06-30": "0.29780", "2010-03-31": "0.26800", "2009-12-31": "0.27120", "2009-09-30": "0.25220", "2009-06-30": "0.25010", "2009-03-31": "0.25280", "2008-12-31": "0.30610", "2008-09-30": "0.32840", "2008-06-30": "0.36120", "2008-03-31": "0.34540", "2007-12-31": "0.35270", "2007-09-30": "0.34730", "2007-06-30": "0.37840", "2007-03-31": "0.37810", "2006-12-31": "0.36270", "2006-09-30": "0.36520", "2006-06-30": "0.37960", "2006-03-31": "0.37570", "2005-12-31": "0.36200", "2005-09-30": "0.35750", "2005-06-30": "0.36630", "2005-03-31": "0.33400"}, "Inventory Turnover Ratio": {"2020-09-30": "1.14460", "2020-06-30": "0.96130", "2020-03-31": "1.16680", "2019-12-31": "1.25810", "2019-09-30": "1.19780", "2019-06-30": "1.27500", "2019-03-31": "1.33270", "2018-12-31": "1.36400", "2018-09-30": "1.28650", "2018-06-30": "1.42200", "2018-03-31": "1.31350", "2017-12-31": "1.45970", "2017-09-30": "1.15880", "2017-06-30": "1.41750", "2017-03-31": "1.34480", "2016-12-31": "1.44520", "2016-09-30": "1.28970", "2016-06-30": "1.33120", "2016-03-31": "1.23540", "2015-12-31": "1.34780", "2015-09-30": "1.44600", "2015-06-30": "1.36440", "2015-03-31": "1.31430", "2014-12-31": "1.32780", "2014-09-30": "1.40620", "2014-06-30": "1.29950", "2014-03-31": "1.26180", "2013-12-31": "1.34800", "2013-09-30": "1.24150", "2013-06-30": "1.32500", "2013-03-31": "1.30410", "2012-12-31": "1.29250", "2012-09-30": "1.23850", "2012-06-30": "1.29580", "2012-03-31": "1.27530", "2011-12-31": "1.34010", "2011-09-30": "1.22530", "2011-06-30": "1.18680", "2011-03-31": "1.18640", "2010-12-31": "1.42760", "2010-09-30": "1.18960", "2010-06-30": "1.27260", "2010-03-31": "1.25730", "2009-12-31": "1.28230", "2009-09-30": "1.14460", "2009-06-30": "1.14700", "2009-03-31": "1.06940", "2008-12-31": "1.11000", "2008-09-30": "1.03900", "2008-06-30": "1.22600", "2008-03-31": "1.15970", "2007-12-31": "1.21950", "2007-09-30": "1.13790", "2007-06-30": "1.11420", "2007-03-31": "1.04760", "2006-12-31": "1.05790", "2006-09-30": "1.05010", "2006-06-30": "1.07550", "2006-03-31": "1.12120", "2005-12-31": "1.11290", "2005-09-30": "1.11810", "2005-06-30": "1.07650", "2005-03-31": "1.06280"}, "Receiveable Turnover": {"2020-09-30": "1.79310", "2020-06-30": "1.74200", "2020-03-31": "1.82020", "2019-12-31": "1.96530", "2019-09-30": "1.84840", "2019-06-30": "1.81390", "2019-03-31": "1.79390", "2018-12-31": "1.87420", "2018-09-30": "1.79960", "2018-06-30": "1.85540", "2018-03-31": "1.71140", "2017-12-31": "1.89030", "2017-09-30": "1.66860", "2017-06-30": "1.93960", "2017-03-31": "1.91970", "2016-12-31": "2.05780", "2016-09-30": "2.01980", "2016-06-30": "2.03130", "2016-03-31": "1.92480", "2015-12-31": "2.14560", "2015-09-30": "2.07570", "2015-06-30": "2.01910", "2015-03-31": "1.96430", "2014-12-31": "2.02550", "2014-09-30": "2.01980", "2014-06-30": "1.78900", "2014-03-31": "1.68870", "2013-12-31": "1.94690", "2013-09-30": "1.84390", "2013-06-30": "1.83520", "2013-03-31": "1.69570", "2012-12-31": "1.89830", "2012-09-30": "1.78240", "2012-06-30": "1.76090", "2012-03-31": "1.68920", "2011-12-31": "1.79830", "2011-09-30": "1.78730", "2011-06-30": "1.68820", "2011-03-31": "1.58990", "2010-12-31": "1.75270", "2010-09-30": "1.62530", "2010-06-30": "1.68110", "2010-03-31": "1.52990", "2009-12-31": "1.68960", "2009-09-30": "1.59740", "2009-06-30": "1.56780", "2009-03-31": "1.58040", "2008-12-31": "1.75880", "2008-09-30": "1.67130", "2008-06-30": "1.61830", "2008-03-31": "1.58770", "2007-12-31": "1.68660", "2007-09-30": "1.59860", "2007-06-30": "1.62530", "2007-03-31": "1.62650", "2006-12-31": "1.69190", "2006-09-30": "1.66640", "2006-06-30": "1.65210", "2006-03-31": "1.67550", "2005-12-31": "1.73640", "2005-09-30": "1.61030", "2005-06-30": "1.62480", "2005-03-31": "1.52910"}, "Days Sales In Receivables": {"2020-09-30": "50.19370", "2020-06-30": "51.66380", "2020-03-31": "49.44590", "2019-12-31": "45.79400", "2019-09-30": "48.69020", "2019-06-30": "49.61570", "2019-03-31": "50.16880", "2018-12-31": "48.02140", "2018-09-30": "50.01150", "2018-06-30": "48.50640", "2018-03-31": "52.58920", "2017-12-31": "47.61220", "2017-09-30": "53.93770", "2017-06-30": "46.40070", "2017-03-31": "46.88250", "2016-12-31": "43.73560", "2016-09-30": "44.55860", "2016-06-30": "44.30660", "2016-03-31": "46.75830", "2015-12-31": "41.94540", "2015-09-30": "43.35960", "2015-06-30": "44.57390", "2015-03-31": "45.81780", "2014-12-31": "44.43250", "2014-09-30": "44.55840", "2014-06-30": "50.30680", "2014-03-31": "53.29550", "2013-12-31": "46.22620", "2013-09-30": "48.80960", "2013-06-30": "49.04170", "2013-03-31": "53.07610", "2012-12-31": "47.41060", "2012-09-30": "50.49430", "2012-06-30": "51.10970", "2012-03-31": "53.27900", "2011-12-31": "50.04620", "2011-09-30": "50.35620", "2011-06-30": "53.31280", "2011-03-31": "56.60600", "2010-12-31": "51.34810", "2010-09-30": "55.37380", "2010-06-30": "53.53790", "2010-03-31": "58.82840", "2009-12-31": "53.26640", "2009-09-30": "56.34060", "2009-06-30": "57.40660", "2009-03-31": "56.94650", "2008-12-31": "51.17090", "2008-09-30": "53.84880", "2008-06-30": "55.61520", "2008-03-31": "56.68740", "2007-12-31": "53.36260", "2007-09-30": "56.29800", "2007-06-30": "55.37500", "2007-03-31": "55.33340", "2006-12-31": "53.19380", "2006-09-30": "54.00780", "2006-06-30": "54.47550", "2006-03-31": "53.71610", "2005-12-31": "51.83120", "2005-09-30": "55.89200", "2005-06-30": "55.39020", "2005-03-31": "58.85890"}, "ROE - Return On Equity": {"2020-09-30": "8.23170", "2020-06-30": "4.09220", "2020-03-31": "8.31710", "2019-12-31": "7.77900", "2019-09-30": "8.90350", "2019-06-30": "10.09910", "2019-03-31": "8.26520", "2018-12-31": "9.77690", "2018-09-30": "7.60180", "2018-06-30": "7.29820", "2018-03-31": "6.20190", "2017-12-31": "2.59370", "2017-09-30": "11.21770", "2017-06-30": "7.20040", "2017-03-31": "7.12230", "2016-12-31": "7.49800", "2016-09-30": "7.97420", "2016-06-30": "3.95110", "2016-03-31": "6.00720", "2015-12-31": "5.22270", "2015-09-30": "-5.97660", "2015-06-30": "5.92280", "2015-03-31": "5.78990", "2014-12-31": "5.85910", "2014-09-30": "3.25700", "2014-06-30": "5.07990", "2014-03-31": "3.73150", "2013-12-31": "5.75330", "2013-09-30": "4.49690", "2013-06-30": "5.20110", "2013-03-31": "4.76240", "2012-12-31": "4.56200", "2012-09-30": "4.84480", "2012-06-30": "5.18070", "2012-03-31": "5.06850", "2011-12-31": "4.83480", "2011-09-30": "4.44620", "2011-06-30": "4.49680", "2011-03-31": "3.87310", "2010-12-31": "3.61110", "2010-09-30": "2.84560", "2010-06-30": "3.14300", "2010-03-31": "2.17290", "2009-12-31": "2.19520", "2009-09-30": "1.21600", "2009-06-30": "1.51790", "2009-03-31": "-0.36810", "2008-12-31": "1.95310", "2008-09-30": "5.69320", "2008-06-30": "5.73330", "2008-03-31": "4.68060", "2007-12-31": "4.55370", "2007-09-30": "4.83570", "2007-06-30": "5.72980", "2007-03-31": "5.33900", "2006-12-31": "6.07110", "2006-09-30": "5.59560", "2006-06-30": "5.72970", "2006-03-31": "5.30730", "2005-12-31": "4.56330", "2005-09-30": "5.93900", "2005-06-30": "5.39000", "2005-03-31": "3.81900"}, "Return On Tangible Equity": {"2020-09-30": "15.42590", "2020-06-30": "8.14900", "2020-03-31": "16.27390", "2019-12-31": "13.21990", "2019-09-30": "15.01710", "2019-06-30": "16.33600", "2019-03-31": "12.27620", "2018-12-31": "18.93280", "2018-09-30": "10.16170", "2018-06-30": "9.70490", "2018-03-31": "8.17360", "2017-12-31": "4.23990", "2017-09-30": "14.94460", "2017-06-30": "9.92950", "2017-03-31": "10.14220", "2016-12-31": "15.24880", "2016-09-30": "11.62810", "2016-06-30": "5.64170", "2016-03-31": "7.63800", "2015-12-31": "7.80150", "2015-09-30": "-5.97660", "2015-06-30": "5.92280", "2015-03-31": "5.78990", "2014-12-31": "7.74280", "2014-09-30": "3.25700", "2014-06-30": "5.07990", "2014-03-31": "3.73150", "2013-12-31": "7.28440", "2013-09-30": "4.49690", "2013-06-30": "5.20110", "2013-03-31": "4.76240", "2012-12-31": "5.67190", "2012-09-30": "4.84480", "2012-06-30": "5.18070", "2012-03-31": "5.06850", "2011-12-31": "5.58120", "2011-09-30": "4.44620", "2011-06-30": "4.49680", "2011-03-31": "3.87310", "2010-12-31": "4.06050", "2010-09-30": "2.84560", "2010-06-30": "3.14300", "2010-03-31": "2.17290", "2009-12-31": "2.47140", "2009-09-30": "1.21600", "2009-06-30": "1.51790", "2009-03-31": "-0.41010", "2008-12-31": "2.17120", "2008-09-30": "6.22630", "2008-06-30": "6.28880", "2008-03-31": "5.16070", "2007-12-31": "4.98430", "2007-09-30": "5.25400", "2007-06-30": "6.25760", "2007-03-31": "5.86440", "2006-12-31": "6.67110", "2006-09-30": "6.12400", "2006-06-30": "6.29720", "2006-03-31": "5.86560", "2005-12-31": "5.10300", "2005-09-30": "6.52830", "2005-06-30": "5.90620", "2005-03-31": "4.01720"}, "ROA - Return On Assets": {"2020-09-30": "2.63840", "2020-06-30": "1.22840", "2020-03-31": "2.40930", "2019-12-31": "2.68710", "2019-09-30": "3.06870", "2019-06-30": "3.56860", "2019-03-31": "3.03480", "2018-12-31": "3.69300", "2018-09-30": "2.91510", "2018-06-30": "2.82940", "2018-03-31": "2.44400", "2017-12-31": "1.00500", "2017-09-30": "4.40090", "2017-06-30": "2.89070", "2017-03-31": "2.72070", "2016-12-31": "2.74780", "2016-09-30": "3.27400", "2016-06-30": "1.70400", "2016-03-31": "3.01750", "2015-12-31": "2.72950", "2015-09-30": "-3.13680", "2015-06-30": "3.63440", "2015-03-31": "3.55540", "2014-12-31": "3.88480", "2014-09-30": "2.12220", "2014-06-30": "3.60350", "2014-03-31": "2.66910", "2013-12-31": "4.09250", "2013-09-30": "3.03130", "2013-06-30": "3.52050", "2013-03-31": "3.17770", "2012-12-31": "2.96510", "2012-09-30": "3.09520", "2012-06-30": "3.28220", "2012-03-31": "3.17210", "2011-12-31": "2.91840", "2011-09-30": "2.82020", "2011-06-30": "2.84960", "2011-03-31": "2.45310", "2010-12-31": "2.32700", "2010-09-30": "1.81400", "2010-06-30": "1.98150", "2010-03-31": "1.35240", "2009-12-31": "1.39760", "2009-09-30": "0.73560", "2009-06-30": "0.95060", "2009-03-31": "-0.22070", "2008-12-31": "1.14770", "2008-09-30": "3.59140", "2008-06-30": "3.61920", "2008-03-31": "2.97810", "2007-12-31": "3.00910", "2007-09-30": "3.07290", "2007-06-30": "3.56350", "2007-03-31": "3.30590", "2006-12-31": "3.71330", "2006-09-30": "3.23510", "2006-06-30": "3.21940", "2006-03-31": "2.94770", "2005-12-31": "2.56350", "2005-09-30": "3.31340", "2005-06-30": "2.89820", "2005-03-31": "2.04690"}, "ROI - Return On Investment": {"2020-09-30": "4.10160", "2020-06-30": "1.96330", "2020-03-31": "4.01440", "2019-12-31": "4.16070", "2019-09-30": "4.74290", "2019-06-30": "5.48940", "2019-03-31": "4.55080", "2018-12-31": "5.45730", "2018-09-30": "4.33710", "2018-06-30": "4.18930", "2018-03-31": "3.61690", "2017-12-31": "1.47780", "2017-09-30": "6.42810", "2017-06-30": "3.94030", "2017-03-31": "3.75450", "2016-12-31": "3.77150", "2016-09-30": "5.39560", "2016-06-30": "2.71460", "2016-03-31": "4.31490", "2015-12-31": "3.79630", "2015-09-30": "-4.43780", "2015-06-30": "5.25700", "2015-03-31": "5.77090", "2014-12-31": "5.84780", "2014-09-30": "3.25450", "2014-06-30": "5.07600", "2014-03-31": "3.72490", "2013-12-31": "5.73910", "2013-09-30": "4.49290", "2013-06-30": "5.19590", "2013-03-31": "4.75750", "2012-12-31": "4.55660", "2012-09-30": "4.83870", "2012-06-30": "5.17100", "2012-03-31": "5.05860", "2011-12-31": "4.82690", "2011-09-30": "4.44060", "2011-06-30": "4.49070", "2011-03-31": "3.86730", "2010-12-31": "3.36350", "2010-09-30": "2.64820", "2010-06-30": "2.91340", "2010-03-31": "2.01280", "2009-12-31": "2.03090", "2009-09-30": "1.12190", "2009-06-30": "1.39700", "2009-03-31": "-0.33700", "2008-12-31": "1.79080", "2008-09-30": "5.31090", "2008-06-30": "5.34980", "2008-03-31": "4.34010", "2007-12-31": "4.11020", "2007-09-30": "4.35310", "2007-06-30": "5.13150", "2007-03-31": "4.73650", "2006-12-31": "5.35550", "2006-09-30": "4.87570", "2006-06-30": "4.98020", "2006-03-31": "4.33550", "2005-12-31": "3.67410", "2005-09-30": "4.75720", "2005-06-30": "4.23160", "2005-03-31": "2.99430"}, "Book Value Per Share": {"2020-09-30": "11.95110", "2020-06-30": "11.11920", "2020-03-31": "11.24760", "2019-12-31": "13.51790", "2019-09-30": "13.30860", "2019-06-30": "13.69490", "2019-03-31": "13.76860", "2018-12-31": "13.96770", "2018-09-30": "14.39760", "2018-06-30": "14.47720", "2018-03-31": "14.95860", "2017-12-31": "14.20060", "2017-09-30": "14.38540", "2017-06-30": "12.92390", "2017-03-31": "11.91750", "2016-12-31": "10.84440", "2016-09-30": "11.40280", "2016-06-30": "11.78050", "2016-03-31": "12.97330", "2015-12-31": "13.19010", "2015-09-30": "13.96590", "2015-06-30": "15.99640", "2015-03-31": "15.61060", "2014-12-31": "16.69910", "2014-09-30": "17.71990", "2014-06-30": "19.14620", "2014-03-31": "18.80150", "2013-12-31": "18.89510", "2013-09-30": "17.50680", "2013-06-30": "16.96340", "2013-03-31": "16.89550", "2012-12-31": "16.37620", "2012-09-30": "16.08530", "2012-06-30": "15.33650", "2012-03-31": "15.12100", "2011-12-31": "14.24650", "2011-09-30": "14.85750", "2011-06-30": "15.05920", "2011-03-31": "14.36830", "2010-12-31": "13.64500", "2010-09-30": "13.56610", "2010-06-30": "12.86160", "2010-03-31": "12.84130", "2009-12-31": "12.73160", "2009-09-30": "12.45960", "2009-06-30": "12.16690", "2009-03-31": "11.48320", "2008-12-31": "11.87590", "2008-09-30": "14.19540", "2008-06-30": "14.27430", "2008-03-31": "13.37160", "2007-12-31": "12.65330", "2007-09-30": "11.98450", "2007-06-30": "11.21270", "2007-03-31": "10.48330", "2006-12-31": "9.96330", "2006-09-30": "9.18910", "2006-06-30": "8.73420", "2006-03-31": "8.15930", "2005-12-31": "7.73210", "2005-09-30": "7.64700", "2005-06-30": "7.16380", "2005-03-31": "6.99910"}, "Operating Cash Flow Per Share": {"2020-09-30": 1.4855, "2020-06-30": 1.7447, "2020-03-31": "0.36140", "2019-12-31": 1.9123, "2019-09-30": 2.1088, "2019-06-30": 2.0086, "2019-03-31": "0.40500", "2018-12-31": 1.5114, "2018-09-30": 1.6312, "2018-06-30": 1.2098, "2018-03-31": "0.65890", "2017-12-31": 1.3461, "2017-09-30": 1.4057, "2017-06-30": 1.1277, "2017-03-31": "1.14500", "2016-12-31": 1.0108, "2016-09-30": 1.7333, "2016-06-30": 1.4899, "2016-03-31": "0.35190", "2015-12-31": 0.987, "2015-09-30": 1.4756, "2015-06-30": 1.0316, "2015-03-31": "0.68500", "2014-12-31": 1.6531, "2014-09-30": 1.8938, "2014-06-30": 1.3014, "2014-03-31": "0.16700", "2013-12-31": 1.1539, "2013-09-30": 1.8835, "2013-06-30": 1.2841, "2013-03-31": "-0.24050", "2012-12-31": 0.9907, "2012-09-30": 0.9947, "2012-06-30": 0.9694, "2012-03-31": "0.93570", "2011-12-31": 0.7425, "2011-09-30": 1.0001, "2011-06-30": 0.3447, "2011-03-31": "0.19720", "2010-12-31": 0.6229, "2010-09-30": 0.6602, "2010-06-30": 0.3766, "2010-03-31": "0.18230", "2009-12-31": 0.2237, "2009-09-30": 1.1366, "2009-06-30": 0.7301, "2009-03-31": "0.84560", "2008-12-31": 0.4817, "2008-09-30": 1.1104, "2008-06-30": 0.6142, "2008-03-31": "0.78350", "2007-12-31": 0.531, "2007-09-30": 1.1116, "2007-06-30": 0.7478, "2007-03-31": "0.48840", "2006-12-31": 0.1604, "2006-09-30": 0.5521, "2006-06-30": 0.3197, "2006-03-31": "0.34680", "2005-12-31": 0.2108, "2005-09-30": 0.4359, "2005-06-30": 0.5261, "2005-03-31": "0.21280"}, "Free Cash Flow Per Share": {"2020-09-30": 1.2971, "2020-06-30": 1.5248, "2020-03-31": "0.26720", "2019-12-31": 1.6629, "2019-09-30": 1.8404, "2019-06-30": 1.8167, "2019-03-31": "0.15540", "2018-12-31": 1.263, "2018-09-30": 1.5212, "2018-06-30": 0.9575, "2018-03-31": "0.44000", "2017-12-31": 1.0096, "2017-09-30": 1.2565, "2017-06-30": 0.9004, "2017-03-31": "0.96730", "2016-12-31": 0.8677, "2016-09-30": 1.511, "2016-06-30": 1.26, "2016-03-31": "0.23190", "2015-12-31": 0.8585, "2015-09-30": 1.3271, "2015-06-30": 0.811, "2015-03-31": "0.53870", "2014-12-31": 1.4411, "2014-09-30": 1.8388, "2014-06-30": 1.0397, "2014-03-31": "0.00230", "2013-12-31": 0.9674, "2013-09-30": 1.5365, "2013-06-30": 1.0984, "2013-03-31": "-0.41990", "2012-12-31": 0.8429, "2012-09-30": 0.8395, "2012-06-30": 0.8087, "2012-03-31": "0.78960", "2011-12-31": 0.5686, "2011-09-30": 0.7509, "2011-06-30": 0.1866, "2011-03-31": "0.01620", "2010-12-31": 0.4231, "2010-09-30": 0.4488, "2010-06-30": 0.3084, "2010-03-31": "0.06860", "2009-12-31": 0.0831, "2009-09-30": 1.0771, "2009-06-30": 0.6466, "2009-03-31": "0.68780", "2008-12-31": 0.2603, "2008-09-30": 0.8549, "2008-06-30": 0.4032, "2008-03-31": "0.63800", "2007-12-31": 0.3485, "2007-09-30": 0.9307, "2007-06-30": 0.5896, "2007-03-31": "0.30790", "2006-12-31": 0.0226, "2006-09-30": 0.3114, "2006-06-30": 0.1558, "2006-03-31": "0.14310", "2005-12-31": 0.0395, "2005-09-30": 0.2998, "2005-06-30": 0.3949, "2005-03-31": "0.09800"}}, "revenue": {"Lincoln Electric Holdings Annual Revenue (Millions of US $)": {"2019": "$3,003", "2018": "$3,029", "2017": "$2,624", "2016": "$2,275", "2015": "$2,536", "2014": "$2,813", "2013": "$2,853", "2012": "$2,853", "2011": "$2,695", "2010": "$2,070", "2009": "$1,729", "2008": "$2,479", "2007": "$2,281", "2006": "$1,972", "2005": "$1,601"}, "Lincoln Electric Holdings Quarterly Revenue (Millions of US $)": {"2020-09-30": "$669", "2020-06-30": "$591", "2020-03-31": "$702", "2019-12-31": "$736", "2019-09-30": "$731", "2019-06-30": "$777", "2019-03-31": "$759", "2018-12-31": "$744", "2018-09-30": "$737", "2018-06-30": "$790", "2018-03-31": "$758", "2017-12-31": "$747", "2017-09-30": "$669", "2017-06-30": "$627", "2017-03-31": "$581", "2016-12-31": "$564", "2016-09-30": "$568", "2016-06-30": "$592", "2016-03-31": "$551", "2015-12-31": "$568", "2015-09-30": "$645", "2015-06-30": "$665", "2015-03-31": "$658", "2014-12-31": "$684", "2014-09-30": "$716", "2014-06-30": "$729", "2014-03-31": "$685", "2013-12-31": "$715", "2013-09-30": "$692", "2013-06-30": "$727", "2013-03-31": "$719", "2012-12-31": "$685", "2012-09-30": "$698", "2012-06-30": "$744", "2012-03-31": "$727", "2011-12-31": "$695", "2011-09-30": "$702", "2011-06-30": "$699", "2011-03-31": "$599", "2010-12-31": "$564", "2010-09-30": "$519", "2010-06-30": "$516", "2010-03-31": "$471", "2009-12-31": "$462", "2009-09-30": "$442", "2009-06-30": "$413", "2009-03-31": "$412", "2008-12-31": "$526", "2008-09-30": "$633", "2008-06-30": "$700", "2008-03-31": "$620", "2007-12-31": "$580", "2007-09-30": "$565", "2007-06-30": "$587", "2007-03-31": "$549", "2006-12-31": "$506", "2006-09-30": "$495", "2006-06-30": "$503", "2006-03-31": "$468", "2005-12-31": "$420", "2005-09-30": "$412", "2005-06-30": "$406", "2005-03-31": "$363"}}, "gross-profit": {"Lincoln Electric Holdings Annual Gross Profit (Millions of US $)": {"2019": "$1,008", "2018": "$1,029", "2017": "$875", "2016": "$787", "2015": "$841", "2014": "$949", "2013": "$943", "2012": "$867", "2011": "$737", "2010": "$564", "2009": "$456", "2008": "$720", "2007": "$648", "2006": "$552", "2005": "$437"}, "Lincoln Electric Holdings Quarterly Gross Profit (Millions of US $)": {"2020-09-30": "$215", "2020-06-30": "$189", "2020-03-31": "$237", "2019-12-31": "$241", "2019-09-30": "$238", "2019-06-30": "$270", "2019-03-31": "$258", "2018-12-31": "$250", "2018-09-30": "$252", "2018-06-30": "$270", "2018-03-31": "$257", "2017-12-31": "$238", "2017-09-30": "$218", "2017-06-30": "$216", "2017-03-31": "$203", "2016-12-31": "$195", "2016-09-30": "$200", "2016-06-30": "$203", "2016-03-31": "$189", "2015-12-31": "$196", "2015-09-30": "$199", "2015-06-30": "$226", "2015-03-31": "$220", "2014-12-31": "$231", "2014-09-30": "$242", "2014-06-30": "$250", "2014-03-31": "$226", "2013-12-31": "$243", "2013-09-30": "$233", "2013-06-30": "$240", "2013-03-31": "$227", "2012-12-31": "$213", "2012-09-30": "$213", "2012-06-30": "$225", "2012-03-31": "$215", "2011-12-31": "$194", "2011-09-30": "$185", "2011-06-30": "$196", "2011-03-31": "$161", "2010-12-31": "$148", "2010-09-30": "$144", "2010-06-30": "$149", "2010-03-31": "$123", "2009-12-31": "$134", "2009-09-30": "$125", "2009-06-30": "$106", "2009-03-31": "$90", "2008-12-31": "$141", "2008-09-30": "$197", "2008-06-30": "$205", "2008-03-31": "$177", "2007-12-31": "$161", "2007-09-30": "$160", "2007-06-30": "$169", "2007-03-31": "$158", "2006-12-31": "$134", "2006-09-30": "$141", "2006-06-30": "$146", "2006-03-31": "$130", "2005-12-31": "$113", "2005-09-30": "$111", "2005-06-30": "$114", "2005-03-31": "$98"}}, "operating-income": {"Lincoln Electric Holdings Annual Operating Income (Millions of US $)": {"2019": "$371", "2018": "$376", "2017": "$377", "2016": "$284", "2015": "$182", "2014": "$374", "2013": "$407", "2012": "$362", "2011": "$297", "2010": "$186", "2009": "$93", "2008": "$296", "2007": "$278", "2006": "$233", "2005": "$150"}, "Lincoln Electric Holdings Quarterly Operating Income (Millions of US $)": {"2020-09-30": "$78", "2020-06-30": "$40", "2020-03-31": "$81", "2019-12-31": "$83", "2019-09-30": "$89", "2019-06-30": "$105", "2019-03-31": "$94", "2018-12-31": "$95", "2018-09-30": "$101", "2018-06-30": "$95", "2018-03-31": "$85", "2017-12-31": "$76", "2017-09-30": "$136", "2017-06-30": "$86", "2017-03-31": "$79", "2016-12-31": "$78", "2016-09-30": "$82", "2016-06-30": "$48", "2016-03-31": "$75", "2015-12-31": "$78", "2015-09-30": "$-84", "2015-06-30": "$97", "2015-03-31": "$90", "2014-12-31": "$105", "2014-09-30": "$76", "2014-06-30": "$112", "2014-03-31": "$80", "2013-12-31": "$119", "2013-09-30": "$95", "2013-06-30": "$104", "2013-03-31": "$89", "2012-12-31": "$86", "2012-09-30": "$89", "2012-06-30": "$96", "2012-03-31": "$92", "2011-12-31": "$82", "2011-09-30": "$75", "2011-06-30": "$80", "2011-03-31": "$59", "2010-12-31": "$52", "2010-09-30": "$48", "2010-06-30": "$51", "2010-03-31": "$35", "2009-12-31": "$39", "2009-09-30": "$33", "2009-06-30": "$20", "2009-03-31": "$1", "2008-12-31": "$36", "2008-09-30": "$90", "2008-06-30": "$92", "2008-03-31": "$78", "2007-12-31": "$66", "2007-09-30": "$68", "2007-06-30": "$75", "2007-03-31": "$68", "2006-12-31": "$59", "2006-09-30": "$60", "2006-06-30": "$62", "2006-03-31": "$52", "2005-12-31": "$38", "2005-09-30": "$40", "2005-06-30": "$42", "2005-03-31": "$30"}}, "ebitda": {"Lincoln Electric Holdings Annual EBITDA (Millions of US $)": {"2019": "$452", "2018": "$448", "2017": "$445", "2016": "$349", "2015": "$246", "2014": "$443", "2013": "$476", "2012": "$427", "2011": "$359", "2010": "$242", "2009": "$173", "2008": "$353", "2007": "$334", "2006": "$279", "2005": "$192"}, "Lincoln Electric Holdings Quarterly EBITDA (Millions of US $)": {"2020-09-30": "$97", "2020-06-30": "$60", "2020-03-31": "$102", "2019-12-31": "$104", "2019-09-30": "$110", "2019-06-30": "$126", "2019-03-31": "$113", "2018-12-31": "$113", "2018-09-30": "$118", "2018-06-30": "$113", "2018-03-31": "$103", "2017-12-31": "$94", "2017-09-30": "$154", "2017-06-30": "$101", "2017-03-31": "$96", "2016-12-31": "$95", "2016-09-30": "$98", "2016-06-30": "$65", "2016-03-31": "$91", "2015-12-31": "$95", "2015-09-30": "$-68", "2015-06-30": "$112", "2015-03-31": "$107", "2014-12-31": "$122", "2014-09-30": "$93", "2014-06-30": "$130", "2014-03-31": "$98", "2013-12-31": "$136", "2013-09-30": "$113", "2013-06-30": "$121", "2013-03-31": "$106", "2012-12-31": "$103", "2012-09-30": "$106", "2012-06-30": "$112", "2012-03-31": "$107", "2011-12-31": "$82", "2011-09-30": "$96", "2011-06-30": "$101", "2011-03-31": "$80", "2010-12-31": "$51", "2010-09-30": "$67", "2010-06-30": "$70", "2010-03-31": "$54", "2009-12-31": "$64", "2009-09-30": "$51", "2009-06-30": "$40", "2009-03-31": "$19", "2008-12-31": "$50", "2008-09-30": "$104", "2008-06-30": "$106", "2008-03-31": "$92", "2007-12-31": "$84", "2007-09-30": "$81", "2007-06-30": "$88", "2007-03-31": "$80", "2006-12-31": "$71", "2006-09-30": "$72", "2006-06-30": "$73", "2006-03-31": "$63", "2005-12-31": "$49", "2005-09-30": "$50", "2005-06-30": "$52", "2005-03-31": "$40"}}, "net-income": {"Lincoln Electric Holdings Annual Net Income (Millions of US $)": {"2019": "$293", "2018": "$287", "2017": "$248", "2016": "$198", "2015": "$127", "2014": "$255", "2013": "$294", "2012": "$257", "2011": "$217", "2010": "$130", "2009": "$49", "2008": "$212", "2007": "$203", "2006": "$175", "2005": "$122"}, "Lincoln Electric Holdings Quarterly Net Income (Millions of US $)": {"2020-09-30": "$58", "2020-06-30": "$27", "2020-03-31": "$56", "2019-12-31": "$64", "2019-09-30": "$72", "2019-06-30": "$85", "2019-03-31": "$71", "2018-12-31": "$87", "2018-09-30": "$71", "2018-06-30": "$69", "2018-03-31": "$61", "2017-12-31": "$24", "2017-09-30": "$106", "2017-06-30": "$61", "2017-03-31": "$56", "2016-12-31": "$53", "2016-09-30": "$60", "2016-06-30": "$31", "2016-03-31": "$54", "2015-12-31": "$49", "2015-09-30": "$-60", "2015-06-30": "$71", "2015-03-31": "$68", "2014-12-31": "$75", "2014-09-30": "$46", "2014-06-30": "$77", "2014-03-31": "$56", "2013-12-31": "$88", "2013-09-30": "$66", "2013-06-30": "$73", "2013-03-31": "$67", "2012-12-31": "$62", "2012-09-30": "$65", "2012-06-30": "$66", "2012-03-31": "$64", "2011-12-31": "$58", "2011-09-30": "$56", "2011-06-30": "$57", "2011-03-31": "$47", "2010-12-31": "$42", "2010-09-30": "$32", "2010-06-30": "$33", "2010-03-31": "$24", "2009-12-31": "$24", "2009-09-30": "$13", "2009-06-30": "$15", "2009-03-31": "$-4", "2008-12-31": "$19", "2008-09-30": "$69", "2008-06-30": "$70", "2008-03-31": "$53", "2007-12-31": "$50", "2007-09-30": "$50", "2007-06-30": "$55", "2007-03-31": "$48", "2006-12-31": "$52", "2006-09-30": "$44", "2006-06-30": "$43", "2006-03-31": "$37", "2005-12-31": "$30", "2005-09-30": "$38", "2005-06-30": "$32", "2005-03-31": "$22"}}, "eps-earnings-per-share-diluted": {"Lincoln Electric Holdings Annual EPS": {"2019": "$4.68", "2018": "$4.37", "2017": "$3.71", "2016": "$2.91", "2015": "$1.70", "2014": "$3.18", "2013": "$3.54", "2012": "$3.06", "2011": "$2.56", "2010": "$1.53", "2009": "$0.57", "2008": "$2.47", "2007": "$2.34", "2006": "$2.04", "2005": "$1.45"}, "Lincoln Electric Holdings Quarterly EPS": {"2020-09-30": "$0.97", "2020-06-30": "$0.45", "2020-03-31": "$0.91", "2019-12-31": "$1.03", "2019-09-30": "$1.17", "2019-06-30": "$1.36", "2019-03-31": "$1.12", "2018-12-31": "$1.34", "2018-09-30": "$1.07", "2018-06-30": "$1.04", "2018-03-31": "$0.92", "2017-12-31": "$0.36", "2017-09-30": "$1.59", "2017-06-30": "$0.92", "2017-03-31": "$0.84", "2016-12-31": "$0.81", "2016-09-30": "$0.89", "2016-06-30": "$0.45", "2016-03-31": "$0.76", "2015-12-31": "$0.69", "2015-09-30": "$-0.82", "2015-06-30": "$0.94", "2015-03-31": "$0.89", "2014-12-31": "$0.96", "2014-09-30": "$0.57", "2014-06-30": "$0.96", "2014-03-31": "$0.69", "2013-12-31": "$1.07", "2013-09-30": "$0.80", "2013-06-30": "$0.87", "2013-03-31": "$0.80", "2012-12-31": "$0.74", "2012-09-30": "$0.77", "2012-06-30": "$0.79", "2012-03-31": "$0.76", "2011-12-31": "$0.67", "2011-09-30": "$0.66", "2011-06-30": "$0.68", "2011-03-31": "$0.55", "2010-12-31": "$0.50", "2010-09-30": "$0.38", "2010-06-30": "$0.38", "2010-03-31": "$0.28", "2009-12-31": "$0.29", "2009-09-30": "$0.15", "2009-06-30": "$0.18", "2009-03-31": "$-0.04", "2008-12-31": "$0.24", "2008-09-30": "$0.80", "2008-06-30": "$0.81", "2008-03-31": "$0.62", "2007-12-31": "$0.57", "2007-09-30": "$0.58", "2007-06-30": "$0.64", "2007-03-31": "$0.56", "2006-12-31": "$0.60", "2006-09-30": "$0.51", "2006-06-30": "$0.50", "2006-03-31": "$0.43", "2005-12-31": "$0.35", "2005-09-30": "$0.45", "2005-06-30": "$0.39", "2005-03-31": "$0.27"}}, "shares-outstanding": {"Lincoln Electric Holdings Annual Shares Outstanding (Millions of Shares)": {"2019": "63", "2018": "66", "2017": "67", "2016": "68", "2015": "75", "2014": "80", "2013": "83", "2012": "84", "2011": "85", "2010": "85", "2009": "85", "2008": "86", "2007": "87", "2006": "86", "2005": "84"}, "Lincoln Electric Holdings Quarterly Shares Outstanding (Millions of Shares)": {"2020-09-30": "60", "2020-06-30": "60", "2020-03-31": "61", "2019-12-31": "63", "2019-09-30": "62", "2019-06-30": "63", "2019-03-31": "64", "2018-12-31": "66", "2018-09-30": "66", "2018-06-30": "66", "2018-03-31": "66", "2017-12-31": "67", "2017-09-30": "67", "2017-06-30": "67", "2017-03-31": "67", "2016-12-31": "68", "2016-09-30": "67", "2016-06-30": "69", "2016-03-31": "70", "2015-12-31": "75", "2015-09-30": "74", "2015-06-30": "76", "2015-03-31": "77", "2014-12-31": "80", "2014-09-30": "80", "2014-06-30": "81", "2014-03-31": "82", "2013-12-31": "83", "2013-09-30": "83", "2013-06-30": "83", "2013-03-31": "84", "2012-12-31": "84", "2012-09-30": "84", "2012-06-30": "84", "2012-03-31": "85", "2011-12-31": "85", "2011-09-30": "85", "2011-06-30": "84", "2011-03-31": "85", "2010-12-31": "85", "2010-09-30": "85", "2010-06-30": "85", "2010-03-31": "86", "2009-12-31": "85", "2009-09-30": "85", "2009-06-30": "85", "2009-03-31": "85", "2008-12-31": "86", "2008-09-30": "86", "2008-06-30": "86", "2008-03-31": "86", "2007-12-31": "87", "2007-09-30": "87", "2007-06-30": "87", "2007-03-31": "87", "2006-12-31": "86", "2006-09-30": "86", "2006-06-30": "86", "2006-03-31": "85", "2005-12-31": "84", "2005-09-30": "85", "2005-06-30": "84", "2005-03-31": "84"}}, "total-assets": {"Lincoln Electric Holdings Annual Total Assets (Millions of US $)": {"2019": "$2,371", "2018": "$2,350", "2017": "$2,407", "2016": "$1,943", "2015": "$1,784", "2014": "$1,939", "2013": "$2,152", "2012": "$2,090", "2011": "$1,977", "2010": "$1,784", "2009": "$1,705", "2008": "$1,719", "2007": "$1,645", "2006": "$1,395", "2005": "$1,161"}, "Lincoln Electric Holdings Quarterly Total Assets (Millions of US $)": {"2020-09-30": "$2,217", "2020-06-30": "$2,199", "2020-03-31": "$2,306", "2019-12-31": "$2,371", "2019-09-30": "$2,361", "2019-06-30": "$2,394", "2019-03-31": "$2,355", "2018-12-31": "$2,350", "2018-09-30": "$2,420", "2018-06-30": "$2,434", "2018-03-31": "$2,489", "2017-12-31": "$2,407", "2017-09-30": "$2,411", "2017-06-30": "$2,122", "2017-03-31": "$2,053", "2016-12-31": "$1,943", "2016-09-30": "$1,834", "2016-06-30": "$1,837", "2016-03-31": "$1,777", "2015-12-31": "$1,784", "2015-09-30": "$1,928", "2015-06-30": "$1,950", "2015-03-31": "$1,922", "2014-12-31": "$1,939", "2014-09-30": "$2,113", "2014-06-30": "$2,145", "2014-03-31": "$2,114", "2013-12-31": "$2,152", "2013-09-30": "$2,120", "2013-06-30": "$2,060", "2013-03-31": "$2,104", "2012-12-31": "$2,090", "2012-09-30": "$2,092", "2012-06-30": "$2,022", "2012-03-31": "$2,022", "2011-12-31": "$1,977", "2011-09-30": "$1,963", "2011-06-30": "$2,001", "2011-03-31": "$1,914", "2010-12-31": "$1,784", "2010-09-30": "$1,799", "2010-06-30": "$1,731", "2010-03-31": "$1,757", "2009-12-31": "$1,705", "2009-09-30": "$1,752", "2009-06-30": "$1,652", "2009-03-31": "$1,629", "2008-12-31": "$1,719", "2008-09-30": "$1,927", "2008-06-30": "$1,938", "2008-03-31": "$1,796", "2007-12-31": "$1,645", "2007-09-30": "$1,626", "2007-06-30": "$1,550", "2007-03-31": "$1,452", "2006-12-31": "$1,395", "2006-09-30": "$1,356", "2006-06-30": "$1,324", "2006-03-31": "$1,247", "2005-12-31": "$1,161", "2005-09-30": "$1,153", "2005-06-30": "$1,108", "2005-03-31": "$1,087"}}, "cash-on-hand": {"Lincoln Electric Holdings Annual Cash on Hand (Millions of US $)": {"2019": "$200", "2018": "$359", "2017": "$506", "2016": "$418", "2015": "$304", "2014": "$278", "2013": "$300", "2012": "$286", "2011": "$361", "2010": "$366", "2009": "$388", "2008": "$284", "2007": "$217", "2006": "$120", "2005": "$108"}, "Lincoln Electric Holdings Quarterly Cash on Hand (Millions of US $)": {"2020-09-30": "$152", "2020-06-30": "$143", "2020-03-31": "$163", "2019-12-31": "$200", "2019-09-30": "$157", "2019-06-30": "$190", "2019-03-31": "$267", "2018-12-31": "$359", "2018-09-30": "$497", "2018-06-30": "$496", "2018-03-31": "$506", "2017-12-31": "$506", "2017-09-30": "$479", "2017-06-30": "$396", "2017-03-31": "$401", "2016-12-31": "$418", "2016-09-30": "$257", "2016-06-30": "$237", "2016-03-31": "$221", "2015-12-31": "$304", "2015-09-30": "$364", "2015-06-30": "$313", "2015-03-31": "$289", "2014-12-31": "$278", "2014-09-30": "$280", "2014-06-30": "$204", "2014-03-31": "$205", "2013-12-31": "$300", "2013-09-30": "$330", "2013-06-30": "$256", "2013-03-31": "$248", "2012-12-31": "$286", "2012-09-30": "$341", "2012-06-30": "$308", "2012-03-31": "$301", "2011-12-31": "$361", "2011-09-30": "$321", "2011-06-30": "$338", "2011-03-31": "$341", "2010-12-31": "$366", "2010-09-30": "$383", "2010-06-30": "$374", "2010-03-31": "$377", "2009-12-31": "$388", "2009-09-30": "$406", "2009-06-30": "$347", "2009-03-31": "$300", "2008-12-31": "$284", "2008-09-30": "$313", "2008-06-30": "$268", "2008-03-31": "$238", "2007-12-31": "$217", "2007-09-30": "$223", "2007-06-30": "$148", "2007-03-31": "$95", "2006-12-31": "$120", "2006-09-30": "$146", "2006-06-30": "$125", "2006-03-31": "$116", "2005-12-31": "$108", "2005-09-30": "$106", "2005-06-30": "$80", "2005-03-31": "$143"}}, "long-term-debt": {"Lincoln Electric Holdings Annual Long Term Debt (Millions of US $)": {"2019": "$712", "2018": "$703", "2017": "$704", "2016": "$704", "2015": "$350", "2014": "$2", "2013": "$4", "2012": "$2", "2011": "$2", "2010": "$85", "2009": "$88", "2008": "$92", "2007": "$117", "2006": "$114", "2005": "$158"}, "Lincoln Electric Holdings Quarterly Long Term Debt (Millions of US $)": {"2020-09-30": "$716", "2020-06-30": "$716", "2020-03-31": "$716", "2019-12-31": "$712", "2019-09-30": "$714", "2019-06-30": "$710", "2019-03-31": "$706", "2018-12-31": "$703", "2018-09-30": "$698", "2018-06-30": "$700", "2018-03-31": "$701", "2017-12-31": "$704", "2017-09-30": "$705", "2017-06-30": "$705", "2017-03-31": "$703", "2016-12-31": "$704", "2016-09-30": "$360", "2016-06-30": "$361", "2016-03-31": "$350", "2015-12-31": "$350", "2015-09-30": "$351", "2015-06-30": "$152", "2015-03-31": "$4", "2014-12-31": "$2", "2014-09-30": "$1", "2014-06-30": "$1", "2014-03-31": "$3", "2013-12-31": "$4", "2013-09-30": "$1", "2013-06-30": "$1", "2013-03-31": "$1", "2012-12-31": "$2", "2012-09-30": "$2", "2012-06-30": "$2", "2012-03-31": "$2", "2011-12-31": "$2", "2011-09-30": "$2", "2011-06-30": "$2", "2011-03-31": "$2", "2010-12-31": "$85", "2010-09-30": "$85", "2010-06-30": "$86", "2010-03-31": "$87", "2009-12-31": "$88", "2009-09-30": "$89", "2009-06-30": "$90", "2009-03-31": "$90", "2008-12-31": "$92", "2008-09-30": "$88", "2008-06-30": "$88", "2008-03-31": "$90", "2007-12-31": "$117", "2007-09-30": "$115", "2007-06-30": "$112", "2007-03-31": "$114", "2006-12-31": "$114", "2006-09-30": "$116", "2006-06-30": "$112", "2006-03-31": "$155", "2005-12-31": "$158", "2005-09-30": "$160", "2005-06-30": "$163", "2005-03-31": "$160"}}, "total-liabilities": {"Lincoln Electric Holdings Annual Total Liabilities (Millions of US $)": {"2019": "$1,552", "2018": "$1,462", "2017": "$1,474", "2016": "$1,231", "2015": "$852", "2014": "$653", "2013": "$621", "2012": "$732", "2011": "$784", "2010": "$634", "2009": "$620", "2008": "$709", "2007": "$558", "2006": "$542", "2005": "$509"}, "Lincoln Electric Holdings Quarterly Total Liabilities (Millions of US $)": {"2020-09-30": "$1,507", "2020-06-30": "$1,539", "2020-03-31": "$1,638", "2019-12-31": "$1,552", "2019-09-30": "$1,547", "2019-06-30": "$1,548", "2019-03-31": "$1,490", "2018-12-31": "$1,462", "2018-09-30": "$1,492", "2018-06-30": "$1,490", "2018-03-31": "$1,508", "2017-12-31": "$1,474", "2017-09-30": "$1,465", "2017-06-30": "$1,270", "2017-03-31": "$1,269", "2016-12-31": "$1,231", "2016-09-30": "$1,081", "2016-06-30": "$1,045", "2016-03-31": "$884", "2015-12-31": "$852", "2015-09-30": "$916", "2015-06-30": "$754", "2015-03-31": "$742", "2014-12-31": "$653", "2014-09-30": "$736", "2014-06-30": "$623", "2014-03-31": "$602", "2013-12-31": "$621", "2013-09-30": "$691", "2013-06-30": "$666", "2013-03-31": "$700", "2012-12-31": "$732", "2012-09-30": "$755", "2012-06-30": "$741", "2012-03-31": "$757", "2011-12-31": "$784", "2011-09-30": "$718", "2011-06-30": "$733", "2011-03-31": "$702", "2010-12-31": "$634", "2010-09-30": "$652", "2010-06-30": "$640", "2010-03-31": "$664", "2009-12-31": "$620", "2009-09-30": "$692", "2009-06-30": "$618", "2009-03-31": "$652", "2008-12-31": "$709", "2008-09-30": "$711", "2008-06-30": "$714", "2008-03-31": "$653", "2007-12-31": "$558", "2007-09-30": "$593", "2007-06-30": "$586", "2007-03-31": "$553", "2006-12-31": "$542", "2006-09-30": "$572", "2006-06-30": "$580", "2006-03-31": "$554", "2005-12-31": "$509", "2005-09-30": "$510", "2005-06-30": "$512", "2005-03-31": "$504"}}, "total-share-holder-equity": {"Lincoln Electric Holdings Annual Share Holder Equity (Millions of US $)": {"2019": "$819", "2018": "$888", "2017": "$932", "2016": "$712", "2015": "$932", "2014": "$1,286", "2013": "$1,531", "2012": "$1,358", "2011": "$1,193", "2010": "$1,149", "2009": "$1,086", "2008": "$1,010", "2007": "$1,087", "2006": "$853", "2005": "$652"}, "Lincoln Electric Holdings Quarterly Share Holder Equity (Millions of US $)": {"2020-09-30": "$711", "2020-06-30": "$660", "2020-03-31": "$668", "2019-12-31": "$819", "2019-09-30": "$814", "2019-06-30": "$846", "2019-03-31": "$865", "2018-12-31": "$888", "2018-09-30": "$928", "2018-06-30": "$944", "2018-03-31": "$981", "2017-12-31": "$932", "2017-09-30": "$946", "2017-06-30": "$852", "2017-03-31": "$784", "2016-12-31": "$712", "2016-09-30": "$753", "2016-06-30": "$792", "2016-03-31": "$893", "2015-12-31": "$932", "2015-09-30": "$1,012", "2015-06-30": "$1,197", "2015-03-31": "$1,180", "2014-12-31": "$1,286", "2014-09-30": "$1,376", "2014-06-30": "$1,521", "2014-03-31": "$1,512", "2013-12-31": "$1,531", "2013-09-30": "$1,429", "2013-06-30": "$1,394", "2013-03-31": "$1,404", "2012-12-31": "$1,358", "2012-09-30": "$1,336", "2012-06-30": "$1,281", "2012-03-31": "$1,266", "2011-12-31": "$1,193", "2011-09-30": "$1,245", "2011-06-30": "$1,268", "2011-03-31": "$1,212", "2010-12-31": "$1,149", "2010-09-30": "$1,147", "2010-06-30": "$1,092", "2010-03-31": "$1,094", "2009-12-31": "$1,086", "2009-09-30": "$1,060", "2009-06-30": "$1,035", "2009-03-31": "$976", "2008-12-31": "$1,010", "2008-09-30": "$1,216", "2008-06-30": "$1,223", "2008-03-31": "$1,143", "2007-12-31": "$1,087", "2007-09-30": "$1,034", "2007-06-30": "$964", "2007-03-31": "$899", "2006-12-31": "$853", "2006-09-30": "$784", "2006-06-30": "$744", "2006-03-31": "$692", "2005-12-31": "$652", "2005-09-30": "$643", "2005-06-30": "$596", "2005-03-31": "$582"}}, "profit-margins": {"current": "7.59%"}, "gross margin": {"2020-09-30": "32.69%", "2020-06-30": "32.79%", "2020-03-31": "33.47%", "2019-12-31": "33.53%", "2019-09-30": "33.74%", "2019-06-30": "34.14%", "2019-03-31": "33.99%", "2018-12-31": "33.97%", "2018-09-30": "33.54%", "2018-06-30": "33.16%", "2018-03-31": "33.17%", "2017-12-31": "33.35%", "2017-09-30": "34.08%", "2017-06-30": "34.79%", "2017-03-31": "34.75%", "2016-12-31": "34.59%", "2016-09-30": "34.58%", "2016-06-30": "33.40%", "2016-03-31": "33.35%", "2015-12-31": "33.16%", "2015-09-30": "33.03%", "2015-06-30": "33.75%", "2015-03-31": "33.84%", "2014-12-31": "33.72%", "2014-09-30": "33.78%", "2014-06-30": "33.75%", "2014-03-31": "33.42%", "2013-12-31": "33.05%", "2013-09-30": "32.34%", "2013-06-30": "31.57%", "2013-03-31": "30.85%", "2012-12-31": "30.34%", "2012-09-30": "29.57%", "2012-06-30": "28.56%", "2012-03-31": "27.98%", "2011-12-31": "27.31%", "2011-09-30": "26.91%", "2011-06-30": "27.26%", "2011-03-31": "27.39%", "2010-12-31": "27.25%", "2010-09-30": "27.95%", "2010-06-30": "28.08%", "2010-03-31": "27.29%", "2009-12-31": "26.32%", "2009-09-30": "25.77%", "2009-06-30": "26.92%", "2009-03-31": "27.87%", "2008-12-31": "29.04%", "2008-09-30": "29.21%", "2008-06-30": "28.52%", "2008-03-31": "28.36%", "2007-12-31": "28.41%", "2007-09-30": "28.14%", "2007-06-30": "28.17%", "2007-03-31": "28.20%", "2006-12-31": "27.94%", "2006-09-30": "28.10%", "2006-06-30": "27.73%", "2006-03-31": "27.43%", "2005-12-31": "27.23%"}, "operating margin": {"2020-09-30": "10.45%", "2020-06-30": "10.62%", "2020-03-31": "12.15%", "2019-12-31": "12.35%", "2019-09-30": "12.72%", "2019-06-30": "13.09%", "2019-03-31": "12.71%", "2018-12-31": "12.41%", "2018-09-30": "11.77%", "2018-06-30": "13.23%", "2018-03-31": "13.67%", "2017-12-31": "14.37%", "2017-09-30": "15.53%", "2017-06-30": "13.89%", "2017-03-31": "12.45%", "2016-12-31": "12.44%", "2016-09-30": "12.42%", "2016-06-30": "4.97%", "2016-03-31": "6.83%", "2015-12-31": "7.14%", "2015-09-30": "7.84%", "2015-06-30": "13.51%", "2015-03-31": "13.74%", "2014-12-31": "13.26%", "2014-09-30": "13.60%", "2014-06-30": "14.39%", "2014-03-31": "14.12%", "2013-12-31": "14.27%", "2013-09-30": "13.25%", "2013-06-30": "13.01%", "2013-03-31": "12.65%", "2012-12-31": "12.72%", "2012-09-30": "12.53%", "2012-06-30": "12.03%", "2012-03-31": "11.65%", "2011-12-31": "10.98%", "2011-09-30": "10.37%", "2011-06-30": "10.04%", "2011-03-31": "9.55%", "2010-12-31": "8.99%", "2010-09-30": "8.79%", "2010-06-30": "8.36%", "2010-03-31": "7.10%", "2009-12-31": "5.38%", "2009-09-30": "5.02%", "2009-06-30": "7.41%", "2009-03-31": "9.64%", "2008-12-31": "11.94%", "2008-09-30": "12.87%", "2008-06-30": "12.33%", "2008-03-31": "12.20%", "2007-12-31": "12.14%", "2007-09-30": "12.23%", "2007-06-30": "12.26%", "2007-03-31": "12.13%", "2006-12-31": "11.82%", "2006-09-30": "11.24%", "2006-06-30": "10.65%", "2006-03-31": "10.08%", "2005-12-31": "9.37%"}, "ebitda margin": {"2020-09-30": "13.45%", "2020-06-30": "13.62%", "2020-03-31": "15.00%", "2019-12-31": "15.08%", "2019-09-30": "15.34%", "2019-06-30": "15.58%", "2019-03-31": "15.08%", "2018-12-31": "14.76%", "2018-09-30": "14.12%", "2018-06-30": "15.65%", "2018-03-31": "16.14%", "2017-12-31": "16.96%", "2017-09-30": "18.27%", "2017-06-30": "16.67%", "2017-03-31": "15.36%", "2016-12-31": "15.34%", "2016-09-30": "15.31%", "2016-06-30": "7.77%", "2016-03-31": "9.47%", "2015-12-31": "9.70%", "2015-09-30": "10.29%", "2015-06-30": "15.94%", "2015-03-31": "16.22%", "2014-12-31": "15.74%", "2014-09-30": "16.06%", "2014-06-30": "16.91%", "2014-03-31": "16.60%", "2013-12-31": "16.68%", "2013-09-30": "15.69%", "2013-06-30": "15.41%", "2013-03-31": "15.00%", "2012-12-31": "15.00%", "2012-09-30": "14.21%", "2012-06-30": "13.84%", "2012-03-31": "13.67%", "2011-12-31": "13.32%", "2011-09-30": "12.79%", "2011-06-30": "12.56%", "2011-03-31": "12.19%", "2010-12-31": "11.69%", "2010-09-30": "12.96%", "2010-06-30": "12.64%", "2010-03-31": "11.69%", "2009-12-31": "10.06%", "2009-09-30": "8.92%", "2009-06-30": "10.74%", "2009-03-31": "12.29%", "2008-12-31": "14.20%", "2008-09-30": "15.24%", "2008-06-30": "14.73%", "2008-03-31": "14.67%", "2007-12-31": "14.60%", "2007-09-30": "14.50%", "2007-06-30": "14.55%", "2007-03-31": "14.42%", "2006-12-31": "14.15%", "2006-09-30": "13.63%", "2006-06-30": "13.03%", "2006-03-31": "12.54%", "2005-12-31": "11.93%"}, "pre tax profit margin": {"2020-09-30": "9.75%", "2020-06-30": "10.22%", "2020-03-31": "11.91%", "2019-12-31": "12.25%", "2019-09-30": "12.69%", "2019-06-30": "12.79%", "2019-03-31": "12.44%", "2018-12-31": "12.15%", "2018-09-30": "11.48%", "2018-06-30": "12.92%", "2018-03-31": "13.32%", "2017-12-31": "13.99%", "2017-09-30": "15.20%", "2017-06-30": "13.68%", "2017-03-31": "12.23%", "2016-12-31": "12.18%", "2016-09-30": "11.85%", "2016-06-30": "4.29%", "2016-03-31": "6.13%", "2015-12-31": "6.66%", "2015-09-30": "7.50%", "2015-06-30": "13.44%", "2015-03-31": "13.89%", "2014-12-31": "13.36%", "2014-09-30": "13.92%", "2014-06-30": "14.75%", "2014-03-31": "14.47%", "2013-12-31": "14.62%", "2013-09-30": "13.60%", "2013-06-30": "13.33%", "2013-03-31": "12.93%", "2012-12-31": "12.96%", "2012-09-30": "12.74%", "2012-06-30": "12.20%", "2012-03-31": "11.80%", "2011-12-31": "11.17%", "2011-09-30": "10.53%", "2011-06-30": "10.21%", "2011-03-31": "9.74%", "2010-12-31": "9.08%", "2010-09-30": "8.94%", "2010-06-30": "7.99%", "2010-03-31": "6.94%", "2009-12-31": "5.03%", "2009-09-30": "4.46%", "2009-06-30": "7.51%", "2009-03-31": "9.64%", "2008-12-31": "12.10%", "2008-09-30": "13.30%", "2008-06-30": "12.74%", "2008-03-31": "12.67%", "2007-12-31": "12.63%", "2007-09-30": "12.69%", "2007-06-30": "12.73%", "2007-03-31": "12.47%", "2006-12-31": "12.12%", "2006-09-30": "11.40%", "2006-06-30": "10.87%", "2006-03-31": "10.32%", "2005-12-31": "9.62%"}, "net profit margin": {"2020-09-30": "7.60%", "2020-06-30": "7.93%", "2020-03-31": "9.40%", "2019-12-31": "9.72%", "2019-09-30": "10.46%", "2019-06-30": "10.41%", "2019-03-31": "9.83%", "2018-12-31": "9.51%", "2018-09-30": "7.42%", "2018-06-30": "8.77%", "2018-03-31": "9.00%", "2017-12-31": "9.41%", "2017-09-30": "11.31%", "2017-06-30": "9.83%", "2017-03-31": "8.68%", "2016-12-31": "8.70%", "2016-09-30": "8.51%", "2016-06-30": "3.14%", "2016-03-31": "4.69%", "2015-12-31": "5.05%", "2015-09-30": "5.81%", "2015-06-30": "9.55%", "2015-03-31": "9.54%", "2014-12-31": "9.03%", "2014-09-30": "9.38%", "2014-06-30": "10.17%", "2014-03-31": "10.04%", "2013-12-31": "10.30%", "2013-09-30": "9.49%", "2013-06-30": "9.44%", "2013-03-31": "9.14%", "2012-12-31": "9.00%", "2012-09-30": "8.83%", "2012-06-30": "8.51%", "2012-03-31": "8.32%", "2011-12-31": "8.09%", "2011-09-30": "7.88%", "2011-06-30": "7.48%", "2011-03-31": "7.01%", "2010-12-31": "6.33%", "2010-09-30": "5.74%", "2010-06-30": "4.97%", "2010-03-31": "4.25%", "2009-12-31": "2.78%", "2009-09-30": "2.40%", "2009-06-30": "4.99%", "2009-03-31": "6.78%", "2008-12-31": "8.51%", "2008-09-30": "9.55%", "2008-06-30": "9.05%", "2008-03-31": "8.84%", "2007-12-31": "8.90%", "2007-09-30": "9.29%", "2007-06-30": "9.31%", "2007-03-31": "9.11%", "2006-12-31": "8.92%", "2006-09-30": "8.17%", "2006-06-30": "8.21%", "2006-03-31": "8.03%", "2005-12-31": "7.62%"}, "pe ratio": {"current": "28.45", "2021-02-05": "34.29", "2020-09-30": "27.27", "2020-06-30": "23.43", "2020-03-31": "15.20", "2019-12-31": "20.21", "2019-09-30": "16.88", "2019-06-30": "16.25", "2019-03-31": "17.61", "2018-12-31": "17.22", "2018-09-30": "26.20", "2018-06-30": "21.25", "2018-03-31": "22.37", "2017-12-31": "23.16", "2017-09-30": "20.59", "2017-06-30": "24.78", "2017-03-31": "26.94", "2016-12-31": "24.33", "2016-09-30": "20.71", "2016-06-30": "50.51", "2016-03-31": "34.15", "2015-12-31": "27.78", "2015-09-30": "23.93", "2015-06-30": "16.20", "2015-03-31": "17.22", "2014-12-31": "19.25", "2014-09-30": "18.54", "2014-06-30": "17.46", "2014-03-31": "18.40", "2013-12-31": "17.61", "2013-09-30": "18.08", "2013-06-30": "15.64", "2013-03-31": "15.12", "2012-12-31": "13.72", "2012-09-30": "11.18", "2012-06-30": "12.95", "2012-03-31": "13.89", "2011-12-31": "12.89", "2011-09-30": "10.27", "2011-06-30": "14.31", "2011-03-31": "17.59", "2010-12-31": "17.82", "2010-09-30": "18.16", "2010-06-30": "19.30", "2010-03-31": "25.19", "2009-12-31": "38.29", "2009-09-30": "37.42", "2009-06-30": "12.49", "2009-03-31": "7.06", "2008-12-31": "8.24", "2008-09-30": "9.08", "2008-06-30": "12.04", "2008-03-31": "10.55", "2007-12-31": "11.93", "2007-09-30": "12.72", "2007-06-30": "12.47", "2007-03-31": "10.62", "2006-12-31": "11.38"}, "price sales": {"2021-02-05": "2.60", "2020-09-30": "2.07", "2020-06-30": "1.86", "2020-03-31": "1.43", "2019-12-31": "1.98", "2019-09-30": "1.78", "2019-06-30": "1.70", "2019-03-31": "1.74", "2018-12-31": "1.64", "2018-09-30": "1.94", "2018-06-30": "1.86", "2018-03-31": "2.02", "2017-12-31": "2.18", "2017-09-30": "2.35", "2017-06-30": "2.46", "2017-03-31": "2.37", "2016-12-31": "2.14", "2016-09-30": "1.77", "2016-06-30": "1.65", "2016-03-31": "1.62", "2015-12-31": "1.40", "2015-09-30": "1.36", "2015-06-30": "1.56", "2015-03-31": "1.66", "2014-12-31": "1.75", "2014-09-30": "1.74", "2014-06-30": "1.79", "2014-03-31": "1.85", "2013-12-31": "1.82", "2013-09-30": "1.72", "2013-06-30": "1.47", "2013-03-31": "1.39", "2012-12-31": "1.24", "2012-09-30": "0.99", "2012-06-30": "1.10", "2012-03-31": "1.16", "2011-12-31": "1.04", "2011-09-30": "0.81", "2011-06-30": "1.07", "2011-03-31": "1.23", "2010-12-31": "1.12", "2010-09-30": "1.04", "2010-06-30": "0.95", "2010-03-31": "1.06", "2009-12-31": "1.07", "2009-09-30": "0.92", "2009-06-30": "0.63", "2009-03-31": "0.48", "2008-12-31": "0.70", "2008-09-30": "0.87", "2008-06-30": "1.09", "2008-03-31": "0.93", "2007-12-31": "1.06", "2007-09-30": "1.19", "2007-06-30": "1.17", "2007-03-31": "0.97", "2006-12-31": "1.02"}, "price book": {"current": "9.64", "2021-02-05": "9.64", "2020-09-30": "7.67", "2020-06-30": "7.50", "2020-03-31": "6.04", "2019-12-31": "7.00", "2019-09-30": "6.34", "2019-06-30": "5.82", "2019-03-31": "5.86", "2018-12-31": "5.40", "2018-09-30": "6.17", "2018-06-30": "5.74", "2018-03-31": "5.67", "2017-12-31": "6.05", "2017-09-30": "5.96", "2017-06-30": "6.63", "2017-03-31": "6.76", "2016-12-31": "6.53", "2016-09-30": "5.05", "2016-06-30": "4.59", "2016-03-31": "4.11", "2015-12-31": "3.56", "2015-09-30": "3.38", "2015-06-30": "3.40", "2015-03-31": "3.73", "2014-12-31": "3.67", "2014-09-30": "3.44", "2014-06-30": "3.21", "2014-03-31": "3.36", "2013-12-31": "3.30", "2013-09-30": "3.31", "2013-06-30": "2.93", "2013-03-31": "2.78", "2012-12-31": "2.56", "2012-09-30": "2.08", "2012-06-30": "2.44", "2012-03-31": "2.55", "2011-12-31": "2.33", "2011-09-30": "1.65", "2011-06-30": "2.00", "2011-03-31": "2.21", "2010-12-31": "1.99", "2010-09-30": "1.77", "2010-06-30": "1.64", "2010-03-31": "1.74", "2009-12-31": "1.71", "2009-09-30": "1.55", "2009-06-30": "1.20", "2009-03-31": "1.11", "2008-12-31": "1.71", "2008-09-30": "1.79", "2008-06-30": "2.17", "2008-03-31": "1.89", "2007-12-31": "2.20", "2007-09-30": "2.53", "2007-06-30": "2.57", "2007-03-31": "2.20", "2006-12-31": "2.34", "2006-09-30": "2.28", "2006-06-30": "2.75", "2006-03-31": "2.53"}, "price fcf": {"2021-02-05": "", "2020-09-30": "$4.75", "2020-06-30": "$5.30", "2020-03-31": "$5.59", "2019-12-31": "$5.48", "2019-09-30": "$5.08", "2019-06-30": "$4.76", "2019-03-31": "$3.90", "2018-12-31": "$4.18", "2018-09-30": "$3.93", "2018-06-30": "$3.66", "2018-03-31": "$3.61", "2017-12-31": "$4.13", "2017-09-30": "$3.99", "2017-06-30": "$4.25", "2017-03-31": "$4.61", "2016-12-31": "$3.87", "2016-09-30": "$3.86", "2016-06-30": "$3.68", "2016-03-31": "$3.23", "2015-12-31": "$3.54", "2015-09-30": "$4.12", "2015-06-30": "$4.63", "2015-03-31": "$4.86", "2014-12-31": "$4.32", "2014-09-30": "$3.85", "2014-06-30": "$3.55", "2014-03-31": "$3.60", "2013-12-31": "$3.18", "2013-09-30": "$3.06", "2013-06-30": "$2.36", "2013-03-31": "$2.07", "2012-12-31": "$3.28", "2012-09-30": "$3.01", "2012-06-30": "$2.92", "2012-03-31": "$2.30", "2011-12-31": "$1.52", "2011-09-30": "$1.38", "2011-06-30": "$1.07", "2011-03-31": "$1.20", "2010-12-31": "$1.25", "2010-09-30": "$0.91", "2010-06-30": "$1.54", "2010-03-31": "$1.88", "2009-12-31": "$2.49", "2009-09-30": "$2.67", "2009-06-30": "$2.45", "2009-03-31": "$2.21", "2008-12-31": "$2.16", "2008-09-30": "$2.24", "2008-06-30": "$2.32", "2008-03-31": "$2.51", "2007-12-31": "$2.18", "2007-09-30": "$1.85", "2007-06-30": "$1.23", "2007-03-31": "$0.80", "2006-12-31": "$0.63"}, "net worth": {"value": "$6.85B"}, "current ratio": {"current": "1.93", "2020-09-30": "1.93", "2020-06-30": "1.77", "2020-03-31": "1.62", "2019-12-31": "1.91", "2019-09-30": "1.89", "2019-06-30": "1.98", "2019-03-31": "2.27", "2018-12-31": "2.30", "2018-09-30": "2.58", "2018-06-30": "2.62", "2018-03-31": "2.63", "2017-12-31": "2.60", "2017-09-30": "2.55", "2017-06-30": "2.91", "2017-03-31": "2.72", "2016-12-31": "2.69", "2016-09-30": "1.54", "2016-06-30": "1.65", "2016-03-31": "2.25", "2015-12-31": "2.53", "2015-09-30": "2.44", "2015-06-30": "2.32", "2015-03-31": "1.80", "2014-12-31": "2.23", "2014-09-30": "2.12", "2014-06-30": "2.38", "2014-03-31": "2.51", "2013-12-31": "2.48", "2013-09-30": "2.46", "2013-06-30": "2.51", "2013-03-31": "2.54", "2012-12-31": "2.57", "2012-09-30": "2.52", "2012-06-30": "2.69", "2012-03-31": "2.72", "2011-12-31": "2.59", "2011-09-30": "2.27", "2011-06-30": "2.37", "2011-03-31": "2.42", "2010-12-31": "3.23", "2010-09-30": "3.01", "2010-06-30": "3.08", "2010-03-31": "3.08", "2009-12-31": "3.44", "2009-09-30": "2.98", "2009-06-30": "3.34", "2009-03-31": "3.07", "2008-12-31": "2.87", "2008-09-30": "2.50", "2008-06-30": "2.49", "2008-03-31": "2.59", "2007-12-31": "3.11", "2007-09-30": "2.80", "2007-06-30": "2.68", "2007-03-31": "2.69", "2006-12-31": "2.45", "2006-09-30": "2.14", "2006-06-30": "2.03", "2006-03-31": "2.24", "2005-12-31": "2.30", "2005-09-30": "2.38", "2005-06-30": "2.15", "2005-03-31": "2.36"}, "quick ratio": {"2020-09-30": "1.18", "2020-06-30": "1.04", "2020-03-31": "1.01", "2019-12-31": "1.21", "2019-09-30": "1.17", "2019-06-30": "1.28", "2019-03-31": "1.56", "2018-12-31": "1.63", "2018-09-30": "1.89", "2018-06-30": "1.94", "2018-03-31": "1.93", "2017-12-31": "1.94", "2017-09-30": "1.83", "2017-06-30": "2.21", "2017-03-31": "2.05", "2016-12-31": "2.03", "2016-09-30": "1.07", "2016-06-30": "1.12", "2016-03-31": "1.52", "2015-12-31": "1.78", "2015-09-30": "1.74", "2015-06-30": "1.63", "2015-03-31": "1.25", "2014-12-31": "1.53", "2014-09-30": "1.53", "2014-06-30": "1.59", "2014-03-31": "1.67", "2013-12-31": "1.71", "2013-09-30": "1.69", "2013-06-30": "1.69", "2013-03-31": "1.72", "2012-12-31": "1.74", "2012-09-30": "1.72", "2012-06-30": "1.82", "2012-03-31": "1.84", "2011-12-31": "1.80", "2011-09-30": "1.50", "2011-06-30": "1.58", "2011-03-31": "1.67", "2010-12-31": "2.36", "2010-09-30": "2.16", "2010-06-30": "2.25", "2010-03-31": "2.28", "2009-12-31": "2.58", "2009-09-30": "2.20", "2009-06-30": "2.41", "2009-03-31": "2.10", "2008-12-31": "1.90", "2008-09-30": "1.63", "2008-06-30": "1.65", "2008-03-31": "1.68", "2007-12-31": "2.01", "2007-09-30": "1.80", "2007-06-30": "1.62", "2007-03-31": "1.53", "2006-12-31": "1.41", "2006-09-30": "1.28", "2006-06-30": "1.21", "2006-03-31": "1.34", "2005-12-31": "1.37", "2005-09-30": "1.43", "2005-06-30": "1.24", "2005-03-31": "1.49"}, "debt equity ratio": {"current": "1.01", "2020-09-30": "2.12", "2020-06-30": "2.33", "2020-03-31": "2.45", "2019-12-31": "1.90", "2019-09-30": "1.90", "2019-06-30": "1.83", "2019-03-31": "1.72", "2018-12-31": "1.65", "2018-09-30": "1.61", "2018-06-30": "1.58", "2018-03-31": "1.54", "2017-12-31": "1.58", "2017-09-30": "1.55", "2017-06-30": "1.49", "2017-03-31": "1.62", "2016-12-31": "1.73", "2016-09-30": "1.44", "2016-06-30": "1.32", "2016-03-31": "0.99", "2015-12-31": "0.91", "2015-09-30": "0.91", "2015-06-30": "0.63", "2015-03-31": "0.63", "2014-12-31": "0.51", "2014-09-30": "0.54", "2014-06-30": "0.41", "2014-03-31": "0.40", "2013-12-31": "0.41", "2013-09-30": "0.48", "2013-06-30": "0.48", "2013-03-31": "0.50", "2012-12-31": "0.54", "2012-09-30": "0.57", "2012-06-30": "0.58", "2012-03-31": "0.60", "2011-12-31": "0.66", "2011-09-30": "0.58", "2011-06-30": "0.58", "2011-03-31": "0.58", "2010-12-31": "0.55", "2010-09-30": "0.57", "2010-06-30": "0.59", "2010-03-31": "0.61", "2009-12-31": "0.57", "2009-09-30": "0.65", "2009-06-30": "0.60", "2009-03-31": "0.67", "2008-12-31": "0.70", "2008-09-30": "0.59", "2008-06-30": "0.58", "2008-03-31": "0.57", "2007-12-31": "0.51", "2007-09-30": "0.57", "2007-06-30": "0.61", "2007-03-31": "0.62", "2006-12-31": "0.64", "2006-09-30": "0.73", "2006-06-30": "0.78", "2006-03-31": "0.80", "2005-12-31": "0.78", "2005-09-30": "0.79", "2005-06-30": "0.86", "2005-03-31": "0.87"}, "return on equity": {"2020-09-30": "28.69%", "2020-06-30": "29.58%", "2020-03-31": "35.21%", "2019-12-31": "34.93%", "2019-09-30": "36.92%", "2019-06-30": "35.61%", "2019-03-31": "32.88%", "2018-12-31": "30.79%", "2018-09-30": "23.78%", "2018-06-30": "27.35%", "2018-03-31": "27.16%", "2017-12-31": "28.12%", "2017-09-30": "33.52%", "2017-06-30": "29.67%", "2017-03-31": "26.31%", "2016-12-31": "25.14%", "2016-09-30": "23.03%", "2016-06-30": "8.16%", "2016-03-31": "11.30%", "2015-12-31": "11.85%", "2015-09-30": "13.18%", "2015-06-30": "20.64%", "2015-03-31": "19.84%", "2014-12-31": "17.84%", "2014-09-30": "17.98%", "2014-06-30": "19.16%", "2014-03-31": "19.30%", "2013-12-31": "20.42%", "2013-09-30": "19.19%", "2013-06-30": "19.45%", "2013-03-31": "19.33%", "2012-12-31": "19.61%", "2012-09-30": "19.94%", "2012-06-30": "19.58%", "2012-03-31": "18.91%", "2011-12-31": "17.73%", "2011-09-30": "16.58%", "2011-06-30": "14.91%", "2011-03-31": "13.39%", "2010-12-31": "11.69%", "2010-09-30": "10.23%", "2010-06-30": "8.68%", "2010-03-31": "7.11%", "2009-12-31": "4.62%", "2009-09-30": "4.21%", "2009-06-30": "9.35%", "2009-03-31": "13.92%", "2008-12-31": "18.38%", "2008-09-30": "20.73%", "2008-06-30": "19.88%", "2008-03-31": "19.68%", "2007-12-31": "20.38%", "2007-09-30": "21.87%", "2007-06-30": "22.74%", "2007-03-31": "22.80%", "2006-12-31": "22.91%", "2006-09-30": "21.45%", "2006-06-30": "21.68%", "2006-03-31": "21.22%", "2005-12-31": "19.73%"}, "return on assets": {"2020-09-30": "9.02%", "2020-06-30": "9.48%", "2020-03-31": "11.75%", "2019-12-31": "12.32%", "2019-09-30": "13.32%", "2019-06-30": "13.19%", "2019-03-31": "12.47%", "2018-12-31": "11.88%", "2018-09-30": "9.23%", "2018-06-30": "10.68%", "2018-03-31": "10.69%", "2017-12-31": "10.99%", "2017-09-30": "12.94%", "2017-06-30": "11.57%", "2017-03-31": "10.43%", "2016-12-31": "10.72%", "2016-09-30": "10.73%", "2016-06-30": "4.04%", "2016-03-31": "6.13%", "2015-12-31": "6.75%", "2015-09-30": "7.96%", "2015-06-30": "13.12%", "2015-03-31": "13.11%", "2014-12-31": "12.22%", "2014-09-30": "12.53%", "2014-06-30": "13.46%", "2014-03-31": "13.40%", "2013-12-31": "13.94%", "2013-09-30": "12.80%", "2013-06-30": "12.80%", "2013-03-31": "12.52%", "2012-12-31": "12.50%", "2012-09-30": "12.47%", "2012-06-30": "12.22%", "2012-03-31": "11.80%", "2011-12-31": "11.10%", "2011-09-30": "10.55%", "2011-06-30": "9.50%", "2011-03-31": "8.52%", "2010-12-31": "7.41%", "2010-09-30": "6.46%", "2010-06-30": "5.41%", "2010-03-31": "4.43%", "2009-12-31": "2.85%", "2009-09-30": "2.55%", "2009-06-30": "5.72%", "2009-03-31": "8.54%", "2008-12-31": "11.44%", "2008-09-30": "13.25%", "2008-06-30": "12.73%", "2008-03-31": "12.57%", "2007-12-31": "12.94%", "2007-09-30": "13.61%", "2007-06-30": "13.84%", "2007-03-31": "13.53%", "2006-12-31": "13.23%", "2006-09-30": "12.11%", "2006-06-30": "12.12%", "2006-03-31": "11.74%", "2005-12-31": "10.82%"}, "return on investments": {"2020-09-30": "19.73%", "2020-06-30": "20.14%", "2020-03-31": "23.87%", "2019-12-31": "23.99%", "2019-09-30": "24.53%", "2019-06-30": "24.91%", "2019-03-31": "23.95%", "2018-12-31": "22.99%", "2018-09-30": "21.67%", "2018-06-30": "23.71%", "2018-03-31": "23.47%", "2017-12-31": "23.81%", "2017-09-30": "24.80%", "2017-06-30": "23.32%", "2017-03-31": "22.21%", "2016-12-31": "22.98%", "2016-09-30": "23.62%", "2016-06-30": "9.28%", "2016-03-31": "12.68%", "2015-12-31": "13.98%", "2015-09-30": "16.05%", "2015-06-30": "28.32%", "2015-03-31": "28.51%", "2014-12-31": "26.16%", "2014-09-30": "26.02%", "2014-06-30": "27.06%", "2014-03-31": "27.10%", "2013-12-31": "28.24%", "2013-09-30": "26.76%", "2013-06-30": "26.77%", "2013-03-31": "26.74%", "2012-12-31": "27.66%", "2012-09-30": "28.25%", "2012-06-30": "27.64%", "2012-03-31": "26.43%", "2011-12-31": "24.04%", "2011-09-30": "21.43%", "2011-06-30": "19.31%", "2011-03-31": "17.29%", "2010-12-31": "15.42%", "2010-09-30": "14.52%", "2010-06-30": "13.50%", "2010-03-31": "10.98%", "2009-12-31": "8.24%", "2009-09-30": "8.11%", "2009-06-30": "12.80%", "2009-03-31": "18.32%", "2008-12-31": "23.93%", "2008-09-30": "25.82%", "2008-06-30": "24.84%", "2008-03-31": "24.62%", "2007-12-31": "24.94%", "2007-09-30": "25.68%", "2007-06-30": "26.49%", "2007-03-31": "26.67%", "2006-12-31": "26.11%", "2006-09-30": "24.85%", "2006-06-30": "23.15%", "2006-03-31": "21.37%", "2005-12-31": "19.26%"}, "return on tangible equity": {"2020-09-30": "53.49%", "2020-06-30": "53.55%", "2020-03-31": "60.61%", "2019-12-31": "56.45%", "2019-09-30": "61.61%", "2019-06-30": "55.65%", "2019-03-31": "48.77%", "2018-12-31": "44.21%", "2018-09-30": "33.11%", "2018-06-30": "38.04%", "2018-03-31": "38.15%", "2017-12-31": "40.34%", "2017-09-30": "49.53%", "2017-06-30": "45.21%", "2017-03-31": "40.57%", "2016-12-31": "37.31%", "2016-09-30": "32.37%", "2016-06-30": "10.23%", "2016-03-31": "12.90%", "2015-12-31": "12.76%", "2015-09-30": "14.12%", "2015-06-30": "22.01%", "2015-03-31": "21.07%", "2014-12-31": "18.88%", "2014-09-30": "19.01%", "2014-06-30": "20.24%", "2014-03-31": "20.42%", "2013-12-31": "21.63%", "2013-09-30": "20.15%", "2013-06-30": "20.43%", "2013-03-31": "20.34%", "2012-12-31": "20.66%", "2012-09-30": "20.58%", "2012-06-30": "20.22%", "2012-03-31": "19.53%", "2011-12-31": "18.32%", "2011-09-30": "17.02%", "2011-06-30": "15.32%", "2011-03-31": "13.77%", "2010-12-31": "12.03%", "2010-09-30": "10.52%", "2010-06-30": "8.93%", "2010-03-31": "7.32%", "2009-12-31": "4.88%", "2009-09-30": "4.43%", "2009-06-30": "10.07%", "2009-03-31": "15.35%", "2008-12-31": "20.23%", "2008-09-30": "22.74%", "2008-06-30": "21.78%", "2008-03-31": "21.54%", "2007-12-31": "22.27%", "2007-09-30": "23.91%", "2007-06-30": "24.92%", "2007-03-31": "25.03%", "2006-12-31": "25.18%", "2006-09-30": "23.67%", "2006-06-30": "23.95%", "2006-03-31": "23.43%", "2005-12-31": "21.54%"}, "dividend yield history": {"last payout": "$2.04", "last yield": "1.77%"}}