{"ticker": "LGF.B", "price": {"title": "Lions Gate Entertainment Historical Annual Stock Price Data", "value": 13.0, "historical": {"2020": {"Average Stock Price": "7.8905", "Year Open": "10.1600", "Year High": "10.7500", "Year Low": "4.3500", "Year Close": "10.3800", "Annual % Change": "4.53%"}, "2019": {"Average Stock Price": "12.1104", "Year Open": "15.4200", "Year High": "17.9200", "Year Low": "7.4300", "Year Close": "9.9300", "Annual % Change": "-33.27%"}, "2018": {"Average Stock Price": "23.0648", "Year Open": "30.7000", "Year High": "33.5500", "Year Low": "13.3000", "Year Close": "14.8800", "Annual % Change": "-53.12%"}, "2017": {"Average Stock Price": "26.9055", "Year Open": "24.4000", "Year High": "32.7600", "Year Low": "22.6000", "Year Close": "31.7400", "Annual % Change": "29.34%"}, "2016": {"Average Stock Price": "25.5207", "Year Open": "26.3700", "Year High": "26.3700", "Year Low": "24.5400", "Year Close": "24.5400", "Annual % Change": "0.00%"}}}, "market cap": {"value": "$2.87B"}, "income statement": {"Revenue": {"2020-03-31": "3890.00000", "2019-03-31": "3680.50000", "2018-03-31": "4129.10000", "2017-03-31": "3201.50000", "2016-03-31": "2347.40000", "2015-03-31": "2399.60000", "2014-03-31": "2630.25400", "2013-03-31": "2708.14100", "2012-03-31": "1587.57900", "2011-03-31": "1582.72000", "2010-03-31": "1489.50600", "2009-03-31": "1466.37400", "2008-03-31": "1361.03900", "2007-03-31": "976.74000", "2006-03-31": "945.38500", "2005-03-31": "838.09700"}, "Cost Of Goods Sold": {"2020-03-31": "2226.10000", "2019-03-31": "2028.20000", "2018-03-31": "2309.60000", "2017-03-31": "1903.80000", "2016-03-31": "1415.30000", "2015-03-31": "1315.80000", "2014-03-31": "1369.38100", "2013-03-31": "1390.56900", "2012-03-31": "908.40200", "2011-03-31": "795.74600", "2010-03-31": "777.96900", "2009-03-31": "793.81600", "2008-03-31": "660.92400", "2007-03-31": "435.93400", "2006-03-31": "458.99000", "2005-03-31": "353.79000"}, "Gross Profit": {"2020-03-31": "1663.90000", "2019-03-31": "1652.30000", "2018-03-31": "1819.50000", "2017-03-31": "1297.70000", "2016-03-31": "932.09990", "2015-03-31": "1083.80000", "2014-03-31": "1260.87300", "2013-03-31": "1317.57200", "2012-03-31": "679.17700", "2011-03-31": "786.97400", "2010-03-31": "711.53700", "2009-03-31": "672.55800", "2008-03-31": "700.11490", "2007-03-31": "540.80600", "2006-03-31": "486.39500", "2005-03-31": "484.30700"}, "Research And Development Expenses": {"2020-03-31": "", "2019-03-31": "", "2018-03-31": "", "2017-03-31": "", "2016-03-31": "", "2015-03-31": "", "2014-03-31": "", "2013-03-31": "", "2012-03-31": "", "2011-03-31": "", "2010-03-31": "", "2009-03-31": "", "2008-03-31": "", "2007-03-31": "", "2006-03-31": "", "2005-03-31": ""}, "SG&A Expenses": {"2020-03-31": "1439.10000", "2019-03-31": "1280.90000", "2018-03-31": "1352.00000", "2017-03-31": "1162.20000", "2016-03-31": "924.20000", "2015-03-31": "844.30000", "2014-03-31": "994.38600", "2013-03-31": "1036.20300", "2012-03-31": "652.37700", "2011-03-31": "718.63300", "2010-03-31": "649.20100", "2009-03-31": "806.12000", "2008-03-31": "754.74600", "2007-03-31": "495.19200", "2006-03-31": "469.23500", "2005-03-31": "433.53900"}, "Other Operating Income Or Expenses": {"2020-03-31": "", "2019-03-31": "", "2018-03-31": "", "2017-03-31": "", "2016-03-31": "", "2015-03-31": "", "2014-03-31": "", "2013-03-31": "", "2012-03-31": "10.96700", "2011-03-31": "", "2010-03-31": "", "2009-03-31": "", "2008-03-31": "", "2007-03-31": "", "2006-03-31": "", "2005-03-31": ""}, "Operating Expenses": {"2020-03-31": "3887.20000", "2019-03-31": "3550.50000", "2018-03-31": "3880.40000", "2017-03-31": "3217.80000", "2016-03-31": "2372.40000", "2015-03-31": "2177.40000", "2014-03-31": "2370.30600", "2013-03-31": "2435.06200", "2012-03-31": "1554.08800", "2011-03-31": "1520.19000", "2010-03-31": "1439.62500", "2009-03-31": "1607.59300", "2008-03-31": "1421.17000", "2007-03-31": "934.79600", "2006-03-31": "930.04200", "2005-03-31": "789.69900"}, "Operating Income": {"2020-03-31": "2.80000", "2019-03-31": "130.00000", "2018-03-31": "248.70000", "2017-03-31": "-16.30010", "2016-03-31": "-25.00020", "2015-03-31": "222.20020", "2014-03-31": "259.94800", "2013-03-31": "273.07910", "2012-03-31": "33.49110", "2011-03-31": "62.53000", "2010-03-31": "49.88100", "2009-03-31": "-141.21900", "2008-03-31": "-60.13100", "2007-03-31": "41.94400", "2006-03-31": "15.34300", "2005-03-31": "48.39800"}, "Total Non-Operating Income/Expense": {"2020-03-31": "-205.90000", "2019-03-31": "-438.10000", "2018-03-31": "-100.00000", "2017-03-31": "-118.10000", "2016-03-31": "-8.80000", "2015-03-31": "-8.80000", "2014-03-31": "-74.98800", "2013-03-31": "-116.70800", "2012-03-31": "-67.91400", "2011-03-31": "-88.65500", "2010-03-31": "-78.93500", "2009-03-31": "-34.51100", "2008-03-31": "-23.27300", "2007-03-31": "-6.78500", "2006-03-31": "-14.75300", "2005-03-31": "-19.73200"}, "Pre-Tax Income": {"2020-03-31": "-203.10000", "2019-03-31": "-308.10000", "2018-03-31": "148.70000", "2017-03-31": "-134.40000", "2016-03-31": "-33.80000", "2015-03-31": "213.40000", "2014-03-31": "184.96000", "2013-03-31": "156.37100", "2012-03-31": "-34.42300", "2011-03-31": "-26.12500", "2010-03-31": "-29.05400", "2009-03-31": "-175.73000", "2008-03-31": "-83.40400", "2007-03-31": "35.15900", "2006-03-31": "0.59000", "2005-03-31": "28.66600"}, "Income Taxes": {"2020-03-31": "3.30000", "2019-03-31": "-8.50000", "2018-03-31": "-319.40000", "2017-03-31": "-148.90000", "2016-03-31": "-76.50000", "2015-03-31": "31.60000", "2014-03-31": "32.92300", "2013-03-31": "-75.75600", "2012-03-31": "4.69500", "2011-03-31": "4.25600", "2010-03-31": "1.21800", "2009-03-31": "2.72400", "2008-03-31": "4.03100", "2007-03-31": "7.68000", "2006-03-31": "-1.03000", "2005-03-31": "8.74700"}, "Income After Taxes": {"2020-03-31": "-206.40000", "2019-03-31": "-299.60000", "2018-03-31": "468.10000", "2017-03-31": "14.50000", "2016-03-31": "42.70000", "2015-03-31": "181.80000", "2014-03-31": "152.03700", "2013-03-31": "232.12700", "2012-03-31": "-39.11800", "2011-03-31": "-30.38100", "2010-03-31": "-30.27200", "2009-03-31": "-178.45400", "2008-03-31": "-87.43500", "2007-03-31": "27.47900", "2006-03-31": "1.62000", "2005-03-31": "19.91900"}, "Other Income": {"2020-03-31": "", "2019-03-31": "", "2018-03-31": "", "2017-03-31": "", "2016-03-31": "", "2015-03-31": "", "2014-03-31": "", "2013-03-31": "", "2012-03-31": "", "2011-03-31": "", "2010-03-31": "", "2009-03-31": "", "2008-03-31": "", "2007-03-31": "", "2006-03-31": "", "2005-03-31": ""}, "Income From Continuous Operations": {"2020-03-31": "-206.40000", "2019-03-31": "-299.60000", "2018-03-31": "468.10000", "2017-03-31": "14.50000", "2016-03-31": "42.70000", "2015-03-31": "181.80000", "2014-03-31": "152.03700", "2013-03-31": "232.12700", "2012-03-31": "-39.11800", "2011-03-31": "-30.38100", "2010-03-31": "-30.27200", "2009-03-31": "-178.45400", "2008-03-31": "-87.43500", "2007-03-31": "27.47900", "2006-03-31": "1.62000", "2005-03-31": "19.91900"}, "Income From Discontinued Operations": {"2020-03-31": "", "2019-03-31": "", "2018-03-31": "", "2017-03-31": "", "2016-03-31": "", "2015-03-31": "", "2014-03-31": "", "2013-03-31": "", "2012-03-31": "", "2011-03-31": "", "2010-03-31": "", "2009-03-31": "", "2008-03-31": "", "2007-03-31": "", "2006-03-31": "4.47600", "2005-03-31": "0.36200"}, "Net Income": {"2020-03-31": "-188.40000", "2019-03-31": "-284.20000", "2018-03-31": "473.60000", "2017-03-31": "14.80000", "2016-03-31": "50.20000", "2015-03-31": "181.80000", "2014-03-31": "152.03700", "2013-03-31": "232.12700", "2012-03-31": "-39.11800", "2011-03-31": "-30.38100", "2010-03-31": "-30.27200", "2009-03-31": "-178.45400", "2008-03-31": "-87.43500", "2007-03-31": "27.47900", "2006-03-31": "6.09600", "2005-03-31": "20.28100"}, "EBITDA": {"2020-03-31": "1922.10000", "2019-03-31": "1821.50000", "2018-03-31": "2063.70000", "2017-03-31": "1473.70000", "2016-03-31": "1026.40000", "2015-03-31": "1141.60000", "2014-03-31": "1204.98600", "2013-03-31": "1265.65400", "2012-03-31": "657.10800", "2011-03-31": "624.27000", "2010-03-31": "593.69490", "2009-03-31": "344.33900", "2008-03-31": "365.73600", "2007-03-31": "291.00990", "2006-03-31": "276.24700", "2005-03-31": "273.25100"}, "EBIT": {"2020-03-31": "2.80000", "2019-03-31": "130.00000", "2018-03-31": "248.70000", "2017-03-31": "-16.30010", "2016-03-31": "-25.00020", "2015-03-31": "222.20020", "2014-03-31": "259.94800", "2013-03-31": "273.07910", "2012-03-31": "33.49110", "2011-03-31": "62.53000", "2010-03-31": "49.88100", "2009-03-31": "-141.21900", "2008-03-31": "-60.13100", "2007-03-31": "41.94400", "2006-03-31": "15.34300", "2005-03-31": "48.39800"}, "Basic Shares Outstanding": {"2020-03-31": "217.90000", "2019-03-31": "213.70000", "2018-03-31": "208.40000", "2017-03-31": "165.00000", "2016-03-31": "148.50000", "2015-03-31": "139.00000", "2014-03-31": "68.73400", "2013-03-31": "67.25700", "2012-03-31": "66.11300", "2011-03-31": "65.58800", "2010-03-31": "58.75500", "2009-03-31": "58.39750", "2008-03-31": "59.21350", "2007-03-31": "54.19900", "2006-03-31": "51.53300", "2005-03-31": "48.80500"}, "Shares Outstanding": {"2020-03-31": "217.90000", "2019-03-31": "213.70000", "2018-03-31": "220.40000", "2017-03-31": "172.20000", "2016-03-31": "154.10000", "2015-03-31": "151.80000", "2014-03-31": "77.20750", "2013-03-31": "74.68500", "2012-03-31": "66.11300", "2011-03-31": "65.58800", "2010-03-31": "58.75500", "2009-03-31": "58.39750", "2008-03-31": "59.21350", "2007-03-31": "55.58200", "2006-03-31": "53.05100", "2005-03-31": "51.68750"}, "Basic EPS": {"2020-03-31": "-0.86000", "2019-03-31": "-1.33000", "2018-03-31": "2.27000", "2017-03-31": "0.09000", "2016-03-31": "0.34000", "2015-03-31": "1.31000", "2014-03-31": "2.22000", "2013-03-31": "3.46000", "2012-03-31": "-0.60000", "2011-03-31": "-0.46000", "2010-03-31": "-0.52000", "2009-03-31": "-3.06000", "2008-03-31": "-1.48000", "2007-03-31": "0.50000", "2006-03-31": "0.12000", "2005-03-31": "0.42000"}, "EPS - Earnings Per Share": {"2020-03-31": "-0.86000", "2019-03-31": "-1.33000", "2018-03-31": "2.15000", "2017-03-31": "0.09000", "2016-03-31": "0.33000", "2015-03-31": "1.23000", "2014-03-31": "2.08000", "2013-03-31": "3.22000", "2012-03-31": "-0.60000", "2011-03-31": "-0.46000", "2010-03-31": "-0.52000", "2009-03-31": "-3.06000", "2008-03-31": "-1.48000", "2007-03-31": "0.50000", "2006-03-31": "0.12000", "2005-03-31": "0.40000"}}, "income statement, quarterly": {"Revenue": {"2020-12-31": "836.40000", "2020-09-30": "745.00000", "2020-06-30": "813.70000", "2020-03-31": "944.40000", "2019-12-31": "998.50000", "2019-09-30": "983.50000", "2019-06-30": "963.60000", "2019-03-31": "913.60000", "2018-12-31": "933.20000", "2018-09-30": "901.00000", "2018-06-30": "932.70000", "2018-03-31": "1040.30000", "2017-12-31": "1142.70000", "2017-09-30": "940.80000", "2017-06-30": "1005.30000", "2017-03-31": "1256.10000", "2016-12-31": "752.30000", "2016-09-30": "639.50000", "2016-06-30": "553.60000", "2016-03-31": "790.69980", "2015-12-31": "671.00000", "2015-09-30": "476.75900", "2015-06-30": "408.94100", "2015-03-31": "646.04210", "2014-12-31": "751.29900", "2014-09-30": "552.87600", "2014-06-30": "449.38300", "2014-03-31": "721.85790", "2013-12-31": "839.93900", "2013-09-30": "498.72900", "2013-06-30": "569.72800", "2013-03-31": "785.70810", "2012-12-31": "743.64500", "2012-09-30": "706.96800", "2012-06-30": "471.82000", "2012-03-31": "645.21300", "2011-12-31": "323.02600", "2011-09-30": "358.08100", "2011-06-30": "261.25900", "2011-03-31": "376.91490", "2010-12-31": "422.90500", "2010-09-30": "456.31600", "2010-06-30": "326.58400", "2010-03-31": "401.64700", "2009-12-31": "342.58400", "2009-09-30": "366.05100", "2009-06-30": "379.22400", "2009-03-31": "463.17000", "2008-12-31": "324.02700", "2008-09-30": "380.71800", "2008-06-30": "298.45900", "2008-03-31": "511.54500", "2007-12-31": "299.00800", "2007-09-30": "351.74400", "2007-06-30": "198.74200", "2007-03-31": "331.58400", "2006-12-31": "254.53100", "2006-09-30": "218.16900", "2006-06-30": "172.45600", "2006-03-31": "310.86500", "2005-12-31": "229.31300", "2005-09-30": "210.97800", "2005-06-30": "194.22900", "2005-03-31": "227.91100"}, "Cost Of Goods Sold": {"2020-12-31": "459.30000", "2020-09-30": "366.80000", "2020-06-30": "423.00000", "2020-03-31": "564.10010", "2019-12-31": "594.60000", "2019-09-30": "499.40000", "2019-06-30": "568.00000", "2019-03-31": "533.00000", "2018-12-31": "502.00000", "2018-09-30": "463.20000", "2018-06-30": "530.00000", "2018-03-31": "583.00010", "2017-12-31": "650.10000", "2017-09-30": "521.60000", "2017-06-30": "554.90000", "2017-03-31": "721.50010", "2016-12-31": "429.10000", "2016-09-30": "386.90000", "2016-06-30": "366.30000", "2016-03-31": "488.18010", "2015-12-31": "404.00000", "2015-09-30": "292.81000", "2015-06-30": "230.31000", "2015-03-31": "369.96010", "2014-12-31": "400.57600", "2014-09-30": "306.39100", "2014-06-30": "238.87300", "2014-03-31": "403.62490", "2013-12-31": "397.51300", "2013-09-30": "261.79800", "2013-06-30": "306.44500", "2013-03-31": "419.18700", "2012-12-31": "402.33400", "2012-09-30": "323.23000", "2012-06-30": "245.81800", "2012-03-31": "360.74300", "2011-12-31": "201.95700", "2011-09-30": "206.34400", "2011-06-30": "139.35800", "2011-03-31": "195.26600", "2010-12-31": "204.69100", "2010-09-30": "238.20800", "2010-06-30": "157.58100", "2010-03-31": "177.67100", "2009-12-31": "200.26500", "2009-09-30": "189.50400", "2009-06-30": "210.52900", "2009-03-31": "228.05500", "2008-12-31": "218.45100", "2008-09-30": "199.62600", "2008-06-30": "147.68400", "2008-03-31": "249.48000", "2007-12-31": "140.05100", "2007-09-30": "184.33500", "2007-06-30": "87.05800", "2007-03-31": "161.74500", "2006-12-31": "110.92100", "2006-09-30": "94.72300", "2006-06-30": "68.54500", "2006-03-31": "140.11900", "2005-12-31": "110.12800", "2005-09-30": "108.47900", "2005-06-30": "100.26400", "2005-03-31": "96.25700"}, "Gross Profit": {"2020-12-31": "377.10000", "2020-09-30": "378.20000", "2020-06-30": "390.70000", "2020-03-31": "380.29990", "2019-12-31": "403.90000", "2019-09-30": "484.10000", "2019-06-30": "395.60000", "2019-03-31": "380.60000", "2018-12-31": "431.20000", "2018-09-30": "437.80000", "2018-06-30": "402.70000", "2018-03-31": "457.29990", "2017-12-31": "492.60000", "2017-09-30": "419.20000", "2017-06-30": "450.40000", "2017-03-31": "534.59990", "2016-12-31": "323.20000", "2016-09-30": "252.60000", "2016-06-30": "187.30000", "2016-03-31": "302.51980", "2015-12-31": "267.00000", "2015-09-30": "183.94900", "2015-06-30": "178.63100", "2015-03-31": "276.08200", "2014-12-31": "350.72300", "2014-09-30": "246.48500", "2014-06-30": "210.51000", "2014-03-31": "318.23300", "2013-12-31": "442.42600", "2013-09-30": "236.93100", "2013-06-30": "263.28300", "2013-03-31": "366.52110", "2012-12-31": "341.31100", "2012-09-30": "383.73800", "2012-06-30": "226.00200", "2012-03-31": "284.47010", "2011-12-31": "121.06900", "2011-09-30": "151.73700", "2011-06-30": "121.90100", "2011-03-31": "181.64890", "2010-12-31": "218.21400", "2010-09-30": "218.10800", "2010-06-30": "169.00300", "2010-03-31": "223.97600", "2009-12-31": "142.31900", "2009-09-30": "176.54700", "2009-06-30": "168.69500", "2009-03-31": "235.11500", "2008-12-31": "105.57600", "2008-09-30": "181.09200", "2008-06-30": "150.77500", "2008-03-31": "262.06490", "2007-12-31": "158.95700", "2007-09-30": "167.40900", "2007-06-30": "111.68400", "2007-03-31": "169.83900", "2006-12-31": "143.61000", "2006-09-30": "123.44600", "2006-06-30": "103.91100", "2006-03-31": "170.74600", "2005-12-31": "119.18500", "2005-09-30": "102.49900", "2005-06-30": "93.96500", "2005-03-31": "131.65400"}, "Research And Development Expenses": {"2020-12-31": "", "2020-09-30": "", "2020-06-30": "", "2020-03-31": "", "2019-12-31": "", "2019-09-30": "", "2019-06-30": "", "2019-03-31": "", "2018-12-31": "", "2018-09-30": "", "2018-06-30": "", "2018-03-31": "", "2017-12-31": "", "2017-09-30": "", "2017-06-30": "", "2017-03-31": "", "2016-12-31": "", "2016-09-30": "", "2016-06-30": "", "2016-03-31": "", "2015-12-31": "", "2015-09-30": "", "2015-06-30": "", "2015-03-31": "", "2014-12-31": "", "2014-09-30": "", "2014-06-30": "", "2014-03-31": "", "2013-12-31": "", "2013-09-30": "", "2013-06-30": "", "2013-03-31": "", "2012-12-31": "", "2012-09-30": "", "2012-06-30": "", "2012-03-31": "", "2011-12-31": "", "2011-09-30": "", "2011-06-30": "", "2011-03-31": "", "2010-12-31": "", "2010-09-30": "", "2010-06-30": "", "2010-03-31": "", "2009-12-31": "", "2009-09-30": "", "2009-06-30": "", "2009-03-31": "", "2008-12-31": "", "2008-09-30": "", "2008-06-30": "", "2008-03-31": "", "2007-12-31": "", "2007-09-30": "", "2007-06-30": "", "2007-03-31": "", "2006-12-31": "", "2006-09-30": "", "2006-06-30": "", "2006-03-31": "", "2005-12-31": "", "2005-09-30": "", "2005-06-30": "", "2005-03-31": ""}, "SG&A Expenses": {"2020-12-31": "291.80000", "2020-09-30": "285.50000", "2020-06-30": "250.70000", "2020-03-31": "330.20000", "2019-12-31": "387.80000", "2019-09-30": "368.00000", "2019-06-30": "353.10000", "2019-03-31": "337.40000", "2018-12-31": "286.90000", "2018-09-30": "342.90000", "2018-06-30": "313.70000", "2018-03-31": "344.90000", "2017-12-31": "351.30000", "2017-09-30": "346.00000", "2017-06-30": "309.80000", "2017-03-31": "406.99990", "2016-12-31": "263.40000", "2016-09-30": "295.80000", "2016-06-30": "196.00000", "2016-03-31": "310.84700", "2015-12-31": "260.00000", "2015-09-30": "220.71700", "2015-06-30": "132.63600", "2015-03-31": "235.68800", "2014-12-31": "232.84600", "2014-09-30": "214.36600", "2014-06-30": "161.40000", "2014-03-31": "257.76900", "2013-12-31": "299.11200", "2013-09-30": "209.27500", "2013-06-30": "228.23000", "2013-03-31": "267.72500", "2012-12-31": "256.95300", "2012-09-30": "280.47200", "2012-06-30": "231.05300", "2012-03-31": "280.03200", "2011-12-31": "108.60700", "2011-09-30": "171.07000", "2011-06-30": "92.66800", "2011-03-31": "122.81800", "2010-12-31": "194.91600", "2010-09-30": "196.12100", "2010-06-30": "204.77800", "2010-03-31": "211.48500", "2009-12-31": "186.58600", "2009-09-30": "130.54900", "2009-06-30": "120.58100", "2009-03-31": "250.95800", "2008-12-31": "197.87200", "2008-09-30": "220.00700", "2008-06-30": "137.28300", "2008-03-31": "221.52000", "2007-12-31": "147.32100", "2007-09-30": "223.56400", "2007-06-30": "162.34100", "2007-03-31": "134.69100", "2006-12-31": "119.15000", "2006-09-30": "135.07200", "2006-06-30": "106.27900", "2006-03-31": "133.29000", "2005-12-31": "112.37300", "2005-09-30": "112.76200", "2005-06-30": "110.81000", "2005-03-31": "100.43400"}, "Other Operating Income Or Expenses": {"2020-12-31": "", "2020-09-30": "", "2020-06-30": "", "2020-03-31": "", "2019-12-31": "", "2019-09-30": "", "2019-06-30": "", "2019-03-31": "", "2018-12-31": "", "2018-09-30": "", "2018-06-30": "", "2018-03-31": "", "2017-12-31": "", "2017-09-30": "", "2017-06-30": "", "2017-03-31": "", "2016-12-31": "", "2016-09-30": "", "2016-06-30": "", "2016-03-31": "", "2015-12-31": "", "2015-09-30": "", "2015-06-30": "", "2015-03-31": "", "2014-12-31": "", "2014-09-30": "", "2014-06-30": "", "2014-03-31": "", "2013-12-31": "", "2013-09-30": "", "2013-06-30": "", "2013-03-31": "", "2012-12-31": "", "2012-09-30": "", "2012-06-30": "", "2012-03-31": "", "2011-12-31": "", "2011-09-30": "10.96700", "2011-06-30": "", "2011-03-31": "", "2010-12-31": "", "2010-09-30": "", "2010-06-30": "", "2010-03-31": "", "2009-12-31": "", "2009-09-30": "", "2009-06-30": "", "2009-03-31": "", "2008-12-31": "", "2008-09-30": "", "2008-06-30": "", "2008-03-31": "", "2007-12-31": "", "2007-09-30": "", "2007-06-30": "", "2007-03-31": "", "2006-12-31": "", "2006-09-30": "", "2006-06-30": "", "2006-03-31": "", "2005-12-31": "", "2005-09-30": "", "2005-06-30": "", "2005-03-31": ""}, "Operating Expenses": {"2020-12-31": "799.30000", "2020-09-30": "715.30000", "2020-06-30": "724.30000", "2020-03-31": "956.50010", "2019-12-31": "1038.00000", "2019-09-30": "925.90000", "2019-06-30": "966.79990", "2019-03-31": "947.70010", "2018-12-31": "846.40000", "2018-09-30": "861.90000", "2018-06-30": "894.50000", "2018-03-31": "991.90020", "2017-12-31": "1062.50000", "2017-09-30": "910.40000", "2017-06-30": "915.60000", "2017-03-31": "1184.80000", "2016-12-31": "759.70000", "2016-09-30": "697.70000", "2016-06-30": "575.60000", "2016-03-31": "811.57710", "2015-12-31": "680.00000", "2015-09-30": "516.04700", "2015-06-30": "364.77600", "2015-03-31": "618.26290", "2014-12-31": "635.13000", "2014-09-30": "522.38800", "2014-06-30": "401.61900", "2014-03-31": "663.16690", "2013-12-31": "698.15500", "2013-09-30": "472.68400", "2013-06-30": "536.30000", "2013-03-31": "688.96200", "2012-12-31": "661.30700", "2012-09-30": "605.81700", "2012-06-30": "478.97600", "2012-03-31": "642.44800", "2011-12-31": "311.25200", "2011-09-30": "367.12800", "2011-06-30": "233.26000", "2011-03-31": "319.41000", "2010-12-31": "401.01600", "2010-09-30": "435.80200", "2010-06-30": "363.96200", "2010-03-31": "390.99500", "2009-12-31": "389.17300", "2009-09-30": "321.69100", "2009-06-30": "337.76600", "2009-03-31": "482.29410", "2008-12-31": "417.89800", "2008-09-30": "421.04800", "2008-06-30": "286.35300", "2008-03-31": "473.60000", "2007-12-31": "288.32600", "2007-09-30": "408.93700", "2007-06-30": "250.30700", "2007-03-31": "298.15700", "2006-12-31": "230.89500", "2006-09-30": "230.37600", "2006-06-30": "175.36800", "2006-03-31": "273.67500", "2005-12-31": "222.91700", "2005-09-30": "221.62800", "2005-06-30": "211.82200", "2005-03-31": "196.83700"}, "Operating Income": {"2020-12-31": "37.10000", "2020-09-30": "29.70000", "2020-06-30": "89.40000", "2020-03-31": "-12.10010", "2019-12-31": "-39.50000", "2019-09-30": "57.60000", "2019-06-30": "-3.20000", "2019-03-31": "-34.10000", "2018-12-31": "86.80000", "2018-09-30": "39.10000", "2018-06-30": "38.20000", "2018-03-31": "48.39980", "2017-12-31": "80.20000", "2017-09-30": "30.40000", "2017-06-30": "89.70000", "2017-03-31": "71.29990", "2016-12-31": "-7.40000", "2016-09-30": "-58.20000", "2016-06-30": "-22.00010", "2016-03-31": "-20.87730", "2015-12-31": "-9.00000", "2015-09-30": "-39.28800", "2015-06-30": "44.16500", "2015-03-31": "27.77920", "2014-12-31": "116.16900", "2014-09-30": "30.48800", "2014-06-30": "47.76400", "2014-03-31": "58.69100", "2013-12-31": "141.78400", "2013-09-30": "26.04500", "2013-06-30": "33.42800", "2013-03-31": "96.74610", "2012-12-31": "82.33800", "2012-09-30": "101.15100", "2012-06-30": "-7.15600", "2012-03-31": "2.76500", "2011-12-31": "11.77400", "2011-09-30": "-9.04700", "2011-06-30": "27.99900", "2011-03-31": "57.50490", "2010-12-31": "21.88900", "2010-09-30": "20.51400", "2010-06-30": "-37.37800", "2010-03-31": "10.65200", "2009-12-31": "-46.58900", "2009-09-30": "44.36000", "2009-06-30": "41.45800", "2009-03-31": "-19.12410", "2008-12-31": "-93.87100", "2008-09-30": "-40.33000", "2008-06-30": "12.10600", "2008-03-31": "37.94500", "2007-12-31": "10.68200", "2007-09-30": "-57.19300", "2007-06-30": "-51.56500", "2007-03-31": "33.42700", "2006-12-31": "23.63600", "2006-09-30": "-12.20700", "2006-06-30": "-2.91200", "2006-03-31": "37.19000", "2005-12-31": "6.39600", "2005-09-30": "-10.65000", "2005-06-30": "-17.59300", "2005-03-31": "31.07400"}, "Total Non-Operating Income/Expense": {"2020-12-31": "-47.30000", "2020-09-30": "-52.90000", "2020-06-30": "-41.90000", "2020-03-31": "-40.10000", "2019-12-31": "-56.30000", "2019-09-30": "-53.20000", "2019-06-30": "-56.30000", "2019-03-31": "-106.90000", "2018-12-31": "-61.40000", "2018-09-30": "-214.40000", "2018-06-30": "-55.40000", "2018-03-31": "-73.20000", "2017-12-31": "-93.30000", "2017-09-30": "-65.10000", "2017-06-30": "131.60000", "2017-03-31": "-66.60000", "2016-12-31": "-35.30000", "2016-09-30": "-12.70000", "2016-06-30": "-3.50000", "2016-03-31": "-0.23700", "2015-12-31": "-3.00000", "2015-09-30": "-4.92600", "2015-06-30": "-0.63700", "2015-03-31": "-7.47100", "2014-12-31": "-2.72000", "2014-09-30": "-4.86500", "2014-06-30": "6.25600", "2014-03-31": "-3.68300", "2013-12-31": "-15.12400", "2013-09-30": "-44.37400", "2013-06-30": "-11.80700", "2013-03-31": "-20.50400", "2012-12-31": "-39.85900", "2012-09-30": "-21.50100", "2012-06-30": "-34.84400", "2012-03-31": "-23.67300", "2011-12-31": "-12.58900", "2011-09-30": "-15.18800", "2011-06-30": "-16.46400", "2011-03-31": "12.06900", "2010-12-31": "-26.17800", "2010-09-30": "-48.68300", "2010-06-30": "-25.86300", "2010-03-31": "-42.76300", "2009-12-31": "-20.42400", "2009-09-30": "-11.97400", "2009-06-30": "-3.77400", "2009-03-31": "-11.84700", "2008-12-31": "-5.92400", "2008-09-30": "-8.82200", "2008-06-30": "-7.91800", "2008-03-31": "-19.67700", "2007-12-31": "-2.74000", "2007-09-30": "0.00800", "2007-06-30": "-0.86400", "2007-03-31": "0.44500", "2006-12-31": "-2.12000", "2006-09-30": "-3.05300", "2006-06-30": "-2.05700", "2006-03-31": "-2.96200", "2005-12-31": "-3.69600", "2005-09-30": "-3.93900", "2005-06-30": "-4.15600", "2005-03-31": "-3.48600"}, "Pre-Tax Income": {"2020-12-31": "-10.20000", "2020-09-30": "-23.20000", "2020-06-30": "47.50000", "2020-03-31": "-52.20000", "2019-12-31": "-95.80000", "2019-09-30": "4.40000", "2019-06-30": "-59.50000", "2019-03-31": "-141.00000", "2018-12-31": "25.40000", "2018-09-30": "-175.30000", "2018-06-30": "-17.20000", "2018-03-31": "-24.80000", "2017-12-31": "-13.10000", "2017-09-30": "-34.70000", "2017-06-30": "221.30000", "2017-03-31": "4.70000", "2016-12-31": "-42.70000", "2016-09-30": "-70.90000", "2016-06-30": "-25.50000", "2016-03-31": "-21.11400", "2015-12-31": "-12.00000", "2015-09-30": "-44.21400", "2015-06-30": "43.52800", "2015-03-31": "20.30800", "2014-12-31": "113.44900", "2014-09-30": "25.62300", "2014-06-30": "54.02000", "2014-03-31": "55.00800", "2013-12-31": "126.66000", "2013-09-30": "-18.32900", "2013-06-30": "21.62100", "2013-03-31": "76.24200", "2012-12-31": "42.47900", "2012-09-30": "79.65000", "2012-06-30": "-42.00000", "2012-03-31": "-20.90800", "2011-12-31": "-0.81500", "2011-09-30": "-24.23500", "2011-06-30": "11.53500", "2011-03-31": "69.57400", "2010-12-31": "-4.28900", "2010-09-30": "-28.16900", "2010-06-30": "-63.24100", "2010-03-31": "-32.11100", "2009-12-31": "-67.01300", "2009-09-30": "32.38600", "2009-06-30": "37.68400", "2009-03-31": "-30.97100", "2008-12-31": "-99.79500", "2008-09-30": "-49.15200", "2008-06-30": "4.18800", "2008-03-31": "18.26800", "2007-12-31": "7.94200", "2007-09-30": "-57.18500", "2007-06-30": "-52.42900", "2007-03-31": "33.87200", "2006-12-31": "21.51600", "2006-09-30": "-15.26000", "2006-06-30": "-4.96900", "2006-03-31": "34.22800", "2005-12-31": "2.70000", "2005-09-30": "-14.58900", "2005-06-30": "-21.74900", "2005-03-31": "27.58800"}, "Income Taxes": {"2020-12-31": "7.00000", "2020-09-30": "-1.50000", "2020-06-30": "1.30000", "2020-03-31": "-3.20000", "2019-12-31": "2.00000", "2019-09-30": "5.60000", "2019-06-30": "-1.10000", "2019-03-31": "18.00000", "2018-12-31": "5.30000", "2018-09-30": "-26.00000", "2018-06-30": "-5.80000", "2018-03-31": "-114.40000", "2017-12-31": "-204.20000", "2017-09-30": "-47.60000", "2017-06-30": "46.80000", "2017-03-31": "-56.80000", "2016-12-31": "-12.20000", "2016-09-30": "-53.60000", "2016-06-30": "-26.30000", "2016-03-31": "-32.19900", "2015-12-31": "-45.00000", "2015-09-30": "-2.14500", "2015-06-30": "2.84400", "2015-03-31": "0.73500", "2014-12-31": "15.26400", "2014-09-30": "4.84200", "2014-06-30": "10.75900", "2014-03-31": "5.85600", "2013-12-31": "37.89700", "2013-09-30": "-18.83400", "2013-06-30": "8.00400", "2013-03-31": "-86.72600", "2012-12-31": "4.64900", "2012-09-30": "4.12100", "2012-06-30": "2.20000", "2012-03-31": "1.83800", "2011-12-31": "0.58500", "2011-09-30": "1.07100", "2011-06-30": "1.20100", "2011-03-31": "0.21100", "2010-12-31": "1.72800", "2010-09-30": "1.49000", "2010-06-30": "0.82700", "2010-03-31": "0.96700", "2009-12-31": "-1.75400", "2009-09-30": "0.67000", "2009-06-30": "1.33500", "2009-03-31": "1.43200", "2008-12-31": "-2.03900", "2008-09-30": "2.66200", "2008-06-30": "0.66900", "2008-03-31": "1.89600", "2007-12-31": "0.62800", "2007-09-30": "0.81800", "2007-06-30": "0.68900", "2007-03-31": "8.85200", "2006-12-31": "1.06100", "2006-09-30": "-0.86800", "2006-06-30": "-1.36500", "2006-03-31": "-1.27000", "2005-12-31": "-0.22100", "2005-09-30": "0.39100", "2005-06-30": "0.07000", "2005-03-31": "7.89000"}, "Income After Taxes": {"2020-12-31": "-17.20000", "2020-09-30": "-21.70000", "2020-06-30": "46.20000", "2020-03-31": "-49.00000", "2019-12-31": "-97.80000", "2019-09-30": "-1.20000", "2019-06-30": "-58.40000", "2019-03-31": "-159.00000", "2018-12-31": "20.10000", "2018-09-30": "-149.30000", "2018-06-30": "-11.40000", "2018-03-31": "89.60000", "2017-12-31": "191.10000", "2017-09-30": "12.90000", "2017-06-30": "174.50000", "2017-03-31": "61.50000", "2016-12-31": "-30.50000", "2016-09-30": "-17.30000", "2016-06-30": "0.80000", "2016-03-31": "11.08500", "2015-12-31": "33.00000", "2015-09-30": "-42.06900", "2015-06-30": "40.68400", "2015-03-31": "19.57300", "2014-12-31": "98.18500", "2014-09-30": "20.78100", "2014-06-30": "43.26100", "2014-03-31": "49.15200", "2013-12-31": "88.76300", "2013-09-30": "0.50500", "2013-06-30": "13.61700", "2013-03-31": "162.96800", "2012-12-31": "37.83000", "2012-09-30": "75.52900", "2012-06-30": "-44.20000", "2012-03-31": "-22.74600", "2011-12-31": "-1.40000", "2011-09-30": "-25.30600", "2011-06-30": "10.33400", "2011-03-31": "69.36300", "2010-12-31": "-6.01700", "2010-09-30": "-29.65900", "2010-06-30": "-64.06800", "2010-03-31": "-33.07800", "2009-12-31": "-65.25900", "2009-09-30": "31.71600", "2009-06-30": "36.34900", "2009-03-31": "-32.40300", "2008-12-31": "-97.75600", "2008-09-30": "-51.81400", "2008-06-30": "3.51900", "2008-03-31": "16.37200", "2007-12-31": "7.31400", "2007-09-30": "-58.00300", "2007-06-30": "-53.11800", "2007-03-31": "25.02000", "2006-12-31": "20.45500", "2006-09-30": "-14.39200", "2006-06-30": "-3.60400", "2006-03-31": "35.49800", "2005-12-31": "2.92100", "2005-09-30": "-14.98000", "2005-06-30": "-21.81900", "2005-03-31": "19.69800"}, "Other Income": {"2020-12-31": "", "2020-09-30": "", "2020-06-30": "", "2020-03-31": "", "2019-12-31": "", "2019-09-30": "", "2019-06-30": "", "2019-03-31": "", "2018-12-31": "", "2018-09-30": "", "2018-06-30": "", "2018-03-31": "", "2017-12-31": "", "2017-09-30": "", "2017-06-30": "", "2017-03-31": "", "2016-12-31": "", "2016-09-30": "", "2016-06-30": "", "2016-03-31": "", "2015-12-31": "", "2015-09-30": "", "2015-06-30": "", "2015-03-31": "", "2014-12-31": "", "2014-09-30": "", "2014-06-30": "", "2014-03-31": "", "2013-12-31": "", "2013-09-30": "", "2013-06-30": "", "2013-03-31": "", "2012-12-31": "", "2012-09-30": "", "2012-06-30": "", "2012-03-31": "", "2011-12-31": "", "2011-09-30": "", "2011-06-30": "", "2011-03-31": "", "2010-12-31": "", "2010-09-30": "", "2010-06-30": "", "2010-03-31": "", "2009-12-31": "", "2009-09-30": "", "2009-06-30": "", "2009-03-31": "", "2008-12-31": "", "2008-09-30": "", "2008-06-30": "", "2008-03-31": "", "2007-12-31": "", "2007-09-30": "", "2007-06-30": "", "2007-03-31": "", "2006-12-31": "", "2006-09-30": "", "2006-06-30": "", "2006-03-31": "", "2005-12-31": "", "2005-09-30": "", "2005-06-30": "", "2005-03-31": ""}, "Income From Continuous Operations": {"2020-12-31": "-17.20000", "2020-09-30": "-21.70000", "2020-06-30": "46.20000", "2020-03-31": "-49.00000", "2019-12-31": "-97.80000", "2019-09-30": "-1.20000", "2019-06-30": "-58.40000", "2019-03-31": "-159.00000", "2018-12-31": "20.10000", "2018-09-30": "-149.30000", "2018-06-30": "-11.40000", "2018-03-31": "89.60000", "2017-12-31": "191.10000", "2017-09-30": "12.90000", "2017-06-30": "174.50000", "2017-03-31": "61.50000", "2016-12-31": "-30.50000", "2016-09-30": "-17.30000", "2016-06-30": "0.80000", "2016-03-31": "11.08500", "2015-12-31": "33.00000", "2015-09-30": "-42.06900", "2015-06-30": "40.68400", "2015-03-31": "19.57300", "2014-12-31": "98.18500", "2014-09-30": "20.78100", "2014-06-30": "43.26100", "2014-03-31": "49.15200", "2013-12-31": "88.76300", "2013-09-30": "0.50500", "2013-06-30": "13.61700", "2013-03-31": "162.96800", "2012-12-31": "37.83000", "2012-09-30": "75.52900", "2012-06-30": "-44.20000", "2012-03-31": "-22.74600", "2011-12-31": "-1.40000", "2011-09-30": "-25.30600", "2011-06-30": "10.33400", "2011-03-31": "69.36300", "2010-12-31": "-6.01700", "2010-09-30": "-29.65900", "2010-06-30": "-64.06800", "2010-03-31": "-33.07800", "2009-12-31": "-65.25900", "2009-09-30": "31.71600", "2009-06-30": "36.34900", "2009-03-31": "-32.40300", "2008-12-31": "-97.75600", "2008-09-30": "-51.81400", "2008-06-30": "3.51900", "2008-03-31": "16.37200", "2007-12-31": "7.31400", "2007-09-30": "-58.00300", "2007-06-30": "-53.11800", "2007-03-31": "25.02000", "2006-12-31": "20.45500", "2006-09-30": "-14.39200", "2006-06-30": "-3.60400", "2006-03-31": "35.49800", "2005-12-31": "2.92100", "2005-09-30": "-14.98000", "2005-06-30": "-21.81900", "2005-03-31": "19.69800"}, "Income From Discontinued Operations": {"2020-12-31": "", "2020-09-30": "", "2020-06-30": "", "2020-03-31": "", "2019-12-31": "", "2019-09-30": "", "2019-06-30": "", "2019-03-31": "", "2018-12-31": "", "2018-09-30": "", "2018-06-30": "", "2018-03-31": "", "2017-12-31": "", "2017-09-30": "", "2017-06-30": "", "2017-03-31": "", "2016-12-31": "", "2016-09-30": "", "2016-06-30": "", "2016-03-31": "", "2015-12-31": "", "2015-09-30": "", "2015-06-30": "", "2015-03-31": "", "2014-12-31": "", "2014-09-30": "", "2014-06-30": "", "2014-03-31": "", "2013-12-31": "", "2013-09-30": "", "2013-06-30": "", "2013-03-31": "", "2012-12-31": "", "2012-09-30": "", "2012-06-30": "", "2012-03-31": "", "2011-12-31": "", "2011-09-30": "", "2011-06-30": "", "2011-03-31": "", "2010-12-31": "", "2010-09-30": "", "2010-06-30": "", "2010-03-31": "", "2009-12-31": "", "2009-09-30": "", "2009-06-30": "", "2009-03-31": "", "2008-12-31": "", "2008-09-30": "", "2008-06-30": "", "2008-03-31": "", "2007-12-31": "", "2007-09-30": "", "2007-06-30": "", "2007-03-31": "", "2006-12-31": "", "2006-09-30": "", "2006-06-30": "", "2006-03-31": "3.38100", "2005-12-31": "0.22100", "2005-09-30": "0.87400", "2005-06-30": "", "2005-03-31": ""}, "Net Income": {"2020-12-31": "-13.90000", "2020-09-30": "-18.40000", "2020-06-30": "51.10000", "2020-03-31": "-45.00000", "2019-12-31": "-91.20000", "2019-09-30": "1.80000", "2019-06-30": "-54.00000", "2019-03-31": "-155.10000", "2018-12-31": "22.90000", "2018-09-30": "-144.10000", "2018-06-30": "-7.90000", "2018-03-31": "91.30000", "2017-12-31": "193.00000", "2017-09-30": "15.50000", "2017-06-30": "173.80000", "2017-03-31": "61.60000", "2016-12-31": "-30.60000", "2016-09-30": "-17.50000", "2016-06-30": "1.30000", "2016-03-31": "10.58500", "2015-12-31": "41.00000", "2015-09-30": "-42.06900", "2015-06-30": "40.68400", "2015-03-31": "19.57300", "2014-12-31": "98.18500", "2014-09-30": "20.78100", "2014-06-30": "43.26100", "2014-03-31": "49.15200", "2013-12-31": "88.76300", "2013-09-30": "0.50500", "2013-06-30": "13.61700", "2013-03-31": "162.96800", "2012-12-31": "37.83000", "2012-09-30": "75.52900", "2012-06-30": "-44.20000", "2012-03-31": "-22.74600", "2011-12-31": "-1.40000", "2011-09-30": "-25.30600", "2011-06-30": "10.33400", "2011-03-31": "69.36300", "2010-12-31": "-6.01700", "2010-09-30": "-29.65900", "2010-06-30": "-64.06800", "2010-03-31": "-33.07800", "2009-12-31": "-65.25900", "2009-09-30": "31.71600", "2009-06-30": "36.34900", "2009-03-31": "-32.40300", "2008-12-31": "-97.75600", "2008-09-30": "-51.81400", "2008-06-30": "3.51900", "2008-03-31": "16.37200", "2007-12-31": "7.31400", "2007-09-30": "-58.00300", "2007-06-30": "-53.11800", "2007-03-31": "25.02000", "2006-12-31": "20.45500", "2006-09-30": "-14.39200", "2006-06-30": "-3.60400", "2006-03-31": "38.87900", "2005-12-31": "3.14200", "2005-09-30": "-14.10600", "2005-06-30": "-21.81900", "2005-03-31": "20.06000"}, "EBITDA": {"2020-12-31": "417.20000", "2020-09-30": "341.39990", "2020-06-30": "424.70000", "2020-03-31": "446.99990", "2019-12-31": "466.79990", "2019-09-30": "530.80000", "2019-06-30": "477.50010", "2019-03-31": "420.99990", "2018-12-31": "512.90000", "2018-09-30": "420.70000", "2018-06-30": "466.90000", "2018-03-31": "500.59980", "2017-12-31": "591.60000", "2017-09-30": "443.80000", "2017-06-30": "527.70000", "2017-03-31": "628.20000", "2016-12-31": "322.49990", "2016-09-30": "244.70000", "2016-06-30": "278.29990", "2016-03-31": "361.52260", "2015-12-31": "289.83300", "2015-09-30": "166.37600", "2015-06-30": "208.66800", "2015-03-31": "292.97420", "2014-12-31": "401.24100", "2014-09-30": "235.93700", "2014-06-30": "211.44800", "2014-03-31": "349.26700", "2013-12-31": "407.72200", "2013-09-30": "189.03900", "2013-06-30": "258.95800", "2013-03-31": "410.45900", "2012-12-31": "353.17700", "2012-09-30": "335.21000", "2012-06-30": "166.80800", "2012-03-31": "257.77200", "2011-12-31": "151.22600", "2011-09-30": "129.27400", "2011-06-30": "118.83600", "2011-03-31": "202.12090", "2010-12-31": "164.78200", "2010-09-30": "187.47900", "2010-06-30": "69.88810", "2010-03-31": "118.18190", "2009-12-31": "95.72400", "2009-09-30": "175.85800", "2009-06-30": "203.93100", "2009-03-31": "131.94200", "2008-12-31": "41.19000", "2008-09-30": "84.15900", "2008-06-30": "87.04800", "2008-03-31": "202.39800", "2007-12-31": "91.16000", "2007-09-30": "71.92700", "2007-06-30": "0.25100", "2007-03-31": "133.94500", "2006-12-31": "86.61600", "2006-09-30": "38.40500", "2006-06-30": "32.04400", "2006-03-31": "100.83500", "2005-12-31": "65.22500", "2005-09-30": "60.21000", "2005-06-30": "49.97700", "2005-03-31": "76.89800"}, "EBIT": {"2020-12-31": "37.10000", "2020-09-30": "29.70000", "2020-06-30": "89.40000", "2020-03-31": "-12.10000", "2019-12-31": "-39.50000", "2019-09-30": "57.60000", "2019-06-30": "-3.20000", "2019-03-31": "-34.10000", "2018-12-31": "86.80000", "2018-09-30": "39.10000", "2018-06-30": "38.20000", "2018-03-31": "48.40000", "2017-12-31": "80.20000", "2017-09-30": "30.40000", "2017-06-30": "89.70000", "2017-03-31": "71.30010", "2016-12-31": "-7.40000", "2016-09-30": "-58.20000", "2016-06-30": "-22.00010", "2016-03-31": "-20.87730", "2015-12-31": "-9.00000", "2015-09-30": "-39.28800", "2015-06-30": "44.16500", "2015-03-31": "27.77920", "2014-12-31": "116.16900", "2014-09-30": "30.48800", "2014-06-30": "47.76400", "2014-03-31": "58.69100", "2013-12-31": "141.78400", "2013-09-30": "26.04500", "2013-06-30": "33.42800", "2013-03-31": "96.74610", "2012-12-31": "82.33800", "2012-09-30": "101.15100", "2012-06-30": "-7.15600", "2012-03-31": "2.76510", "2011-12-31": "11.77400", "2011-09-30": "-9.04700", "2011-06-30": "27.99900", "2011-03-31": "57.50500", "2010-12-31": "21.88900", "2010-09-30": "20.51400", "2010-06-30": "-37.37800", "2010-03-31": "10.65200", "2009-12-31": "-46.58900", "2009-09-30": "44.36000", "2009-06-30": "41.45800", "2009-03-31": "-19.12400", "2008-12-31": "-93.87100", "2008-09-30": "-40.33000", "2008-06-30": "12.10600", "2008-03-31": "37.94500", "2007-12-31": "10.68200", "2007-09-30": "-57.19300", "2007-06-30": "-51.56500", "2007-03-31": "33.42700", "2006-12-31": "23.63600", "2006-09-30": "-12.20700", "2006-06-30": "-2.91200", "2006-03-31": "37.19000", "2005-12-31": "6.39600", "2005-09-30": "-10.65000", "2005-06-30": "-17.59300", "2005-03-31": "31.07400"}, "Basic Shares Outstanding": {"2020-12-31": "220.80000", "2020-09-30": "220.40000", "2020-06-30": "219.50000", "2020-03-31": "217.90000", "2019-12-31": "218.00000", "2019-09-30": "217.50000", "2019-06-30": "216.10000", "2019-03-31": "213.70000", "2018-12-31": "214.20000", "2018-09-30": "213.60000", "2018-06-30": "211.80000", "2018-03-31": "208.40000", "2017-12-31": "208.80000", "2017-09-30": "207.80000", "2017-06-30": "206.80000", "2017-03-31": "165.00000", "2016-12-31": "161.40000", "2016-09-30": "147.80000", "2016-06-30": "147.20000", "2016-03-31": "148.50000", "2015-12-31": "149.50000", "2015-09-30": "74.17250", "2015-06-30": "73.80950", "2015-03-31": "139.00000", "2014-12-31": "69.98150", "2014-09-30": "68.69000", "2014-06-30": "69.25450", "2014-03-31": "68.73400", "2013-12-31": "68.97300", "2013-09-30": "68.57350", "2013-06-30": "68.09450", "2013-03-31": "67.25700", "2012-12-31": "67.51500", "2012-09-30": "67.19500", "2012-06-30": "66.61700", "2012-03-31": "66.11300", "2011-12-31": "63.22550", "2011-09-30": "66.87750", "2011-06-30": "68.50550", "2011-03-31": "65.58800", "2010-12-31": "68.33050", "2010-09-30": "66.50050", "2010-06-30": "59.11300", "2010-03-31": "58.75500", "2009-12-31": "58.87250", "2009-09-30": "58.66100", "2009-06-30": "58.53650", "2009-03-31": "58.39750", "2008-12-31": "57.88250", "2008-09-30": "58.43050", "2008-06-30": "59.22150", "2008-03-31": "59.21350", "2007-12-31": "59.46050", "2007-09-30": "59.57750", "2007-06-30": "58.55350", "2007-03-31": "54.19900", "2006-12-31": "53.79150", "2006-09-30": "52.42800", "2006-06-30": "51.65950", "2006-03-31": "51.53300", "2005-12-31": "51.96800", "2005-09-30": "51.17900", "2005-06-30": "50.92600", "2005-03-31": "48.80500"}, "Shares Outstanding": {"2020-12-31": "220.80000", "2020-09-30": "220.40000", "2020-06-30": "219.90000", "2020-03-31": "217.90000", "2019-12-31": "218.00000", "2019-09-30": "219.80000", "2019-06-30": "216.10000", "2019-03-31": "213.70000", "2018-12-31": "220.80000", "2018-09-30": "213.60000", "2018-06-30": "211.80000", "2018-03-31": "220.40000", "2017-12-31": "221.60000", "2017-09-30": "219.80000", "2017-06-30": "217.90000", "2017-03-31": "172.20000", "2016-12-31": "161.40000", "2016-09-30": "147.80000", "2016-06-30": "149.60000", "2016-03-31": "154.10000", "2015-12-31": "159.40000", "2015-09-30": "74.17250", "2015-06-30": "78.74900", "2015-03-31": "151.80000", "2014-12-31": "75.85650", "2014-09-30": "73.33350", "2014-06-30": "76.10500", "2014-03-31": "77.20750", "2013-12-31": "77.56850", "2013-09-30": "70.34050", "2013-06-30": "70.37250", "2013-03-31": "74.68500", "2012-12-31": "74.90350", "2012-09-30": "74.34800", "2012-06-30": "66.61700", "2012-03-31": "66.11300", "2011-12-31": "63.22550", "2011-09-30": "66.87750", "2011-06-30": "68.67850", "2011-03-31": "65.58800", "2010-12-31": "68.33050", "2010-09-30": "66.50050", "2010-06-30": "59.11300", "2010-03-31": "58.75500", "2009-12-31": "58.87250", "2009-09-30": "69.36600", "2009-06-30": "68.29750", "2009-03-31": "58.39750", "2008-12-31": "57.88250", "2008-09-30": "58.43050", "2008-06-30": "60.53800", "2008-03-31": "59.21350", "2007-12-31": "59.46050", "2007-09-30": "59.57750", "2007-06-30": "58.55350", "2007-03-31": "55.58200", "2006-12-31": "53.79150", "2006-09-30": "52.42800", "2006-06-30": "51.65950", "2006-03-31": "53.05100", "2005-12-31": "52.81950", "2005-09-30": "51.17900", "2005-06-30": "50.92600", "2005-03-31": "51.68750"}, "Basic EPS": {"2020-12-31": "-0.06000", "2020-09-30": "-0.08000", "2020-06-30": "0.23000", "2020-03-31": "-0.20000", "2019-12-31": "-0.42000", "2019-09-30": "0.01000", "2019-06-30": "-0.25000", "2019-03-31": "-0.73000", "2018-12-31": "0.11000", "2018-09-30": "-0.67000", "2018-06-30": "-0.04000", "2018-03-31": "0.44000", "2017-12-31": "0.92000", "2017-09-30": "0.07000", "2017-06-30": "0.84000", "2017-03-31": "0.39000", "2016-12-31": "-0.19000", "2016-09-30": "-0.12000", "2016-06-30": "0.01000", "2016-03-31": "0.07000", "2015-12-31": "0.27000", "2015-09-30": "-0.56000", "2015-06-30": "0.56000", "2015-03-31": "-1.01000", "2014-12-31": "1.40000", "2014-09-30": "0.30000", "2014-06-30": "0.62000", "2014-03-31": "0.74000", "2013-12-31": "1.28000", "2013-09-30": "0.00000", "2013-06-30": "0.20000", "2013-03-31": "2.44000", "2012-12-31": "0.56000", "2012-09-30": "1.12000", "2012-06-30": "-0.66000", "2012-03-31": "-0.36000", "2011-12-31": "-0.02000", "2011-09-30": "-0.38000", "2011-06-30": "0.16000", "2011-03-31": "1.14000", "2010-12-31": "-0.08000", "2010-09-30": "-0.44000", "2010-06-30": "-1.08000", "2010-03-31": "-0.58000", "2009-12-31": "-1.10000", "2009-09-30": "0.54000", "2009-06-30": "0.62000", "2009-03-31": "-0.56000", "2008-12-31": "-1.68000", "2008-09-30": "-0.88000", "2008-06-30": "0.06000", "2008-03-31": "0.28000", "2007-12-31": "0.12000", "2007-09-30": "-0.98000", "2007-06-30": "-0.90000", "2007-03-31": "0.46000", "2006-12-31": "0.38000", "2006-09-30": "-0.28000", "2006-06-30": "-0.06000", "2006-03-31": "0.76000", "2005-12-31": "0.06000", "2005-09-30": "-0.28000", "2005-06-30": "-0.42000", "2005-03-31": "0.42000"}, "EPS - Earnings Per Share": {"2020-12-31": "-0.06000", "2020-09-30": "-0.08000", "2020-06-30": "0.23000", "2020-03-31": "-0.20000", "2019-12-31": "-0.42000", "2019-09-30": "0.01000", "2019-06-30": "-0.25000", "2019-03-31": "-0.72000", "2018-12-31": "0.10000", "2018-09-30": "-0.67000", "2018-06-30": "-0.04000", "2018-03-31": "0.41000", "2017-12-31": "0.87000", "2017-09-30": "0.07000", "2017-06-30": "0.80000", "2017-03-31": "0.39000", "2016-12-31": "-0.19000", "2016-09-30": "-0.12000", "2016-06-30": "0.01000", "2016-03-31": "0.11000", "2015-12-31": "0.26000", "2015-09-30": "-0.56000", "2015-06-30": "0.52000", "2015-03-31": "-0.97000", "2014-12-31": "1.30000", "2014-09-30": "0.30000", "2014-06-30": "0.60000", "2014-03-31": "0.70000", "2013-12-31": "1.18000", "2013-09-30": "0.00000", "2013-06-30": "0.20000", "2013-03-31": "2.28000", "2012-12-31": "0.54000", "2012-09-30": "1.06000", "2012-06-30": "-0.66000", "2012-03-31": "-0.36000", "2011-12-31": "-0.02000", "2011-09-30": "-0.38000", "2011-06-30": "0.16000", "2011-03-31": "1.14000", "2010-12-31": "-0.08000", "2010-09-30": "-0.44000", "2010-06-30": "-1.08000", "2010-03-31": "-0.54000", "2009-12-31": "-1.10000", "2009-09-30": "0.52000", "2009-06-30": "0.60000", "2009-03-31": "-0.56000", "2008-12-31": "-1.68000", "2008-09-30": "-0.88000", "2008-06-30": "0.06000", "2008-03-31": "0.28000", "2007-12-31": "0.12000", "2007-09-30": "-0.98000", "2007-06-30": "-0.90000", "2007-03-31": "0.50000", "2006-12-31": "0.34000", "2006-09-30": "-0.28000", "2006-06-30": "-0.06000", "2006-03-31": "0.76000", "2005-12-31": "0.06000", "2005-09-30": "-0.28000", "2005-06-30": "-0.42000", "2005-03-31": "0.42000"}}, "balance sheet": {"Cash On Hand": {"2020-03-31": "318.20000", "2019-03-31": "184.30000", "2018-03-31": "378.10000", "2017-03-31": "324.70000", "2016-03-31": "60.60000", "2015-03-31": "105.20500", "2014-03-31": "34.61700", "2013-03-31": "73.02700", "2012-03-31": "76.23400", "2011-03-31": "129.87700", "2010-03-31": "80.36000", "2009-03-31": "155.51800", "2008-03-31": "388.81600", "2007-03-31": "293.91600", "2006-03-31": "214.87900", "2005-03-31": "115.75200"}, "Receivables": {"2020-03-31": "522.00000", "2019-03-31": "647.20000", "2018-03-31": "946.00000", "2017-03-31": "908.10000", "2016-03-31": "570.10000", "2015-03-31": "891.88000", "2014-03-31": "885.57100", "2013-03-31": "787.15000", "2012-03-31": "784.53000", "2011-03-31": "330.62400", "2010-03-31": "292.92400", "2009-03-31": "227.01000", "2008-03-31": "260.28400", "2007-03-31": "130.49600", "2006-03-31": "182.65900", "2005-03-31": "150.01900"}, "Inventory": {"2020-03-31": "", "2019-03-31": "", "2018-03-31": "", "2017-03-31": "", "2016-03-31": "", "2015-03-31": "", "2014-03-31": "", "2013-03-31": "", "2012-03-31": "", "2011-03-31": "", "2010-03-31": "", "2009-03-31": "", "2008-03-31": "", "2007-03-31": "", "2006-03-31": "", "2005-03-31": ""}, "Pre-Paid Expenses": {"2020-03-31": "", "2019-03-31": "", "2018-03-31": "", "2017-03-31": "", "2016-03-31": "", "2015-03-31": "", "2014-03-31": "", "2013-03-31": "", "2012-03-31": "", "2011-03-31": "", "2010-03-31": "", "2009-03-31": "", "2008-03-31": "", "2007-03-31": "", "2006-03-31": "", "2005-03-31": ""}, "Other Current Assets": {"2020-03-31": "467.90000", "2019-03-31": "562.90000", "2018-03-31": "449.00000", "2017-03-31": "457.60000", "2016-03-31": "236.90000", "2015-03-31": "", "2014-03-31": "", "2013-03-31": "", "2012-03-31": "", "2011-03-31": "", "2010-03-31": "", "2009-03-31": "", "2008-03-31": "", "2007-03-31": "", "2006-03-31": "", "2005-03-31": ""}, "Total Current Assets": {"2020-03-31": "1308.10000", "2019-03-31": "1394.40000", "2018-03-31": "1773.10000", "2017-03-31": "1690.40000", "2016-03-31": "867.60000", "2015-03-31": "997.08500", "2014-03-31": "920.18800", "2013-03-31": "860.17700", "2012-03-31": "860.76400", "2011-03-31": "460.50100", "2010-03-31": "373.28400", "2009-03-31": "382.52800", "2008-03-31": "649.10000", "2007-03-31": "424.41200", "2006-03-31": "397.53800", "2005-03-31": "265.77100"}, "Property, Plant, And Equipment": {"2020-03-31": "140.90000", "2019-03-31": "155.30000", "2018-03-31": "161.70000", "2017-03-31": "165.50000", "2016-03-31": "43.40000", "2015-03-31": "26.65100", "2014-03-31": "14.55200", "2013-03-31": "8.53000", "2012-03-31": "9.77200", "2011-03-31": "9.08900", "2010-03-31": "12.41400", "2009-03-31": "42.41500", "2008-03-31": "13.61300", "2007-03-31": "13.09500", "2006-03-31": "7.21800", "2005-03-31": "30.84200"}, "Long-Term Investments": {"2020-03-31": "1557.60000", "2019-03-31": "1698.20000", "2018-03-31": "1856.90000", "2017-03-31": "2101.00000", "2016-03-31": "1921.90000", "2015-03-31": "1820.12700", "2014-03-31": "1456.51400", "2013-03-31": "1413.52500", "2012-03-31": "1500.31500", "2011-03-31": "769.65100", "2010-03-31": "840.17600", "2009-03-31": "702.76700", "2008-03-31": "608.94200", "2007-03-31": "493.14000", "2006-03-31": "432.67100", "2005-03-31": "367.37600"}, "Goodwill And Intangible Assets": {"2020-03-31": "4553.10000", "2019-03-31": "4705.10000", "2018-03-31": "4678.50000", "2017-03-31": "4747.20000", "2016-03-31": "546.20000", "2015-03-31": "323.32800", "2014-03-31": "323.32800", "2013-03-31": "323.32800", "2012-03-31": "326.63300", "2011-03-31": "239.25400", "2010-03-31": "239.25400", "2009-03-31": "458.30600", "2008-03-31": "226.84800", "2007-03-31": "187.49100", "2006-03-31": "185.11700", "2005-03-31": "161.18200"}, "Other Long-Term Assets": {"2020-03-31": "391.50000", "2019-03-31": "436.10000", "2018-03-31": "458.60000", "2017-03-31": "472.80000", "2016-03-31": "320.70000", "2015-03-31": "74.78400", "2014-03-31": "71.06700", "2013-03-31": "72.61900", "2012-03-31": "90.51100", "2011-03-31": "90.65800", "2010-03-31": "62.02700", "2009-03-31": "81.23400", "2008-03-31": "39.25500", "2007-03-31": "18.95700", "2006-03-31": "30.70500", "2005-03-31": "29.45800"}, "Total Long-Term Assets": {"2020-03-31": "6643.10000", "2019-03-31": "7014.50000", "2018-03-31": "7194.50000", "2017-03-31": "7506.50000", "2016-03-31": "2966.60000", "2015-03-31": "2295.00400", "2014-03-31": "1931.44400", "2013-03-31": "1900.69200", "2012-03-31": "1927.23100", "2011-03-31": "1108.65200", "2010-03-31": "1153.87100", "2009-03-31": "1284.72200", "2008-03-31": "888.65800", "2007-03-31": "712.68300", "2006-03-31": "655.71100", "2005-03-31": "588.85800"}, "Total Assets": {"2020-03-31": "7951.20000", "2019-03-31": "8408.90000", "2018-03-31": "8967.60000", "2017-03-31": "9196.90000", "2016-03-31": "3834.20000", "2015-03-31": "3292.08900", "2014-03-31": "2851.63200", "2013-03-31": "2760.86900", "2012-03-31": "2787.99500", "2011-03-31": "1569.15300", "2010-03-31": "1527.15500", "2009-03-31": "1667.25000", "2008-03-31": "1537.75800", "2007-03-31": "1137.09500", "2006-03-31": "1053.24900", "2005-03-31": "854.62900"}, "Total Current Liabilities": {"2020-03-31": "1507.70000", "2019-03-31": "1652.40000", "2018-03-31": "2412.40000", "2017-03-31": "1689.90000", "2016-03-31": "1741.90000", "2015-03-31": "332.47300", "2014-03-31": "430.07600", "2013-03-31": "1084.37100", "2012-03-31": "902.35210", "2011-03-31": "527.07000", "2010-03-31": "495.90000", "2009-03-31": "525.56100", "2008-03-31": "245.43000", "2007-03-31": "155.61700", "2006-03-31": "203.56500", "2005-03-31": "135.36200"}, "Long Term Debt": {"2020-03-31": "2761.30000", "2019-03-31": "2993.90000", "2018-03-31": "2649.60000", "2017-03-31": "3163.00000", "2016-03-31": "876.90000", "2015-03-31": "1370.88100", "2014-03-31": "1079.32800", "2013-03-31": "656.18600", "2012-03-31": "1146.94000", "2011-03-31": "437.41300", "2010-03-31": "543.80500", "2009-03-31": "586.04600", "2008-03-31": "606.73400", "2007-03-31": "492.88400", "2006-03-31": "505.66100", "2005-03-31": "539.41000"}, "Other Non-Current Liabilities": {"2020-03-31": "756.50000", "2019-03-31": "593.80000", "2018-03-31": "484.70000", "2017-03-31": "1222.90000", "2016-03-31": "192.80000", "2015-03-31": "471.66100", "2014-03-31": "469.39000", "2013-03-31": "409.76300", "2012-03-31": "420.32500", "2011-03-31": "314.87800", "2010-03-31": "302.67700", "2009-03-31": "371.85700", "2008-03-31": "385.84600", "2007-03-31": "171.15600", "2006-03-31": "164.32600", "2005-03-31": ""}, "Total Long Term Liabilities": {"2020-03-31": "3783.50000", "2019-03-31": "3834.60000", "2018-03-31": "3398.30000", "2017-03-31": "4992.60000", "2016-03-31": "1242.00000", "2015-03-31": "2117.32900", "2014-03-31": "1837.01800", "2013-03-31": "1319.97200", "2012-03-31": "1795.85800", "2011-03-31": "903.22800", "2010-03-31": "977.33300", "2009-03-31": "1099.99600", "2008-03-31": "1104.09000", "2007-03-31": "733.58800", "2006-03-31": "700.41400", "2005-03-31": "602.12800"}, "Total Liabilities": {"2020-03-31": "5291.20000", "2019-03-31": "5487.00000", "2018-03-31": "5810.70000", "2017-03-31": "6682.50000", "2016-03-31": "2983.90000", "2015-03-31": "2449.80200", "2014-03-31": "2267.09400", "2013-03-31": "2404.34300", "2012-03-31": "2698.21000", "2011-03-31": "1430.29800", "2010-03-31": "1473.23300", "2009-03-31": "1625.55700", "2008-03-31": "1349.52000", "2007-03-31": "889.20500", "2006-03-31": "903.97900", "2005-03-31": "737.49000"}, "Common Stock Net": {"2020-03-31": "2880.90000", "2019-03-31": "2790.30000", "2018-03-31": "2649.00000", "2017-03-31": "2519.80000", "2016-03-31": "885.80000", "2015-03-31": "830.78600", "2014-03-31": "743.78800", "2013-03-31": "672.91500", "2012-03-31": "712.62300", "2011-03-31": "643.20000", "2010-03-31": "521.16400", "2009-03-31": "494.72400", "2008-03-31": "434.65000", "2007-03-31": "398.83600", "2006-03-31": "333.94900", "2005-03-31": "305.66200"}, "Retained Earnings (Accumulated Deficit)": {"2020-03-31": "-16.90000", "2019-03-31": "208.70000", "2018-03-31": "516.60000", "2017-03-31": "10.60000", "2016-03-31": "7.60000", "2015-03-31": "13.72000", "2014-03-31": "-157.87500", "2013-03-31": "-309.91200", "2012-03-31": "-542.03900", "2011-03-31": "-502.92100", "2010-03-31": "-460.63100", "2009-03-31": "-441.15300", "2008-03-31": "-223.61900", "2007-03-31": "-149.65100", "2006-03-31": "-177.13000", "2005-03-31": "-183.22600"}, "Comprehensive Income": {"2020-03-31": "-206.00000", "2019-03-31": "-80.30000", "2018-03-31": "-9.70000", "2017-03-31": "-16.00000", "2016-03-31": "-43.10000", "2015-03-31": "-2.21900", "2014-03-31": "-1.37500", "2013-03-31": "-6.47700", "2012-03-31": "-3.71100", "2011-03-31": "-1.42400", "2010-03-31": "-6.61100", "2009-03-31": "-11.87800", "2008-03-31": "-0.53300", "2007-03-31": "-1.29500", "2006-03-31": "-3.51700", "2005-03-31": "-5.29700"}, "Other Share Holders Equity": {"2020-03-31": "", "2019-03-31": "", "2018-03-31": "", "2017-03-31": "", "2016-03-31": "", "2015-03-31": "", "2014-03-31": "", "2013-03-31": "", "2012-03-31": "", "2011-03-31": "", "2010-03-31": "", "2009-03-31": "", "2008-03-31": "", "2007-03-31": "", "2006-03-31": "", "2005-03-31": ""}, "Share Holder Equity": {"2020-03-31": "2660.00000", "2019-03-31": "2921.90000", "2018-03-31": "3156.90000", "2017-03-31": "2514.40000", "2016-03-31": "850.30000", "2015-03-31": "842.28700", "2014-03-31": "584.53800", "2013-03-31": "356.52600", "2012-03-31": "89.78500", "2011-03-31": "138.85500", "2010-03-31": "53.92200", "2009-03-31": "41.69300", "2008-03-31": "188.23800", "2007-03-31": "247.89000", "2006-03-31": "149.27000", "2005-03-31": "117.13900"}, "Total Liabilities And Share Holders Equity": {"2020-03-31": "7951.20000", "2019-03-31": "8408.90000", "2018-03-31": "8967.60000", "2017-03-31": "9196.90000", "2016-03-31": "3834.20000", "2015-03-31": "3292.08900", "2014-03-31": "2851.63200", "2013-03-31": "2760.86900", "2012-03-31": "2787.99500", "2011-03-31": "1569.15300", "2010-03-31": "1527.15500", "2009-03-31": "1667.25000", "2008-03-31": "1537.75800", "2007-03-31": "1137.09500", "2006-03-31": "1053.24900", "2005-03-31": "854.62900"}}, "balance sheet, quarterly": {"Cash On Hand": {"2020-12-31": "551.50000", "2020-09-30": "463.70000", "2020-06-30": "376.10000", "2020-03-31": "318.20000", "2019-12-31": "195.50000", "2019-09-30": "232.60000", "2019-06-30": "196.00000", "2019-03-31": "184.30000", "2018-12-31": "106.20000", "2018-09-30": "372.30000", "2018-06-30": "315.60000", "2018-03-31": "378.10000", "2017-12-31": "216.70000", "2017-09-30": "225.90000", "2017-06-30": "156.50000", "2017-03-31": "324.70000", "2016-12-31": "598.00000", "2016-09-30": "108.85300", "2016-06-30": "80.69800", "2016-03-31": "60.60000", "2015-12-31": "90.94200", "2015-09-30": "172.92500", "2015-06-30": "199.05800", "2015-03-31": "105.20500", "2014-12-31": "36.39400", "2014-09-30": "33.80400", "2014-06-30": "57.90600", "2014-03-31": "34.61700", "2013-12-31": "115.84500", "2013-09-30": "75.33400", "2013-06-30": "60.02900", "2013-03-31": "73.02700", "2012-12-31": "64.76900", "2012-09-30": "61.03300", "2012-06-30": "84.03000", "2012-03-31": "76.23400", "2011-12-31": "79.34700", "2011-09-30": "52.00400", "2011-06-30": "130.81800", "2011-03-31": "129.87700", "2010-12-31": "88.90000", "2010-09-30": "114.19200", "2010-06-30": "109.82100", "2010-03-31": "80.36000", "2009-12-31": "112.79100", "2009-09-30": "129.54700", "2009-06-30": "131.55100", "2009-03-31": "155.51800", "2008-12-31": "154.71300", "2008-09-30": "278.01500", "2008-06-30": "253.34900", "2008-03-31": "388.81600", "2007-12-31": "215.05000", "2007-09-30": "201.33200", "2007-06-30": "234.47000", "2007-03-31": "293.91600", "2006-12-31": "270.16600", "2006-09-30": "216.09500", "2006-06-30": "212.25700", "2006-03-31": "214.87900", "2005-12-31": "143.42900", "2005-09-30": "157.17900", "2005-06-30": "139.24000", "2005-03-31": "115.75200"}, "Receivables": {"2020-12-31": "386.40000", "2020-09-30": "376.70000", "2020-06-30": "430.60000", "2020-03-31": "522.00000", "2019-12-31": "597.70000", "2019-09-30": "664.20000", "2019-06-30": "710.60000", "2019-03-31": "647.20000", "2018-12-31": "833.10000", "2018-09-30": "1059.00000", "2018-06-30": "1044.10000", "2018-03-31": "946.00000", "2017-12-31": "905.10000", "2017-09-30": "803.60000", "2017-06-30": "822.90000", "2017-03-31": "908.10000", "2016-12-31": "777.00000", "2016-09-30": "953.25100", "2016-06-30": "899.72100", "2016-03-31": "570.10000", "2015-12-31": "943.99800", "2015-09-30": "881.47400", "2015-06-30": "761.21600", "2015-03-31": "891.88000", "2014-12-31": "974.57900", "2014-09-30": "800.75600", "2014-06-30": "717.49800", "2014-03-31": "885.57100", "2013-12-31": "839.30400", "2013-09-30": "696.58400", "2013-06-30": "819.43800", "2013-03-31": "787.15000", "2012-12-31": "656.86200", "2012-09-30": "701.35400", "2012-06-30": "587.35900", "2012-03-31": "784.53000", "2011-12-31": "423.11700", "2011-09-30": "389.92300", "2011-06-30": "252.31900", "2011-03-31": "330.62400", "2010-12-31": "400.00100", "2010-09-30": "339.83300", "2010-06-30": "259.29500", "2010-03-31": "292.92400", "2009-12-31": "255.37700", "2009-09-30": "231.97500", "2009-06-30": "201.07800", "2009-03-31": "227.01000", "2008-12-31": "178.64500", "2008-09-30": "201.37000", "2008-06-30": "198.44000", "2008-03-31": "260.28400", "2007-12-31": "163.37600", "2007-09-30": "209.45700", "2007-06-30": "105.23400", "2007-03-31": "130.49600", "2006-12-31": "117.04000", "2006-09-30": "94.29100", "2006-06-30": "90.80100", "2006-03-31": "182.65900", "2005-12-31": "134.52200", "2005-09-30": "129.59000", "2005-06-30": "102.43900", "2005-03-31": "150.01900"}, "Inventory": {"2020-12-31": "", "2020-09-30": "", "2020-06-30": "", "2020-03-31": "", "2019-12-31": "", "2019-09-30": "", "2019-06-30": "", "2019-03-31": "", "2018-12-31": "", "2018-09-30": "", "2018-06-30": "", "2018-03-31": "", "2017-12-31": "", "2017-09-30": "", "2017-06-30": "", "2017-03-31": "", "2016-12-31": "", "2016-09-30": "", "2016-06-30": "", "2016-03-31": "", "2015-12-31": "", "2015-09-30": "", "2015-06-30": "", "2015-03-31": "", "2014-12-31": "", "2014-09-30": "", "2014-06-30": "", "2014-03-31": "", "2013-12-31": "", "2013-09-30": "", "2013-06-30": "", "2013-03-31": "", "2012-12-31": "", "2012-09-30": "", "2012-06-30": "", "2012-03-31": "", "2011-12-31": "", "2011-09-30": "", "2011-06-30": "", "2011-03-31": "", "2010-12-31": "", "2010-09-30": "", "2010-06-30": "", "2010-03-31": "", "2009-12-31": "", "2009-09-30": "", "2009-06-30": "", "2009-03-31": "", "2008-12-31": "", "2008-09-30": "", "2008-06-30": "", "2008-03-31": "", "2007-12-31": "", "2007-09-30": "", "2007-06-30": "", "2007-03-31": "", "2006-12-31": "", "2006-09-30": "", "2006-06-30": "", "2006-03-31": "", "2005-12-31": "", "2005-09-30": "", "2005-06-30": "", "2005-03-31": ""}, "Pre-Paid Expenses": {"2020-12-31": "", "2020-09-30": "", "2020-06-30": "", "2020-03-31": "", "2019-12-31": "", "2019-09-30": "", "2019-06-30": "", "2019-03-31": "", "2018-12-31": "", "2018-09-30": "", "2018-06-30": "", "2018-03-31": "", "2017-12-31": "", "2017-09-30": "", "2017-06-30": "", "2017-03-31": "", "2016-12-31": "", "2016-09-30": "", "2016-06-30": "", "2016-03-31": "", "2015-12-31": "", "2015-09-30": "", "2015-06-30": "", "2015-03-31": "", "2014-12-31": "", "2014-09-30": "", "2014-06-30": "", "2014-03-31": "", "2013-12-31": "", "2013-09-30": "", "2013-06-30": "", "2013-03-31": "", "2012-12-31": "", "2012-09-30": "", "2012-06-30": "", "2012-03-31": "", "2011-12-31": "", "2011-09-30": "", "2011-06-30": "", "2011-03-31": "", "2010-12-31": "", "2010-09-30": "", "2010-06-30": "", "2010-03-31": "", "2009-12-31": "", "2009-09-30": "", "2009-06-30": "", "2009-03-31": "", "2008-12-31": "", "2008-09-30": "", "2008-06-30": "", "2008-03-31": "", "2007-12-31": "", "2007-09-30": "", "2007-06-30": "", "2007-03-31": "", "2006-12-31": "", "2006-09-30": "", "2006-06-30": "", "2006-03-31": "", "2005-12-31": "", "2005-09-30": "", "2005-06-30": "", "2005-03-31": ""}, "Other Current Assets": {"2020-12-31": "158.70000", "2020-09-30": "163.80000", "2020-06-30": "147.80000", "2020-03-31": "467.90000", "2019-12-31": "416.90000", "2019-09-30": "460.30000", "2019-06-30": "452.90000", "2019-03-31": "562.90000", "2018-12-31": "474.70000", "2018-09-30": "425.20000", "2018-06-30": "424.20000", "2018-03-31": "449.00000", "2017-12-31": "431.80000", "2017-09-30": "474.10000", "2017-06-30": "448.40000", "2017-03-31": "457.60000", "2016-12-31": "495.00000", "2016-09-30": "", "2016-06-30": "", "2016-03-31": "236.90000", "2015-12-31": "", "2015-09-30": "", "2015-06-30": "", "2015-03-31": "", "2014-12-31": "", "2014-09-30": "", "2014-06-30": "", "2014-03-31": "", "2013-12-31": "", "2013-09-30": "", "2013-06-30": "", "2013-03-31": "", "2012-12-31": "", "2012-09-30": "", "2012-06-30": "", "2012-03-31": "", "2011-12-31": "", "2011-09-30": "", "2011-06-30": "", "2011-03-31": "", "2010-12-31": "", "2010-09-30": "", "2010-06-30": "", "2010-03-31": "", "2009-12-31": "", "2009-09-30": "", "2009-06-30": "", "2009-03-31": "", "2008-12-31": "", "2008-09-30": "", "2008-06-30": "", "2008-03-31": "", "2007-12-31": "", "2007-09-30": "", "2007-06-30": "", "2007-03-31": "", "2006-12-31": "", "2006-09-30": "", "2006-06-30": "", "2006-03-31": "", "2005-12-31": "", "2005-09-30": "", "2005-06-30": "", "2005-03-31": ""}, "Total Current Assets": {"2020-12-31": "1096.60000", "2020-09-30": "1004.20000", "2020-06-30": "954.50000", "2020-03-31": "1308.10000", "2019-12-31": "1210.10000", "2019-09-30": "1357.10000", "2019-06-30": "1359.50000", "2019-03-31": "1394.40000", "2018-12-31": "1414.00000", "2018-09-30": "1856.50000", "2018-06-30": "1783.90000", "2018-03-31": "1773.10000", "2017-12-31": "1553.60000", "2017-09-30": "1503.60000", "2017-06-30": "1427.80000", "2017-03-31": "1690.40000", "2016-12-31": "1870.00000", "2016-09-30": "1062.10400", "2016-06-30": "980.41900", "2016-03-31": "867.60000", "2015-12-31": "1034.94000", "2015-09-30": "1054.39900", "2015-06-30": "960.27400", "2015-03-31": "997.08500", "2014-12-31": "1010.97300", "2014-09-30": "834.56000", "2014-06-30": "775.40400", "2014-03-31": "920.18800", "2013-12-31": "955.14900", "2013-09-30": "771.91800", "2013-06-30": "879.46700", "2013-03-31": "860.17700", "2012-12-31": "721.63100", "2012-09-30": "762.38700", "2012-06-30": "671.38900", "2012-03-31": "860.76400", "2011-12-31": "502.46400", "2011-09-30": "441.92700", "2011-06-30": "383.13700", "2011-03-31": "460.50100", "2010-12-31": "488.90100", "2010-09-30": "454.02500", "2010-06-30": "369.11600", "2010-03-31": "373.28400", "2009-12-31": "368.16800", "2009-09-30": "361.52200", "2009-06-30": "332.62900", "2009-03-31": "382.52800", "2008-12-31": "333.35800", "2008-09-30": "479.38500", "2008-06-30": "451.78900", "2008-03-31": "649.10000", "2007-12-31": "378.42600", "2007-09-30": "410.78900", "2007-06-30": "339.70400", "2007-03-31": "424.41200", "2006-12-31": "387.20600", "2006-09-30": "310.38600", "2006-06-30": "303.05800", "2006-03-31": "397.53800", "2005-12-31": "277.95100", "2005-09-30": "286.76900", "2005-06-30": "241.67900", "2005-03-31": "265.77100"}, "Property, Plant, And Equipment": {"2020-12-31": "93.80000", "2020-09-30": "94.80000", "2020-06-30": "138.40000", "2020-03-31": "140.90000", "2019-12-31": "145.00000", "2019-09-30": "149.00000", "2019-06-30": "152.00000", "2019-03-31": "155.30000", "2018-12-31": "153.40000", "2018-09-30": "158.50000", "2018-06-30": "158.80000", "2018-03-31": "161.70000", "2017-12-31": "156.50000", "2017-09-30": "161.60000", "2017-06-30": "162.60000", "2017-03-31": "165.50000", "2016-12-31": "168.00000", "2016-09-30": "42.65500", "2016-06-30": "42.81500", "2016-03-31": "43.40000", "2015-12-31": "41.91400", "2015-09-30": "30.09400", "2015-06-30": "28.35400", "2015-03-31": "26.65100", "2014-12-31": "22.43000", "2014-09-30": "16.96500", "2014-06-30": "15.09200", "2014-03-31": "14.55200", "2013-12-31": "12.70600", "2013-09-30": "10.58600", "2013-06-30": "9.26600", "2013-03-31": "8.53000", "2012-12-31": "9.09200", "2012-09-30": "8.72800", "2012-06-30": "9.39000", "2012-03-31": "9.77200", "2011-12-31": "8.35900", "2011-09-30": "8.68200", "2011-06-30": "8.44200", "2011-03-31": "9.08900", "2010-12-31": "10.02000", "2010-09-30": "10.91800", "2010-06-30": "11.60500", "2010-03-31": "12.41400", "2009-12-31": "35.35900", "2009-09-30": "38.03400", "2009-06-30": "40.96000", "2009-03-31": "42.41500", "2008-12-31": "16.56700", "2008-09-30": "17.09500", "2008-06-30": "14.83600", "2008-03-31": "13.61300", "2007-12-31": "13.87700", "2007-09-30": "14.12000", "2007-06-30": "14.20700", "2007-03-31": "13.09500", "2006-12-31": "13.31900", "2006-09-30": "9.94200", "2006-06-30": "8.50900", "2006-03-31": "7.21800", "2005-12-31": "33.90900", "2005-09-30": "32.48700", "2005-06-30": "30.18800", "2005-03-31": "30.84200"}, "Long-Term Investments": {"2020-12-31": "1993.90000", "2020-09-30": "1795.30000", "2020-06-30": "1750.40000", "2020-03-31": "1557.60000", "2019-12-31": "1568.10000", "2019-09-30": "1566.00000", "2019-06-30": "1648.10000", "2019-03-31": "1698.20000", "2018-12-31": "1792.60000", "2018-09-30": "1792.70000", "2018-06-30": "1806.90000", "2018-03-31": "1856.90000", "2017-12-31": "1862.50000", "2017-09-30": "1880.10000", "2017-06-30": "1839.60000", "2017-03-31": "2101.00000", "2016-12-31": "2173.00000", "2016-09-30": "1831.08500", "2016-06-30": "1922.41800", "2016-03-31": "1921.90000", "2015-12-31": "2037.07700", "2015-09-30": "2031.37400", "2015-06-30": "2038.83700", "2015-03-31": "1820.12700", "2014-12-31": "1659.07300", "2014-09-30": "1751.72200", "2014-06-30": "1569.57700", "2014-03-31": "1456.51400", "2013-12-31": "1480.02900", "2013-09-30": "1372.90100", "2013-06-30": "1343.81100", "2013-03-31": "1413.52500", "2012-12-31": "1536.39600", "2012-09-30": "1523.27800", "2012-06-30": "1483.16800", "2012-03-31": "1500.31500", "2011-12-31": "962.79100", "2011-09-30": "976.71500", "2011-06-30": "878.34000", "2011-03-31": "769.65100", "2010-12-31": "841.98700", "2010-09-30": "883.54100", "2010-06-30": "915.34300", "2010-03-31": "840.17600", "2009-12-31": "731.28900", "2009-09-30": "749.28300", "2009-06-30": "764.85600", "2009-03-31": "702.76700", "2008-12-31": "758.64400", "2008-09-30": "745.25800", "2008-06-30": "740.48000", "2008-03-31": "608.94200", "2007-12-31": "710.68000", "2007-09-30": "633.02400", "2007-06-30": "579.75700", "2007-03-31": "493.14000", "2006-12-31": "535.45200", "2006-09-30": "515.23600", "2006-06-30": "445.88800", "2006-03-31": "432.67100", "2005-12-31": "416.96300", "2005-09-30": "387.71800", "2005-06-30": "365.59500", "2005-03-31": "367.37600"}, "Goodwill And Intangible Assets": {"2020-12-31": "4442.80000", "2020-09-30": "4478.80000", "2020-06-30": "4516.00000", "2020-03-31": "4553.10000", "2019-12-31": "4596.70000", "2019-09-30": "4637.20000", "2019-06-30": "4676.80000", "2019-03-31": "4705.10000", "2018-12-31": "4733.50000", "2018-09-30": "4762.00000", "2018-06-30": "4790.40000", "2018-03-31": "4678.50000", "2017-12-31": "4705.70000", "2017-09-30": "4702.70000", "2017-06-30": "4724.00000", "2017-03-31": "4747.20000", "2016-12-31": "4758.00000", "2016-09-30": "534.78000", "2016-06-30": "534.78000", "2016-03-31": "546.20000", "2015-12-31": "534.14300", "2015-09-30": "323.32800", "2015-06-30": "323.32800", "2015-03-31": "323.32800", "2014-12-31": "323.32800", "2014-09-30": "323.32800", "2014-06-30": "323.32800", "2014-03-31": "323.32800", "2013-12-31": "323.32800", "2013-09-30": "323.32800", "2013-06-30": "323.32800", "2013-03-31": "323.32800", "2012-12-31": "323.32800", "2012-09-30": "326.00400", "2012-06-30": "326.36100", "2012-03-31": "326.63300", "2011-12-31": "233.20100", "2011-09-30": "233.20100", "2011-06-30": "239.25400", "2011-03-31": "239.25400", "2010-12-31": "239.25400", "2010-09-30": "239.25400", "2010-06-30": "239.25400", "2010-03-31": "239.25400", "2009-12-31": "451.26500", "2009-09-30": "454.72100", "2009-06-30": "457.43800", "2009-03-31": "458.30600", "2008-12-31": "224.21300", "2008-09-30": "224.21300", "2008-06-30": "224.21300", "2008-03-31": "226.84800", "2007-12-31": "227.06300", "2007-09-30": "224.56700", "2007-06-30": "187.49100", "2007-03-31": "187.49100", "2006-12-31": "197.80500", "2006-09-30": "196.66500", "2006-06-30": "185.51700", "2006-03-31": "185.11700", "2005-12-31": "186.62700", "2005-09-30": "161.18200", "2005-06-30": "161.18200", "2005-03-31": "161.18200"}, "Other Long-Term Assets": {"2020-12-31": "380.90000", "2020-09-30": "373.40000", "2020-06-30": "396.70000", "2020-03-31": "391.50000", "2019-12-31": "439.80000", "2019-09-30": "517.10000", "2019-06-30": "600.90000", "2019-03-31": "436.10000", "2018-12-31": "453.60000", "2018-09-30": "439.60000", "2018-06-30": "453.30000", "2018-03-31": "458.60000", "2017-12-31": "420.20000", "2017-09-30": "413.40000", "2017-06-30": "446.20000", "2017-03-31": "472.80000", "2016-12-31": "405.00000", "2016-09-30": "71.20700", "2016-06-30": "67.96500", "2016-03-31": "320.70000", "2015-12-31": "84.82200", "2015-09-30": "75.83500", "2015-06-30": "75.27800", "2015-03-31": "74.78400", "2014-12-31": "71.37200", "2014-09-30": "70.61000", "2014-06-30": "67.39600", "2014-03-31": "71.06700", "2013-12-31": "69.57500", "2013-09-30": "80.48500", "2013-06-30": "72.59400", "2013-03-31": "72.61900", "2012-12-31": "82.27900", "2012-09-30": "89.96600", "2012-06-30": "81.12300", "2012-03-31": "90.51100", "2011-12-31": "55.41900", "2011-09-30": "54.91000", "2011-06-30": "90.83100", "2011-03-31": "90.65800", "2010-12-31": "49.45700", "2010-09-30": "50.21200", "2010-06-30": "57.55600", "2010-03-31": "62.02700", "2009-12-31": "113.02600", "2009-09-30": "86.11300", "2009-06-30": "85.93700", "2009-03-31": "81.23400", "2008-12-31": "88.29900", "2008-09-30": "83.32200", "2008-06-30": "55.42900", "2008-03-31": "39.25500", "2007-12-31": "50.83100", "2007-09-30": "52.72500", "2007-06-30": "41.16900", "2007-03-31": "18.95700", "2006-12-31": "23.86900", "2006-09-30": "23.27100", "2006-06-30": "25.53400", "2006-03-31": "30.70500", "2005-12-31": "30.73000", "2005-09-30": "31.71400", "2005-06-30": "31.41700", "2005-03-31": "29.45800"}, "Total Long-Term Assets": {"2020-12-31": "6911.40000", "2020-09-30": "6742.30000", "2020-06-30": "6801.50000", "2020-03-31": "6643.10000", "2019-12-31": "6749.60000", "2019-09-30": "6869.30000", "2019-06-30": "7077.80000", "2019-03-31": "7014.50000", "2018-12-31": "7166.30000", "2018-09-30": "7192.90000", "2018-06-30": "7245.60000", "2018-03-31": "7194.50000", "2017-12-31": "7189.10100", "2017-09-30": "7197.00000", "2017-06-30": "7205.90000", "2017-03-31": "7506.50000", "2016-12-31": "7510.00000", "2016-09-30": "2702.85400", "2016-06-30": "2734.84100", "2016-03-31": "2966.60000", "2015-12-31": "2803.45900", "2015-09-30": "2510.82700", "2015-06-30": "2509.51300", "2015-03-31": "2295.00400", "2014-12-31": "2130.53200", "2014-09-30": "2219.03000", "2014-06-30": "2036.62100", "2014-03-31": "1931.44400", "2013-12-31": "1955.41100", "2013-09-30": "1879.95700", "2013-06-30": "1829.62500", "2013-03-31": "1900.69200", "2012-12-31": "1951.09500", "2012-09-30": "1947.97600", "2012-06-30": "1900.04200", "2012-03-31": "1927.23100", "2011-12-31": "1259.77000", "2011-09-30": "1273.50800", "2011-06-30": "1216.86700", "2011-03-31": "1108.65200", "2010-12-31": "1140.71800", "2010-09-30": "1183.92500", "2010-06-30": "1223.75800", "2010-03-31": "1153.87100", "2009-12-31": "1330.93900", "2009-09-30": "1328.15100", "2009-06-30": "1349.19100", "2009-03-31": "1284.72200", "2008-12-31": "1087.72300", "2008-09-30": "1069.88800", "2008-06-30": "1034.95800", "2008-03-31": "888.65800", "2007-12-31": "1002.45100", "2007-09-30": "924.43600", "2007-06-30": "822.62400", "2007-03-31": "712.68300", "2006-12-31": "770.44500", "2006-09-30": "745.11400", "2006-06-30": "665.44800", "2006-03-31": "655.71100", "2005-12-31": "668.22900", "2005-09-30": "613.10100", "2005-06-30": "588.38200", "2005-03-31": "588.85800"}, "Total Assets": {"2020-12-31": "8008.00000", "2020-09-30": "7746.50000", "2020-06-30": "7756.00000", "2020-03-31": "7951.20000", "2019-12-31": "7959.70000", "2019-09-30": "8226.40000", "2019-06-30": "8437.30000", "2019-03-31": "8408.90000", "2018-12-31": "8580.30000", "2018-09-30": "9049.40000", "2018-06-30": "9029.50000", "2018-03-31": "8967.60000", "2017-12-31": "8742.70000", "2017-09-30": "8700.60000", "2017-06-30": "8633.70000", "2017-03-31": "9196.90000", "2016-12-31": "9380.00000", "2016-09-30": "3764.95800", "2016-06-30": "3715.26000", "2016-03-31": "3834.20000", "2015-12-31": "3838.39900", "2015-09-30": "3565.22600", "2015-06-30": "3469.78700", "2015-03-31": "3292.08900", "2014-12-31": "3141.50500", "2014-09-30": "3053.59000", "2014-06-30": "2812.02500", "2014-03-31": "2851.63200", "2013-12-31": "2910.56000", "2013-09-30": "2651.87500", "2013-06-30": "2709.09200", "2013-03-31": "2760.86900", "2012-12-31": "2672.72600", "2012-09-30": "2710.36300", "2012-06-30": "2571.43100", "2012-03-31": "2787.99500", "2011-12-31": "1762.23400", "2011-09-30": "1715.43500", "2011-06-30": "1600.00400", "2011-03-31": "1569.15300", "2010-12-31": "1629.61900", "2010-09-30": "1637.95000", "2010-06-30": "1592.87400", "2010-03-31": "1527.15500", "2009-12-31": "1699.10700", "2009-09-30": "1689.67300", "2009-06-30": "1681.82000", "2009-03-31": "1667.25000", "2008-12-31": "1421.08100", "2008-09-30": "1549.27300", "2008-06-30": "1486.74700", "2008-03-31": "1537.75800", "2007-12-31": "1380.87700", "2007-09-30": "1335.22500", "2007-06-30": "1162.32800", "2007-03-31": "1137.09500", "2006-12-31": "1157.65100", "2006-09-30": "1055.50000", "2006-06-30": "968.50600", "2006-03-31": "1053.24900", "2005-12-31": "946.18000", "2005-09-30": "899.87000", "2005-06-30": "830.06100", "2005-03-31": "854.62900"}, "Total Current Liabilities": {"2020-12-31": "1491.70000", "2020-09-30": "1414.20000", "2020-06-30": "1330.20000", "2020-03-31": "1507.70000", "2019-12-31": "1421.00000", "2019-09-30": "1494.80000", "2019-06-30": "1699.30000", "2019-03-31": "1652.40000", "2018-12-31": "1590.70000", "2018-09-30": "2633.50000", "2018-06-30": "2422.60000", "2018-03-31": "2412.40000", "2017-12-31": "1528.60000", "2017-09-30": "1491.20000", "2017-06-30": "1235.00000", "2017-03-31": "1689.90000", "2016-12-31": "1585.00000", "2016-09-30": "646.49300", "2016-06-30": "509.77600", "2016-03-31": "1741.90000", "2015-12-31": "327.82800", "2015-09-30": "282.41200", "2015-06-30": "220.31400", "2015-03-31": "332.47300", "2014-12-31": "656.60100", "2014-09-30": "606.59700", "2014-06-30": "532.38600", "2014-03-31": "430.07600", "2013-12-31": "724.21300", "2013-09-30": "728.15400", "2013-06-30": "1045.52500", "2013-03-31": "1084.37100", "2012-12-31": "1207.65400", "2012-09-30": "1068.52600", "2012-06-30": "1040.97700", "2012-03-31": "902.35210", "2011-12-31": "709.83400", "2011-09-30": "704.00200", "2011-06-30": "586.10800", "2011-03-31": "527.07000", "2010-12-31": "720.12800", "2010-09-30": "680.49400", "2010-06-30": "670.84700", "2010-03-31": "495.90000", "2009-12-31": "482.45700", "2009-09-30": "431.26800", "2009-06-30": "428.12500", "2009-03-31": "525.56100", "2008-12-31": "264.43900", "2008-09-30": "244.63700", "2008-06-30": "182.98500", "2008-03-31": "245.43000", "2007-12-31": "224.93300", "2007-09-30": "253.36800", "2007-06-30": "174.97200", "2007-03-31": "155.61700", "2006-12-31": "168.39100", "2006-09-30": "159.39600", "2006-06-30": "121.11300", "2006-03-31": "203.56500", "2005-12-31": "185.45300", "2005-09-30": "151.29900", "2005-06-30": "139.60500", "2005-03-31": "135.36200"}, "Long Term Debt": {"2020-12-31": "2776.00000", "2020-09-30": "2676.20000", "2020-06-30": "2726.60000", "2020-03-31": "2761.30000", "2019-12-31": "2821.20000", "2019-09-30": "2961.00000", "2019-06-30": "2983.20000", "2019-03-31": "2993.90000", "2018-12-31": "3116.40000", "2018-09-30": "2607.60000", "2018-06-30": "2632.70000", "2018-03-31": "2649.60000", "2017-12-31": "2479.70000", "2017-09-30": "2505.30000", "2017-06-30": "2780.00000", "2017-03-31": "3163.00000", "2016-12-31": "3619.00000", "2016-09-30": "1224.70400", "2016-06-30": "1271.37300", "2016-03-31": "876.90000", "2015-12-31": "1620.06600", "2015-09-30": "1628.07000", "2015-06-30": "1499.87400", "2015-03-31": "1370.88100", "2014-12-31": "1073.85700", "2014-09-30": "1128.33500", "2014-06-30": "992.38900", "2014-03-31": "1079.32800", "2013-12-31": "947.28500", "2013-09-30": "815.23300", "2013-06-30": "658.09500", "2013-03-31": "656.18600", "2012-12-31": "573.85600", "2012-09-30": "816.21200", "2012-06-30": "804.35100", "2012-03-31": "1146.94000", "2011-12-31": "534.72100", "2011-09-30": "469.60300", "2011-06-30": "392.34900", "2011-03-31": "437.41300", "2010-12-31": "387.08700", "2010-09-30": "435.63000", "2010-06-30": "481.13500", "2010-03-31": "543.80500", "2009-12-31": "597.13200", "2009-09-30": "560.07200", "2009-06-30": "563.34400", "2009-03-31": "586.04600", "2008-12-31": "616.86100", "2008-09-30": "611.23700", "2008-06-30": "641.33400", "2008-03-31": "606.73400", "2007-12-31": "598.09300", "2007-09-30": "540.37000", "2007-06-30": "476.20800", "2007-03-31": "492.88400", "2006-12-31": "519.35900", "2006-09-30": "705.89500", "2006-06-30": "660.40500", "2006-03-31": "505.66100", "2005-12-31": "613.61300", "2005-09-30": "607.66700", "2005-06-30": "547.29700", "2005-03-31": "539.41000"}, "Other Non-Current Liabilities": {"2020-12-31": "711.10000", "2020-09-30": "669.40000", "2020-06-30": "719.40000", "2020-03-31": "756.50000", "2019-12-31": "673.20000", "2019-09-30": "681.30000", "2019-06-30": "660.40000", "2019-03-31": "593.80000", "2018-12-31": "541.80000", "2018-09-30": "504.90000", "2018-06-30": "508.60000", "2018-03-31": "484.70000", "2017-12-31": "1289.30000", "2017-09-30": "1278.50000", "2017-06-30": "1242.50000", "2017-03-31": "1222.90000", "2016-12-31": "1223.00000", "2016-09-30": "651.59400", "2016-06-30": "650.69800", "2016-03-31": "192.80000", "2015-12-31": "549.98500", "2015-09-30": "516.67300", "2015-06-30": "501.76000", "2015-03-31": "471.66100", "2014-12-31": "463.09300", "2014-09-30": "491.89200", "2014-06-30": "467.97600", "2014-03-31": "469.39000", "2013-12-31": "448.41600", "2013-09-30": "413.36800", "2013-06-30": "392.23900", "2013-03-31": "409.76300", "2012-12-31": "404.30900", "2012-09-30": "418.54700", "2012-06-30": "403.16800", "2012-03-31": "420.32500", "2011-12-31": "280.31400", "2011-09-30": "308.53500", "2011-06-30": "303.79000", "2011-03-31": "314.87800", "2010-12-31": "281.60500", "2010-09-30": "291.28600", "2010-06-30": "286.24900", "2010-03-31": "302.67700", "2009-12-31": "286.65600", "2009-09-30": "304.27100", "2009-06-30": "337.25900", "2009-03-31": "371.85700", "2008-12-31": "409.41900", "2008-09-30": "450.76000", "2008-06-30": "350.95200", "2008-03-31": "385.84600", "2007-12-31": "286.49400", "2007-09-30": "293.62200", "2007-06-30": "186.72900", "2007-03-31": "171.15600", "2006-12-31": "170.71000", "2006-09-30": "", "2006-06-30": "", "2006-03-31": "164.32600", "2005-12-31": "", "2005-09-30": "", "2005-06-30": "", "2005-03-31": ""}, "Total Long Term Liabilities": {"2020-12-31": "3769.20000", "2020-09-30": "3618.00000", "2020-06-30": "3716.30000", "2020-03-31": "3783.50000", "2019-12-31": "3742.40000", "2019-09-30": "3889.30000", "2019-06-30": "3883.00000", "2019-03-31": "3834.60000", "2018-12-31": "3919.30000", "2018-09-30": "3363.70000", "2018-06-30": "3404.20000", "2018-03-31": "3398.30000", "2017-12-31": "4153.40000", "2017-09-30": "4382.60000", "2017-06-30": "4622.90000", "2017-03-31": "4992.60000", "2016-12-31": "5473.00000", "2016-09-30": "2261.36100", "2016-06-30": "2335.41300", "2016-03-31": "1242.00000", "2015-12-31": "2555.19700", "2015-09-30": "2395.26700", "2015-06-30": "2293.44600", "2015-03-31": "2117.32900", "2014-12-31": "1816.90800", "2014-09-30": "1892.83100", "2014-06-30": "1743.84700", "2014-03-31": "1837.01800", "2013-12-31": "1667.84100", "2013-09-30": "1497.66800", "2013-06-30": "1283.77400", "2013-03-31": "1319.97200", "2012-12-31": "1272.58300", "2012-09-30": "1495.62200", "2012-06-30": "1482.56800", "2012-03-31": "1795.85800", "2011-12-31": "1014.48100", "2011-09-30": "973.94600", "2011-06-30": "872.47610", "2011-03-31": "903.22800", "2010-12-31": "832.87190", "2010-09-30": "878.26000", "2010-06-30": "923.60690", "2010-03-31": "977.33300", "2009-12-31": "1112.21900", "2009-09-30": "1087.68500", "2009-06-30": "1116.03300", "2009-03-31": "1099.99600", "2008-12-31": "1145.12300", "2008-09-30": "1196.69000", "2008-06-30": "1121.34900", "2008-03-31": "1104.09000", "2007-12-31": "1005.42800", "2007-09-30": "926.27500", "2007-06-30": "764.00300", "2007-03-31": "733.58800", "2006-12-31": "771.25310", "2006-09-30": "759.12500", "2006-06-30": "699.19400", "2006-03-31": "700.41400", "2005-12-31": "655.21400", "2005-09-30": "649.58300", "2005-06-30": "595.58300", "2005-03-31": "602.12800"}, "Total Liabilities": {"2020-12-31": "5260.90000", "2020-09-30": "5032.20000", "2020-06-30": "5046.50000", "2020-03-31": "5291.20000", "2019-12-31": "5163.40000", "2019-09-30": "5384.10000", "2019-06-30": "5582.30000", "2019-03-31": "5487.00000", "2018-12-31": "5510.00000", "2018-09-30": "5997.20000", "2018-06-30": "5826.80000", "2018-03-31": "5810.70000", "2017-12-31": "5682.00000", "2017-09-30": "5873.80000", "2017-06-30": "5857.90000", "2017-03-31": "6682.50000", "2016-12-31": "7058.00000", "2016-09-30": "2907.85400", "2016-06-30": "2845.18900", "2016-03-31": "2983.90000", "2015-12-31": "2883.02500", "2015-09-30": "2677.67900", "2015-06-30": "2513.76000", "2015-03-31": "2449.80200", "2014-12-31": "2473.50900", "2014-09-30": "2499.42800", "2014-06-30": "2276.23300", "2014-03-31": "2267.09400", "2013-12-31": "2392.05400", "2013-09-30": "2225.82200", "2013-06-30": "2329.29900", "2013-03-31": "2404.34300", "2012-12-31": "2480.23700", "2012-09-30": "2564.14800", "2012-06-30": "2523.54500", "2012-03-31": "2698.21000", "2011-12-31": "1724.31500", "2011-09-30": "1677.94800", "2011-06-30": "1458.58400", "2011-03-31": "1430.29800", "2010-12-31": "1553.00000", "2010-09-30": "1558.75400", "2010-06-30": "1594.45400", "2010-03-31": "1473.23300", "2009-12-31": "1594.67600", "2009-09-30": "1518.95300", "2009-06-30": "1544.15800", "2009-03-31": "1625.55700", "2008-12-31": "1409.56200", "2008-09-30": "1441.32700", "2008-06-30": "1304.33400", "2008-03-31": "1349.52000", "2007-12-31": "1230.36100", "2007-09-30": "1179.64300", "2007-06-30": "938.97500", "2007-03-31": "889.20500", "2006-12-31": "939.64400", "2006-09-30": "918.52100", "2006-06-30": "820.30700", "2006-03-31": "903.97900", "2005-12-31": "840.66700", "2005-09-30": "800.88200", "2005-06-30": "735.18800", "2005-03-31": "737.49000"}, "Common Stock Net": {"2020-12-31": "2934.10000", "2020-09-30": "2915.20000", "2020-06-30": "2891.70000", "2020-03-31": "2880.90000", "2019-12-31": "2873.10000", "2019-09-30": "2841.30000", "2019-06-30": "2828.10000", "2019-03-31": "2790.30000", "2018-12-31": "2765.40000", "2018-09-30": "2733.30000", "2018-06-30": "2718.60000", "2018-03-31": "2649.00000", "2017-12-31": "2625.50000", "2017-09-30": "2581.90000", "2017-06-30": "2545.90000", "2017-03-31": "2519.80000", "2016-12-31": "2395.00000", "2016-09-30": "904.25500", "2016-06-30": "903.20700", "2016-03-31": "885.80000", "2015-12-31": "951.36000", "2015-09-30": "884.18200", "2015-06-30": "868.48700", "2015-03-31": "830.78600", "2014-12-31": "668.49200", "2014-09-30": "650.74700", "2014-06-30": "651.11000", "2014-03-31": "743.78800", "2013-12-31": "728.67600", "2013-09-30": "725.38900", "2013-06-30": "682.35200", "2013-03-31": "672.91500", "2012-12-31": "667.25500", "2012-09-30": "736.66300", "2012-06-30": "716.35000", "2012-03-31": "712.62300", "2011-12-31": "648.49200", "2011-09-30": "646.24300", "2011-06-30": "644.71600", "2011-03-31": "643.20000", "2010-12-31": "641.47100", "2010-09-30": "639.56600", "2010-06-30": "532.60700", "2010-03-31": "521.16400", "2009-12-31": "515.72800", "2009-09-30": "515.94400", "2009-06-30": "513.01900", "2009-03-31": "494.72400", "2008-12-31": "447.96500", "2008-09-30": "443.89000", "2008-06-30": "437.99000", "2008-03-31": "434.65000", "2007-12-31": "427.06900", "2007-09-30": "423.84100", "2007-06-30": "423.71500", "2007-03-31": "398.83600", "2006-12-31": "395.44400", "2006-09-30": "334.83600", "2006-06-30": "331.24600", "2006-03-31": "333.94900", "2005-12-31": "331.76300", "2005-09-30": "323.39600", "2005-06-30": "307.91100", "2005-03-31": "305.66200"}, "Retained Earnings (Accumulated Deficit)": {"2020-12-31": "-18.80000", "2020-09-30": "2.40000", "2020-06-30": "28.30000", "2020-03-31": "-16.90000", "2019-12-31": "44.50000", "2019-09-30": "143.70000", "2019-06-30": "149.20000", "2019-03-31": "208.70000", "2018-12-31": "346.00000", "2018-09-30": "332.30000", "2018-06-30": "506.20000", "2018-03-31": "516.60000", "2017-12-31": "448.30000", "2017-09-30": "255.60000", "2017-06-30": "244.10000", "2017-03-31": "10.60000", "2016-12-31": "-52.00000", "2016-09-30": "-18.45300", "2016-06-30": "", "2016-03-31": "7.60000", "2015-12-31": "7.67300", "2015-09-30": "-11.40500", "2015-06-30": "44.02800", "2015-03-31": "13.72000", "2014-12-31": "4.35200", "2014-09-30": "-93.83300", "2014-06-30": "-114.61400", "2014-03-31": "-157.87500", "2013-12-31": "-207.02700", "2013-09-30": "-295.79000", "2013-06-30": "-296.29500", "2013-03-31": "-309.91200", "2012-12-31": "-472.88000", "2012-09-30": "-510.71000", "2012-06-30": "-586.23900", "2012-03-31": "-542.03900", "2011-12-31": "-528.28200", "2011-09-30": "-526.54700", "2011-06-30": "-501.98200", "2011-03-31": "-502.92100", "2010-12-31": "-560.37500", "2010-09-30": "-554.35800", "2010-06-30": "-524.69900", "2010-03-31": "-460.63100", "2009-12-31": "-438.34700", "2009-09-30": "-373.08800", "2009-06-30": "-404.80400", "2009-03-31": "-441.15300", "2008-12-31": "-358.03900", "2008-09-30": "-264.61900", "2008-06-30": "-216.52400", "2008-03-31": "-223.61900", "2007-12-31": "-257.02500", "2007-09-30": "-258.98300", "2007-06-30": "-202.76900", "2007-03-31": "-149.65100", "2006-12-31": "-174.67100", "2006-09-30": "-195.12600", "2006-06-30": "-180.73400", "2006-03-31": "-177.13000", "2005-12-31": "-216.00900", "2005-09-30": "-219.15100", "2005-06-30": "-205.04500", "2005-03-31": "-183.22600"}, "Comprehensive Income": {"2020-12-31": "-170.10000", "2020-09-30": "-205.50000", "2020-06-30": "-212.60000", "2020-03-31": "-206.00000", "2019-12-31": "-123.50000", "2019-09-30": "-145.60000", "2019-06-30": "-125.30000", "2019-03-31": "-80.30000", "2018-12-31": "-44.40000", "2018-09-30": "-15.60000", "2018-06-30": "-23.50000", "2018-03-31": "-9.70000", "2017-12-31": "-13.70000", "2017-09-30": "-11.50000", "2017-06-30": "-14.20000", "2017-03-31": "-16.00000", "2016-12-31": "-21.00000", "2016-09-30": "-28.69800", "2016-06-30": "-33.13600", "2016-03-31": "-43.10000", "2015-12-31": "-3.65900", "2015-09-30": "14.77000", "2015-06-30": "43.51200", "2015-03-31": "-2.21900", "2014-12-31": "-4.84800", "2014-09-30": "-2.75200", "2014-06-30": "-0.70400", "2014-03-31": "-1.37500", "2013-12-31": "-3.14300", "2013-09-30": "-3.54600", "2013-06-30": "-6.26400", "2013-03-31": "-6.47700", "2012-12-31": "-1.88600", "2012-09-30": "-2.65000", "2012-06-30": "-5.13700", "2012-03-31": "-3.71100", "2011-12-31": "-5.20300", "2011-09-30": "-5.12100", "2011-06-30": "-1.31400", "2011-03-31": "-1.42400", "2010-12-31": "-4.47700", "2010-09-30": "-6.01200", "2010-06-30": "-9.48800", "2010-03-31": "-6.61100", "2009-12-31": "-5.09100", "2009-09-30": "-5.97400", "2009-06-30": "-6.89800", "2009-03-31": "-11.87800", "2008-12-31": "-11.17900", "2008-09-30": "-4.32800", "2008-06-30": "-0.37300", "2008-03-31": "-0.53300", "2007-12-31": "0.80900", "2007-09-30": "1.46000", "2007-06-30": "2.40700", "2007-03-31": "-1.29500", "2006-12-31": "-2.76600", "2006-09-30": "-2.73100", "2006-06-30": "-2.31300", "2006-03-31": "-3.51700", "2005-12-31": "-6.11300", "2005-09-30": "-2.29100", "2005-06-30": "-5.89400", "2005-03-31": "-5.29700"}, "Other Share Holders Equity": {"2020-12-31": "", "2020-09-30": "", "2020-06-30": "", "2020-03-31": "", "2019-12-31": "", "2019-09-30": "", "2019-06-30": "", "2019-03-31": "", "2018-12-31": "", "2018-09-30": "", "2018-06-30": "", "2018-03-31": "", "2017-12-31": "", "2017-09-30": "", "2017-06-30": "", "2017-03-31": "", "2016-12-31": "", "2016-09-30": "", "2016-06-30": "", "2016-03-31": "", "2015-12-31": "", "2015-09-30": "", "2015-06-30": "", "2015-03-31": "", "2014-12-31": "", "2014-09-30": "", "2014-06-30": "", "2014-03-31": "", "2013-12-31": "", "2013-09-30": "", "2013-06-30": "", "2013-03-31": "", "2012-12-31": "", "2012-09-30": "", "2012-06-30": "", "2012-03-31": "", "2011-12-31": "", "2011-09-30": "", "2011-06-30": "", "2011-03-31": "", "2010-12-31": "", "2010-09-30": "", "2010-06-30": "", "2010-03-31": "", "2009-12-31": "", "2009-09-30": "", "2009-06-30": "", "2009-03-31": "", "2008-12-31": "", "2008-09-30": "", "2008-06-30": "", "2008-03-31": "", "2007-12-31": "", "2007-09-30": "", "2007-06-30": "", "2007-03-31": "", "2006-12-31": "", "2006-09-30": "", "2006-06-30": "", "2006-03-31": "", "2005-12-31": "", "2005-09-30": "", "2005-06-30": "", "2005-03-31": ""}, "Share Holder Equity": {"2020-12-31": "2747.10000", "2020-09-30": "2714.30000", "2020-06-30": "2709.50000", "2020-03-31": "2660.00000", "2019-12-31": "2796.30000", "2019-09-30": "2842.30000", "2019-06-30": "2855.00000", "2019-03-31": "2921.90000", "2018-12-31": "3070.30000", "2018-09-30": "3052.20000", "2018-06-30": "3202.70000", "2018-03-31": "3156.90000", "2017-12-31": "3060.70000", "2017-09-30": "2826.80000", "2017-06-30": "2775.80000", "2017-03-31": "2514.40000", "2016-12-31": "2322.00000", "2016-09-30": "857.10400", "2016-06-30": "870.07100", "2016-03-31": "850.30000", "2015-12-31": "955.37400", "2015-09-30": "887.54700", "2015-06-30": "956.02700", "2015-03-31": "842.28700", "2014-12-31": "667.99600", "2014-09-30": "554.16200", "2014-06-30": "535.79200", "2014-03-31": "584.53800", "2013-12-31": "518.50600", "2013-09-30": "426.05300", "2013-06-30": "379.79300", "2013-03-31": "356.52600", "2012-12-31": "192.48900", "2012-09-30": "146.21500", "2012-06-30": "47.88600", "2012-03-31": "89.78500", "2011-12-31": "37.91900", "2011-09-30": "37.48700", "2011-06-30": "141.42000", "2011-03-31": "138.85500", "2010-12-31": "76.61900", "2010-09-30": "79.19600", "2010-06-30": "-1.58000", "2010-03-31": "53.92200", "2009-12-31": "104.43100", "2009-09-30": "170.72000", "2009-06-30": "137.66200", "2009-03-31": "41.69300", "2008-12-31": "11.51900", "2008-09-30": "107.94600", "2008-06-30": "182.41300", "2008-03-31": "188.23800", "2007-12-31": "150.51600", "2007-09-30": "155.58200", "2007-06-30": "223.35300", "2007-03-31": "247.89000", "2006-12-31": "218.00700", "2006-09-30": "136.97900", "2006-06-30": "148.19900", "2006-03-31": "149.27000", "2005-12-31": "105.51300", "2005-09-30": "98.98800", "2005-06-30": "94.87300", "2005-03-31": "117.13900"}, "Total Liabilities And Share Holders Equity": {"2020-12-31": "8008.00000", "2020-09-30": "7746.50000", "2020-06-30": "7756.00000", "2020-03-31": "7951.20000", "2019-12-31": "7959.70000", "2019-09-30": "8226.40000", "2019-06-30": "8437.30000", "2019-03-31": "8408.90000", "2018-12-31": "8580.30000", "2018-09-30": "9049.40000", "2018-06-30": "9029.50000", "2018-03-31": "8967.60000", "2017-12-31": "8742.70000", "2017-09-30": "8700.60000", "2017-06-30": "8633.70000", "2017-03-31": "9196.90000", "2016-12-31": "9380.00000", "2016-09-30": "3764.95800", "2016-06-30": "3715.26000", "2016-03-31": "3834.20000", "2015-12-31": "3838.39900", "2015-09-30": "3565.22600", "2015-06-30": "3469.78700", "2015-03-31": "3292.08900", "2014-12-31": "3141.50500", "2014-09-30": "3053.59000", "2014-06-30": "2812.02500", "2014-03-31": "2851.63200", "2013-12-31": "2910.56000", "2013-09-30": "2651.87500", "2013-06-30": "2709.09200", "2013-03-31": "2760.86900", "2012-12-31": "2672.72600", "2012-09-30": "2710.36300", "2012-06-30": "2571.43100", "2012-03-31": "2787.99500", "2011-12-31": "1762.23400", "2011-09-30": "1715.43500", "2011-06-30": "1600.00400", "2011-03-31": "1569.15300", "2010-12-31": "1629.61900", "2010-09-30": "1637.95000", "2010-06-30": "1592.87400", "2010-03-31": "1527.15500", "2009-12-31": "1699.10700", "2009-09-30": "1689.67300", "2009-06-30": "1681.82000", "2009-03-31": "1667.25000", "2008-12-31": "1421.08100", "2008-09-30": "1549.27300", "2008-06-30": "1486.74700", "2008-03-31": "1537.75800", "2007-12-31": "1380.87700", "2007-09-30": "1335.22500", "2007-06-30": "1162.32800", "2007-03-31": "1137.09500", "2006-12-31": "1157.65100", "2006-09-30": "1055.50000", "2006-06-30": "968.50600", "2006-03-31": "1053.24900", "2005-12-31": "946.18000", "2005-09-30": "899.87000", "2005-06-30": "830.06100", "2005-03-31": "854.62900"}}, "cash flow statement": {"Net Income/Loss": {"2020-03-31": "-206.40000", "2019-03-31": "-299.60000", "2018-03-31": "468.10000", "2017-03-31": "14.50000", "2016-03-31": "42.70000", "2015-03-31": "181.80000", "2014-03-31": "152.03700", "2013-03-31": "232.12700", "2012-03-31": "-39.11800", "2011-03-31": "-30.38100", "2010-03-31": "-30.27200", "2009-03-31": "-178.45400", "2008-03-31": "-87.43500", "2007-03-31": "27.47900", "2006-03-31": "6.09600", "2005-03-31": "20.28100"}, "Total Depreciation And Amortization - Cash Flow": {"2020-03-31": "1919.30000", "2019-03-31": "1691.50000", "2018-03-31": "1815.00000", "2017-03-31": "1490.00000", "2016-03-31": "1051.40000", "2015-03-31": "919.40000", "2014-03-31": "945.03800", "2013-03-31": "992.57500", "2012-03-31": "623.61690", "2011-03-31": "561.74000", "2010-03-31": "543.81400", "2009-03-31": "485.55800", "2008-03-31": "425.86700", "2007-03-31": "249.06600", "2006-03-31": "260.90400", "2005-03-31": "224.85300"}, "Other Non-Cash Items": {"2020-03-31": "130.40000", "2019-03-31": "135.70000", "2018-03-31": "-217.80000", "2017-03-31": "120.00000", "2016-03-31": "-49.40000", "2015-03-31": "60.80000", "2014-03-31": "107.33200", "2013-03-31": "-24.89700", "2012-03-31": "-7.19900", "2011-03-31": "65.11000", "2010-03-31": "51.19500", "2009-03-31": "19.45900", "2008-03-31": "18.58400", "2007-03-31": "14.92200", "2006-03-31": "0.47900", "2005-03-31": "4.24800"}, "Total Non-Cash Items": {"2020-03-31": "2049.70000", "2019-03-31": "1827.20000", "2018-03-31": "1597.20000", "2017-03-31": "1610.00000", "2016-03-31": "1002.00000", "2015-03-31": "980.20000", "2014-03-31": "1052.37000", "2013-03-31": "967.67800", "2012-03-31": "616.41790", "2011-03-31": "626.85000", "2010-03-31": "595.00900", "2009-03-31": "505.01700", "2008-03-31": "444.45100", "2007-03-31": "263.98800", "2006-03-31": "261.38300", "2005-03-31": "229.10100"}, "Change In Accounts Receivable": {"2020-03-31": "397.50000", "2019-03-31": "470.80000", "2018-03-31": "-8.60000", "2017-03-31": "-87.80000", "2016-03-31": "-158.30000", "2015-03-31": "-14.00000", "2014-03-31": "-93.50300", "2013-03-31": "-4.94800", "2012-03-31": "-256.20800", "2011-03-31": "-64.20300", "2010-03-31": "-79.39200", "2009-03-31": "37.30400", "2008-03-31": "-128.87600", "2007-03-31": "79.70400", "2006-03-31": "-33.45900", "2005-03-31": "-21.07700"}, "Change In Inventories": {"2020-03-31": "", "2019-03-31": "", "2018-03-31": "", "2017-03-31": "", "2016-03-31": "", "2015-03-31": "", "2014-03-31": "", "2013-03-31": "", "2012-03-31": "", "2011-03-31": "", "2010-03-31": "", "2009-03-31": "", "2008-03-31": "", "2007-03-31": "", "2006-03-31": "", "2005-03-31": ""}, "Change In Accounts Payable": {"2020-03-31": "", "2019-03-31": "", "2018-03-31": "", "2017-03-31": "", "2016-03-31": "", "2015-03-31": "", "2014-03-31": "", "2013-03-31": "", "2012-03-31": "", "2011-03-31": "", "2010-03-31": "", "2009-03-31": "", "2008-03-31": "", "2007-03-31": "", "2006-03-31": "", "2005-03-31": ""}, "Change In Assets/Liabilities": {"2020-03-31": "-1594.40000", "2019-03-31": "-1611.90000", "2018-03-31": "-1488.60000", "2017-03-31": "-967.70000", "2016-03-31": "-934.30000", "2015-03-31": "-1046.40000", "2014-03-31": "-876.02000", "2013-03-31": "-868.58400", "2012-03-31": "-563.50700", "2011-03-31": "-493.11900", "2010-03-31": "-597.53600", "2009-03-31": "-496.09600", "2008-03-31": "-205.69400", "2007-03-31": "-272.93500", "2006-03-31": "-227.94300", "2005-03-31": "-136.85200"}, "Total Change In Assets/Liabilities": {"2020-03-31": "-1228.70000", "2019-03-31": "-1100.10000", "2018-03-31": "-1678.90000", "2017-03-31": "-1066.00000", "2016-03-31": "-1063.70000", "2015-03-31": "-1065.50000", "2014-03-31": "-951.89500", "2013-03-31": "-923.68600", "2012-03-31": "-791.41300", "2011-03-31": "-554.14200", "2010-03-31": "-699.69700", "2009-03-31": "-428.46910", "2008-03-31": "-267.86600", "2007-03-31": "-231.74000", "2006-03-31": "-212.24700", "2005-03-31": "-153.88600"}, "Cash Flow From Operating Activities": {"2020-03-31": "614.60000", "2019-03-31": "427.50000", "2018-03-31": "386.40000", "2017-03-31": "558.50000", "2016-03-31": "-19.00000", "2015-03-31": "96.50000", "2014-03-31": "252.51200", "2013-03-31": "276.11900", "2012-03-31": "-214.11300", "2011-03-31": "42.32700", "2010-03-31": "-134.96000", "2009-03-31": "-101.90600", "2008-03-31": "89.15000", "2007-03-31": "59.72700", "2006-03-31": "55.23200", "2005-03-31": "95.49600"}, "Net Change In Property, Plant, And Equipment": {"2020-03-31": "-31.10000", "2019-03-31": "-43.80000", "2018-03-31": "-45.90000", "2017-03-31": "-25.20000", "2016-03-31": "-18.40000", "2015-03-31": "-17.00000", "2014-03-31": "-8.79900", "2013-03-31": "-2.58100", "2012-03-31": "-1.88500", "2011-03-31": "-2.75600", "2010-03-31": "-3.68400", "2009-03-31": "-8.67400", "2008-03-31": "-3.60800", "2007-03-31": "-8.34800", "2006-03-31": "29.30500", "2005-03-31": "-1.44600"}, "Net Change In Intangible Assets": {"2020-03-31": "", "2019-03-31": "", "2018-03-31": "", "2017-03-31": "", "2016-03-31": "", "2015-03-31": "", "2014-03-31": "", "2013-03-31": "", "2012-03-31": "", "2011-03-31": "", "2010-03-31": "", "2009-03-31": "", "2008-03-31": "", "2007-03-31": "", "2006-03-31": "", "2005-03-31": ""}, "Net Acquisitions/Divestitures": {"2020-03-31": "", "2019-03-31": "-77.30000", "2018-03-31": "-1.80000", "2017-03-31": "-1102.60000", "2016-03-31": "-126.90000", "2015-03-31": "", "2014-03-31": "", "2013-03-31": "", "2012-03-31": "-544.61300", "2011-03-31": "-15.00000", "2010-03-31": "", "2009-03-31": "-243.15800", "2008-03-31": "-39.45200", "2007-03-31": "-24.11900", "2006-03-31": "-27.13800", "2005-03-31": ""}, "Net Change In Short-term Investments": {"2020-03-31": "", "2019-03-31": "", "2018-03-31": "", "2017-03-31": "", "2016-03-31": "", "2015-03-31": "", "2014-03-31": "", "2013-03-31": "4.33200", "2012-03-31": "0.00000", "2011-03-31": "6.99600", "2010-03-31": "-0.00900", "2009-03-31": "0.01100", "2008-03-31": "237.37900", "2007-03-31": "", "2006-03-31": "", "2005-03-31": ""}, "Net Change In Long-Term Investments": {"2020-03-31": "-20.60000", "2019-03-31": "-48.60000", "2018-03-31": "-53.40000", "2017-03-31": "-20.60000", "2016-03-31": "-16.80000", "2015-03-31": "-38.20000", "2014-03-31": "-4.08100", "2013-03-31": "-1.53000", "2012-03-31": "-1.03000", "2011-03-31": "-24.67700", "2010-03-31": "-47.12900", "2009-03-31": "-18.03100", "2008-03-31": "12.85900", "2007-03-31": "-75.15000", "2006-03-31": "-167.60600", "2005-03-31": ""}, "Net Change In Investments - Total": {"2020-03-31": "-20.60000", "2019-03-31": "-48.60000", "2018-03-31": "-53.40000", "2017-03-31": "-20.60000", "2016-03-31": "-16.80000", "2015-03-31": "-38.20000", "2014-03-31": "-4.08100", "2013-03-31": "2.80200", "2012-03-31": "-1.03000", "2011-03-31": "-17.68100", "2010-03-31": "-47.13800", "2009-03-31": "-18.02000", "2008-03-31": "250.23800", "2007-03-31": "-75.15000", "2006-03-31": "-167.60600", "2005-03-31": ""}, "Investing Activities - Other": {"2020-03-31": "", "2019-03-31": "48.00000", "2018-03-31": "393.70000", "2017-03-31": "3.10000", "2016-03-31": "", "2015-03-31": "", "2014-03-31": "4.27500", "2013-03-31": "4.27400", "2012-03-31": "-4.67100", "2011-03-31": "7.07100", "2010-03-31": "6.91500", "2009-03-31": "-28.76700", "2008-03-31": "-5.89500", "2007-03-31": "", "2006-03-31": "0.10500", "2005-03-31": "0.13400"}, "Cash Flow From Investing Activities": {"2020-03-31": "-51.70000", "2019-03-31": "-121.70000", "2018-03-31": "292.60000", "2017-03-31": "-1145.30000", "2016-03-31": "-162.10000", "2015-03-31": "-55.20000", "2014-03-31": "-8.60500", "2013-03-31": "4.49500", "2012-03-31": "-552.19900", "2011-03-31": "-28.36600", "2010-03-31": "-43.90700", "2009-03-31": "-298.61900", "2008-03-31": "201.28300", "2007-03-31": "-107.61700", "2006-03-31": "-165.33400", "2005-03-31": "-1.31200"}, "Net Long-Term Debt": {"2020-03-31": "-416.10010", "2019-03-31": "-436.09990", "2018-03-31": "-636.20000", "2017-03-31": "899.29980", "2016-03-31": "274.50000", "2015-03-31": "225.70000", "2014-03-31": "44.59800", "2013-03-31": "-488.13200", "2012-03-31": "795.25890", "2011-03-31": "-28.51300", "2010-03-31": "148.02200", "2009-03-31": "-37.48600", "2008-03-31": "51.04300", "2007-03-31": "48.09000", "2006-03-31": "46.55600", "2005-03-31": "314.82200"}, "Net Current Debt": {"2020-03-31": "", "2019-03-31": "", "2018-03-31": "", "2017-03-31": "", "2016-03-31": "", "2015-03-31": "", "2014-03-31": "-305.85500", "2013-03-31": "222.42000", "2012-03-31": "30.00000", "2011-03-31": "37.44400", "2010-03-31": "-147.11600", "2009-03-31": "255.00000", "2008-03-31": "", "2007-03-31": "", "2006-03-31": "", "2005-03-31": "-325.11100"}, "Debt Issuance/Retirement Net - Total": {"2020-03-31": "-416.10010", "2019-03-31": "-436.09990", "2018-03-31": "-636.20000", "2017-03-31": "899.29980", "2016-03-31": "274.50000", "2015-03-31": "225.70000", "2014-03-31": "-261.25700", "2013-03-31": "-265.71200", "2012-03-31": "825.25890", "2011-03-31": "8.93100", "2010-03-31": "0.90600", "2009-03-31": "217.51400", "2008-03-31": "51.04300", "2007-03-31": "48.09000", "2006-03-31": "46.55600", "2005-03-31": "-10.28900"}, "Net Common Equity Issued/Repurchased": {"2020-03-31": "-0.90000", "2019-03-31": "8.00000", "2018-03-31": "44.90000", "2017-03-31": "25.40000", "2016-03-31": "-67.10000", "2015-03-31": "-138.00000", "2014-03-31": "11.97200", "2013-03-31": "2.89700", "2012-03-31": "-73.56800", "2011-03-31": "", "2010-03-31": "", "2009-03-31": "-42.07400", "2008-03-31": "-21.00900", "2007-03-31": "4.27700", "2006-03-31": "1.40800", "2005-03-31": "24.71300"}, "Net Total Equity Issued/Repurchased": {"2020-03-31": "-0.90000", "2019-03-31": "8.00000", "2018-03-31": "44.90000", "2017-03-31": "25.40000", "2016-03-31": "-67.10000", "2015-03-31": "-138.00000", "2014-03-31": "11.97200", "2013-03-31": "2.89700", "2012-03-31": "-73.56800", "2011-03-31": "", "2010-03-31": "109.77600", "2009-03-31": "-42.07400", "2008-03-31": "-21.00900", "2007-03-31": "4.27700", "2006-03-31": "1.40800", "2005-03-31": "24.71300"}, "Total Common And Preferred Stock Dividends Paid": {"2020-03-31": "", "2019-03-31": "-57.40000", "2018-03-31": "", "2017-03-31": "-26.80000", "2016-03-31": "-47.50000", "2015-03-31": "-33.40000", "2014-03-31": "-6.90000", "2013-03-31": "", "2012-03-31": "", "2011-03-31": "", "2010-03-31": "", "2009-03-31": "", "2008-03-31": "", "2007-03-31": "", "2006-03-31": "", "2005-03-31": ""}, "Financial Activities - Other": {"2020-03-31": "-9.10000", "2019-03-31": "-13.80000", "2018-03-31": "-31.10000", "2017-03-31": "-47.80000", "2016-03-31": "-24.20000", "2015-03-31": "-20.10000", "2014-03-31": "-23.07700", "2013-03-31": "-19.70500", "2012-03-31": "-4.32000", "2011-03-31": "-10.38900", "2010-03-31": "-2.16400", "2009-03-31": "-3.80100", "2008-03-31": "-1.60100", "2007-03-31": "", "2006-03-31": "-3.24900", "2005-03-31": "-3.50600"}, "Cash Flow From Financial Activities": {"2020-03-31": "-426.10000", "2019-03-31": "-499.30000", "2018-03-31": "-622.40000", "2017-03-31": "850.10000", "2016-03-31": "135.70000", "2015-03-31": "34.20000", "2014-03-31": "-279.26200", "2013-03-31": "-282.52000", "2012-03-31": "747.37100", "2011-03-31": "-1.45800", "2010-03-31": "108.51800", "2009-03-31": "171.63900", "2008-03-31": "28.43300", "2007-03-31": "52.36700", "2006-03-31": "44.71500", "2005-03-31": "10.91800"}, "Net Cash Flow": {"2020-03-31": "133.90000", "2019-03-31": "-193.80000", "2018-03-31": "53.40000", "2017-03-31": "264.10000", "2016-03-31": "-45.00000", "2015-03-31": "77.00000", "2014-03-31": "-36.67100", "2013-03-31": "-1.93500", "2012-03-31": "-22.12100", "2011-03-31": "17.17700", "2010-03-31": "-69.23300", "2009-03-31": "-233.11400", "2008-03-31": "320.09200", "2007-03-31": "4.51900", "2006-03-31": "-65.86100", "2005-03-31": "105.75000"}, "Stock-Based Compensation": {"2020-03-31": "50.50000", "2019-03-31": "68.10000", "2018-03-31": "88.40000", "2017-03-31": "76.90000", "2016-03-31": "77.90000", "2015-03-31": "79.90000", "2014-03-31": "60.49200", "2013-03-31": "35.83800", "2012-03-31": "9.95700", "2011-03-31": "29.20400", "2010-03-31": "17.87500", "2009-03-31": "13.43800", "2008-03-31": "13.93400", "2007-03-31": "7.25900", "2006-03-31": "1.88100", "2005-03-31": "0.44800"}, "Common Stock Dividends Paid": {"2020-03-31": "0.00000", "2019-03-31": "-57.40000", "2018-03-31": "0.00000", "2017-03-31": "-26.80000", "2016-03-31": "-47.50000", "2015-03-31": "-33.40000", "2014-03-31": "-6.90000", "2013-03-31": "0.00000", "2012-03-31": "", "2011-03-31": "", "2010-03-31": "", "2009-03-31": "", "2008-03-31": "", "2007-03-31": "", "2006-03-31": "", "2005-03-31": ""}}, "cash flow statement, quarterly": {"Net Income/Loss": {"2020-12-31": -17.2, "2020-09-30": -21.7, "2020-06-30": "46.20000", "2020-03-31": -49, "2019-12-31": -97.7, "2019-09-30": -1.3, "2019-06-30": "-58.40000", "2019-03-31": -159.1, "2018-12-31": 20.1, "2018-09-30": -149.2, "2018-06-30": "-11.40000", "2018-03-31": 89.6, "2017-12-31": 191.1, "2017-09-30": 12.9, "2017-06-30": "174.50000", "2017-03-31": 61.5, "2016-12-31": -30.5, "2016-09-30": -17.3, "2016-06-30": "0.80000", "2016-03-31": 11.7, "2015-12-31": 32.385, "2015-09-30": -42.069, "2015-06-30": "40.68400", "2015-03-31": 19.573, "2014-12-31": 98.185, "2014-09-30": 20.781, "2014-06-30": "43.26100", "2014-03-31": 49.152, "2013-12-31": 88.763, "2013-09-30": 0.505, "2013-06-30": "13.61700", "2013-03-31": 162.968, "2012-12-31": 37.83, "2012-09-30": 75.529, "2012-06-30": "-44.20000", "2012-03-31": -22.746, "2011-12-31": -1.4, "2011-09-30": -25.306, "2011-06-30": "10.33400", "2011-03-31": 69.363, "2010-12-31": -6.017, "2010-09-30": -29.659, "2010-06-30": "-64.06800", "2010-03-31": -33.078, "2009-12-31": -65.259, "2009-09-30": 31.716, "2009-06-30": "36.34900", "2009-03-31": -32.403, "2008-12-31": -97.756, "2008-09-30": -51.814, "2008-06-30": "3.51900", "2008-03-31": 16.372, "2007-12-31": 7.314, "2007-09-30": -58.003, "2007-06-30": "-53.11800", "2007-03-31": 25.02, "2006-12-31": 20.455, "2006-09-30": -14.392, "2006-06-30": "-3.60400", "2006-03-31": 38.879, "2005-12-31": 3.142, "2005-09-30": -14.106, "2005-06-30": "-21.81900", "2005-03-31": 20.281}, "Total Depreciation And Amortization - Cash Flow": {"2020-12-31": 380.1, "2020-09-30": 311.7, "2020-06-30": "335.30000", "2020-03-31": 459.1, "2019-12-31": 506.3, "2019-09-30": 473.2, "2019-06-30": "480.70000", "2019-03-31": 455.1, "2018-12-31": 426.1, "2018-09-30": 381.6, "2018-06-30": "428.70000", "2018-03-31": 452.2, "2017-12-31": 511.4, "2017-09-30": 413.4, "2017-06-30": "438.00000", "2017-03-31": 556.9, "2016-12-31": 329.9, "2016-09-30": 302.9, "2016-06-30": "300.30000", "2016-03-31": 382.4, "2015-12-31": 298.833, "2015-09-30": 205.664, "2015-06-30": "164.50300", "2015-03-31": 265.195, "2014-12-31": 285.072, "2014-09-30": 205.449, "2014-06-30": "163.68400", "2014-03-31": 290.576, "2013-12-31": 265.938, "2013-09-30": 162.994, "2013-06-30": "225.53000", "2013-03-31": 313.713, "2012-12-31": 270.839, "2012-09-30": 234.059, "2012-06-30": "173.96400", "2012-03-31": 255.0069, "2011-12-31": 139.452, "2011-09-30": 138.321, "2011-06-30": "90.83700", "2011-03-31": 144.616, "2010-12-31": 142.893, "2010-09-30": 166.965, "2010-06-30": "107.26600", "2010-03-31": 107.53, "2009-12-31": 142.313, "2009-09-30": 131.498, "2009-06-30": "162.47300", "2009-03-31": 151.066, "2008-12-31": 135.061, "2008-09-30": 124.489, "2008-06-30": "74.94200", "2008-03-31": 164.453, "2007-12-31": 80.478, "2007-09-30": 129.12, "2007-06-30": "51.81600", "2007-03-31": 100.518, "2006-12-31": 62.98, "2006-09-30": 50.612, "2006-06-30": "34.95600", "2006-03-31": 63.645, "2005-12-31": 58.829, "2005-09-30": 70.86, "2005-06-30": "67.57000", "2005-03-31": 224.853}, "Other Non-Cash Items": {"2020-12-31": 40.2, "2020-09-30": 46.2, "2020-06-30": "30.20000", "2020-03-31": 24.7, "2019-12-31": 47.8, "2019-09-30": 32, "2019-06-30": "25.90000", "2019-03-31": 106, "2018-12-31": -173.2, "2018-09-30": 174.1, "2018-06-30": "28.80000", "2018-03-31": -37.5, "2017-12-31": -113, "2017-09-30": 31.8, "2017-06-30": "-99.10000", "2017-03-31": 140.4, "2016-12-31": 30.5, "2016-09-30": -63.1, "2016-06-30": "12.20000", "2016-03-31": -13.4, "2015-12-31": -48.834, "2015-09-30": 6.84, "2015-06-30": "5.99400", "2015-03-31": 29.155, "2014-12-31": 6.861, "2014-09-30": 15.122, "2014-06-30": "9.66200", "2014-03-31": 19.672, "2013-12-31": 37.436, "2013-09-30": 32.603, "2013-06-30": "17.62100", "2013-03-31": -67.494, "2012-12-31": 24.131, "2012-09-30": 3.989, "2012-06-30": "14.47700", "2012-03-31": 1.207, "2011-12-31": -1.359, "2011-09-30": -9.879, "2011-06-30": "2.83200", "2011-03-31": -21.352, "2010-12-31": 15.183, "2010-09-30": 37.376, "2010-06-30": "33.90300", "2010-03-31": 35.428, "2009-12-31": 11.346, "2009-09-30": 6.123, "2009-06-30": "-1.70200", "2009-03-31": 4.614, "2008-12-31": 3.183, "2008-09-30": 6.057, "2008-06-30": "5.60500", "2008-03-31": 7.929, "2007-12-31": 4.695, "2007-09-30": 2.307, "2007-06-30": "3.65300", "2007-03-31": 9.325, "2006-12-31": 2.73, "2006-09-30": 1.951, "2006-06-30": "0.91600", "2006-03-31": -1.829, "2005-12-31": 1.069, "2005-09-30": 0.813, "2005-06-30": "0.42600", "2005-03-31": 4.248}, "Total Non-Cash Items": {"2020-12-31": 420.3, "2020-09-30": 357.9, "2020-06-30": "365.50000", "2020-03-31": 483.8, "2019-12-31": 554.1, "2019-09-30": 505.2, "2019-06-30": "506.60000", "2019-03-31": 561.1, "2018-12-31": 252.9, "2018-09-30": 555.7, "2018-06-30": "457.50000", "2018-03-31": 414.7, "2017-12-31": 398.4, "2017-09-30": 445.2, "2017-06-30": "338.90000", "2017-03-31": 697.3, "2016-12-31": 360.4, "2016-09-30": 239.8, "2016-06-30": "312.50000", "2016-03-31": 369, "2015-12-31": 249.999, "2015-09-30": 212.504, "2015-06-30": "170.49700", "2015-03-31": 294.3501, "2014-12-31": 291.9329, "2014-09-30": 220.571, "2014-06-30": "173.34600", "2014-03-31": 310.2481, "2013-12-31": 303.3739, "2013-09-30": 195.597, "2013-06-30": "243.15100", "2013-03-31": 246.2191, "2012-12-31": 294.9699, "2012-09-30": 238.048, "2012-06-30": "188.44100", "2012-03-31": 256.2139, "2011-12-31": 138.093, "2011-09-30": 128.442, "2011-06-30": "93.66900", "2011-03-31": 123.264, "2010-12-31": 158.076, "2010-09-30": 204.341, "2010-06-30": "141.16900", "2010-03-31": 142.958, "2009-12-31": 153.659, "2009-09-30": 137.621, "2009-06-30": "160.77100", "2009-03-31": 155.68, "2008-12-31": 138.244, "2008-09-30": 130.546, "2008-06-30": "80.54700", "2008-03-31": 172.382, "2007-12-31": 85.173, "2007-09-30": 131.427, "2007-06-30": "55.46900", "2007-03-31": 109.843, "2006-12-31": 65.71, "2006-09-30": 52.563, "2006-06-30": "35.87200", "2006-03-31": 61.816, "2005-12-31": 59.898, "2005-09-30": 71.673, "2005-06-30": "67.99600", "2005-03-31": 229.101}, "Change In Accounts Receivable": {"2020-12-31": -17, "2020-09-30": 58.1, "2020-06-30": "92.50000", "2020-03-31": 126.5, "2019-12-31": 147.3, "2019-09-30": 119.6, "2019-06-30": "4.10000", "2019-03-31": 162.3, "2018-12-31": 135.8, "2018-09-30": 46.4, "2018-06-30": "126.30000", "2018-03-31": -57.2, "2017-12-31": -83, "2017-09-30": 30.3, "2017-06-30": "101.30000", "2017-03-31": -140.7, "2016-12-31": -32.2, "2016-09-30": -61.6, "2016-06-30": "146.70000", "2016-03-31": -121.3, "2015-12-31": -49.007, "2015-09-30": -122.166, "2015-06-30": "134.17300", "2015-03-31": 80.803, "2014-12-31": -178.397, "2014-09-30": -85.92, "2014-06-30": "169.51400", "2014-03-31": -47.127, "2013-12-31": -141.656, "2013-09-30": 127.796, "2013-06-30": "-32.51600", "2013-03-31": -133.265, "2012-12-31": 44.291, "2012-09-30": -112.108, "2012-06-30": "196.13400", "2012-03-31": -199.28, "2011-12-31": -33.547, "2011-09-30": -109.764, "2011-06-30": "86.38300", "2011-03-31": 40.836, "2010-12-31": -58.669, "2010-09-30": -78.733, "2010-06-30": "32.36300", "2010-03-31": -55.787, "2009-12-31": -21.217, "2009-09-30": -29.315, "2009-06-30": "26.92700", "2009-03-31": -35.641, "2008-12-31": 16.278, "2008-09-30": -5.294, "2008-06-30": "61.96100", "2008-03-31": -90.256, "2007-12-31": 47.449, "2007-09-30": -95.508, "2007-06-30": "9.43900", "2007-03-31": 2.875, "2006-12-31": -22.975, "2006-09-30": 6.791, "2006-06-30": "93.01300", "2006-03-31": -46.535, "2005-12-31": -1.741, "2005-09-30": -25.957, "2005-06-30": "40.77400", "2005-03-31": -21.077}, "Change In Inventories": {"2020-12-31": 0, "2020-09-30": 0, "2020-06-30": "", "2020-03-31": 0, "2019-12-31": 0, "2019-09-30": 0, "2019-06-30": "", "2019-03-31": 0, "2018-12-31": 0, "2018-09-30": 0, "2018-06-30": "", "2018-03-31": 0, "2017-12-31": 0, "2017-09-30": 0, "2017-06-30": "", "2017-03-31": 0, "2016-12-31": 0, "2016-09-30": 0, "2016-06-30": "", "2016-03-31": 0, "2015-12-31": 0, "2015-09-30": 0, "2015-06-30": "", "2015-03-31": 0, "2014-12-31": 0, "2014-09-30": 0, "2014-06-30": "", "2014-03-31": 0, "2013-12-31": 0, "2013-09-30": 0, "2013-06-30": "", "2013-03-31": 0, "2012-12-31": 0, "2012-09-30": 0, "2012-06-30": "", "2012-03-31": 0, "2011-12-31": 0, "2011-09-30": 0, "2011-06-30": "", "2011-03-31": 0, "2010-12-31": 0, "2010-09-30": 0, "2010-06-30": "", "2010-03-31": 0, "2009-12-31": 0, "2009-09-30": 0, "2009-06-30": "", "2009-03-31": 0, "2008-12-31": 0, "2008-09-30": 0, "2008-06-30": "", "2008-03-31": 0, "2007-12-31": 0, "2007-09-30": 0, "2007-06-30": "", "2007-03-31": 0, "2006-12-31": 0, "2006-09-30": 0, "2006-06-30": "", "2006-03-31": 0, "2005-12-31": 0, "2005-09-30": 0, "2005-06-30": "", "2005-03-31": 0}, "Change In Accounts Payable": {"2020-12-31": 0, "2020-09-30": 0, "2020-06-30": "", "2020-03-31": 0, "2019-12-31": 0, "2019-09-30": 0, "2019-06-30": "", "2019-03-31": 0, "2018-12-31": 0, "2018-09-30": 0, "2018-06-30": "", "2018-03-31": 0, "2017-12-31": 0, "2017-09-30": 0, "2017-06-30": "", "2017-03-31": 0, "2016-12-31": 0, "2016-09-30": 0, "2016-06-30": "", "2016-03-31": 0, "2015-12-31": 0, "2015-09-30": 0, "2015-06-30": "", "2015-03-31": 0, "2014-12-31": 0, "2014-09-30": 0, "2014-06-30": "", "2014-03-31": 0, "2013-12-31": 0, "2013-09-30": 0, "2013-06-30": "", "2013-03-31": 0, "2012-12-31": 0, "2012-09-30": 0, "2012-06-30": "", "2012-03-31": 0, "2011-12-31": 0, "2011-09-30": 0, "2011-06-30": "", "2011-03-31": 0, "2010-12-31": 0, "2010-09-30": 0, "2010-06-30": "", "2010-03-31": 0, "2009-12-31": 0, "2009-09-30": 0, "2009-06-30": "", "2009-03-31": 0, "2008-12-31": 0, "2008-09-30": 0, "2008-06-30": "", "2008-03-31": 0, "2007-12-31": 0, "2007-09-30": 0, "2007-06-30": "", "2007-03-31": 0, "2006-12-31": 0, "2006-09-30": 0, "2006-06-30": "", "2006-03-31": 0, "2005-12-31": 0, "2005-09-30": 0, "2005-06-30": "", "2005-03-31": 0}, "Change In Assets/Liabilities": {"2020-12-31": -517.5, "2020-09-30": -298.1, "2020-06-30": "-302.00000", "2020-03-31": -383.1, "2019-12-31": -376.4, "2019-09-30": -416.9, "2019-06-30": "-418.00000", "2019-03-31": -500.3, "2018-12-31": -421.5, "2018-09-30": -301.2, "2018-06-30": "-388.90000", "2018-03-31": -468.7, "2017-12-31": -451.1, "2017-09-30": -274.6, "2017-06-30": "-294.20000", "2017-03-31": -385.4, "2016-12-31": -164.2, "2016-09-30": -202.8, "2016-06-30": "-215.30000", "2016-03-31": -204.3, "2015-12-31": -202.069, "2015-09-30": -247.03, "2015-06-30": "-280.90100", "2015-03-31": -182.785, "2014-12-31": -193.115, "2014-09-30": -367.411, "2014-06-30": "-303.08900", "2014-03-31": -219.018, "2013-12-31": -296.916, "2013-09-30": -140.129, "2013-06-30": "-219.95700", "2013-03-31": -206.899, "2012-12-31": -259.827, "2012-09-30": -256.691, "2012-06-30": "-145.16700", "2012-03-31": -116.518, "2011-12-31": -107.244, "2011-09-30": -186.362, "2011-06-30": "-153.38300", "2011-03-31": -46.305, "2010-12-31": -116.712, "2010-09-30": -159.247, "2010-06-30": "-170.85500", "2010-03-31": -59.943, "2009-12-31": -103.462, "2009-09-30": -155.059, "2009-06-30": "-279.07200", "2009-03-31": -97.13, "2008-12-31": -136.7, "2008-09-30": -28.461, "2008-06-30": "-233.80500", "2008-03-31": 55.02, "2007-12-31": -134.904, "2007-09-30": -38.255, "2007-06-30": "-87.55500", "2007-03-31": -128.94, "2006-12-31": -18.573, "2006-09-30": -53.395, "2006-06-30": "-72.02700", "2006-03-31": -63.933, "2005-12-31": -62.391, "2005-09-30": -45.423, "2005-06-30": "-56.19600", "2005-03-31": -136.852}, "Total Change In Assets/Liabilities": {"2020-12-31": -447.3, "2020-09-30": -214.1, "2020-06-30": "-330.30000", "2020-03-31": -254.6, "2019-12-31": -240.5, "2019-09-30": -322.7, "2019-06-30": "-410.90000", "2019-03-31": -230.2, "2018-12-31": -287.2, "2018-09-30": -249.9, "2018-06-30": "-332.80000", "2018-03-31": -487.2, "2017-12-31": -556.8, "2017-09-30": -188.3, "2017-06-30": "-446.60000", "2017-03-31": -616, "2016-12-31": -108.6, "2016-09-30": -171.2, "2016-06-30": "-170.20000", "2016-03-31": -288.7, "2015-12-31": -224.776, "2015-09-30": -308.16, "2015-06-30": "-242.06400", "2015-03-31": -54.382, "2014-12-31": -345.222, "2014-09-30": -436.655, "2014-06-30": "-229.24100", "2014-03-31": -252.722, "2013-12-31": -356.874, "2013-09-30": -56.242, "2013-06-30": "-286.05700", "2013-03-31": -351.327, "2012-12-31": -256.676, "2012-09-30": -322.457, "2012-06-30": "6.77400", "2012-03-31": -235.729, "2011-12-31": -207.983, "2011-09-30": -199.239, "2011-06-30": "-148.46200", "2011-03-31": -34.664, "2010-12-31": -172.905, "2010-09-30": -206.539, "2010-06-30": "-140.03400", "2010-03-31": -106.782, "2009-12-31": -57.141, "2009-09-30": -184.287, "2009-06-30": "-351.48700", "2009-03-31": -129.2741, "2008-12-31": -96.673, "2008-09-30": 31.361, "2008-06-30": "-233.88300", "2008-03-31": -8.391, "2007-12-31": -125.87, "2007-09-30": -75.674, "2007-06-30": "-57.93100", "2007-03-31": -140.841, "2006-12-31": -31.242, "2006-09-30": -12.365, "2006-06-30": "-47.29200", "2006-03-31": -104.396, "2005-12-31": -41.835, "2005-09-30": -50.006, "2005-06-30": "-16.01000", "2005-03-31": -153.886}, "Cash Flow From Operating Activities": {"2020-12-31": -44.2, "2020-09-30": 122.1, "2020-06-30": "81.40000", "2020-03-31": 180.2, "2019-12-31": 215.9, "2019-09-30": 181.2, "2019-06-30": "37.30000", "2019-03-31": 171.8, "2018-12-31": -14.2, "2018-09-30": 156.6, "2018-06-30": "113.30000", "2018-03-31": 17.1, "2017-12-31": 32.7, "2017-09-30": 269.8, "2017-06-30": "66.80000", "2017-03-31": 142.8, "2016-12-31": 221.3, "2016-09-30": 51.3, "2016-06-30": "143.10000", "2016-03-31": 92, "2015-12-31": 57.608, "2015-09-30": -137.725, "2015-06-30": "-30.88300", "2015-03-31": 259.541, "2014-12-31": 44.896, "2014-09-30": -195.303, "2014-06-30": "-12.63400", "2014-03-31": 106.678, "2013-12-31": 35.263, "2013-09-30": 139.86, "2013-06-30": "-29.28900", "2013-03-31": 57.86, "2012-12-31": 76.124, "2012-09-30": -8.88, "2012-06-30": "151.01500", "2012-03-31": -2.261, "2011-12-31": -71.29, "2011-09-30": -96.103, "2011-06-30": "-44.45900", "2011-03-31": 157.963, "2010-12-31": -20.846, "2010-09-30": -31.857, "2010-06-30": "-62.93300", "2010-03-31": 3.098, "2009-12-31": 31.259, "2009-09-30": -14.95, "2009-06-30": "-154.36700", "2009-03-31": -5.997, "2008-12-31": -56.185, "2008-09-30": 110.093, "2008-06-30": "-149.81700", "2008-03-31": 180.363, "2007-12-31": -33.383, "2007-09-30": -2.25, "2007-06-30": "-55.58000", "2007-03-31": -5.978, "2006-12-31": 54.923, "2006-09-30": 25.806, "2006-06-30": "-15.02400", "2006-03-31": -3.701, "2005-12-31": 21.205, "2005-09-30": 7.561, "2005-06-30": "30.16700", "2005-03-31": 95.496}, "Net Change In Property, Plant, And Equipment": {"2020-12-31": -8.7, "2020-09-30": -10.7, "2020-06-30": "-6.40000", "2020-03-31": -7.1, "2019-12-31": -7.1, "2019-09-30": -8.3, "2019-06-30": "-8.60000", "2019-03-31": -14.9, "2018-12-31": -7.3, "2018-09-30": -12.4, "2018-06-30": "-9.20000", "2018-03-31": -17.5, "2017-12-31": -7.1, "2017-09-30": -11.9, "2017-06-30": "-9.40000", "2017-03-31": -9.4, "2016-12-31": -9.5, "2016-09-30": -3.4, "2016-06-30": "-2.90000", "2016-03-31": -4.4, "2015-12-31": -7.12, "2015-09-30": -3.632, "2015-06-30": "-3.24800", "2015-03-31": -5.707, "2014-12-31": -6.798, "2014-09-30": -3.068, "2014-06-30": "-1.42700", "2014-03-31": -2.683, "2013-12-31": -2.721, "2013-09-30": -1.967, "2013-06-30": "-1.42800", "2013-03-31": -0.495, "2012-12-31": -1.11, "2012-09-30": -0.59, "2012-06-30": "-0.38600", "2012-03-31": -0.336, "2011-12-31": -0.296, "2011-09-30": -0.842, "2011-06-30": "-0.41100", "2011-03-31": -1.569, "2010-12-31": -0.295, "2010-09-30": -0.487, "2010-06-30": "-0.40500", "2010-03-31": -1.11, "2009-12-31": -0.371, "2009-09-30": -0.41, "2009-06-30": "-1.79300", "2009-03-31": -2.209, "2008-12-31": -0.722, "2008-09-30": -3.464, "2008-06-30": "-2.27900", "2008-03-31": -0.866, "2007-12-31": 0, "2007-09-30": -0.725, "2007-06-30": "-2.01700", "2007-03-31": -0.611, "2006-12-31": -4.2, "2006-09-30": -1.706, "2006-06-30": "-1.83100", "2006-03-31": 33.478, "2005-12-31": -2.016, "2005-09-30": -1.528, "2005-06-30": "-0.62900", "2005-03-31": -1.446}, "Net Change In Intangible Assets": {"2020-12-31": 0, "2020-09-30": 0, "2020-06-30": "", "2020-03-31": 0, "2019-12-31": 0, "2019-09-30": 0, "2019-06-30": "", "2019-03-31": 0, "2018-12-31": 0, "2018-09-30": 0, "2018-06-30": "", "2018-03-31": 0, "2017-12-31": 0, "2017-09-30": 0, "2017-06-30": "", "2017-03-31": 0, "2016-12-31": 0, "2016-09-30": 0, "2016-06-30": "", "2016-03-31": 0, "2015-12-31": 0, "2015-09-30": 0, "2015-06-30": "", "2015-03-31": 0, "2014-12-31": 0, "2014-09-30": 0, "2014-06-30": "", "2014-03-31": 0, "2013-12-31": 0, "2013-09-30": 0, "2013-06-30": "", "2013-03-31": 0, "2012-12-31": 0, "2012-09-30": 0, "2012-06-30": "", "2012-03-31": 0, "2011-12-31": 0, "2011-09-30": 0, "2011-06-30": "", "2011-03-31": 0, "2010-12-31": 0, "2010-09-30": 0, "2010-06-30": "", "2010-03-31": 0, "2009-12-31": 0, "2009-09-30": 0, "2009-06-30": "", "2009-03-31": 0, "2008-12-31": 0, "2008-09-30": 0, "2008-06-30": "", "2008-03-31": 0, "2007-12-31": 0, "2007-09-30": 0, "2007-06-30": "", "2007-03-31": 0, "2006-12-31": 0, "2006-09-30": 0, "2006-06-30": "", "2006-03-31": 0, "2005-12-31": 0, "2005-09-30": 0, "2005-06-30": "", "2005-03-31": 0}, "Net Acquisitions/Divestitures": {"2020-12-31": 0, "2020-09-30": 0, "2020-06-30": "", "2020-03-31": 0, "2019-12-31": 0, "2019-09-30": 0, "2019-06-30": "", "2019-03-31": 0, "2018-12-31": 0, "2018-09-30": 0, "2018-06-30": "-77.30000", "2018-03-31": 0, "2017-12-31": -1.8, "2017-09-30": 0, "2017-06-30": "", "2017-03-31": -45.1, "2016-12-31": -1057.5, "2016-09-30": 0, "2016-06-30": "", "2016-03-31": 0.1, "2015-12-31": -127, "2015-09-30": 0, "2015-06-30": "", "2015-03-31": 0, "2014-12-31": 0, "2014-09-30": 0, "2014-06-30": "", "2014-03-31": 0, "2013-12-31": 0, "2013-09-30": 0, "2013-06-30": "", "2013-03-31": 0, "2012-12-31": 0, "2012-09-30": 0, "2012-06-30": "", "2012-03-31": -553.732, "2011-12-31": 0, "2011-09-30": 9.119, "2011-06-30": "", "2011-03-31": 0, "2010-12-31": 0, "2010-09-30": 0, "2010-06-30": "-15.00000", "2010-03-31": 0, "2009-12-31": 0, "2009-09-30": 0, "2009-06-30": "", "2009-03-31": -243.158, "2008-12-31": 0, "2008-09-30": 0, "2008-06-30": "", "2008-03-31": 0.016, "2007-12-31": 1.382, "2007-09-30": -40.85, "2007-06-30": "", "2007-03-31": 0.018, "2006-12-31": -0.025, "2006-09-30": -24.112, "2006-06-30": "", "2006-03-31": -0.016, "2005-12-31": -27.122, "2005-09-30": 0, "2005-06-30": "", "2005-03-31": 0}, "Net Change In Short-term Investments": {"2020-12-31": 0, "2020-09-30": -5.1, "2020-06-30": "5.10000", "2020-03-31": 0, "2019-12-31": 0, "2019-09-30": 0, "2019-06-30": "", "2019-03-31": 0, "2018-12-31": 0, "2018-09-30": 0, "2018-06-30": "", "2018-03-31": 0, "2017-12-31": 0, "2017-09-30": 0, "2017-06-30": "", "2017-03-31": 0, "2016-12-31": 0, "2016-09-30": 0, "2016-06-30": "", "2016-03-31": 0, "2015-12-31": 0, "2015-09-30": 0, "2015-06-30": "", "2015-03-31": -14.575, "2014-12-31": 14.575, "2014-09-30": 0, "2014-06-30": "", "2014-03-31": -9, "2013-12-31": 9, "2013-09-30": 0, "2013-06-30": "", "2013-03-31": 0, "2012-12-31": 4.332, "2012-09-30": 0, "2012-06-30": "", "2012-03-31": 0, "2011-12-31": 0, "2011-09-30": 0, "2011-06-30": "", "2011-03-31": 0, "2010-12-31": 6.994, "2010-09-30": 0, "2010-06-30": "0.00200", "2010-03-31": 0, "2009-12-31": 0.003, "2009-09-30": -0.012, "2009-06-30": "", "2009-03-31": 0.011, "2008-12-31": -0.125, "2008-09-30": 0.125, "2008-06-30": "", "2008-03-31": 237.379, "2007-12-31": 0, "2007-09-30": 0, "2007-06-30": "", "2007-03-31": 0, "2006-12-31": 0, "2006-09-30": 0, "2006-06-30": "", "2006-03-31": 0, "2005-12-31": 0, "2005-09-30": 0, "2005-06-30": "", "2005-03-31": 0}, "Net Change In Long-Term Investments": {"2020-12-31": 0, "2020-09-30": 5.1, "2020-06-30": "-0.20000", "2020-03-31": -5.8, "2019-12-31": -9.9, "2019-09-30": -4, "2019-06-30": "-0.90000", "2019-03-31": -9, "2018-12-31": -17.6, "2018-09-30": -19.2, "2018-06-30": "-2.80000", "2018-03-31": -399.5, "2017-12-31": -18.3, "2017-09-30": -19.8, "2017-06-30": "384.20000", "2017-03-31": -7.4, "2016-12-31": -7.8, "2016-09-30": -1.2, "2016-06-30": "-4.20000", "2016-03-31": -12.8, "2015-12-31": -0.341, "2015-09-30": -2.859, "2015-06-30": "-0.80000", "2015-03-31": -23.45, "2014-12-31": -16.675, "2014-09-30": -3, "2014-06-30": "4.92500", "2014-03-31": 13.169, "2013-12-31": -22.5, "2013-09-30": 0, "2013-06-30": "5.25000", "2013-03-31": -1.53, "2012-12-31": 0, "2012-09-30": 0, "2012-06-30": "", "2012-03-31": 0, "2011-12-31": -0.202, "2011-09-30": -0.353, "2011-06-30": "-0.47500", "2011-03-31": 0, "2010-12-31": -2, "2010-09-30": -0.647, "2010-06-30": "-22.03000", "2010-03-31": -5.787, "2009-12-31": -26.418, "2009-09-30": 0, "2009-06-30": "-14.92400", "2009-03-31": -2.145, "2008-12-31": -4.787, "2008-09-30": -0.005, "2008-06-30": "-11.09400", "2008-03-31": -237.326, "2007-12-31": 30.165, "2007-09-30": 136.06, "2007-06-30": "83.96000", "2007-03-31": -30.587, "2006-12-31": -64.895, "2006-09-30": -4.642, "2006-06-30": "24.97400", "2006-03-31": -86.181, "2005-12-31": 9.427, "2005-09-30": -92.863, "2005-06-30": "2.01100", "2005-03-31": 0}, "Net Change In Investments - Total": {"2020-12-31": 0, "2020-09-30": 0, "2020-06-30": "4.90000", "2020-03-31": -5.8, "2019-12-31": -9.9, "2019-09-30": -4, "2019-06-30": "-0.90000", "2019-03-31": -9, "2018-12-31": -17.6, "2018-09-30": -19.2, "2018-06-30": "-2.80000", "2018-03-31": -399.5, "2017-12-31": -18.3, "2017-09-30": -19.8, "2017-06-30": "384.20000", "2017-03-31": -7.4, "2016-12-31": -7.8, "2016-09-30": -1.2, "2016-06-30": "-4.20000", "2016-03-31": -12.8, "2015-12-31": -0.341, "2015-09-30": -2.859, "2015-06-30": "-0.80000", "2015-03-31": -38.025, "2014-12-31": -2.1, "2014-09-30": -3, "2014-06-30": "4.92500", "2014-03-31": 4.169, "2013-12-31": -13.5, "2013-09-30": 0, "2013-06-30": "5.25000", "2013-03-31": -1.53, "2012-12-31": 4.332, "2012-09-30": 0, "2012-06-30": "", "2012-03-31": 0, "2011-12-31": -0.202, "2011-09-30": -0.353, "2011-06-30": "-0.47500", "2011-03-31": 0, "2010-12-31": 4.994, "2010-09-30": -0.647, "2010-06-30": "-22.02800", "2010-03-31": -5.787, "2009-12-31": -26.415, "2009-09-30": -0.012, "2009-06-30": "-14.92400", "2009-03-31": -2.134, "2008-12-31": -4.912, "2008-09-30": 0.12, "2008-06-30": "-11.09400", "2008-03-31": 0.053, "2007-12-31": 30.165, "2007-09-30": 136.06, "2007-06-30": "83.96000", "2007-03-31": -30.587, "2006-12-31": -64.895, "2006-09-30": -4.642, "2006-06-30": "24.97400", "2006-03-31": -86.181, "2005-12-31": 9.427, "2005-09-30": -92.863, "2005-06-30": "2.01100", "2005-03-31": 0}, "Investing Activities - Other": {"2020-12-31": 0, "2020-09-30": 0, "2020-06-30": "", "2020-03-31": 0, "2019-12-31": 0, "2019-09-30": 0, "2019-06-30": "", "2019-03-31": 48, "2018-12-31": 0, "2018-09-30": 4, "2018-06-30": "-4.00000", "2018-03-31": 393.7, "2017-12-31": 0, "2017-09-30": 0, "2017-06-30": "", "2017-03-31": 0.8, "2016-12-31": 0, "2016-09-30": 2.3, "2016-06-30": "", "2016-03-31": 0, "2015-12-31": 0, "2015-09-30": 0, "2015-06-30": "", "2015-03-31": 2, "2014-12-31": 0, "2014-09-30": -2, "2014-06-30": "", "2014-03-31": -4.169, "2013-12-31": 1.275, "2013-09-30": 3, "2013-06-30": "4.16900", "2013-03-31": 0, "2012-12-31": 0, "2012-09-30": 4.274, "2012-06-30": "", "2012-03-31": -3.171, "2011-12-31": 0, "2011-09-30": 0, "2011-06-30": "-1.50000", "2011-03-31": -1.042, "2010-12-31": 1, "2010-09-30": 7.113, "2010-06-30": "", "2010-03-31": -1.056, "2009-12-31": -0.362, "2009-09-30": 0, "2009-06-30": "8.33300", "2009-03-31": 0, "2008-12-31": -0.34, "2008-09-30": -25.327, "2008-06-30": "-3.10000", "2008-03-31": 0, "2007-12-31": -2.836, "2007-09-30": -3.059, "2007-06-30": "", "2007-03-31": 0, "2006-12-31": 0, "2006-09-30": 0, "2006-06-30": "", "2006-03-31": -0.009, "2005-12-31": 0.049, "2005-09-30": 0.065, "2005-06-30": "", "2005-03-31": 0.134}, "Cash Flow From Investing Activities": {"2020-12-31": -8.7, "2020-09-30": -10.7, "2020-06-30": "-1.50000", "2020-03-31": -12.9, "2019-12-31": -17, "2019-09-30": -12.3, "2019-06-30": "-9.50000", "2019-03-31": 24.1, "2018-12-31": -24.9, "2018-09-30": -27.6, "2018-06-30": "-93.30000", "2018-03-31": -23.3, "2017-12-31": -27.2, "2017-09-30": -31.7, "2017-06-30": "374.80000", "2017-03-31": -61.1, "2016-12-31": -1074.8, "2016-09-30": -2.3, "2016-06-30": "-7.10000", "2016-03-31": -17.1, "2015-12-31": -134.461, "2015-09-30": -6.491, "2015-06-30": "-4.04800", "2015-03-31": -41.732, "2014-12-31": -8.898, "2014-09-30": -8.068, "2014-06-30": "3.49800", "2014-03-31": -2.683, "2013-12-31": -14.946, "2013-09-30": 1.033, "2013-06-30": "7.99100", "2013-03-31": -2.025, "2012-12-31": 3.222, "2012-09-30": 3.684, "2012-06-30": "-0.38600", "2012-03-31": -557.239, "2011-12-31": -0.498, "2011-09-30": 7.924, "2011-06-30": "-2.38600", "2011-03-31": -2.611, "2010-12-31": 5.699, "2010-09-30": 5.979, "2010-06-30": "-37.43300", "2010-03-31": -7.953, "2009-12-31": -27.148, "2009-09-30": -0.422, "2009-06-30": "-8.38400", "2009-03-31": -247.501, "2008-12-31": -5.974, "2008-09-30": -28.671, "2008-06-30": "-16.47300", "2008-03-31": -0.797, "2007-12-31": 28.711, "2007-09-30": 91.426, "2007-06-30": "81.94300", "2007-03-31": -31.18, "2006-12-31": -69.12, "2006-09-30": -30.46, "2006-06-30": "23.14300", "2006-03-31": -52.728, "2005-12-31": -19.662, "2005-09-30": -94.326, "2005-06-30": "1.38200", "2005-03-31": -1.312}, "Net Long-Term Debt": {"2020-12-31": 146.8, "2020-09-30": -15.4, "2020-06-30": "-15.00000", "2020-03-31": -37.7001, "2019-12-31": -235.5, "2019-09-30": -125, "2019-06-30": "-17.90000", "2019-03-31": -118.1998, "2018-12-31": -207.4001, "2018-09-30": -49.7002, "2018-06-30": "-60.79980", "2018-03-31": 162, "2017-12-31": -13.3, "2017-09-30": -175.3, "2017-06-30": "-609.60000", "2017-03-31": -366.8002, "2016-12-31": 1487.5, "2016-09-30": -126, "2016-06-30": "-95.40000", "2016-03-31": -18.5, "2015-12-31": 10.498, "2015-09-30": 129.312, "2015-06-30": "153.19000", "2015-03-31": -46.197, "2014-12-31": -48.358, "2014-09-30": 149.177, "2014-06-30": "171.07800", "2014-03-31": -43.655, "2013-12-31": 525.508, "2013-09-30": -519.288, "2013-06-30": "82.03300", "2013-03-31": 4.171, "2012-12-31": -190.02, "2012-09-30": 20.771, "2012-06-30": "-323.05400", "2012-03-31": 585.0649, "2011-12-31": 25.583, "2011-09-30": 41.82, "2011-06-30": "142.79100", "2011-03-31": 14.581, "2010-12-31": -24.018, "2010-09-30": 50.333, "2010-06-30": "-69.40900", "2010-03-31": -15.727, "2009-12-31": 138.145, "2009-09-30": 10.464, "2009-06-30": "15.14000", "2009-03-31": 15.46, "2008-12-31": -62.05, "2008-09-30": -32.936, "2008-06-30": "42.04000", "2008-03-31": 7.346, "2007-12-31": 38.549, "2007-09-30": 26.221, "2007-06-30": "-21.07300", "2007-03-31": 48.09, "2006-12-31": 0, "2006-09-30": 0, "2006-06-30": "", "2006-03-31": 51.556, "2005-12-31": 0, "2005-09-30": 0.285, "2005-06-30": "-5.28500", "2005-03-31": 314.822}, "Net Current Debt": {"2020-12-31": 0, "2020-09-30": 0, "2020-06-30": "", "2020-03-31": 0, "2019-12-31": 0, "2019-09-30": 0, "2019-06-30": "", "2019-03-31": 0, "2018-12-31": 0, "2018-09-30": 0, "2018-06-30": "", "2018-03-31": 0, "2017-12-31": 0, "2017-09-30": 0, "2017-06-30": "", "2017-03-31": 0, "2016-12-31": -140, "2016-09-30": 140, "2016-06-30": "", "2016-03-31": 0, "2015-12-31": 0, "2015-09-30": 0, "2015-06-30": "", "2015-03-31": -62.881, "2014-12-31": 21, "2014-09-30": 55.5, "2014-06-30": "-13.61900", "2014-03-31": -96.5, "2013-12-31": -91.355, "2013-09-30": -54, "2013-06-30": "-64.00000", "2013-03-31": 1039.599, "2012-12-31": -970.955, "2012-09-30": -35.924, "2012-06-30": "189.70000", "2012-03-31": -14.946, "2011-12-31": 67.881, "2011-09-30": 47.64, "2011-06-30": "-70.57500", "2011-03-31": -156.02, "2010-12-31": 19.824, "2010-09-30": -11.307, "2010-06-30": "184.94700", "2010-03-31": 6.667, "2009-12-31": -153.783, "2009-09-30": -0.055, "2009-06-30": "0.05500", "2009-03-31": 246.242, "2008-12-31": 8.758, "2008-09-30": 0, "2008-06-30": "", "2008-03-31": 0, "2007-12-31": 0, "2007-09-30": 0, "2007-06-30": "", "2007-03-31": 0, "2006-12-31": 0, "2006-09-30": 0, "2006-06-30": "", "2006-03-31": 0, "2005-12-31": 0, "2005-09-30": 0, "2005-06-30": "", "2005-03-31": -325.111}, "Debt Issuance/Retirement Net - Total": {"2020-12-31": 146.8, "2020-09-30": -15.4, "2020-06-30": "-15.00000", "2020-03-31": -37.7001, "2019-12-31": -235.5, "2019-09-30": -125, "2019-06-30": "-17.90000", "2019-03-31": -118.1998, "2018-12-31": -207.4001, "2018-09-30": -49.7002, "2018-06-30": "-60.79980", "2018-03-31": 162, "2017-12-31": -13.3, "2017-09-30": -175.3, "2017-06-30": "-609.60000", "2017-03-31": -366.8002, "2016-12-31": 1347.5, "2016-09-30": 14, "2016-06-30": "-95.40000", "2016-03-31": -18.5, "2015-12-31": 10.498, "2015-09-30": 129.312, "2015-06-30": "153.19000", "2015-03-31": -109.078, "2014-12-31": -27.358, "2014-09-30": 204.677, "2014-06-30": "157.45900", "2014-03-31": -140.155, "2013-12-31": 434.153, "2013-09-30": -573.288, "2013-06-30": "18.03300", "2013-03-31": 1043.77, "2012-12-31": -1160.975, "2012-09-30": -15.153, "2012-06-30": "-133.35400", "2012-03-31": 570.1189, "2011-12-31": 93.464, "2011-09-30": 89.46, "2011-06-30": "72.21600", "2011-03-31": -141.439, "2010-12-31": -4.194, "2010-09-30": 39.026, "2010-06-30": "115.53800", "2010-03-31": -9.06, "2009-12-31": -15.638, "2009-09-30": 10.409, "2009-06-30": "15.19500", "2009-03-31": 261.702, "2008-12-31": -53.292, "2008-09-30": -32.936, "2008-06-30": "42.04000", "2008-03-31": 7.346, "2007-12-31": 38.549, "2007-09-30": 26.221, "2007-06-30": "-21.07300", "2007-03-31": 48.09, "2006-12-31": 0, "2006-09-30": 0, "2006-06-30": "", "2006-03-31": 51.556, "2005-12-31": 0, "2005-09-30": 0.285, "2005-06-30": "-5.28500", "2005-03-31": -10.289}, "Net Common Equity Issued/Repurchased": {"2020-12-31": 0, "2020-09-30": 0, "2020-06-30": "-2.20000", "2020-03-31": -1.4, "2019-12-31": 0, "2019-09-30": 0, "2019-06-30": "0.50000", "2019-03-31": 3.8, "2018-12-31": 2.4, "2018-09-30": -0.4, "2018-06-30": "2.20000", "2018-03-31": 13.3, "2017-12-31": 9.2, "2017-09-30": 13.2, "2017-06-30": "9.20000", "2017-03-31": 24.4, "2016-12-31": 0.5, "2016-09-30": 0.1, "2016-06-30": "0.40000", "2016-03-31": -73.1, "2015-12-31": 1.547, "2015-09-30": 1.335, "2015-06-30": "3.11800", "2015-03-31": -12.545, "2014-12-31": -0.714, "2014-09-30": -15.618, "2014-06-30": "-109.12300", "2014-03-31": 1.103, "2013-12-31": 1.749, "2013-09-30": 8.577, "2013-06-30": "0.54300", "2013-03-31": 0, "2012-12-31": 2.845, "2012-09-30": 0, "2012-06-30": "0.05200", "2012-03-31": 3.369, "2011-12-31": 0.151, "2011-09-30": -77.088, "2011-06-30": "", "2011-03-31": 0, "2010-12-31": 0, "2010-09-30": 0, "2010-06-30": "", "2010-03-31": 0, "2009-12-31": 0, "2009-09-30": 0, "2009-06-30": "", "2009-03-31": 0, "2008-12-31": -0.231, "2008-09-30": -26.248, "2008-06-30": "-15.59500", "2008-03-31": -1.536, "2007-12-31": -9.482, "2007-09-30": -10.381, "2007-06-30": "0.39000", "2007-03-31": 0.997, "2006-12-31": 0.851, "2006-09-30": 2.076, "2006-06-30": "0.35300", "2006-03-31": 0.629, "2005-12-31": 0.098, "2005-09-30": 0.62, "2005-06-30": "0.06100", "2005-03-31": 24.713}, "Net Total Equity Issued/Repurchased": {"2020-12-31": 0, "2020-09-30": 0, "2020-06-30": "-2.20000", "2020-03-31": -1.4, "2019-12-31": 0, "2019-09-30": 0, "2019-06-30": "0.50000", "2019-03-31": 3.8, "2018-12-31": 2.4, "2018-09-30": -0.4, "2018-06-30": "2.20000", "2018-03-31": 13.3, "2017-12-31": 9.2, "2017-09-30": 13.2, "2017-06-30": "9.20000", "2017-03-31": 24.4, "2016-12-31": 0.5, "2016-09-30": 0.1, "2016-06-30": "0.40000", "2016-03-31": -73.1, "2015-12-31": 1.547, "2015-09-30": 1.335, "2015-06-30": "3.11800", "2015-03-31": -12.545, "2014-12-31": -0.714, "2014-09-30": -15.618, "2014-06-30": "-109.12300", "2014-03-31": 1.103, "2013-12-31": 1.749, "2013-09-30": 8.577, "2013-06-30": "0.54300", "2013-03-31": 0, "2012-12-31": 2.845, "2012-09-30": 0, "2012-06-30": "0.05200", "2012-03-31": 3.369, "2011-12-31": 0.151, "2011-09-30": -77.088, "2011-06-30": "", "2011-03-31": 0, "2010-12-31": 0, "2010-09-30": 0, "2010-06-30": "", "2010-03-31": 0, "2009-12-31": -3.596, "2009-09-30": 0, "2009-06-30": "113.37200", "2009-03-31": 0, "2008-12-31": -0.231, "2008-09-30": -26.248, "2008-06-30": "-15.59500", "2008-03-31": -1.536, "2007-12-31": -9.482, "2007-09-30": -10.381, "2007-06-30": "0.39000", "2007-03-31": 0.997, "2006-12-31": 0.851, "2006-09-30": 2.076, "2006-06-30": "0.35300", "2006-03-31": 0.629, "2005-12-31": 0.098, "2005-09-30": 0.62, "2005-06-30": "0.06100", "2005-03-31": 24.713}, "Total Common And Preferred Stock Dividends Paid": {"2020-12-31": 0, "2020-09-30": 0, "2020-06-30": "", "2020-03-31": 0, "2019-12-31": 0, "2019-09-30": 0, "2019-06-30": "", "2019-03-31": 0, "2018-12-31": -19.2, "2018-09-30": -19.2, "2018-06-30": "-19.00000", "2018-03-31": 0, "2017-12-31": 0, "2017-09-30": 0, "2017-06-30": "", "2017-03-31": 0, "2016-12-31": 0, "2016-09-30": -13.6, "2016-06-30": "-13.20000", "2016-03-31": -13.5, "2015-12-31": -13.437, "2015-09-30": -10.376, "2015-06-30": "-10.18700", "2015-03-31": -9.864, "2014-12-31": -9.59, "2014-09-30": -6.88, "2014-06-30": "-7.06600", "2014-03-31": -6.9, "2013-12-31": 0, "2013-09-30": 0, "2013-06-30": "", "2013-03-31": 0, "2012-12-31": 0, "2012-09-30": 0, "2012-06-30": "", "2012-03-31": 0, "2011-12-31": 0, "2011-09-30": 0, "2011-06-30": "", "2011-03-31": 0, "2010-12-31": 0, "2010-09-30": 0, "2010-06-30": "", "2010-03-31": 0, "2009-12-31": 0, "2009-09-30": 0, "2009-06-30": "", "2009-03-31": 0, "2008-12-31": 0, "2008-09-30": 0, "2008-06-30": "", "2008-03-31": 0, "2007-12-31": 0, "2007-09-30": 0, "2007-06-30": "", "2007-03-31": 0, "2006-12-31": 0, "2006-09-30": 0, "2006-06-30": "", "2006-03-31": 0, "2005-12-31": 0, "2005-09-30": 0, "2005-06-30": "", "2005-03-31": 0}, "Financial Activities - Other": {"2020-12-31": -9.3, "2020-09-30": -11, "2020-06-30": "-4.90000", "2020-03-31": -1.5, "2019-12-31": -2.2, "2019-09-30": -4.8, "2019-06-30": "-0.60000", "2019-03-31": -4.6, "2018-12-31": -3.7, "2018-09-30": -2.2, "2018-06-30": "-3.30000", "2018-03-31": -8.1, "2017-12-31": -9.9, "2017-09-30": -4.6, "2017-06-30": "-8.50000", "2017-03-31": -10.3, "2016-12-31": -6.9, "2016-09-30": -14.6, "2016-06-30": "-16.00000", "2016-03-31": -1.2, "2015-12-31": -4.017, "2015-09-30": -2.946, "2015-06-30": "-16.03700", "2015-03-31": -11.928, "2014-12-31": 2.814, "2014-09-30": -3.51, "2014-06-30": "-7.47600", "2014-03-31": -8.701, "2013-12-31": -445.925, "2013-09-30": 440.568, "2013-06-30": "-9.01900", "2013-03-31": -1084.137, "2012-12-31": 1072.147, "2012-09-30": 6.207, "2012-06-30": "-13.92200", "2012-03-31": -1.69, "2011-12-31": 2.345, "2011-09-30": -4.057, "2011-06-30": "-0.91800", "2011-03-31": -0.557, "2010-12-31": 10.686, "2010-09-30": -15.355, "2010-06-30": "-5.16300", "2010-03-31": -0.297, "2009-12-31": -0.39, "2009-09-30": -0.926, "2009-06-30": "-0.55100", "2009-03-31": -0.667, "2008-12-31": -0.193, "2008-09-30": -1.828, "2008-06-30": "-1.11300", "2008-03-31": 3.122, "2007-12-31": -4.723, "2007-09-30": 0, "2007-06-30": "", "2007-03-31": 0, "2006-12-31": 0, "2006-09-30": 0, "2006-06-30": "", "2006-03-31": -0.486, "2005-12-31": -0.292, "2005-09-30": -2.471, "2005-06-30": "", "2005-03-31": -3.506}, "Cash Flow From Financial Activities": {"2020-12-31": 137.5, "2020-09-30": -26.4, "2020-06-30": "-22.10000", "2020-03-31": -40.6, "2019-12-31": -237.7, "2019-09-30": -129.8, "2019-06-30": "-18.00000", "2019-03-31": -119, "2018-12-31": -227.9, "2018-09-30": -71.5, "2018-06-30": "-80.90000", "2018-03-31": 167.2, "2017-12-31": -14, "2017-09-30": -166.7, "2017-06-30": "-608.90000", "2017-03-31": -352.7, "2016-12-31": 1341.1, "2016-09-30": -14.1, "2016-06-30": "-124.20000", "2016-03-31": -106.3, "2015-12-31": -5.409, "2015-09-30": 117.325, "2015-06-30": "130.08400", "2015-03-31": -143.415, "2014-12-31": -34.848, "2014-09-30": 178.669, "2014-06-30": "33.79400", "2014-03-31": -154.653, "2013-12-31": -10.023, "2013-09-30": -124.143, "2013-06-30": "9.55700", "2013-03-31": -40.367, "2012-12-31": -85.983, "2012-09-30": -8.946, "2012-06-30": "-147.22400", "2012-03-31": 571.798, "2011-12-31": 95.96, "2011-09-30": 8.315, "2011-06-30": "71.29800", "2011-03-31": -141.996, "2010-12-31": 6.492, "2010-09-30": 23.671, "2010-06-30": "110.37500", "2010-03-31": -9.357, "2009-12-31": -19.624, "2009-09-30": 9.483, "2009-06-30": "128.01600", "2009-03-31": 261.035, "2008-12-31": -53.716, "2008-09-30": -61.012, "2008-06-30": "25.33200", "2008-03-31": 8.932, "2007-12-31": 24.344, "2007-09-30": 15.84, "2007-06-30": "-20.68300", "2007-03-31": 49.087, "2006-12-31": 0.851, "2006-09-30": 2.076, "2006-06-30": "0.35300", "2006-03-31": 51.699, "2005-12-31": -0.194, "2005-09-30": -1.566, "2005-06-30": "-5.22400", "2005-03-31": 10.918}, "Net Cash Flow": {"2020-12-31": 87.8, "2020-09-30": 87.6, "2020-06-30": "57.90000", "2020-03-31": 122.7, "2019-12-31": -37.1, "2019-09-30": 36.6, "2019-06-30": "11.70000", "2019-03-31": 78.1, "2018-12-31": -266.1, "2018-09-30": 56.7, "2018-06-30": "-62.50000", "2018-03-31": 161.4, "2017-12-31": -9.2, "2017-09-30": 69.4, "2017-06-30": "-168.20000", "2017-03-31": -272.9, "2016-12-31": 488.7, "2016-09-30": 36.1, "2016-06-30": "12.20000", "2016-03-31": -30, "2015-12-31": -82.72, "2015-09-30": -26.133, "2015-06-30": "93.85300", "2015-03-31": 73.806, "2014-12-31": 2.617, "2014-09-30": -24.103, "2014-06-30": "24.68000", "2014-03-31": -49.71, "2013-12-31": 8.19, "2013-09-30": 16.193, "2013-06-30": "-11.34400", "2013-03-31": 14.175, "2012-12-31": -6.211, "2012-09-30": -13.184, "2012-06-30": "3.28500", "2012-03-31": 11.447, "2011-12-31": 23.325, "2011-09-30": -81.514, "2011-06-30": "24.62100", "2011-03-31": 16.841, "2010-12-31": -8.568, "2010-09-30": -0.422, "2010-06-30": "9.32600", "2010-03-31": -15.448, "2009-12-31": -15.272, "2009-09-30": -5.478, "2009-06-30": "-33.03500", "2009-03-31": 7.762, "2008-12-31": -118.192, "2008-09-30": 18.315, "2008-06-30": "-140.99900", "2008-03-31": 188.034, "2007-12-31": 22.955, "2007-09-30": 102.02, "2007-06-30": "7.08300", "2007-03-31": 12.024, "2006-12-31": -13.289, "2006-09-30": -2.096, "2006-06-30": "7.88000", "2006-03-31": -3.57, "2005-12-31": -0.799, "2005-09-30": -86.925, "2005-06-30": "25.43300", "2005-03-31": 105.75}, "Stock-Based Compensation": {"2020-12-31": 20, "2020-09-30": 25.7, "2020-06-30": "14.40000", "2020-03-31": 9.1, "2019-12-31": 17.3, "2019-09-30": 14.5, "2019-06-30": "9.60000", "2019-03-31": 24.4, "2018-12-31": 13.5, "2018-09-30": 15.1, "2018-06-30": "15.10000", "2018-03-31": 13.9, "2017-12-31": 27.1, "2017-09-30": 24.7, "2017-06-30": "22.70000", "2017-03-31": 2.5, "2016-12-31": 28.2, "2016-09-30": 24.5, "2016-06-30": "21.70000", "2016-03-31": 30.9, "2015-12-31": 13.017, "2015-09-30": 17.392, "2015-06-30": "16.59100", "2015-03-31": 31.209, "2014-12-31": 15.142, "2014-09-30": 17.012, "2014-06-30": "16.53700", "2014-03-31": 19.448, "2013-12-31": 12.862, "2013-09-30": 14.962, "2013-06-30": "13.22000", "2013-03-31": 18.954, "2012-12-31": 5.967, "2012-09-30": 4.744, "2012-06-30": "6.17300", "2012-03-31": 2.358, "2011-12-31": 2.797, "2011-09-30": 2.541, "2011-06-30": "2.26100", "2011-03-31": 2.813, "2010-12-31": 2.039, "2010-09-30": 2.156, "2010-06-30": "22.19600", "2010-03-31": 6.134, "2009-12-31": 4.055, "2009-09-30": 3.957, "2009-06-30": "3.72900", "2009-03-31": 1.411, "2008-12-31": 4.511, "2008-09-30": 4.097, "2008-06-30": "3.41900", "2008-03-31": 3.727, "2007-12-31": 3.53, "2007-09-30": 3.831, "2007-06-30": "2.84600", "2007-03-31": 2.464, "2006-12-31": 2.305, "2006-09-30": 1.516, "2006-06-30": "0.97400", "2006-03-31": 0.478, "2005-12-31": 0.567, "2005-09-30": 0.747, "2005-06-30": "0.08900", "2005-03-31": 0.448}, "Common Stock Dividends Paid": {"2020-12-31": 0, "2020-09-30": 0, "2020-06-30": "", "2020-03-31": 0, "2019-12-31": 0, "2019-09-30": 0, "2019-06-30": "", "2019-03-31": 0, "2018-12-31": -19.2, "2018-09-30": -19.2, "2018-06-30": "-19.00000", "2018-03-31": 0, "2017-12-31": 0, "2017-09-30": 0, "2017-06-30": "0.00000", "2017-03-31": 0, "2016-12-31": 0, "2016-09-30": -13.6, "2016-06-30": "-13.20000", "2016-03-31": -13.5, "2015-12-31": -13.437, "2015-09-30": -10.376, "2015-06-30": "-10.18700", "2015-03-31": -9.864, "2014-12-31": -9.59, "2014-09-30": -6.88, "2014-06-30": "-7.06600", "2014-03-31": -6.9, "2013-12-31": 0, "2013-09-30": 0, "2013-06-30": "0.00000", "2013-03-31": 0, "2012-12-31": 0, "2012-09-30": 0, "2012-06-30": "", "2012-03-31": 0, "2011-12-31": 0, "2011-09-30": 0, "2011-06-30": "", "2011-03-31": 0, "2010-12-31": 0, "2010-09-30": 0, "2010-06-30": "", "2010-03-31": 0, "2009-12-31": 0, "2009-09-30": 0, "2009-06-30": "", "2009-03-31": 0, "2008-12-31": 0, "2008-09-30": 0, "2008-06-30": "", "2008-03-31": 0, "2007-12-31": 0, "2007-09-30": 0, "2007-06-30": "", "2007-03-31": 0, "2006-12-31": 0, "2006-09-30": 0, "2006-06-30": "", "2006-03-31": 0, "2005-12-31": 0, "2005-09-30": 0, "2005-06-30": "", "2005-03-31": 0}}, "financial ratios": {"Current Ratio": {"2020-03-31": "0.86760", "2019-03-31": "0.84390", "2018-03-31": "0.73500", "2017-03-31": "1.00030", "2016-03-31": "0.49810", "2015-03-31": "2.99900", "2014-03-31": "2.13960", "2013-03-31": "0.79320", "2012-03-31": "0.95390", "2011-03-31": "0.87370", "2010-03-31": "0.75270", "2009-03-31": "0.72780", "2008-03-31": "2.64470", "2007-03-31": "2.72730", "2006-03-31": "1.95290", "2005-03-31": "1.96340"}, "Long-term Debt / Capital": {"2020-03-31": "0.50930", "2019-03-31": "0.50610", "2018-03-31": "0.45630", "2017-03-31": "0.55710", "2016-03-31": "0.50770", "2015-03-31": "0.61940", "2014-03-31": "0.64870", "2013-03-31": "0.64790", "2012-03-31": "0.92740", "2011-03-31": "0.75900", "2010-03-31": "0.90980", "2009-03-31": "0.93360", "2008-03-31": "0.76320", "2007-03-31": "0.66540", "2006-03-31": "0.77210", "2005-03-31": "0.82160"}, "Debt/Equity Ratio": {"2020-03-31": "1.19680", "2019-03-31": "1.21840", "2018-03-31": "0.96820", "2017-03-31": "1.43500", "2016-03-31": "1.85840", "2015-03-31": "1.62760", "2014-03-31": "2.01350", "2013-03-31": "4.00230", "2012-03-31": "18.69130", "2011-03-31": "5.28240", "2010-03-31": "14.57590", "2009-03-31": "20.17240", "2008-03-31": "3.22320", "2007-03-31": "1.98830", "2006-03-31": "3.38760", "2005-03-31": "4.61480"}, "Gross Margin": {"2020-03-31": "42.77380", "2019-03-31": "44.89340", "2018-03-31": "44.06530", "2017-03-31": "40.53410", "2016-03-31": "39.70780", "2015-03-31": "45.16590", "2014-03-31": "47.93730", "2013-03-31": "48.65230", "2012-03-31": "42.78070", "2011-03-31": "49.72290", "2010-03-31": "47.77000", "2009-03-31": "45.86540", "2008-03-31": "51.43970", "2007-03-31": "55.36850", "2006-03-31": "51.44940", "2005-03-31": "57.78650"}, "Operating Margin": {"2020-03-31": "0.07200", "2019-03-31": "3.53210", "2018-03-31": "6.02310", "2017-03-31": "-0.50910", "2016-03-31": "-1.06500", "2015-03-31": "9.25990", "2014-03-31": "9.88300", "2013-03-31": "10.08360", "2012-03-31": "2.10960", "2011-03-31": "3.95080", "2010-03-31": "3.34880", "2009-03-31": "-9.63050", "2008-03-31": "-4.41800", "2007-03-31": "4.29430", "2006-03-31": "1.62290", "2005-03-31": "5.77480"}, "EBIT Margin": {"2020-03-31": "0.07200", "2019-03-31": "3.53210", "2018-03-31": "6.02310", "2017-03-31": "-0.50910", "2016-03-31": "-1.06500", "2015-03-31": "9.25990", "2014-03-31": "9.88300", "2013-03-31": "10.08360", "2012-03-31": "2.10960", "2011-03-31": "3.95080", "2010-03-31": "3.34880", "2009-03-31": "-9.63050", "2008-03-31": "-4.41800", "2007-03-31": "4.29430", "2006-03-31": "1.62290", "2005-03-31": "5.77480"}, "EBITDA Margin": {"2020-03-31": "49.41130", "2019-03-31": "49.49060", "2018-03-31": "49.97940", "2017-03-31": "46.03160", "2016-03-31": "43.72500", "2015-03-31": "47.57460", "2014-03-31": "45.81250", "2013-03-31": "46.73520", "2012-03-31": "41.39060", "2011-03-31": "39.44290", "2010-03-31": "39.85850", "2009-03-31": "23.48240", "2008-03-31": "26.87180", "2007-03-31": "29.79400", "2006-03-31": "29.22060", "2005-03-31": "32.60380"}, "Pre-Tax Profit Margin": {"2020-03-31": "-5.22110", "2019-03-31": "-8.37110", "2018-03-31": "3.60130", "2017-03-31": "-4.19800", "2016-03-31": "-1.43990", "2015-03-31": "8.89310", "2014-03-31": "7.03200", "2013-03-31": "5.77410", "2012-03-31": "-2.16830", "2011-03-31": "-1.65060", "2010-03-31": "-1.95060", "2009-03-31": "-11.98400", "2008-03-31": "-6.12800", "2007-03-31": "3.59960", "2006-03-31": "0.06240", "2005-03-31": "3.42040"}, "Net Profit Margin": {"2020-03-31": "-4.84320", "2019-03-31": "-7.72180", "2018-03-31": "11.46980", "2017-03-31": "0.46230", "2016-03-31": "2.13850", "2015-03-31": "7.57630", "2014-03-31": "5.78030", "2013-03-31": "8.57150", "2012-03-31": "-2.46400", "2011-03-31": "-1.91950", "2010-03-31": "-2.03240", "2009-03-31": "-12.16980", "2008-03-31": "-6.42410", "2007-03-31": "2.81330", "2006-03-31": "0.64480", "2005-03-31": "2.41990"}, "Asset Turnover": {"2020-03-31": "0.48920", "2019-03-31": "0.43770", "2018-03-31": "0.46040", "2017-03-31": "0.34810", "2016-03-31": "0.61220", "2015-03-31": "0.72890", "2014-03-31": "0.92240", "2013-03-31": "0.98090", "2012-03-31": "0.56940", "2011-03-31": "1.00860", "2010-03-31": "0.97530", "2009-03-31": "0.87950", "2008-03-31": "0.88510", "2007-03-31": "0.85900", "2006-03-31": "0.89760", "2005-03-31": "0.98070"}, "Inventory Turnover Ratio": {"2020-03-31": "", "2019-03-31": "", "2018-03-31": "", "2017-03-31": "", "2016-03-31": "", "2015-03-31": "", "2014-03-31": "", "2013-03-31": "", "2012-03-31": "", "2011-03-31": "", "2010-03-31": "", "2009-03-31": "", "2008-03-31": "", "2007-03-31": "", "2006-03-31": "", "2005-03-31": ""}, "Receiveable Turnover": {"2020-03-31": "7.45210", "2019-03-31": "5.68680", "2018-03-31": "4.36480", "2017-03-31": "3.52550", "2016-03-31": "4.11750", "2015-03-31": "2.69050", "2014-03-31": "2.97010", "2013-03-31": "3.44040", "2012-03-31": "2.02360", "2011-03-31": "4.78710", "2010-03-31": "5.08500", "2009-03-31": "6.45950", "2008-03-31": "5.22910", "2007-03-31": "7.48480", "2006-03-31": "5.17570", "2005-03-31": "5.58660"}, "Days Sales In Receivables": {"2020-03-31": "48.97940", "2019-03-31": "64.18370", "2018-03-31": "83.62360", "2017-03-31": "103.53160", "2016-03-31": "88.64550", "2015-03-31": "135.66270", "2014-03-31": "122.89060", "2013-03-31": "106.09110", "2012-03-31": "180.37120", "2011-03-31": "76.24710", "2010-03-31": "71.78040", "2009-03-31": "56.50580", "2008-03-31": "69.80230", "2007-03-31": "48.76530", "2006-03-31": "70.52210", "2005-03-31": "65.33490"}, "ROE - Return On Equity": {"2020-03-31": "-7.75940", "2019-03-31": "-10.25360", "2018-03-31": "14.82780", "2017-03-31": "0.57670", "2016-03-31": "5.02180", "2015-03-31": "21.58410", "2014-03-31": "26.00980", "2013-03-31": "65.10800", "2012-03-31": "-43.56850", "2011-03-31": "-21.87970", "2010-03-31": "-56.14040", "2009-03-31": "-428.01920", "2008-03-31": "-46.44920", "2007-03-31": "11.08520", "2006-03-31": "1.08530", "2005-03-31": "17.00460"}, "Return On Tangible Equity": {"2020-03-31": "10.90280", "2019-03-31": "16.80130", "2018-03-31": "-30.76370", "2017-03-31": "-0.64940", "2016-03-31": "14.04140", "2015-03-31": "35.03170", "2014-03-31": "58.20490", "2013-03-31": "699.22240", "2012-03-31": "16.51610", "2011-03-31": "30.26030", "2010-03-31": "16.33390", "2009-03-31": "42.83450", "2008-03-31": "226.45700", "2007-03-31": "45.49580", "2006-03-31": "-4.51920", "2005-03-31": "-45.22630"}, "ROA - Return On Assets": {"2020-03-31": "-2.59580", "2019-03-31": "-3.56290", "2018-03-31": "5.21990", "2017-03-31": "0.15770", "2016-03-31": "1.11370", "2015-03-31": "5.52230", "2014-03-31": "5.33160", "2013-03-31": "8.40780", "2012-03-31": "-1.40310", "2011-03-31": "-1.93610", "2010-03-31": "-1.98220", "2009-03-31": "-10.70350", "2008-03-31": "-5.68590", "2007-03-31": "2.41660", "2006-03-31": "0.15380", "2005-03-31": "2.33070"}, "ROI - Return On Investment": {"2020-03-31": "-3.80720", "2019-03-31": "-5.06440", "2018-03-31": "8.06170", "2017-03-31": "0.25540", "2016-03-31": "2.47220", "2015-03-31": "8.21450", "2014-03-31": "9.13760", "2013-03-31": "22.92130", "2012-03-31": "-3.16300", "2011-03-31": "-5.27200", "2010-03-31": "-5.06450", "2009-03-31": "-28.42810", "2008-03-31": "-10.99850", "2007-03-31": "3.70950", "2006-03-31": "0.24740", "2005-03-31": "3.03390"}, "Book Value Per Share": {"2020-03-31": "12.12400", "2019-03-31": "13.52730", "2018-03-31": "14.95450", "2017-03-31": "12.11760", "2016-03-31": "5.79220", "2015-03-31": "11.57520", "2014-03-31": "8.29090", "2013-03-31": "5.24750", "2012-03-31": "1.35080", "2011-03-31": "2.20760", "2010-03-31": "0.91430", "2009-03-31": "0.71300", "2008-03-31": "3.17240", "2007-03-31": "4.23850", "2006-03-31": "2.85890", "2005-03-31": "2.30040"}, "Operating Cash Flow Per Share": {"2020-03-31": 0.8201, "2019-03-31": 0.2473, "2018-03-31": -1.4901, "2017-03-31": 3.3666, "2016-03-31": -0.759, "2015-03-31": -2.6349, "2014-03-31": -0.4265, "2013-03-31": 6.9357, "2012-03-31": -3.8839, "2011-03-31": 2.9423, "2010-03-31": -0.552, "2009-03-31": -3.2506, "2008-03-31": 0.431, "2007-03-31": 0.0335, "2006-03-31": -0.8065, "2005-03-31": 1.8476}, "Free Cash Flow Per Share": {"2020-03-31": 0.8823, "2019-03-31": 0.2506, "2018-03-31": -1.5521, "2017-03-31": 3.3397, "2016-03-31": -0.7664, "2015-03-31": -2.6329, "2014-03-31": -0.506, "2013-03-31": 6.9297, "2012-03-31": -3.8704, "2011-03-31": 2.963, "2010-03-31": -0.4661, "2009-03-31": -3.3382, "2008-03-31": 0.5202, "2007-03-31": -0.6691, "2006-03-31": -0.2261, "2005-03-31": 1.8196}}, "financial ratios, quarterly": {"Current Ratio": {"2020-12-31": "0.73510", "2020-09-30": "0.71010", "2020-06-30": "0.71760", "2020-03-31": "0.86760", "2019-12-31": "0.85160", "2019-09-30": "0.90790", "2019-06-30": "0.80000", "2019-03-31": "0.84390", "2018-12-31": "0.88890", "2018-09-30": "0.70500", "2018-06-30": "0.73640", "2018-03-31": "0.73500", "2017-12-31": "1.01640", "2017-09-30": "1.00830", "2017-06-30": "1.15610", "2017-03-31": "1.00030", "2016-12-31": "1.17980", "2016-09-30": "1.64290", "2016-06-30": "1.92320", "2016-03-31": "0.49810", "2015-12-31": "3.15700", "2015-09-30": "3.73350", "2015-06-30": "4.35870", "2015-03-31": "2.99900", "2014-12-31": "1.53970", "2014-09-30": "1.37580", "2014-06-30": "1.45650", "2014-03-31": "2.13960", "2013-12-31": "1.31890", "2013-09-30": "1.06010", "2013-06-30": "0.84120", "2013-03-31": "0.79320", "2012-12-31": "0.59750", "2012-09-30": "0.71350", "2012-06-30": "0.64500", "2012-03-31": "0.95390", "2011-12-31": "0.70790", "2011-09-30": "0.62770", "2011-06-30": "0.65370", "2011-03-31": "0.87370", "2010-12-31": "0.67890", "2010-09-30": "0.66720", "2010-06-30": "0.55020", "2010-03-31": "0.75270", "2009-12-31": "0.76310", "2009-09-30": "0.83830", "2009-06-30": "0.77690", "2009-03-31": "0.72780", "2008-12-31": "1.26060", "2008-09-30": "1.95960", "2008-06-30": "2.46900", "2008-03-31": "2.64470", "2007-12-31": "1.68240", "2007-09-30": "1.62130", "2007-06-30": "1.94150", "2007-03-31": "2.72730", "2006-12-31": "2.29940", "2006-09-30": "1.94730", "2006-06-30": "2.50230", "2006-03-31": "1.95290", "2005-12-31": "1.49880", "2005-09-30": "1.89540", "2005-06-30": "1.73120", "2005-03-31": "1.96340"}, "Long-term Debt / Capital": {"2020-12-31": "0.50260", "2020-09-30": "0.49650", "2020-06-30": "0.50160", "2020-03-31": "0.50930", "2019-12-31": "0.50220", "2019-09-30": "0.51020", "2019-06-30": "0.51100", "2019-03-31": "0.50610", "2018-12-31": "0.50370", "2018-09-30": "0.46070", "2018-06-30": "0.45120", "2018-03-31": "0.45630", "2017-12-31": "0.44760", "2017-09-30": "0.46990", "2017-06-30": "0.50040", "2017-03-31": "0.55710", "2016-12-31": "0.60920", "2016-09-30": "0.58830", "2016-06-30": "0.59370", "2016-03-31": "0.50770", "2015-12-31": "0.62900", "2015-09-30": "0.64720", "2015-06-30": "0.61070", "2015-03-31": "0.61940", "2014-12-31": "0.61650", "2014-09-30": "0.67060", "2014-06-30": "0.64940", "2014-03-31": "0.64870", "2013-12-31": "0.64630", "2013-09-30": "0.65680", "2013-06-30": "0.63410", "2013-03-31": "0.64790", "2012-12-31": "0.74880", "2012-09-30": "0.84810", "2012-06-30": "0.94380", "2012-03-31": "0.92740", "2011-12-31": "0.93380", "2011-09-30": "0.92610", "2011-06-30": "0.73510", "2011-03-31": "0.75900", "2010-12-31": "0.83480", "2010-09-30": "0.84620", "2010-06-30": "1.00330", "2010-03-31": "0.90980", "2009-12-31": "0.85110", "2009-09-30": "0.76640", "2009-06-30": "0.80360", "2009-03-31": "0.93360", "2008-12-31": "0.98170", "2008-09-30": "0.84990", "2008-06-30": "0.77860", "2008-03-31": "0.76320", "2007-12-31": "0.79890", "2007-09-30": "0.77640", "2007-06-30": "0.68070", "2007-03-31": "0.66540", "2006-12-31": "0.70430", "2006-09-30": "0.83750", "2006-06-30": "0.81670", "2006-03-31": "0.77210", "2005-12-31": "0.85330", "2005-09-30": "0.85990", "2005-06-30": "0.85230", "2005-03-31": "0.82160"}, "Debt/Equity Ratio": {"2020-12-31": "1.15350", "2020-09-30": "1.12850", "2020-06-30": "1.14730", "2020-03-31": "1.19680", "2019-12-31": "1.13470", "2019-09-30": "1.18430", "2019-06-30": "1.22940", "2019-03-31": "1.21840", "2018-12-31": "1.17320", "2018-09-30": "0.97030", "2018-06-30": "0.93270", "2018-03-31": "0.96820", "2017-12-31": "0.93710", "2017-09-30": "1.01810", "2017-06-30": "1.09040", "2017-03-31": "1.43500", "2016-12-31": "1.72010", "2016-09-30": "1.77630", "2016-06-30": "1.71520", "2016-03-31": "1.85840", "2015-12-31": "1.69570", "2015-09-30": "1.83430", "2015-06-30": "1.56890", "2015-03-31": "1.62760", "2014-12-31": "2.18470", "2014-09-30": "2.69390", "2014-06-30": "2.42890", "2014-03-31": "2.01350", "2013-12-31": "2.63530", "2013-09-30": "3.11160", "2013-06-30": "3.75490", "2013-03-31": "4.00230", "2012-12-31": "7.54540", "2012-09-30": "10.37390", "2012-06-30": "31.85680", "2012-03-31": "18.69130", "2011-12-31": "27.96900", "2011-09-30": "24.64230", "2011-06-30": "5.82190", "2011-03-31": "5.28240", "2010-12-31": "10.92870", "2010-09-30": "10.71260", "2010-06-30": "-573.15700", "2010-03-31": "14.57590", "2009-12-31": "7.99210", "2009-09-30": "4.77430", "2009-06-30": "5.94460", "2009-03-31": "20.17240", "2008-12-31": "53.55160", "2008-09-30": "5.66240", "2008-06-30": "3.51580", "2008-03-31": "3.22320", "2007-12-31": "3.97360", "2007-09-30": "3.47320", "2007-06-30": "2.13210", "2007-03-31": "1.98830", "2006-12-31": "2.38230", "2006-09-30": "5.15330", "2006-06-30": "4.45620", "2006-03-31": "3.38760", "2005-12-31": "5.81550", "2005-09-30": "6.13880", "2005-06-30": "5.76870", "2005-03-31": "4.61480"}, "Gross Margin": {"2020-12-31": "45.08610", "2020-09-30": "50.76510", "2020-06-30": "48.01520", "2020-03-31": "40.26890", "2019-12-31": "40.45070", "2019-09-30": "49.22220", "2019-06-30": "41.05440", "2019-03-31": "41.65940", "2018-12-31": "46.20660", "2018-09-30": "48.59050", "2018-06-30": "43.17570", "2018-03-31": "43.95850", "2017-12-31": "43.10840", "2017-09-30": "44.55780", "2017-06-30": "44.80250", "2017-03-31": "42.56030", "2016-12-31": "42.96160", "2016-09-30": "39.49960", "2016-06-30": "33.83310", "2016-03-31": "38.25980", "2015-12-31": "39.79140", "2015-09-30": "38.58320", "2015-06-30": "43.68140", "2015-03-31": "42.73440", "2014-12-31": "46.68220", "2014-09-30": "44.58230", "2014-06-30": "46.84420", "2014-03-31": "44.08530", "2013-12-31": "52.67360", "2013-09-30": "47.50700", "2013-06-30": "46.21210", "2013-03-31": "46.64850", "2012-12-31": "45.89700", "2012-09-30": "54.27940", "2012-06-30": "47.90010", "2012-03-31": "44.08930", "2011-12-31": "37.47960", "2011-09-30": "42.37510", "2011-06-30": "46.65910", "2011-03-31": "48.19360", "2010-12-31": "51.59880", "2010-09-30": "47.79760", "2010-06-30": "51.74870", "2010-03-31": "55.76440", "2009-12-31": "41.54280", "2009-09-30": "48.23020", "2009-06-30": "44.48430", "2009-03-31": "50.76220", "2008-12-31": "32.58250", "2008-09-30": "47.56590", "2008-06-30": "50.51780", "2008-03-31": "51.23010", "2007-12-31": "53.16150", "2007-09-30": "47.59400", "2007-06-30": "56.19550", "2007-03-31": "51.22050", "2006-12-31": "56.42140", "2006-09-30": "56.58270", "2006-06-30": "60.25360", "2006-03-31": "54.92610", "2005-12-31": "51.97480", "2005-09-30": "48.58280", "2005-06-30": "48.37850", "2005-03-31": "57.76550"}, "Operating Margin": {"2020-12-31": "4.43570", "2020-09-30": "3.98660", "2020-06-30": "10.98690", "2020-03-31": "-1.28120", "2019-12-31": "-3.95590", "2019-09-30": "5.85660", "2019-06-30": "-0.33210", "2019-03-31": "-3.73250", "2018-12-31": "9.30130", "2018-09-30": "4.33960", "2018-06-30": "4.09560", "2018-03-31": "4.65250", "2017-12-31": "7.01850", "2017-09-30": "3.23130", "2017-06-30": "8.92270", "2017-03-31": "5.67630", "2016-12-31": "-0.98370", "2016-09-30": "-9.10090", "2016-06-30": "-3.97400", "2016-03-31": "-2.64040", "2015-12-31": "-1.34130", "2015-09-30": "-8.24060", "2015-06-30": "10.79990", "2015-03-31": "4.29990", "2014-12-31": "15.46240", "2014-09-30": "5.51440", "2014-06-30": "10.62880", "2014-03-31": "8.13050", "2013-12-31": "16.88030", "2013-09-30": "5.22230", "2013-06-30": "5.86740", "2013-03-31": "12.31320", "2012-12-31": "11.07220", "2012-09-30": "14.30770", "2012-06-30": "-1.51670", "2012-03-31": "0.42850", "2011-12-31": "3.64490", "2011-09-30": "-2.52650", "2011-06-30": "10.71700", "2011-03-31": "15.25670", "2010-12-31": "5.17590", "2010-09-30": "4.49560", "2010-06-30": "-11.44510", "2010-03-31": "2.65210", "2009-12-31": "-13.59930", "2009-09-30": "12.11850", "2009-06-30": "10.93230", "2009-03-31": "-4.12890", "2008-12-31": "-28.97010", "2008-09-30": "-10.59320", "2008-06-30": "4.05620", "2008-03-31": "7.41770", "2007-12-31": "3.57250", "2007-09-30": "-16.25980", "2007-06-30": "-25.94570", "2007-03-31": "10.08100", "2006-12-31": "9.28610", "2006-09-30": "-5.59520", "2006-06-30": "-1.68850", "2006-03-31": "11.96340", "2005-12-31": "2.78920", "2005-09-30": "-5.04790", "2005-06-30": "-9.05790", "2005-03-31": "13.63430"}, "EBIT Margin": {"2020-12-31": "4.43570", "2020-09-30": "3.98660", "2020-06-30": "10.98690", "2020-03-31": "-1.28120", "2019-12-31": "-3.95590", "2019-09-30": "5.85660", "2019-06-30": "-0.33210", "2019-03-31": "-3.73250", "2018-12-31": "9.30130", "2018-09-30": "4.33960", "2018-06-30": "4.09560", "2018-03-31": "4.65250", "2017-12-31": "7.01850", "2017-09-30": "3.23130", "2017-06-30": "8.92270", "2017-03-31": "5.67630", "2016-12-31": "-0.98370", "2016-09-30": "-9.10090", "2016-06-30": "-3.97400", "2016-03-31": "-2.64040", "2015-12-31": "-1.34130", "2015-09-30": "-8.24060", "2015-06-30": "10.79990", "2015-03-31": "4.29990", "2014-12-31": "15.46240", "2014-09-30": "5.51440", "2014-06-30": "10.62880", "2014-03-31": "8.13050", "2013-12-31": "16.88030", "2013-09-30": "5.22230", "2013-06-30": "5.86740", "2013-03-31": "12.31320", "2012-12-31": "11.07220", "2012-09-30": "14.30770", "2012-06-30": "-1.51670", "2012-03-31": "0.42860", "2011-12-31": "3.64490", "2011-09-30": "-2.52650", "2011-06-30": "10.71700", "2011-03-31": "15.25680", "2010-12-31": "5.17590", "2010-09-30": "4.49560", "2010-06-30": "-11.44510", "2010-03-31": "2.65210", "2009-12-31": "-13.59930", "2009-09-30": "12.11850", "2009-06-30": "10.93230", "2009-03-31": "-4.12890", "2008-12-31": "-28.97010", "2008-09-30": "-10.59320", "2008-06-30": "4.05620", "2008-03-31": "7.41770", "2007-12-31": "3.57250", "2007-09-30": "-16.25980", "2007-06-30": "-25.94570", "2007-03-31": "10.08100", "2006-12-31": "9.28610", "2006-09-30": "-5.59520", "2006-06-30": "-1.68850", "2006-03-31": "11.96340", "2005-12-31": "2.78920", "2005-09-30": "-5.04790", "2005-06-30": "-9.05790", "2005-03-31": "13.63430"}, "EBITDA Margin": {"2020-12-31": "", "2020-09-30": "", "2020-06-30": "", "2020-03-31": "", "2019-12-31": "", "2019-09-30": "", "2019-06-30": "", "2019-03-31": "", "2018-12-31": "", "2018-09-30": "", "2018-06-30": "", "2018-03-31": "", "2017-12-31": "", "2017-09-30": "", "2017-06-30": "", "2017-03-31": "", "2016-12-31": "", "2016-09-30": "", "2016-06-30": "", "2016-03-31": "", "2015-12-31": "", "2015-09-30": "", "2015-06-30": "", "2015-03-31": "", "2014-12-31": "", "2014-09-30": "", "2014-06-30": "", "2014-03-31": "", "2013-12-31": "", "2013-09-30": "", "2013-06-30": "", "2013-03-31": "", "2012-12-31": "", "2012-09-30": "", "2012-06-30": "", "2012-03-31": "", "2011-12-31": "", "2011-09-30": "", "2011-06-30": "", "2011-03-31": "", "2010-12-31": "", "2010-09-30": "", "2010-06-30": "", "2010-03-31": "", "2009-12-31": "", "2009-09-30": "", "2009-06-30": "", "2009-03-31": "", "2008-12-31": "", "2008-09-30": "", "2008-06-30": "", "2008-03-31": "", "2007-12-31": "", "2007-09-30": "", "2007-06-30": "", "2007-03-31": "", "2006-12-31": "", "2006-09-30": "", "2006-06-30": "", "2006-03-31": "", "2005-12-31": "", "2005-09-30": "", "2005-06-30": "", "2005-03-31": ""}, "Pre-Tax Profit Margin": {"2020-12-31": "-1.21950", "2020-09-30": "-3.11410", "2020-06-30": "5.83750", "2020-03-31": "-5.52730", "2019-12-31": "-9.59440", "2019-09-30": "0.44740", "2019-06-30": "-6.17480", "2019-03-31": "-15.43350", "2018-12-31": "2.72180", "2018-09-30": "-19.45620", "2018-06-30": "-1.84410", "2018-03-31": "-2.38390", "2017-12-31": "-1.14640", "2017-09-30": "-3.68840", "2017-06-30": "22.01330", "2017-03-31": "0.37420", "2016-12-31": "-5.67590", "2016-09-30": "-11.08680", "2016-06-30": "-4.60620", "2016-03-31": "-2.67030", "2015-12-31": "-1.78840", "2015-09-30": "-9.27390", "2015-06-30": "10.64410", "2015-03-31": "3.14340", "2014-12-31": "15.10040", "2014-09-30": "4.63450", "2014-06-30": "12.02090", "2014-03-31": "7.62030", "2013-12-31": "15.07970", "2013-09-30": "-3.67510", "2013-06-30": "3.79500", "2013-03-31": "9.70360", "2012-12-31": "5.71230", "2012-09-30": "11.26640", "2012-06-30": "-8.90170", "2012-03-31": "-3.24050", "2011-12-31": "-0.25230", "2011-09-30": "-6.76800", "2011-06-30": "4.41520", "2011-03-31": "18.45880", "2010-12-31": "-1.01420", "2010-09-30": "-6.17310", "2010-06-30": "-19.36440", "2010-03-31": "-7.99480", "2009-12-31": "-19.56100", "2009-09-30": "8.84740", "2009-06-30": "9.93710", "2009-03-31": "-6.68670", "2008-12-31": "-30.79840", "2008-09-30": "-12.91030", "2008-06-30": "1.40320", "2008-03-31": "3.57110", "2007-12-31": "2.65610", "2007-09-30": "-16.25760", "2007-06-30": "-26.38040", "2007-03-31": "10.21520", "2006-12-31": "8.45320", "2006-09-30": "-6.99460", "2006-06-30": "-2.88130", "2006-03-31": "11.01060", "2005-12-31": "1.17740", "2005-09-30": "-6.91490", "2005-06-30": "-11.19760", "2005-03-31": "12.10470"}, "Net Profit Margin": {"2020-12-31": "-1.66190", "2020-09-30": "-2.46980", "2020-06-30": "6.28000", "2020-03-31": "-4.76490", "2019-12-31": "-9.13370", "2019-09-30": "0.18300", "2019-06-30": "-5.60400", "2019-03-31": "-16.97680", "2018-12-31": "2.45390", "2018-09-30": "-15.99330", "2018-06-30": "-0.84700", "2018-03-31": "8.77630", "2017-12-31": "16.88980", "2017-09-30": "1.64750", "2017-06-30": "17.28840", "2017-03-31": "4.90410", "2016-12-31": "-4.06750", "2016-09-30": "-2.73650", "2016-06-30": "0.23480", "2016-03-31": "1.33870", "2015-12-31": "6.11030", "2015-09-30": "-8.82400", "2015-06-30": "9.94860", "2015-03-31": "3.02970", "2014-12-31": "13.06870", "2014-09-30": "3.75870", "2014-06-30": "9.62680", "2014-03-31": "6.80910", "2013-12-31": "10.56780", "2013-09-30": "0.10130", "2013-06-30": "2.39010", "2013-03-31": "20.74160", "2012-12-31": "5.08710", "2012-09-30": "10.68350", "2012-06-30": "-9.36800", "2012-03-31": "-3.52530", "2011-12-31": "-0.43340", "2011-09-30": "-7.06710", "2011-06-30": "3.95550", "2011-03-31": "18.40280", "2010-12-31": "-1.42280", "2010-09-30": "-6.49970", "2010-06-30": "-19.61760", "2010-03-31": "-8.23560", "2009-12-31": "-19.04910", "2009-09-30": "8.66440", "2009-06-30": "9.58510", "2009-03-31": "-6.99590", "2008-12-31": "-30.16910", "2008-09-30": "-13.60960", "2008-06-30": "1.17910", "2008-03-31": "3.20050", "2007-12-31": "2.44610", "2007-09-30": "-16.49010", "2007-06-30": "-26.72710", "2007-03-31": "7.54560", "2006-12-31": "8.03630", "2006-09-30": "-6.59670", "2006-06-30": "-2.08980", "2006-03-31": "12.50670", "2005-12-31": "1.37020", "2005-09-30": "-6.68600", "2005-06-30": "-11.23370", "2005-03-31": "8.80170"}, "Asset Turnover": {"2020-12-31": "0.10440", "2020-09-30": "0.09620", "2020-06-30": "0.10490", "2020-03-31": "0.11880", "2019-12-31": "0.12540", "2019-09-30": "0.11960", "2019-06-30": "0.11420", "2019-03-31": "0.10860", "2018-12-31": "0.10880", "2018-09-30": "0.09960", "2018-06-30": "0.10330", "2018-03-31": "0.11600", "2017-12-31": "0.13070", "2017-09-30": "0.10810", "2017-06-30": "0.11640", "2017-03-31": "0.13660", "2016-12-31": "0.08020", "2016-09-30": "0.16990", "2016-06-30": "0.14900", "2016-03-31": "0.20620", "2015-12-31": "0.17480", "2015-09-30": "0.13370", "2015-06-30": "0.11790", "2015-03-31": "0.19620", "2014-12-31": "0.23920", "2014-09-30": "0.18110", "2014-06-30": "0.15980", "2014-03-31": "0.25310", "2013-12-31": "0.28860", "2013-09-30": "0.18810", "2013-06-30": "0.21030", "2013-03-31": "0.28460", "2012-12-31": "0.27820", "2012-09-30": "0.26080", "2012-06-30": "0.18350", "2012-03-31": "0.23140", "2011-12-31": "0.18330", "2011-09-30": "0.20870", "2011-06-30": "0.16330", "2011-03-31": "0.24020", "2010-12-31": "0.25950", "2010-09-30": "0.27860", "2010-06-30": "0.20500", "2010-03-31": "0.26300", "2009-12-31": "0.20160", "2009-09-30": "0.21660", "2009-06-30": "0.22550", "2009-03-31": "0.27780", "2008-12-31": "0.22800", "2008-09-30": "0.24570", "2008-06-30": "0.20070", "2008-03-31": "0.33270", "2007-12-31": "0.21650", "2007-09-30": "0.26340", "2007-06-30": "0.17100", "2007-03-31": "0.29160", "2006-12-31": "0.21990", "2006-09-30": "0.20670", "2006-06-30": "0.17810", "2006-03-31": "0.29510", "2005-12-31": "0.24240", "2005-09-30": "0.23450", "2005-06-30": "0.23400", "2005-03-31": "0.26670"}, "Inventory Turnover Ratio": {"2020-12-31": "", "2020-09-30": "", "2020-06-30": "", "2020-03-31": "", "2019-12-31": "", "2019-09-30": "", "2019-06-30": "", "2019-03-31": "", "2018-12-31": "", "2018-09-30": "", "2018-06-30": "", "2018-03-31": "", "2017-12-31": "", "2017-09-30": "", "2017-06-30": "", "2017-03-31": "", "2016-12-31": "", "2016-09-30": "", "2016-06-30": "", "2016-03-31": "", "2015-12-31": "", "2015-09-30": "", "2015-06-30": "", "2015-03-31": "", "2014-12-31": "", "2014-09-30": "", "2014-06-30": "", "2014-03-31": "", "2013-12-31": "", "2013-09-30": "", "2013-06-30": "", "2013-03-31": "", "2012-12-31": "", "2012-09-30": "", "2012-06-30": "", "2012-03-31": "", "2011-12-31": "", "2011-09-30": "", "2011-06-30": "", "2011-03-31": "", "2010-12-31": "", "2010-09-30": "", "2010-06-30": "", "2010-03-31": "", "2009-12-31": "", "2009-09-30": "", "2009-06-30": "", "2009-03-31": "", "2008-12-31": "", "2008-09-30": "", "2008-06-30": "", "2008-03-31": "", "2007-12-31": "", "2007-09-30": "", "2007-06-30": "", "2007-03-31": "", "2006-12-31": "", "2006-09-30": "", "2006-06-30": "", "2006-03-31": "", "2005-12-31": "", "2005-09-30": "", "2005-06-30": "", "2005-03-31": ""}, "Receiveable Turnover": {"2020-12-31": "2.16460", "2020-09-30": "1.97770", "2020-06-30": "1.88970", "2020-03-31": "1.80920", "2019-12-31": "1.67060", "2019-09-30": "1.48070", "2019-06-30": "1.35600", "2019-03-31": "1.41160", "2018-12-31": "1.12020", "2018-09-30": "0.85080", "2018-06-30": "0.89330", "2018-03-31": "1.09970", "2017-12-31": "1.26250", "2017-09-30": "1.17070", "2017-06-30": "1.22170", "2017-03-31": "1.38320", "2016-12-31": "0.96820", "2016-09-30": "0.67090", "2016-06-30": "0.61530", "2016-03-31": "1.38690", "2015-12-31": "0.71080", "2015-09-30": "0.54090", "2015-06-30": "0.53720", "2015-03-31": "0.72440", "2014-12-31": "0.77090", "2014-09-30": "0.69040", "2014-06-30": "0.62630", "2014-03-31": "0.81510", "2013-12-31": "1.00080", "2013-09-30": "0.71600", "2013-06-30": "0.69530", "2013-03-31": "0.99820", "2012-12-31": "1.13210", "2012-09-30": "1.00800", "2012-06-30": "0.80330", "2012-03-31": "0.82240", "2011-12-31": "0.76340", "2011-09-30": "0.91830", "2011-06-30": "1.03540", "2011-03-31": "1.14000", "2010-12-31": "1.05730", "2010-09-30": "1.34280", "2010-06-30": "1.25950", "2010-03-31": "1.37120", "2009-12-31": "1.34150", "2009-09-30": "1.57800", "2009-06-30": "1.88600", "2009-03-31": "2.04030", "2008-12-31": "1.81380", "2008-09-30": "1.89060", "2008-06-30": "1.50400", "2008-03-31": "1.96530", "2007-12-31": "1.83020", "2007-09-30": "1.67930", "2007-06-30": "1.88860", "2007-03-31": "2.54100", "2006-12-31": "2.17470", "2006-09-30": "2.31380", "2006-06-30": "1.89930", "2006-03-31": "1.70190", "2005-12-31": "1.70470", "2005-09-30": "1.62800", "2005-06-30": "1.89600", "2005-03-31": "1.51920"}, "Days Sales In Receivables": {"2020-12-31": "41.57820", "2020-09-30": "45.50740", "2020-06-30": "47.62690", "2020-03-31": "49.74590", "2019-12-31": "53.87380", "2019-09-30": "60.78090", "2019-06-30": "66.36990", "2019-03-31": "63.75660", "2018-12-31": "80.34610", "2018-09-30": "105.78250", "2018-06-30": "100.74940", "2018-03-31": "81.84180", "2017-12-31": "71.28640", "2017-09-30": "76.87500", "2017-06-30": "73.67060", "2017-03-31": "65.06570", "2016-12-31": "92.95490", "2016-09-30": "134.15570", "2016-06-30": "146.26970", "2016-03-31": "64.89060", "2015-12-31": "126.61670", "2015-09-30": "166.39990", "2015-06-30": "167.52890", "2015-03-31": "124.24760", "2014-12-31": "116.74730", "2014-09-30": "130.35120", "2014-06-30": "143.69660", "2014-03-31": "110.41150", "2013-12-31": "89.93200", "2013-09-30": "125.70470", "2013-06-30": "129.44670", "2013-03-31": "90.16520", "2012-12-31": "79.49700", "2012-09-30": "89.28530", "2012-06-30": "112.03910", "2012-03-31": "109.43320", "2011-12-31": "117.88690", "2011-09-30": "98.00320", "2011-06-30": "86.92030", "2011-03-31": "78.94660", "2010-12-31": "85.12570", "2010-09-30": "67.02590", "2010-06-30": "71.45650", "2010-03-31": "65.63760", "2009-12-31": "67.08990", "2009-09-30": "57.03510", "2009-06-30": "47.72120", "2009-03-31": "44.11100", "2008-12-31": "49.61950", "2008-09-30": "47.60300", "2008-06-30": "59.83940", "2008-03-31": "45.79370", "2007-12-31": "49.17540", "2007-09-30": "53.59330", "2007-06-30": "47.65510", "2007-03-31": "35.41980", "2006-12-31": "41.38440", "2006-09-30": "38.89730", "2006-06-30": "47.38650", "2006-03-31": "52.88250", "2005-12-31": "52.79680", "2005-09-30": "55.28110", "2005-06-30": "47.46720", "2005-03-31": "59.24120"}, "ROE - Return On Equity": {"2020-12-31": "-0.62610", "2020-09-30": "-0.79950", "2020-06-30": "1.70510", "2020-03-31": "-1.84210", "2019-12-31": "-3.49750", "2019-09-30": "-0.04220", "2019-06-30": "-2.04550", "2019-03-31": "-5.44170", "2018-12-31": "0.65470", "2018-09-30": "-4.89160", "2018-06-30": "-0.35590", "2018-03-31": "2.83820", "2017-12-31": "6.24370", "2017-09-30": "0.45630", "2017-06-30": "6.28650", "2017-03-31": "2.44590", "2016-12-31": "-1.31350", "2016-09-30": "-2.01840", "2016-06-30": "0.09190", "2016-03-31": "1.30370", "2015-12-31": "3.45410", "2015-09-30": "-4.73990", "2015-06-30": "4.25550", "2015-03-31": "2.32380", "2014-12-31": "14.69840", "2014-09-30": "3.75000", "2014-06-30": "8.07420", "2014-03-31": "8.40870", "2013-12-31": "17.11900", "2013-09-30": "0.11850", "2013-06-30": "3.58540", "2013-03-31": "45.71000", "2012-12-31": "19.65310", "2012-09-30": "51.65610", "2012-06-30": "-92.30260", "2012-03-31": "-25.33390", "2011-12-31": "-3.69210", "2011-09-30": "-67.50610", "2011-06-30": "7.30730", "2011-03-31": "49.95350", "2010-12-31": "-7.85310", "2010-09-30": "-37.45010", "2010-06-30": "4054.98900", "2010-03-31": "-61.34420", "2009-12-31": "-62.49010", "2009-09-30": "18.57780", "2009-06-30": "26.40450", "2009-03-31": "-77.71810", "2008-12-31": "-848.65010", "2008-09-30": "-47.99990", "2008-06-30": "1.92910", "2008-03-31": "8.69750", "2007-12-31": "4.85930", "2007-09-30": "-37.28130", "2007-06-30": "-23.78210", "2007-03-31": "10.09320", "2006-12-31": "9.38270", "2006-09-30": "-10.50670", "2006-06-30": "-2.43190", "2006-03-31": "23.78110", "2005-12-31": "2.76840", "2005-09-30": "-15.13320", "2005-06-30": "-22.99810", "2005-03-31": "16.81590"}, "Return On Tangible Equity": {"2020-12-31": "1.01430", "2020-09-30": "1.22980", "2020-06-30": "-2.55740", "2020-03-31": "2.58830", "2019-12-31": "5.43210", "2019-09-30": "0.06690", "2019-06-30": "3.20560", "2019-03-31": "8.91660", "2018-12-31": "-1.20850", "2018-09-30": "8.73200", "2018-06-30": "0.71800", "2018-03-31": "-5.88850", "2017-12-31": "-11.61700", "2017-09-30": "-0.68770", "2017-06-30": "-8.95700", "2017-03-31": "-2.75440", "2016-12-31": "1.25210", "2016-09-30": "-5.36730", "2016-06-30": "0.23860", "2016-03-31": "3.64520", "2015-12-31": "7.83420", "2015-09-30": "-7.45610", "2015-06-30": "6.43020", "2015-03-31": "3.77160", "2014-12-31": "28.48690", "2014-09-30": "9.00260", "2014-06-30": "20.36160", "2014-03-31": "18.81700", "2013-12-31": "45.47800", "2013-09-30": "0.49160", "2013-06-30": "24.11580", "2013-03-31": "490.89890", "2012-12-31": "-28.91340", "2012-09-30": "-42.00980", "2012-06-30": "15.87220", "2012-03-31": "9.60360", "2011-12-31": "0.71690", "2011-09-30": "12.93010", "2011-06-30": "-10.56280", "2011-03-31": "-69.08730", "2010-12-31": "3.69970", "2010-09-30": "18.53020", "2010-06-30": "26.60260", "2010-03-31": "17.84800", "2009-12-31": "18.81560", "2009-09-30": "-11.16760", "2009-06-30": "-11.36700", "2009-03-31": "7.77770", "2008-12-31": "45.96090", "2008-09-30": "44.56460", "2008-06-30": "-8.41870", "2008-03-31": "-42.40360", "2007-12-31": "-9.55490", "2007-09-30": "84.08060", "2007-06-30": "-148.11770", "2007-03-31": "41.42460", "2006-12-31": "101.25220", "2006-09-30": "24.11290", "2006-06-30": "9.65750", "2006-03-31": "-99.02650", "2005-12-31": "-3.60110", "2005-09-30": "24.08590", "2005-06-30": "32.90500", "2005-03-31": "-44.72450"}, "ROA - Return On Assets": {"2020-12-31": "-0.21480", "2020-09-30": "-0.28010", "2020-06-30": "0.59570", "2020-03-31": "-0.61630", "2019-12-31": "-1.22870", "2019-09-30": "-0.01460", "2019-06-30": "-0.69220", "2019-03-31": "-1.89090", "2018-12-31": "0.23430", "2018-09-30": "-1.64980", "2018-06-30": "-0.12630", "2018-03-31": "0.99920", "2017-12-31": "2.18580", "2017-09-30": "0.14830", "2017-06-30": "2.02120", "2017-03-31": "0.66870", "2016-12-31": "-0.32520", "2016-09-30": "-0.45950", "2016-06-30": "0.02150", "2016-03-31": "0.28910", "2015-12-31": "0.85970", "2015-09-30": "-1.18000", "2015-06-30": "1.17250", "2015-03-31": "0.59450", "2014-12-31": "3.12540", "2014-09-30": "0.68050", "2014-06-30": "1.53840", "2014-03-31": "1.72360", "2013-12-31": "3.04970", "2013-09-30": "0.01900", "2013-06-30": "0.50260", "2013-03-31": "5.90280", "2012-12-31": "1.41540", "2012-09-30": "2.78670", "2012-06-30": "-1.71890", "2012-03-31": "-0.81590", "2011-12-31": "-0.07940", "2011-09-30": "-1.47520", "2011-06-30": "0.64590", "2011-03-31": "4.42040", "2010-12-31": "-0.36920", "2010-09-30": "-1.81070", "2010-06-30": "-4.02220", "2010-03-31": "-2.16600", "2009-12-31": "-3.84080", "2009-09-30": "1.87710", "2009-06-30": "2.16130", "2009-03-31": "-1.94350", "2008-12-31": "-6.87900", "2008-09-30": "-3.34440", "2008-06-30": "0.23670", "2008-03-31": "1.06470", "2007-12-31": "0.52970", "2007-09-30": "-4.34410", "2007-06-30": "-4.57000", "2007-03-31": "2.20030", "2006-12-31": "1.76690", "2006-09-30": "-1.36350", "2006-06-30": "-0.37210", "2006-03-31": "3.37030", "2005-12-31": "0.30870", "2005-09-30": "-1.66470", "2005-06-30": "-2.62860", "2005-03-31": "2.30490"}, "ROI - Return On Investment": {"2020-12-31": "-0.31140", "2020-09-30": "-0.40260", "2020-06-30": "0.84990", "2020-03-31": "-0.90380", "2019-12-31": "-1.74100", "2019-09-30": "-0.02070", "2019-06-30": "-1.00030", "2019-03-31": "-2.68770", "2018-12-31": "0.32490", "2018-09-30": "-2.63790", "2018-06-30": "-0.19540", "2018-03-31": "1.54310", "2017-12-31": "3.44920", "2017-09-30": "0.24190", "2017-06-30": "3.14090", "2017-03-31": "1.08320", "2016-12-31": "-0.51340", "2016-09-30": "-0.83100", "2016-06-30": "0.03740", "2016-03-31": "0.64180", "2015-12-31": "1.28130", "2015-09-30": "-1.67230", "2015-06-30": "1.65660", "2015-03-31": "0.88440", "2014-12-31": "5.63680", "2014-09-30": "1.23510", "2014-06-30": "2.83090", "2014-03-31": "2.95410", "2013-12-31": "6.05560", "2013-09-30": "0.04070", "2013-06-30": "1.31200", "2013-03-31": "16.09220", "2012-12-31": "4.93640", "2012-09-30": "7.84780", "2012-06-30": "-5.18640", "2012-03-31": "-1.83920", "2011-12-31": "-0.24450", "2011-09-30": "-4.99040", "2011-06-30": "1.93600", "2011-03-31": "12.03660", "2010-12-31": "-1.29760", "2010-09-30": "-5.76100", "2010-06-30": "-13.35990", "2010-03-31": "-5.53400", "2009-12-31": "-9.30190", "2009-09-30": "4.34000", "2009-06-30": "5.18530", "2009-03-31": "-5.16190", "2008-12-31": "-15.55680", "2008-09-30": "-7.20460", "2008-06-30": "0.42720", "2008-03-31": "2.05940", "2007-12-31": "0.97700", "2007-09-30": "-8.33430", "2007-06-30": "-7.59300", "2007-03-31": "3.37750", "2006-12-31": "2.77410", "2006-09-30": "-1.70750", "2006-06-30": "-0.44570", "2006-03-31": "5.42010", "2005-12-31": "0.40620", "2005-09-30": "-2.11980", "2005-06-30": "-3.39770", "2005-03-31": "3.00020"}, "Book Value Per Share": {"2020-12-31": "12.43590", "2020-09-30": "12.30980", "2020-06-30": "12.32710", "2020-03-31": "12.12400", "2019-12-31": "12.71050", "2019-09-30": "13.04410", "2019-06-30": "13.12040", "2019-03-31": "13.52730", "2018-12-31": "14.25400", "2018-09-30": "14.25600", "2018-06-30": "14.96590", "2018-03-31": "14.95450", "2017-12-31": "14.57480", "2017-09-30": "13.52540", "2017-06-30": "13.33880", "2017-03-31": "12.11760", "2016-12-31": "11.62310", "2016-09-30": "11.55890", "2016-06-30": "11.78650", "2016-03-31": "5.79220", "2015-12-31": "12.71700", "2015-09-30": "11.95310", "2015-06-30": "13.13830", "2015-03-31": "11.57520", "2014-12-31": "9.52510", "2014-09-30": "7.99510", "2014-06-30": "7.78440", "2014-03-31": "8.29090", "2013-12-31": "7.51470", "2013-09-30": "6.18100", "2013-06-30": "5.57020", "2013-03-31": "5.24750", "2012-12-31": "2.84820", "2012-09-30": "2.17020", "2012-06-30": "0.71820", "2012-03-31": "1.35080", "2011-12-31": "0.59940", "2011-09-30": "0.59350", "2011-06-30": "2.06300", "2011-03-31": "2.20760", "2010-12-31": "1.12090", "2010-09-30": "1.16030", "2010-06-30": "-0.02630", "2010-03-31": "0.91430", "2009-12-31": "1.77250", "2009-09-30": "2.90120", "2009-06-30": "2.34990", "2009-03-31": "0.71300", "2008-12-31": "0.19890", "2008-09-30": "1.86580", "2008-06-30": "3.10820", "2008-03-31": "3.17240", "2007-12-31": "2.54670", "2007-09-30": "2.61160", "2007-06-30": "3.74750", "2007-03-31": "4.23850", "2006-12-31": "3.73460", "2006-09-30": "2.59880", "2006-06-30": "2.83280", "2006-03-31": "2.85890", "2005-12-31": "2.02750", "2005-09-30": "1.91500", "2005-06-30": "1.86260", "2005-03-31": "2.30040"}, "Operating Cash Flow Per Share": {"2020-12-31": -0.2018, "2020-09-30": 0.5531, "2020-06-30": "0.37020", "2020-03-31": 0.8279, "2019-12-31": 0.9986, "2019-09-30": 0.8215, "2019-06-30": "0.17260", "2019-03-31": 0.8424, "2018-12-31": -0.1055, "2018-09-30": 0.7287, "2018-06-30": "0.53490", "2018-03-31": 0.0867, "2017-12-31": 0.1351, "2017-09-30": 1.2248, "2017-06-30": "0.30660", "2017-03-31": 0.6677, "2016-12-31": 1.2603, "2016-09-30": 0.3587, "2016-06-30": "0.95660", "2016-03-31": 0.5731, "2015-12-31": 1.5768, "2015-09-30": -1.881, "2015-06-30": "-0.39220", "2015-03-31": 2.785, "2014-12-31": 0.6862, "2014-09-30": -2.6695, "2014-06-30": "-0.16600", "2014-03-31": 1.3905, "2013-12-31": 0.3082, "2013-09-30": 1.9881, "2013-06-30": "-0.41620", "2013-03-31": 0.7832, "2012-12-31": 1.0021, "2012-09-30": -0.3551, "2012-06-30": "2.26690", "2012-03-31": 0.1121, "2011-12-31": -1.2489, "2011-09-30": -1.4545, "2011-06-30": "-0.64730", "2011-03-31": 2.3376, "2010-12-31": -0.2669, "2010-09-30": -0.3608, "2010-06-30": "-1.06460", "2010-03-31": 0.048, "2009-12-31": 0.0959, "2009-09-30": -0.1807, "2009-06-30": "-2.26020", "2009-03-31": -0.088, "2008-12-31": -0.9771, "2008-09-30": 1.7949, "2008-06-30": "-2.47480", "2008-03-31": 3.0396, "2007-12-31": -0.5633, "2007-09-30": -0.0215, "2007-06-30": "-0.94920", "2007-03-31": -0.1469, "2006-12-31": 1.0158, "2006-09-30": 0.4965, "2006-06-30": "-0.29080", "2006-03-31": -0.0746, "2005-12-31": 0.3785, "2005-09-30": 0.1448, "2005-06-30": "0.59240", "2005-03-31": 1.8476}, "Free Cash Flow Per Share": {"2020-12-31": -0.2411, "2020-09-30": 0.5046, "2020-06-30": "0.34110", "2020-03-31": 0.7952, "2019-12-31": 0.9654, "2019-09-30": 0.7844, "2019-06-30": "0.13280", "2019-03-31": 0.7683, "2018-12-31": -0.1353, "2018-09-30": 0.671, "2018-06-30": "0.49150", "2018-03-31": 0.0065, "2017-12-31": 0.1039, "2017-09-30": 1.1711, "2017-06-30": "0.26340", "2017-03-31": 0.6193, "2016-12-31": 1.205, "2016-09-30": 0.3355, "2016-06-30": "0.93720", "2016-03-31": 0.5415, "2015-12-31": 1.5817, "2015-09-30": -1.9325, "2015-06-30": "-0.43340", "2015-03-31": 2.8219, "2014-12-31": 0.5986, "2014-09-30": -2.712, "2014-06-30": "-0.18480", "2014-03-31": 1.3554, "2013-12-31": 0.2775, "2013-09-30": 1.9602, "2013-06-30": "-0.43650", "2013-03-31": 0.7766, "2012-12-31": 0.9874, "2012-09-30": -0.3625, "2012-06-30": "2.26110", "2012-03-31": 0.1081, "2011-12-31": -1.2547, "2011-09-30": -1.4672, "2011-06-30": "-0.65330", "2011-03-31": 2.313, "2010-12-31": -0.2709, "2010-09-30": -0.3673, "2010-06-30": "-1.07150", "2010-03-31": 0.0291, "2009-12-31": 0.0839, "2009-09-30": -0.1862, "2009-06-30": "-2.28650", "2009-03-31": -0.1249, "2008-12-31": -0.9906, "2008-09-30": 1.7343, "2008-06-30": "-2.51240", "2008-03-31": 3.0247, "2007-12-31": -0.5634, "2007-09-30": -0.033, "2007-06-30": "-0.98370", "2007-03-31": -0.1532, "2006-12-31": 0.9394, "2006-09-30": 0.4645, "2006-06-30": "-0.32630", "2006-03-31": 0.5568, "2005-12-31": 0.3417, "2005-09-30": 0.115, "2005-06-30": "0.58000", "2005-03-31": 1.8196}}, "revenue": {"Lions Gate Entertainment Annual Revenue (Millions of US $)": {"2020": "$3,890", "2019": "$3,681", "2018": "$4,129", "2017": "$3,202", "2016": "$2,347", "2015": "$2,400", "2014": "$2,630", "2013": "$2,708", "2012": "$1,588", "2011": "$1,583", "2010": "$1,490", "2009": "$1,466", "2008": "$1,361", "2007": "$977", "2006": "$945", "2005": "$838"}, "Lions Gate Entertainment Quarterly Revenue (Millions of US $)": {"2020-12-31": "$836", "2020-09-30": "$745", "2020-06-30": "$814", "2020-03-31": "$944", "2019-12-31": "$999", "2019-09-30": "$984", "2019-06-30": "$964", "2019-03-31": "$914", "2018-12-31": "$933", "2018-09-30": "$901", "2018-06-30": "$933", "2018-03-31": "$1,040", "2017-12-31": "$1,143", "2017-09-30": "$941", "2017-06-30": "$1,005", "2017-03-31": "$1,256", "2016-12-31": "$752", "2016-09-30": "$640", "2016-06-30": "$554", "2016-03-31": "$791", "2015-12-31": "$671", "2015-09-30": "$477", "2015-06-30": "$409", "2015-03-31": "$646", "2014-12-31": "$751", "2014-09-30": "$553", "2014-06-30": "$449", "2014-03-31": "$722", "2013-12-31": "$840", "2013-09-30": "$499", "2013-06-30": "$570", "2013-03-31": "$786", "2012-12-31": "$744", "2012-09-30": "$707", "2012-06-30": "$472", "2012-03-31": "$645", "2011-12-31": "$323", "2011-09-30": "$358", "2011-06-30": "$261", "2011-03-31": "$377", "2010-12-31": "$423", "2010-09-30": "$456", "2010-06-30": "$327", "2010-03-31": "$402", "2009-12-31": "$343", "2009-09-30": "$366", "2009-06-30": "$379", "2009-03-31": "$463", "2008-12-31": "$324", "2008-09-30": "$381", "2008-06-30": "$298", "2008-03-31": "$512", "2007-12-31": "$299", "2007-09-30": "$352", "2007-06-30": "$199", "2007-03-31": "$332", "2006-12-31": "$255", "2006-09-30": "$218", "2006-06-30": "$172", "2006-03-31": "$311", "2005-12-31": "$229", "2005-09-30": "$211", "2005-06-30": "$194", "2005-03-31": "$228"}}, "gross-profit": {"Lions Gate Entertainment Annual Gross Profit (Millions of US $)": {"2020": "$1,664", "2019": "$1,652", "2018": "$1,820", "2017": "$1,298", "2016": "$932", "2015": "$1,084", "2014": "$1,261", "2013": "$1,318", "2012": "$679", "2011": "$787", "2010": "$712", "2009": "$673", "2008": "$700", "2007": "$541", "2006": "$486", "2005": "$484"}, "Lions Gate Entertainment Quarterly Gross Profit (Millions of US $)": {"2020-12-31": "$377", "2020-09-30": "$378", "2020-06-30": "$391", "2020-03-31": "$380", "2019-12-31": "$404", "2019-09-30": "$484", "2019-06-30": "$396", "2019-03-31": "$381", "2018-12-31": "$431", "2018-09-30": "$438", "2018-06-30": "$403", "2018-03-31": "$457", "2017-12-31": "$493", "2017-09-30": "$419", "2017-06-30": "$450", "2017-03-31": "$535", "2016-12-31": "$323", "2016-09-30": "$253", "2016-06-30": "$187", "2016-03-31": "$303", "2015-12-31": "$267", "2015-09-30": "$184", "2015-06-30": "$179", "2015-03-31": "$276", "2014-12-31": "$351", "2014-09-30": "$246", "2014-06-30": "$211", "2014-03-31": "$318", "2013-12-31": "$442", "2013-09-30": "$237", "2013-06-30": "$263", "2013-03-31": "$367", "2012-12-31": "$341", "2012-09-30": "$384", "2012-06-30": "$226", "2012-03-31": "$284", "2011-12-31": "$121", "2011-09-30": "$152", "2011-06-30": "$122", "2011-03-31": "$182", "2010-12-31": "$218", "2010-09-30": "$218", "2010-06-30": "$169", "2010-03-31": "$224", "2009-12-31": "$142", "2009-09-30": "$177", "2009-06-30": "$169", "2009-03-31": "$235", "2008-12-31": "$106", "2008-09-30": "$181", "2008-06-30": "$151", "2008-03-31": "$262", "2007-12-31": "$159", "2007-09-30": "$167", "2007-06-30": "$112", "2007-03-31": "$170", "2006-12-31": "$144", "2006-09-30": "$123", "2006-06-30": "$104", "2006-03-31": "$171", "2005-12-31": "$119", "2005-09-30": "$102", "2005-06-30": "$94", "2005-03-31": "$132"}}, "operating-income": {"Lions Gate Entertainment Annual Operating Income (Millions of US $)": {"2020": "$3", "2019": "$130", "2018": "$249", "2017": "$-16", "2016": "$-25", "2015": "$222", "2014": "$260", "2013": "$273", "2012": "$33", "2011": "$63", "2010": "$50", "2009": "$-141", "2008": "$-60", "2007": "$42", "2006": "$15", "2005": "$48"}, "Lions Gate Entertainment Quarterly Operating Income (Millions of US $)": {"2020-12-31": "$37", "2020-09-30": "$30", "2020-06-30": "$89", "2020-03-31": "$-12", "2019-12-31": "$-40", "2019-09-30": "$58", "2019-06-30": "$-3", "2019-03-31": "$-34", "2018-12-31": "$87", "2018-09-30": "$39", "2018-06-30": "$38", "2018-03-31": "$48", "2017-12-31": "$80", "2017-09-30": "$30", "2017-06-30": "$90", "2017-03-31": "$71", "2016-12-31": "$-7", "2016-09-30": "$-58", "2016-06-30": "$-22", "2016-03-31": "$-21", "2015-12-31": "$-9", "2015-09-30": "$-39", "2015-06-30": "$44", "2015-03-31": "$28", "2014-12-31": "$116", "2014-09-30": "$30", "2014-06-30": "$48", "2014-03-31": "$59", "2013-12-31": "$142", "2013-09-30": "$26", "2013-06-30": "$33", "2013-03-31": "$97", "2012-12-31": "$82", "2012-09-30": "$101", "2012-06-30": "$-7", "2012-03-31": "$3", "2011-12-31": "$12", "2011-09-30": "$-9", "2011-06-30": "$28", "2011-03-31": "$58", "2010-12-31": "$22", "2010-09-30": "$21", "2010-06-30": "$-37", "2010-03-31": "$11", "2009-12-31": "$-47", "2009-09-30": "$44", "2009-06-30": "$41", "2009-03-31": "$-19", "2008-12-31": "$-94", "2008-09-30": "$-40", "2008-06-30": "$12", "2008-03-31": "$38", "2007-12-31": "$11", "2007-09-30": "$-57", "2007-06-30": "$-52", "2007-03-31": "$33", "2006-12-31": "$24", "2006-09-30": "$-12", "2006-06-30": "$-3", "2006-03-31": "$37", "2005-12-31": "$6", "2005-09-30": "$-11", "2005-06-30": "$-18", "2005-03-31": "$31"}}, "ebitda": {"Lions Gate Entertainment Annual EBITDA (Millions of US $)": {"2020": "$1,922", "2019": "$1,822", "2018": "$2,064", "2017": "$1,474", "2016": "$1,026", "2015": "$1,142", "2014": "$1,205", "2013": "$1,266", "2012": "$657", "2011": "$624", "2010": "$594", "2009": "$344", "2008": "$366", "2007": "$291", "2006": "$276", "2005": "$273"}, "Lions Gate Entertainment Quarterly EBITDA (Millions of US $)": {"2020-12-31": "$417", "2020-09-30": "$341", "2020-06-30": "$425", "2020-03-31": "$447", "2019-12-31": "$467", "2019-09-30": "$531", "2019-06-30": "$478", "2019-03-31": "$421", "2018-12-31": "$513", "2018-09-30": "$421", "2018-06-30": "$467", "2018-03-31": "$501", "2017-12-31": "$592", "2017-09-30": "$444", "2017-06-30": "$528", "2017-03-31": "$628", "2016-12-31": "$323", "2016-09-30": "$245", "2016-06-30": "$278", "2016-03-31": "$362", "2015-12-31": "$290", "2015-09-30": "$166", "2015-06-30": "$209", "2015-03-31": "$293", "2014-12-31": "$401", "2014-09-30": "$236", "2014-06-30": "$211", "2014-03-31": "$349", "2013-12-31": "$408", "2013-09-30": "$189", "2013-06-30": "$259", "2013-03-31": "$410", "2012-12-31": "$353", "2012-09-30": "$335", "2012-06-30": "$167", "2012-03-31": "$258", "2011-12-31": "$151", "2011-09-30": "$129", "2011-06-30": "$119", "2011-03-31": "$202", "2010-12-31": "$165", "2010-09-30": "$187", "2010-06-30": "$70", "2010-03-31": "$118", "2009-12-31": "$96", "2009-09-30": "$176", "2009-06-30": "$204", "2009-03-31": "$132", "2008-12-31": "$41", "2008-09-30": "$84", "2008-06-30": "$87", "2008-03-31": "$202", "2007-12-31": "$91", "2007-09-30": "$72", "2007-06-30": "$0", "2007-03-31": "$134", "2006-12-31": "$87", "2006-09-30": "$38", "2006-06-30": "$32", "2006-03-31": "$101", "2005-12-31": "$65", "2005-09-30": "$60", "2005-06-30": "$50", "2005-03-31": "$77"}}, "net-income": {"Lions Gate Entertainment Annual Net Income (Millions of US $)": {"2020": "$-188", "2019": "$-284", "2018": "$474", "2017": "$15", "2016": "$50", "2015": "$182", "2014": "$152", "2013": "$232", "2012": "$-39", "2011": "$-30", "2010": "$-30", "2009": "$-178", "2008": "$-87", "2007": "$27", "2006": "$6", "2005": "$20"}, "Lions Gate Entertainment Quarterly Net Income (Millions of US $)": {"2020-12-31": "$-14", "2020-09-30": "$-18", "2020-06-30": "$51", "2020-03-31": "$-45", "2019-12-31": "$-91", "2019-09-30": "$2", "2019-06-30": "$-54", "2019-03-31": "$-155", "2018-12-31": "$23", "2018-09-30": "$-144", "2018-06-30": "$-8", "2018-03-31": "$91", "2017-12-31": "$193", "2017-09-30": "$16", "2017-06-30": "$174", "2017-03-31": "$62", "2016-12-31": "$-31", "2016-09-30": "$-18", "2016-06-30": "$1", "2016-03-31": "$11", "2015-12-31": "$41", "2015-09-30": "$-42", "2015-06-30": "$41", "2015-03-31": "$20", "2014-12-31": "$98", "2014-09-30": "$21", "2014-06-30": "$43", "2014-03-31": "$49", "2013-12-31": "$89", "2013-09-30": "$1", "2013-06-30": "$14", "2013-03-31": "$163", "2012-12-31": "$38", "2012-09-30": "$76", "2012-06-30": "$-44", "2012-03-31": "$-23", "2011-12-31": "$-1", "2011-09-30": "$-25", "2011-06-30": "$10", "2011-03-31": "$69", "2010-12-31": "$-6", "2010-09-30": "$-30", "2010-06-30": "$-64", "2010-03-31": "$-33", "2009-12-31": "$-65", "2009-09-30": "$32", "2009-06-30": "$36", "2009-03-31": "$-32", "2008-12-31": "$-98", "2008-09-30": "$-52", "2008-06-30": "$4", "2008-03-31": "$16", "2007-12-31": "$7", "2007-09-30": "$-58", "2007-06-30": "$-53", "2007-03-31": "$25", "2006-12-31": "$20", "2006-09-30": "$-14", "2006-06-30": "$-4", "2006-03-31": "$39", "2005-12-31": "$3", "2005-09-30": "$-14", "2005-06-30": "$-22", "2005-03-31": "$20"}}, "eps-earnings-per-share-diluted": {"Lions Gate Entertainment Annual EPS": {"2020": "$-0.86", "2019": "$-1.33", "2018": "$2.15", "2017": "$0.09", "2016": "$0.33", "2015": "$1.23", "2014": "$2.08", "2013": "$3.22", "2012": "$-0.60", "2011": "$-0.46", "2010": "$-0.52", "2009": "$-3.06", "2008": "$-1.48", "2007": "$0.50", "2006": "$0.12", "2005": "$0.40"}, "Lions Gate Entertainment Quarterly EPS": {"2020-12-31": "$-0.06", "2020-09-30": "$-0.08", "2020-06-30": "$0.23", "2020-03-31": "$-0.20", "2019-12-31": "$-0.42", "2019-09-30": "$0.01", "2019-06-30": "$-0.25", "2019-03-31": "$-0.72", "2018-12-31": "$0.10", "2018-09-30": "$-0.67", "2018-06-30": "$-0.04", "2018-03-31": "$0.41", "2017-12-31": "$0.87", "2017-09-30": "$0.07", "2017-06-30": "$0.80", "2017-03-31": "$0.39", "2016-12-31": "$-0.19", "2016-09-30": "$-0.12", "2016-06-30": "$0.01", "2016-03-31": "$0.11", "2015-12-31": "$0.26", "2015-09-30": "$-0.56", "2015-06-30": "$0.52", "2015-03-31": "$-0.97", "2014-12-31": "$1.30", "2014-09-30": "$0.30", "2014-06-30": "$0.60", "2014-03-31": "$0.70", "2013-12-31": "$1.18", "2013-09-30": "$0.00", "2013-06-30": "$0.20", "2013-03-31": "$2.28", "2012-12-31": "$0.54", "2012-09-30": "$1.06", "2012-06-30": "$-0.66", "2012-03-31": "$-0.36", "2011-12-31": "$-0.02", "2011-09-30": "$-0.38", "2011-06-30": "$0.16", "2011-03-31": "$1.14", "2010-12-31": "$-0.08", "2010-09-30": "$-0.44", "2010-06-30": "$-1.08", "2010-03-31": "$-0.54", "2009-12-31": "$-1.10", "2009-09-30": "$0.52", "2009-06-30": "$0.60", "2009-03-31": "$-0.56", "2008-12-31": "$-1.68", "2008-09-30": "$-0.88", "2008-06-30": "$0.06", "2008-03-31": "$0.28", "2007-12-31": "$0.12", "2007-09-30": "$-0.98", "2007-06-30": "$-0.90", "2007-03-31": "$0.50", "2006-12-31": "$0.34", "2006-09-30": "$-0.28", "2006-06-30": "$-0.06", "2006-03-31": "$0.76", "2005-12-31": "$0.06", "2005-09-30": "$-0.28", "2005-06-30": "$-0.42", "2005-03-31": "$0.42"}}, "shares-outstanding": {"Lions Gate Entertainment Annual Shares Outstanding (Millions of Shares)": {"2020": "218", "2019": "214", "2018": "220", "2017": "172", "2016": "154", "2015": "152", "2014": "77", "2013": "75", "2012": "66", "2011": "66", "2010": "59", "2009": "58", "2008": "59", "2007": "56", "2006": "53", "2005": "52"}, "Lions Gate Entertainment Quarterly Shares Outstanding (Millions of Shares)": {"2020-12-31": "221", "2020-09-30": "220", "2020-06-30": "220", "2020-03-31": "218", "2019-12-31": "218", "2019-09-30": "220", "2019-06-30": "216", "2019-03-31": "214", "2018-12-31": "221", "2018-09-30": "214", "2018-06-30": "212", "2018-03-31": "220", "2017-12-31": "222", "2017-09-30": "220", "2017-06-30": "218", "2017-03-31": "172", "2016-12-31": "161", "2016-09-30": "148", "2016-06-30": "150", "2016-03-31": "154", "2015-12-31": "159", "2015-09-30": "74", "2015-06-30": "79", "2015-03-31": "152", "2014-12-31": "76", "2014-09-30": "73", "2014-06-30": "76", "2014-03-31": "77", "2013-12-31": "78", "2013-09-30": "70", "2013-06-30": "70", "2013-03-31": "75", "2012-12-31": "75", "2012-09-30": "74", "2012-06-30": "67", "2012-03-31": "66", "2011-12-31": "63", "2011-09-30": "67", "2011-06-30": "69", "2011-03-31": "66", "2010-12-31": "68", "2010-09-30": "67", "2010-06-30": "59", "2010-03-31": "59", "2009-12-31": "59", "2009-09-30": "69", "2009-06-30": "68", "2009-03-31": "58", "2008-12-31": "58", "2008-09-30": "58", "2008-06-30": "61", "2008-03-31": "59", "2007-12-31": "59", "2007-09-30": "60", "2007-06-30": "59", "2007-03-31": "56", "2006-12-31": "54", "2006-09-30": "52", "2006-06-30": "52", "2006-03-31": "53", "2005-12-31": "53", "2005-09-30": "51", "2005-06-30": "51", "2005-03-31": "52"}}, "total-assets": {"Lions Gate Entertainment Annual Total Assets (Millions of US $)": {"2020": "$7,951", "2019": "$8,409", "2018": "$8,968", "2017": "$9,197", "2016": "$3,834", "2015": "$3,292", "2014": "$2,852", "2013": "$2,761", "2012": "$2,788", "2011": "$1,569", "2010": "$1,527", "2009": "$1,667", "2008": "$1,538", "2007": "$1,137", "2006": "$1,053", "2005": "$855"}, "Lions Gate Entertainment Quarterly Total Assets (Millions of US $)": {"2020-12-31": "$8,008", "2020-09-30": "$7,747", "2020-06-30": "$7,756", "2020-03-31": "$7,951", "2019-12-31": "$7,960", "2019-09-30": "$8,226", "2019-06-30": "$8,437", "2019-03-31": "$8,409", "2018-12-31": "$8,580", "2018-09-30": "$9,049", "2018-06-30": "$9,030", "2018-03-31": "$8,968", "2017-12-31": "$8,743", "2017-09-30": "$8,701", "2017-06-30": "$8,634", "2017-03-31": "$9,197", "2016-12-31": "$9,380", "2016-09-30": "$3,765", "2016-06-30": "$3,715", "2016-03-31": "$3,834", "2015-12-31": "$3,838", "2015-09-30": "$3,565", "2015-06-30": "$3,470", "2015-03-31": "$3,292", "2014-12-31": "$3,142", "2014-09-30": "$3,054", "2014-06-30": "$2,812", "2014-03-31": "$2,852", "2013-12-31": "$2,911", "2013-09-30": "$2,652", "2013-06-30": "$2,709", "2013-03-31": "$2,761", "2012-12-31": "$2,673", "2012-09-30": "$2,710", "2012-06-30": "$2,571", "2012-03-31": "$2,788", "2011-12-31": "$1,762", "2011-09-30": "$1,715", "2011-06-30": "$1,600", "2011-03-31": "$1,569", "2010-12-31": "$1,630", "2010-09-30": "$1,638", "2010-06-30": "$1,593", "2010-03-31": "$1,527", "2009-12-31": "$1,699", "2009-09-30": "$1,690", "2009-06-30": "$1,682", "2009-03-31": "$1,667", "2008-12-31": "$1,421", "2008-09-30": "$1,549", "2008-06-30": "$1,487", "2008-03-31": "$1,538", "2007-12-31": "$1,381", "2007-09-30": "$1,335", "2007-06-30": "$1,162", "2007-03-31": "$1,137", "2006-12-31": "$1,158", "2006-09-30": "$1,056", "2006-06-30": "$969", "2006-03-31": "$1,053", "2005-12-31": "$946", "2005-09-30": "$900", "2005-06-30": "$830", "2005-03-31": "$855"}}, "cash-on-hand": {"Lions Gate Entertainment Annual Cash on Hand (Millions of US $)": {"2020": "$318", "2019": "$184", "2018": "$378", "2017": "$325", "2016": "$61", "2015": "$105", "2014": "$35", "2013": "$73", "2012": "$76", "2011": "$130", "2010": "$80", "2009": "$156", "2008": "$389", "2007": "$294", "2006": "$215", "2005": "$116"}, "Lions Gate Entertainment Quarterly Cash on Hand (Millions of US $)": {"2020-12-31": "$552", "2020-09-30": "$464", "2020-06-30": "$376", "2020-03-31": "$318", "2019-12-31": "$196", "2019-09-30": "$233", "2019-06-30": "$196", "2019-03-31": "$184", "2018-12-31": "$106", "2018-09-30": "$372", "2018-06-30": "$316", "2018-03-31": "$378", "2017-12-31": "$217", "2017-09-30": "$226", "2017-06-30": "$157", "2017-03-31": "$325", "2016-12-31": "$598", "2016-09-30": "$109", "2016-06-30": "$81", "2016-03-31": "$61", "2015-12-31": "$91", "2015-09-30": "$173", "2015-06-30": "$199", "2015-03-31": "$105", "2014-12-31": "$36", "2014-09-30": "$34", "2014-06-30": "$58", "2014-03-31": "$35", "2013-12-31": "$116", "2013-09-30": "$75", "2013-06-30": "$60", "2013-03-31": "$73", "2012-12-31": "$65", "2012-09-30": "$61", "2012-06-30": "$84", "2012-03-31": "$76", "2011-12-31": "$79", "2011-09-30": "$52", "2011-06-30": "$131", "2011-03-31": "$130", "2010-12-31": "$89", "2010-09-30": "$114", "2010-06-30": "$110", "2010-03-31": "$80", "2009-12-31": "$113", "2009-09-30": "$130", "2009-06-30": "$132", "2009-03-31": "$156", "2008-12-31": "$155", "2008-09-30": "$278", "2008-06-30": "$253", "2008-03-31": "$389", "2007-12-31": "$215", "2007-09-30": "$201", "2007-06-30": "$234", "2007-03-31": "$294", "2006-12-31": "$270", "2006-09-30": "$216", "2006-06-30": "$212", "2006-03-31": "$215", "2005-12-31": "$143", "2005-09-30": "$157", "2005-06-30": "$139", "2005-03-31": "$116"}}, "long-term-debt": {"Lions Gate Entertainment Annual Long Term Debt (Millions of US $)": {"2020": "$2,761", "2019": "$2,994", "2018": "$2,650", "2017": "$3,163", "2016": "$877", "2015": "$1,371", "2014": "$1,079", "2013": "$656", "2012": "$1,147", "2011": "$437", "2010": "$544", "2009": "$586", "2008": "$607", "2007": "$493", "2006": "$506", "2005": "$539"}, "Lions Gate Entertainment Quarterly Long Term Debt (Millions of US $)": {"2020-12-31": "$2,776", "2020-09-30": "$2,676", "2020-06-30": "$2,727", "2020-03-31": "$2,761", "2019-12-31": "$2,821", "2019-09-30": "$2,961", "2019-06-30": "$2,983", "2019-03-31": "$2,994", "2018-12-31": "$3,116", "2018-09-30": "$2,608", "2018-06-30": "$2,633", "2018-03-31": "$2,650", "2017-12-31": "$2,480", "2017-09-30": "$2,505", "2017-06-30": "$2,780", "2017-03-31": "$3,163", "2016-12-31": "$3,619", "2016-09-30": "$1,225", "2016-06-30": "$1,271", "2016-03-31": "$877", "2015-12-31": "$1,620", "2015-09-30": "$1,628", "2015-06-30": "$1,500", "2015-03-31": "$1,371", "2014-12-31": "$1,074", "2014-09-30": "$1,128", "2014-06-30": "$992", "2014-03-31": "$1,079", "2013-12-31": "$947", "2013-09-30": "$815", "2013-06-30": "$658", "2013-03-31": "$656", "2012-12-31": "$574", "2012-09-30": "$816", "2012-06-30": "$804", "2012-03-31": "$1,147", "2011-12-31": "$535", "2011-09-30": "$470", "2011-06-30": "$392", "2011-03-31": "$437", "2010-12-31": "$387", "2010-09-30": "$436", "2010-06-30": "$481", "2010-03-31": "$544", "2009-12-31": "$597", "2009-09-30": "$560", "2009-06-30": "$563", "2009-03-31": "$586", "2008-12-31": "$617", "2008-09-30": "$611", "2008-06-30": "$641", "2008-03-31": "$607", "2007-12-31": "$598", "2007-09-30": "$540", "2007-06-30": "$476", "2007-03-31": "$493", "2006-12-31": "$519", "2006-09-30": "$706", "2006-06-30": "$660", "2006-03-31": "$506", "2005-12-31": "$614", "2005-09-30": "$608", "2005-06-30": "$547", "2005-03-31": "$539"}}, "total-liabilities": {"Lions Gate Entertainment Annual Total Liabilities (Millions of US $)": {"2020": "$5,291", "2019": "$5,487", "2018": "$5,811", "2017": "$6,683", "2016": "$2,984", "2015": "$2,450", "2014": "$2,267", "2013": "$2,404", "2012": "$2,698", "2011": "$1,430", "2010": "$1,473", "2009": "$1,626", "2008": "$1,350", "2007": "$889", "2006": "$904", "2005": "$737"}, "Lions Gate Entertainment Quarterly Total Liabilities (Millions of US $)": {"2020-12-31": "$5,261", "2020-09-30": "$5,032", "2020-06-30": "$5,047", "2020-03-31": "$5,291", "2019-12-31": "$5,163", "2019-09-30": "$5,384", "2019-06-30": "$5,582", "2019-03-31": "$5,487", "2018-12-31": "$5,510", "2018-09-30": "$5,997", "2018-06-30": "$5,827", "2018-03-31": "$5,811", "2017-12-31": "$5,682", "2017-09-30": "$5,874", "2017-06-30": "$5,858", "2017-03-31": "$6,683", "2016-12-31": "$7,058", "2016-09-30": "$2,908", "2016-06-30": "$2,845", "2016-03-31": "$2,984", "2015-12-31": "$2,883", "2015-09-30": "$2,678", "2015-06-30": "$2,514", "2015-03-31": "$2,450", "2014-12-31": "$2,474", "2014-09-30": "$2,499", "2014-06-30": "$2,276", "2014-03-31": "$2,267", "2013-12-31": "$2,392", "2013-09-30": "$2,226", "2013-06-30": "$2,329", "2013-03-31": "$2,404", "2012-12-31": "$2,480", "2012-09-30": "$2,564", "2012-06-30": "$2,524", "2012-03-31": "$2,698", "2011-12-31": "$1,724", "2011-09-30": "$1,678", "2011-06-30": "$1,459", "2011-03-31": "$1,430", "2010-12-31": "$1,553", "2010-09-30": "$1,559", "2010-06-30": "$1,594", "2010-03-31": "$1,473", "2009-12-31": "$1,595", "2009-09-30": "$1,519", "2009-06-30": "$1,544", "2009-03-31": "$1,626", "2008-12-31": "$1,410", "2008-09-30": "$1,441", "2008-06-30": "$1,304", "2008-03-31": "$1,350", "2007-12-31": "$1,230", "2007-09-30": "$1,180", "2007-06-30": "$939", "2007-03-31": "$889", "2006-12-31": "$940", "2006-09-30": "$919", "2006-06-30": "$820", "2006-03-31": "$904", "2005-12-31": "$841", "2005-09-30": "$801", "2005-06-30": "$735", "2005-03-31": "$737"}}, "total-share-holder-equity": {"Lions Gate Entertainment Annual Share Holder Equity (Millions of US $)": {"2020": "$2,660", "2019": "$2,922", "2018": "$3,157", "2017": "$2,514", "2016": "$850", "2015": "$842", "2014": "$585", "2013": "$357", "2012": "$90", "2011": "$139", "2010": "$54", "2009": "$42", "2008": "$188", "2007": "$248", "2006": "$149", "2005": "$117"}, "Lions Gate Entertainment Quarterly Share Holder Equity (Millions of US $)": {"2020-12-31": "$2,747", "2020-09-30": "$2,714", "2020-06-30": "$2,710", "2020-03-31": "$2,660", "2019-12-31": "$2,796", "2019-09-30": "$2,842", "2019-06-30": "$2,855", "2019-03-31": "$2,922", "2018-12-31": "$3,070", "2018-09-30": "$3,052", "2018-06-30": "$3,203", "2018-03-31": "$3,157", "2017-12-31": "$3,061", "2017-09-30": "$2,827", "2017-06-30": "$2,776", "2017-03-31": "$2,514", "2016-12-31": "$2,322", "2016-09-30": "$857", "2016-06-30": "$870", "2016-03-31": "$850", "2015-12-31": "$955", "2015-09-30": "$888", "2015-06-30": "$956", "2015-03-31": "$842", "2014-12-31": "$668", "2014-09-30": "$554", "2014-06-30": "$536", "2014-03-31": "$585", "2013-12-31": "$519", "2013-09-30": "$426", "2013-06-30": "$380", "2013-03-31": "$357", "2012-12-31": "$192", "2012-09-30": "$146", "2012-06-30": "$48", "2012-03-31": "$90", "2011-12-31": "$38", "2011-09-30": "$37", "2011-06-30": "$141", "2011-03-31": "$139", "2010-12-31": "$77", "2010-09-30": "$79", "2010-06-30": "$-2", "2010-03-31": "$54", "2009-12-31": "$104", "2009-09-30": "$171", "2009-06-30": "$138", "2009-03-31": "$42", "2008-12-31": "$12", "2008-09-30": "$108", "2008-06-30": "$182", "2008-03-31": "$188", "2007-12-31": "$151", "2007-09-30": "$156", "2007-06-30": "$223", "2007-03-31": "$248", "2006-12-31": "$218", "2006-09-30": "$137", "2006-06-30": "$148", "2006-03-31": "$149", "2005-12-31": "$106", "2005-09-30": "$99", "2005-06-30": "$95", "2005-03-31": "$117"}}, "profit-margins": {"current": "-0.78%"}, "gross margin": {"2020-12-31": "45.70%", "2020-09-30": "44.35%", "2020-06-30": "44.35%", "2020-03-31": "42.77%", "2019-12-31": "43.12%", "2019-09-30": "44.58%", "2019-06-30": "44.34%", "2019-03-31": "44.91%", "2018-12-31": "45.42%", "2018-09-30": "44.59%", "2018-06-30": "43.68%", "2018-03-31": "44.05%", "2017-12-31": "43.66%", "2017-09-30": "43.68%", "2017-06-30": "42.73%", "2017-03-31": "40.54%", "2016-12-31": "38.95%", "2016-09-30": "38.03%", "2016-06-30": "37.75%", "2016-03-31": "39.74%", "2015-12-31": "41.13%", "2015-09-30": "43.36%", "2015-06-30": "44.60%", "2015-03-31": "45.19%", "2014-12-31": "45.49%", "2014-09-30": "47.46%", "2014-06-30": "48.13%", "2014-03-31": "47.89%", "2013-12-31": "48.57%", "2013-09-30": "46.48%", "2013-06-30": "48.27%", "2013-03-31": "48.65%", "2012-12-31": "48.09%", "2012-09-30": "47.28%", "2012-06-30": "43.55%", "2012-03-31": "42.79%", "2011-12-31": "43.75%", "2011-09-30": "47.50%", "2011-06-30": "48.78%", "2011-03-31": "49.72%", "2010-12-31": "51.55%", "2010-09-30": "49.28%", "2010-06-30": "49.51%", "2010-03-31": "47.79%", "2009-12-31": "46.62%", "2009-09-30": "44.84%", "2009-06-30": "44.67%", "2009-03-31": "45.91%", "2008-12-31": "46.20%", "2008-09-30": "50.54%", "2008-06-30": "50.58%", "2008-03-31": "51.40%", "2007-12-31": "51.44%", "2007-09-30": "52.11%", "2007-06-30": "54.68%", "2007-03-31": "55.37%", "2006-12-31": "56.69%", "2006-09-30": "55.59%", "2006-06-30": "53.74%", "2006-03-31": "51.43%", "2005-12-31": "51.86%"}, "operating margin": {"2020-12-31": "4.31%", "2020-09-30": "1.91%", "2020-06-30": "2.54%", "2020-03-31": "0.08%", "2019-12-31": "-0.49%", "2019-09-30": "2.85%", "2019-06-30": "2.40%", "2019-03-31": "3.53%", "2018-12-31": "5.57%", "2018-09-30": "5.10%", "2018-06-30": "4.83%", "2018-03-31": "6.01%", "2017-12-31": "6.24%", "2017-09-30": "4.65%", "2017-06-30": "2.63%", "2017-03-31": "-0.50%", "2016-12-31": "-3.95%", "2016-09-30": "-4.14%", "2016-06-30": "-3.65%", "2016-03-31": "-1.06%", "2015-12-31": "1.09%", "2015-09-30": "6.53%", "2015-06-30": "9.24%", "2015-03-31": "9.25%", "2014-12-31": "10.22%", "2014-09-30": "10.88%", "2014-06-30": "10.96%", "2014-03-31": "9.88%", "2013-12-31": "11.06%", "2013-09-30": "9.16%", "2013-06-30": "11.15%", "2013-03-31": "10.08%", "2012-12-31": "6.97%", "2012-09-30": "5.08%", "2012-06-30": "-0.06%", "2012-03-31": "2.14%", "2011-12-31": "6.75%", "2011-09-30": "6.98%", "2011-06-30": "8.50%", "2011-03-31": "4.04%", "2010-12-31": "1.06%", "2010-09-30": "-3.40%", "2010-06-30": "-2.02%", "2010-03-31": "3.29%", "2009-12-31": "1.23%", "2009-09-30": "-1.83%", "2009-06-30": "-7.24%", "2009-03-31": "-9.62%", "2008-12-31": "-5.54%", "2008-09-30": "1.41%", "2008-06-30": "0.27%", "2008-03-31": "-4.41%", "2007-12-31": "-5.50%", "2007-09-30": "-4.57%", "2007-06-30": "-0.70%", "2007-03-31": "4.30%", "2006-12-31": "4.81%", "2006-09-30": "3.01%", "2006-06-30": "3.14%", "2006-03-31": "1.48%", "2005-12-31": "0.93%"}, "ebitda margin": {"2020-12-31": "48.82%", "2020-09-30": "47.97%", "2020-06-30": "49.99%", "2020-03-31": "49.42%", "2019-12-31": "49.13%", "2019-09-30": "51.20%", "2019-06-30": "49.38%", "2019-03-31": "49.50%", "2018-12-31": "49.96%", "2018-09-30": "49.32%", "2018-06-30": "49.40%", "2018-03-31": "50.01%", "2017-12-31": "50.45%", "2017-09-30": "48.61%", "2017-06-30": "47.17%", "2017-03-31": "46.00%", "2016-12-31": "44.10%", "2016-09-30": "44.24%", "2016-06-30": "43.96%", "2016-03-31": "43.74%", "2015-12-31": "43.49%", "2015-09-30": "46.82%", "2015-06-30": "48.28%", "2015-03-31": "47.56%", "2014-12-31": "48.36%", "2014-09-30": "46.96%", "2014-06-30": "46.10%", "2014-03-31": "45.80%", "2013-12-31": "46.98%", "2013-09-30": "46.59%", "2013-06-30": "48.34%", "2013-03-31": "46.70%", "2012-12-31": "43.34%", "2012-09-30": "42.43%", "2012-06-30": "39.21%", "2012-03-31": "41.40%", "2011-12-31": "45.56%", "2011-09-30": "43.34%", "2011-06-30": "44.36%", "2011-03-31": "39.42%", "2010-12-31": "33.58%", "2010-09-30": "30.82%", "2010-06-30": "31.99%", "2010-03-31": "39.87%", "2009-12-31": "39.20%", "2009-09-30": "36.10%", "2009-06-30": "29.80%", "2009-03-31": "23.47%", "2008-12-31": "27.33%", "2008-09-30": "31.14%", "2008-06-30": "30.94%", "2008-03-31": "26.80%", "2007-12-31": "25.13%", "2007-09-30": "25.75%", "2007-06-30": "25.80%", "2007-03-31": "29.79%", "2006-12-31": "26.99%", "2006-09-30": "25.38%", "2006-06-30": "27.95%", "2006-03-31": "29.21%", "2005-12-31": "29.23%"}, "pre tax profit margin": {"2020-12-31": "-1.11%", "2020-09-30": "-3.51%", "2020-06-30": "-2.57%", "2020-03-31": "-5.24%", "2019-12-31": "-7.59%", "2019-09-30": "-4.53%", "2019-06-30": "-9.46%", "2019-03-31": "-8.37%", "2018-12-31": "-5.04%", "2018-09-30": "-5.73%", "2018-06-30": "-2.22%", "2018-03-31": "3.58%", "2017-12-31": "4.10%", "2017-09-30": "3.74%", "2017-06-30": "3.07%", "2017-03-31": "-4.22%", "2016-12-31": "-5.88%", "2016-09-30": "-4.89%", "2016-06-30": "-4.13%", "2016-03-31": "-1.41%", "2015-12-31": "0.36%", "2015-09-30": "5.83%", "2015-06-30": "8.61%", "2015-03-31": "8.88%", "2014-12-31": "10.02%", "2014-09-30": "10.22%", "2014-06-30": "8.69%", "2014-03-31": "7.07%", "2013-12-31": "7.68%", "2013-09-30": "4.69%", "2013-06-30": "7.84%", "2013-03-31": "5.76%", "2012-12-31": "2.30%", "2012-09-30": "0.75%", "2012-06-30": "-4.89%", "2012-03-31": "-2.14%", "2011-12-31": "4.32%", "2011-09-30": "3.81%", "2011-06-30": "3.30%", "2011-03-31": "-1.58%", "2010-12-31": "-7.90%", "2010-09-30": "-12.43%", "2010-06-30": "-9.04%", "2010-03-31": "-1.95%", "2009-12-31": "-1.81%", "2009-09-30": "-3.98%", "2009-06-30": "-9.18%", "2009-03-31": "-12.01%", "2008-12-31": "-8.38%", "2008-09-30": "-1.28%", "2008-06-30": "-1.85%", "2008-03-31": "-6.09%", "2007-12-31": "-5.67%", "2007-09-30": "-4.66%", "2007-06-30": "-1.10%", "2007-03-31": "3.68%", "2006-12-31": "3.77%", "2006-09-30": "1.83%", "2006-06-30": "1.84%", "2006-03-31": "0.00%", "2005-12-31": "-0.70%"}, "net profit margin": {"2020-12-31": "-0.78%", "2020-09-30": "-2.94%", "2020-06-30": "-2.22%", "2020-03-31": "-4.83%", "2019-12-31": "-7.72%", "2019-09-30": "-4.85%", "2019-06-30": "-8.89%", "2019-03-31": "-7.72%", "2018-12-31": "-1.00%", "2018-09-30": "3.29%", "2018-06-30": "7.20%", "2018-03-31": "11.48%", "2017-12-31": "10.24%", "2017-09-30": "5.59%", "2017-06-30": "5.12%", "2017-03-31": "0.44%", "2016-12-31": "-1.35%", "2016-09-30": "1.32%", "2016-06-30": "0.44%", "2016-03-31": "2.17%", "2015-12-31": "2.72%", "2015-09-30": "5.12%", "2015-06-30": "7.63%", "2015-03-31": "7.59%", "2014-12-31": "8.53%", "2014-09-30": "7.88%", "2014-06-30": "7.25%", "2014-03-31": "5.82%", "2013-12-31": "9.91%", "2013-09-30": "8.31%", "2013-06-30": "10.37%", "2013-03-31": "8.60%", "2012-12-31": "1.83%", "2012-09-30": "0.37%", "2012-06-30": "-5.17%", "2012-03-31": "-2.46%", "2011-12-31": "4.02%", "2011-09-30": "3.38%", "2011-06-30": "2.83%", "2011-03-31": "-1.96%", "2010-12-31": "-8.27%", "2010-09-30": "-12.57%", "2010-06-30": "-9.04%", "2010-03-31": "-2.01%", "2009-12-31": "-1.87%", "2009-09-30": "-4.05%", "2009-06-30": "-9.44%", "2009-03-31": "-12.14%", "2008-12-31": "-8.58%", "2008-09-30": "-1.68%", "2008-06-30": "-2.12%", "2008-03-31": "-6.46%", "2007-12-31": "-6.68%", "2007-09-30": "-5.80%", "2007-06-30": "-2.19%", "2007-03-31": "2.76%", "2006-12-31": "4.29%", "2006-09-30": "2.58%", "2006-06-30": "2.60%", "2006-03-31": "0.63%", "2005-12-31": "-1.51%"}, "pe ratio": {"current": "14.29", "2021-02-05": "0.00", "2020-12-31": "0.00", "2020-09-30": "0.00", "2020-06-30": "0.00", "2020-03-31": "0.00", "2019-12-31": "0.00", "2019-09-30": "0.00", "2019-06-30": "0.00", "2019-03-31": "0.00", "2018-12-31": "0.00", "2018-09-30": "40.88", "2018-06-30": "17.83", "2018-03-31": "11.11", "2017-12-31": "15.53", "2017-09-30": "32.73"}, "price sales": {"2021-02-05": "0.86", "2020-12-31": "0.68", "2020-09-30": "0.55", "2020-06-30": "0.40", "2020-03-31": "0.31", "2019-12-31": "0.56", "2019-09-30": "0.50", "2019-06-30": "0.68", "2019-03-31": "0.88", "2018-12-31": "0.85", "2018-09-30": "1.26", "2018-06-30": "1.26", "2018-03-31": "1.27", "2017-12-31": "1.47", "2017-09-30": "1.51"}, "price book": {"current": "1.06", "2021-02-05": "1.05", "2020-12-31": "0.83", "2020-09-30": "0.71", "2020-06-30": "0.55", "2020-03-31": "0.46", "2019-12-31": "0.78", "2019-09-30": "0.67", "2019-06-30": "0.88", "2019-03-31": "1.12", "2018-12-31": "1.04", "2018-09-30": "1.63", "2018-06-30": "1.56", "2018-03-31": "1.60", "2017-12-31": "2.15", "2017-09-30": "2.32", "2017-06-30": "1.95", "2017-03-31": "1.99", "2016-12-31": "2.09"}, "price fcf": {"2021-02-05": "", "2020-12-31": "$1.40", "2020-09-30": "$2.61", "2020-06-30": "$2.89", "2020-03-31": "$2.68", "2019-12-31": "$2.65", "2019-09-30": "$1.55", "2019-06-30": "$1.44", "2019-03-31": "$1.80", "2018-12-31": "$1.03", "2018-09-30": "$1.27", "2018-06-30": "$1.77", "2018-03-31": "$1.54", "2017-12-31": "$2.16", "2017-09-30": "$4.53"}, "net worth": {"value": "$2.87B"}, "current ratio": {"2020-12-31": "0.74", "2020-09-30": "0.71", "2020-06-30": "0.72", "2020-03-31": "0.87", "2019-12-31": "0.85", "2019-09-30": "0.91", "2019-06-30": "0.80", "2019-03-31": "0.84", "2018-12-31": "0.89", "2018-09-30": "0.71", "2018-06-30": "0.74", "2018-03-31": "0.74", "2017-12-31": "1.02", "2017-09-30": "1.01", "2017-06-30": "1.16", "2017-03-31": "1.00", "2016-12-31": "1.18", "2016-09-30": "1.64", "2016-06-30": "1.92", "2016-03-31": "0.50", "2015-12-31": "3.16", "2015-09-30": "3.73", "2015-06-30": "4.36", "2015-03-31": "3.00", "2014-12-31": "1.54", "2014-09-30": "1.38", "2014-06-30": "1.46", "2014-03-31": "2.14", "2013-12-31": "1.32", "2013-09-30": "1.06", "2013-06-30": "0.84", "2013-03-31": "0.79", "2012-12-31": "0.60", "2012-09-30": "0.71", "2012-06-30": "0.65", "2012-03-31": "0.95", "2011-12-31": "0.71", "2011-09-30": "0.63", "2011-06-30": "0.65", "2011-03-31": "0.87", "2010-12-31": "0.68", "2010-09-30": "0.67", "2010-06-30": "0.55", "2010-03-31": "0.75", "2009-12-31": "0.76", "2009-09-30": "0.84", "2009-06-30": "0.78", "2009-03-31": "0.73", "2008-12-31": "1.26", "2008-09-30": "1.96", "2008-06-30": "2.47", "2008-03-31": "2.65", "2007-12-31": "1.68", "2007-09-30": "1.62", "2007-06-30": "1.94", "2007-03-31": "2.73", "2006-12-31": "2.30", "2006-09-30": "1.95", "2006-06-30": "2.50", "2006-03-31": "1.95", "2005-12-31": "1.50", "2005-09-30": "1.90", "2005-06-30": "1.73", "2005-03-31": "1.96"}, "quick ratio": {"2020-12-31": "0.00", "2020-09-30": "0.00", "2020-06-30": "0.00", "2020-03-31": "0.00", "2019-12-31": "0.00", "2019-09-30": "0.00", "2019-06-30": "0.00", "2019-03-31": "0.00", "2018-12-31": "0.00", "2018-09-30": "0.00", "2018-06-30": "0.00", "2018-03-31": "0.00", "2017-12-31": "0.00", "2017-09-30": "0.00", "2017-06-30": "0.00", "2017-03-31": "0.00", "2016-12-31": "0.00", "2016-09-30": "0.00", "2016-06-30": "0.00", "2016-03-31": "0.00", "2015-12-31": "0.00", "2015-09-30": "0.00", "2015-06-30": "0.00", "2015-03-31": "0.00", "2014-12-31": "0.00", "2014-09-30": "0.00", "2014-06-30": "0.00", "2014-03-31": "0.00", "2013-12-31": "0.00", "2013-09-30": "0.00", "2013-06-30": "0.00", "2013-03-31": "0.00", "2012-12-31": "0.00", "2012-09-30": "0.00", "2012-06-30": "0.00", "2012-03-31": "0.00", "2011-12-31": "0.00", "2011-09-30": "0.00", "2011-06-30": "0.00", "2011-03-31": "0.00", "2010-12-31": "0.00", "2010-09-30": "0.00", "2010-06-30": "0.00", "2010-03-31": "0.00", "2009-12-31": "0.00", "2009-09-30": "0.00", "2009-06-30": "0.00", "2009-03-31": "0.00", "2008-12-31": "0.00", "2008-09-30": "0.00", "2008-06-30": "0.00", "2008-03-31": "0.00", "2007-12-31": "0.00", "2007-09-30": "0.00", "2007-06-30": "0.00", "2007-03-31": "0.00", "2006-12-31": "0.00", "2006-09-30": "0.00", "2006-06-30": "0.00", "2006-03-31": "0.00", "2005-12-31": "0.00", "2005-09-30": "0.00", "2005-06-30": "0.00", "2005-03-31": "0.00"}, "debt equity ratio": {"current": "0.99", "2020-12-31": "1.92", "2020-09-30": "1.85", "2020-06-30": "1.86", "2020-03-31": "1.99", "2019-12-31": "1.85", "2019-09-30": "1.89", "2019-06-30": "1.96", "2019-03-31": "1.88", "2018-12-31": "1.80", "2018-09-30": "1.97", "2018-06-30": "1.82", "2018-03-31": "1.84", "2017-12-31": "1.86", "2017-09-30": "2.08", "2017-06-30": "2.11", "2017-03-31": "2.66", "2016-12-31": "3.04", "2016-09-30": "3.39", "2016-06-30": "3.27", "2016-03-31": "3.51", "2015-12-31": "3.02", "2015-09-30": "3.02", "2015-06-30": "2.63", "2015-03-31": "2.91", "2014-12-31": "3.70", "2014-09-30": "4.51", "2014-06-30": "4.25", "2014-03-31": "3.88", "2013-12-31": "4.61", "2013-09-30": "5.22", "2013-06-30": "6.13", "2013-03-31": "6.74", "2012-12-31": "12.89", "2012-09-30": "17.54", "2012-06-30": "52.70", "2012-03-31": "30.05", "2011-12-31": "45.47", "2011-09-30": "44.76", "2011-06-30": "10.31", "2011-03-31": "10.30", "2010-12-31": "20.27", "2010-09-30": "19.68", "2010-06-30": "-1009.15", "2010-03-31": "27.32", "2009-12-31": "15.27", "2009-09-30": "8.90", "2009-06-30": "11.22", "2009-03-31": "38.99", "2008-12-31": "122.37", "2008-09-30": "13.35", "2008-06-30": "7.15", "2008-03-31": "7.17", "2007-12-31": "8.17", "2007-09-30": "7.58", "2007-06-30": "4.20", "2007-03-31": "3.59", "2006-12-31": "4.31", "2006-09-30": "6.71", "2006-06-30": "5.54", "2006-03-31": "6.06", "2005-12-31": "7.97", "2005-09-30": "8.09", "2005-06-30": "7.75", "2005-03-31": "6.30"}, "return on equity": {"2020-12-31": "-0.96%", "2020-09-30": "-3.79%", "2020-06-30": "-3.02%", "2020-03-31": "-6.74%", "2019-12-31": "-10.44%", "2019-09-30": "-6.30%", "2019-06-30": "-11.09%", "2019-03-31": "-9.28%", "2018-12-31": "-1.22%", "2018-09-30": "4.23%", "2018-06-30": "9.54%", "2018-03-31": "16.04%", "2017-12-31": "15.92%", "2017-09-30": "8.47%", "2017-06-30": "8.83%", "2017-03-31": "0.85%", "2016-12-31": "-3.02%", "2016-09-30": "3.96%", "2016-06-30": "1.23%", "2016-03-31": "5.59%", "2015-12-31": "6.59%", "2015-09-30": "13.95%", "2015-06-30": "23.84%", "2015-03-31": "28.00%", "2014-12-31": "36.02%", "2014-09-30": "36.83%", "2014-06-30": "35.24%", "2014-03-31": "32.04%", "2013-12-31": "63.50%", "2013-09-30": "63.76%", "2013-06-30": "108.28%", "2013-03-31": "125.44%", "2012-12-31": "39.50%", "2012-09-30": "9.94%", "2012-06-30": "-174.65%", "2012-03-31": "-50.98%", "2011-12-31": "59.72%", "2011-09-30": "48.73%", "2011-06-30": "39.45%", "2011-03-31": "-42.32%", "2010-12-31": "-255.77%", "2010-09-30": "-326.81%", "2010-06-30": "-159.02%", "2010-03-31": "-25.70%", "2009-12-31": "-25.49%", "2009-09-30": "-68.32%", "2009-06-30": "-194.67%", "2009-03-31": "-206.98%", "2008-12-31": "-106.12%", "2008-09-30": "-15.90%", "2008-06-30": "-18.32%", "2008-03-31": "-49.03%", "2007-12-31": "-40.62%", "2007-09-30": "-31.24%", "2007-06-30": "-10.65%", "2007-03-31": "14.38%", "2006-12-31": "25.15%", "2006-09-30": "17.78%", "2006-06-30": "19.12%", "2006-03-31": "5.35%", "2005-12-31": "-12.47%"}, "return on assets": {"2020-12-31": "-0.33%", "2020-09-30": "-1.31%", "2020-06-30": "-1.04%", "2020-03-31": "-2.31%", "2019-12-31": "-3.61%", "2019-09-30": "-2.19%", "2019-06-30": "-3.83%", "2019-03-31": "-3.24%", "2018-12-31": "-0.43%", "2018-09-30": "1.48%", "2018-06-30": "3.30%", "2018-03-31": "5.41%", "2017-12-31": "5.05%", "2017-09-30": "2.46%", "2017-06-30": "2.41%", "2017-03-31": "0.21%", "2016-12-31": "-0.72%", "2016-09-30": "0.92%", "2016-06-30": "0.29%", "2016-03-31": "1.39%", "2015-12-31": "1.69%", "2015-09-30": "3.47%", "2015-06-30": "5.56%", "2015-03-31": "5.92%", "2014-12-31": "7.12%", "2014-09-30": "6.95%", "2014-06-30": "6.48%", "2014-03-31": "5.50%", "2013-12-31": "9.68%", "2013-09-30": "8.00%", "2013-06-30": "10.73%", "2013-03-31": "8.70%", "2012-12-31": "1.75%", "2012-09-30": "0.33%", "2012-06-30": "-4.21%", "2012-03-31": "-1.98%", "2011-12-31": "3.19%", "2011-09-30": "2.95%", "2011-06-30": "2.67%", "2011-03-31": "-1.93%", "2010-12-31": "-8.33%", "2010-09-30": "-11.89%", "2010-06-30": "-7.99%", "2010-03-31": "-1.82%", "2009-12-31": "-1.72%", "2009-09-30": "-3.84%", "2009-06-30": "-9.24%", "2009-03-31": "-11.63%", "2008-12-31": "-8.67%", "2008-09-30": "-1.68%", "2008-06-30": "-2.16%", "2008-03-31": "-6.50%", "2007-12-31": "-6.30%", "2007-09-30": "-5.51%", "2007-06-30": "-1.95%", "2007-03-31": "2.50%", "2006-12-31": "3.87%", "2006-09-30": "2.39%", "2006-06-30": "2.48%", "2006-03-31": "0.64%", "2005-12-31": "-1.47%"}, "return on investments": {"2020-12-31": "2.65%", "2020-09-30": "1.23%", "2020-06-30": "1.71%", "2020-03-31": "0.05%", "2019-12-31": "-0.33%", "2019-09-30": "1.82%", "2019-06-30": "1.51%", "2019-03-31": "2.20%", "2018-12-31": "3.61%", "2018-09-30": "3.59%", "2018-06-30": "3.48%", "2018-03-31": "4.46%", "2017-12-31": "4.90%", "2017-09-30": "3.27%", "2017-06-30": "1.99%", "2017-03-31": "-0.40%", "2016-12-31": "-3.63%", "2016-09-30": "-5.16%", "2016-06-30": "-4.06%", "2016-03-31": "-1.08%", "2015-12-31": "0.98%", "2015-09-30": "6.68%", "2015-06-30": "10.77%", "2015-03-31": "12.39%", "2014-12-31": "15.30%", "2014-09-30": "17.60%", "2014-06-30": "18.65%", "2014-03-31": "19.23%", "2013-12-31": "25.05%", "2013-09-30": "23.46%", "2013-06-30": "33.13%", "2013-03-31": "30.39%", "2012-12-31": "18.76%", "2012-09-30": "12.03%", "2012-06-30": "-0.13%", "2012-03-31": "4.77%", "2011-12-31": "16.26%", "2011-09-30": "19.03%", "2011-06-30": "24.70%", "2011-03-31": "12.58%", "2010-12-31": "3.31%", "2010-09-30": "-9.06%", "2010-06-30": "-4.62%", "2010-03-31": "7.17%", "2009-12-31": "2.75%", "2009-09-30": "-4.17%", "2009-06-30": "-16.74%", "2009-03-31": "-20.15%", "2008-12-31": "-11.33%", "2008-09-30": "2.72%", "2008-06-30": "0.52%", "2008-03-31": "-8.16%", "2007-12-31": "-9.01%", "2007-09-30": "-7.24%", "2007-06-30": "-0.93%", "2007-03-31": "5.37%", "2006-12-31": "6.04%", "2006-09-30": "3.70%", "2006-06-30": "4.01%", "2006-03-31": "2.06%", "2005-12-31": "1.17%"}, "return on tangible equity": {"2020-12-31": "1.45%", "2020-09-30": "5.67%", "2020-06-30": "4.55%", "2020-03-31": "10.29%", "2019-12-31": "16.56%", "2019-09-30": "10.42%", "2019-06-30": "18.92%", "2019-03-31": "16.84%", "2018-12-31": "2.34%", "2018-09-30": "-8.17%", "2018-06-30": "-17.61%", "2018-03-31": "-27.12%", "2017-12-31": "-23.11%", "2017-09-30": "-10.41%", "2017-06-30": "-11.88%", "2017-03-31": "-1.40%", "2016-12-31": "10.03%", "2016-09-30": "10.13%", "2016-06-30": "2.71%", "2016-03-31": "10.61%", "2015-12-31": "11.23%", "2015-09-30": "22.71%", "2015-06-30": "41.67%", "2015-03-31": "55.70%", "2014-12-31": "80.46%", "2014-09-30": "89.88%", "2014-06-30": "94.42%", "2014-03-31": "99.51%", "2013-12-31": "275.97%", "2013-09-30": "1416.39%", "2013-06-30": "-524.32%", "2013-03-31": "-167.63%", "2012-12-31": "-22.76%", "2012-09-30": "-3.60%", "2012-06-30": "41.06%", "2012-03-31": "21.49%", "2011-12-31": "-35.99%", "2011-09-30": "-34.47%", "2011-06-30": "-33.01%", "2011-03-31": "18.67%", "2010-12-31": "71.03%", "2010-09-30": "82.32%", "2010-06-30": "49.20%", "2010-03-31": "10.56%", "2009-12-31": "8.48%", "2009-09-30": "20.10%", "2009-06-30": "54.78%", "2009-03-31": "90.36%", "2008-12-31": "126.83%", "2008-09-30": "36.50%", "2008-06-30": "54.63%", "2008-03-31": "236.24%", "2007-12-31": "632.00%", "2007-09-30": "-561.70%", "2007-06-30": "-157.14%", "2007-03-31": "-635.29%", "2006-12-31": "-145.13%", "2006-09-30": "-44.86%", "2006-06-30": "-44.44%", "2006-03-31": "-9.80%", "2005-12-31": "20.55%"}, "dividend yield history": {"last payout": "$0.00", "last yield": "0.00%"}}